3970 6182
305 307 420 369 179

1153 313 1616 377 HlNCMAllUS
1666 315 2114 381 RIIEMENSIS
2160 320 2855 420 ARCHIEPISCOPUS.

3584 329 3700 396 l80

301 443 623 532 computat,
646 443 746 517 qui
777 461 980 502 omnes
1007 449 1107 502 aut
1136 446 1206 502 ad
1241 447 1461 505 donum
1490 447 1782 522 pertinent
1809 465 1940 523 gra-
1969 460 2026 528 Α
2052 451 2256 523 tinere,
2283 455 2438 513 sicut
2457 458 2741 532 scriptum
2764 465 2890 517 est:
2914 461 3176 520 Ascensus
3205 464 3267 520 in
3289 464 3448 523 corde
3472 481 3573 523 suo
3591 421 3702 523 dis-

299 531 414 600 tiie,
433 535 537 588 aut
554 533 626 588 ad
649 534 1088 591 retributionem
1103 535 1368 608 justitize.
1391 537 1542 593 Dicit
1561 539 1717 594 enim
1733 555 1783 594 :«
1803 541 1944 606 Quis

299 617 588 695 intelligat
615 639 742 694 quae
781 639 910 680 esse
957 623 1103 681 ratio
1151 630 1508 682 secretorum
1556 631 1764 700 potest,
1787 630 1941 700 quod

298 727 450 783 saepe
467 711 556 766 vir
565 711 768 782 justus
790 729 823 766 a
835 711 1080 784 judicio,
1101 730 1214 770 non
1237 715 1428 770 solum
1450 732 1566 771 non
1588 717 1938 783 vindicatus,

297 799 398 854 sed
429 798 605 878 etiam
636 801 878 872 punitus
909 802 1144 858 redeat?
1170 824 1198 852 »
1224 804 1380 876 quod
1411 805 1484 860 ad
1515 806 1736 862 donum
1767 805 1940 878 perti-

295 891 396 943 net
423 873 642 961 gratiae,
667 889 822 946 sicut
858 890 1143 964 scriptum
1181 873 1290 960 est,
1323 903 1542 951 sanctus
1577 873 1944 968 sanctiﬁcetur

294 974 474 1032 adhuc
501 975 681 1050 (Apoc.
713 995 850 1046 χχιι,
881 981 990 1048 11).
1013 980 1206 1036 Veluti
1239 982 1424 1038 sancti
1457 984 1556 1039 Dei
1587 983 1646 1040 in
1679 985 1942 1042 conciliis

294 1072 352 1126 et
381 1068 440 1126 in
473 1069 787 1142 synagogis
816 1068 1112 1142 ﬂagellati,
1135 1075 1192 1127 et
1221 1076 1354 1127 ante
1385 1089 1548 1145 reges
1579 1078 1636 1128 et
1665 1075 1960 1146 praesides

295 1158 456 1216 ducti
487 1162 546 1215 et
574 1159 943 1216 condemnati
972 1160 1224 1216 fuerunt.
1247 1161 1392 1217 Nam
1417 1167 1483 1217 ut
1511 1179 1618 1218 nos
1641 1165 1793 1220 dono
1817 1181 1941 1238 gra-

291 1247 386 1304 tiae
415 1247 684 1317 salvaret,
711 1253 947 1321 propter
991 1266 1101 1306 nos
1147 1249 1416 1306 homines
1459 1254 1516 1307 et
1559 1257 1794 1325 propter
1831 1271 1938 1310 no-

293 1341 477 1394 stram
508 1336 778 1406 salutem,
805 1341 864 1392 et
889 1337 1064 1394 Jesus
1093 1338 1255 1393 stetit
1301 1345 1435 1395 ante
1475 1341 1803 1412 praesidem,
1837 1343 1938 1414 qui

293 1425 480 1500 alapis
509 1431 568 1484 et
595 1425 966 1484 contumeliis
988 1427 1232 1483 affectus
1253 1427 1390 1484 exiit
1419 1447 1453 1485 a
1473 1429 1701 1500 judicio
1721 1429 1940 1503 injuste

283 1516 607 1589 judicatus,
621 1521 679 1572 et
693 1516 886 1572 veniet
907 1516 964 1571 in
992 1518 1299 1588 majestate
1319 1535 1427 1574 sua
1441 1522 1498 1574 et
1519 1518 1706 1576 Patris
1723 1537 1790 1576 ac
1811 1537 1936 1577 san-

289 1608 520 1661 ctorum
567 1605 910 1679 angelorum
938 1605 1100 1662 vivos
1131 1610 1190 1662 et
1220 1610 1482 1663 mortuos
1524 1609 1685 1679 juste
1703 1609 1935 1680 judica-

289 1697 481 1753 turus.
505 1695 784 1766 Sequitur
810 1694 867 1750 in
900 1693 1090 1751 verbis
1121 1695 1306 1751 sancti
1338 1695 1596 1770 Gregorii
1625 1715 1638 1753 :
1665 1721 1694 1748 «
1726 1699 1797 1754 Et
1826 1699 1935 1754 ini-

287 1801 442 1860 quus
473 1785 601 1859 ejus
630 1769 997 1841 adversarius
1028 1801 1143 1840 non
1176 1784 1368 1841 solum
1400 1769 1514 1842 non
1549 1785 1811 1858 punitus,
1835 1789 1935 1843 sed

287 1875 464 1931 etiam
495 1875 678 1932 victor
723 1874 1088 1930 abscedat?»
1115 1875 1267 1946 quod
1299 1879 1390 1930 est
1435 1892 1504 1931 ex
1553 1876 1937 1934 retributione

280 1963 547 2036 justitiae,
563 1967 630 2018 ut
651 1963 748 2034 qui
772 1967 941 2019 nocet
962 1965 1167 2018 noceat
1195 1961 1711 2036 adhuc,quatenus
1732 1968 1934 2039 justus

281 2051 642 2124 justiﬁcetur
671 2050 882 2106 adhuc.
918 2050 1061 2106 Item
1094 2052 1362 2124 sequitur
1385 2069 1397 2108 :
1423 2076 1451 2104 «
1475 2055 1618 2120 Quis
1645 2055 1937 2130 intelligat

257 2159 394 2218 .cur
419 2141 562 2198 vivit
589 2140 742 2198 alius
780 2140 1068 2218 insidians
1107 2140 1396 2198 mortibus
1433 2144 1831 2216 proximorum
1853 2149 1882 2204 ‘I
1908 2171 1928 2196 ιι

288 2232 446 2306 quod
475 2233 566 2287 est
593 2247 662 2286 ex
681 2229 1062 2288 retributione
1079 2231 1344 2303 justitiae,
1369 2237 1436 2289 ut
1455 2234 1555 2306 qui
1579 2235 1638 2291 in
1660 2238 1935 2296 sordibus

287 2326 378 2379 est
405 2321 706 2378 sordescat
743 2320 956 2387 adhuc,
988 2320 1155 2386 Item,
1181 2343 1209 2370 ‹‹
1233 2321 1302 2376 Et
1341 2323 1590 2378 moritur
1627 2324 1798 2393 alius,
1831 2329 1932 2399 qui

287 2411 631 2484 profuturus
659 2414 814 2466 esset
832 2409 962 2464 vita:
983 2409 1344 2466 multorum?
1367 2433 1395 2460 »
1421 2413 1574 2484 quod
1605 2414 1678 2468 ad
1709 2415 1929 2472 donum

286 2500 538 2574 pertinet
571 2500 795 2574 gratiae,
829 2501 984 2556 sicut
1009 2499 1295 2572 scriptum
1325 2505 1449 2557 est:
1476 2503 1676 2575 Raptus
1729 2513 1811 2560 est
1862 2522 1932 2560 ne

283 2591 502 2648 malitia
547 2598 782 2647 mutaret
827 2591 1158 2646 intellectum
1201 2593 1318 2664 ejus
1349 2591 1498 2658 (Sap.
1523 2610 1600 2662 IV,
1625 2595 1732 2661 11).
1766 2594 1930 2650 Unde

281 2678 647 2755 Augustinus
673 2679 732 2736 in
754 2679 903 2736 libro
925 2679 996 2735 de
1019 2679 1530 2737 Praadestinatione
1551 2686 1882 2739 sanctorum
1911 2700 1924 2739 :

285 2792 316 2823 α
346 2769 581 2826 Dictum
629 2772 719 2826 est
763 2769 874 2826 hoc
933 2769 1258 2826 secundum
1317 2768 1577 2841 pericula
1632 2765 1759 2826 vitae
1817 2771 1925 2828 hu-

272 2859 396 2932 jus,
429 2876 546 2916 non
591 2859 940 2930 secundum,
989 2857 1416 2930 praescientiam
1465 2859 1590 2926 Dei,
1623 2863 1690 2914 ut
1737 2865 1924 2916 tenta-

281 2947 506 3004 tionum
551 2947 998 3004 subtraheretur
1023 2947 1264 3014 incerto,
1298 2964 1415 3002 non
1455 2949 1607 3020 quod
1651 2953 1924 3020 peccatu-

277 3053 381 3094 rus
408 3041 586 3106 esset,
611 3035 713 3110 qui
745 3053 1062 3093 mansurus
1099 3036 1160 3092 in
1197 3037 1516 3094 tentatione
1547 3055 1662 3093 non
1694 3041 1866 3094 esset.
1893 3061 1922 3088 ››

2027 604 2032 614 ι
2046 545 2234 614 posuit
2260 547 2319 600 in
2344 549 2587 604 convalle
2618 550 2990 626 lacrymarum
3013 552 3181 624 (Psal.
3215 569 3446 621 Lxxxm,
3466 555 3544 622 6),
3573 555 3700 628 qui,

2052 634 2118 686 ut
2165 631 2380 689 Paulus
2426 635 2585 708 dicit,
2607 647 2902 696 renovatur
2937 639 3003 696 de
3045 639 3134 696 die
3182 643 3244 696 in
3289 641 3434 698 diem
3463 643 3538 710 (ll
3567 644 3700 699 Cor.

2051 737 2126 787 1v,
2165 721 2272 793 16).
2305 723 2373 777 Et
2420 724 2558 780 item
2609 727 2875 798 psalmus
2908 744 2922 784 :
2957 728 3144 785 Adhuc
3186 730 3707 802 multiplicabuntur

2051 809 2110 863 in
2139 819 2350 866 senecta
2387 813 2544 870 uberi
2571 817 2741 882 (Psal.
2774 833 2888 884 xei,
2925 817 3044 889 15);
3077 817 3356 890 quoniam
3401 819 3486 874 illi
3517 819 3578 875 in
3610 837 3704 876 se-

2051 901 2220 954 necta
2247 899 2414 955 uberi
2452 901 2944 975 multiplicantur,
2977 922 3227 978 quorum
3257 906 3380 962 vita
3414 923 3550 963 cum
3581 909 3702 964 dif-

2050 985 2250 1054 fertur,
2279 1005 2510 1062 semper
2539 992 2610 1046 ad
2642 991 2852 1048 melius
2885 993 3166 1050 fortitudo
3195 994 3557 1066 producitur,
3578 995 3702 1053 eis-

2049 1090 2162 1147 que
2179 1093 2282 1148 pcr
2297 1084 2680 1151 augmentum
2699 1085 3030 1154 temporum
3050 1088 3322 1140 crescunt
3337 1083 3512 1141 etiam
3537 1083 3703 1142 lucra

2048 1165 2410 1222 meritorum.
2449 1167 2588 1224 Item
2622 1174 2879 1239 econtra,
2907 1192 2936 1222 «
2967 1169 3119 1228 alius
3169 1171 3321 1228 male
3366 1171 3562 1230 vivens
3595 1173 3700 1230 diu

2048 1259 2378 1310 reservatur
2406 1260 2472 1312 ut
2496 1258 2848 1332 corrigatur;
2873 1281 2900 1309 »
2925 1261 3082 1332 quod
3104 1260 3178 1316 ad
3204 1260 3425 1317 donum
3446 1263 3704 1336 pertinet

2045 1342 2268 1414 gratiae,
2292 1345 2445 1400 sicut
2491 1346 2706 1402 Paulus
2753 1348 2896 1404 dicit
2931 1365 2944 1404 :
2977 1348 3181 1405 Fidelis
3223 1365 3418 1419 sermo,
3452 1351 3702 1408 Christus
3737 1405 3746 1414 .

2043 1431 2198 1487 Iesus
2232 1435 2379 1488 venit
2405 1437 2466 1490 in
2493 1435 2640 1491 hunc
2665 1437 2934 1492 mundum
2958 1445 3261 1510 peccatores
3291 1439 3468 1518 salvos
3494 1441 3700 1513 facere,

2046 1536 2276 1591 quorum
2291 1525 2508 1595 primus
2538 1540 2632 1596 ego
2659 1542 2802 1581 sum.
2823 1525 2929 1581 Sed
2959 1525 3078 1582 ideo
3104 1527 3540 1584 misericordiam
3567 1545 3703 1585 con-

2043 1616 2257 1666 secutus
2287 1627 2428 1676 sum,
2452 1613 2548 1684 qui
2578 1614 2740 1684 prius
2775 1615 2868 1684 fui
2896 1613 3259 1685 blasphemus,
3282 1621 3334 1670 et
3364 1622 3699 1687 persecutor,

2044 1704 2096 1752 et
2123 1699 2562 1760 contumeliosus.
2581 1708 2644 1756 ut
2668 1701 2728 1756 in
2757 1717 2844 1756 me
2883 1702 3066 1773 primo
3115 1701 3412 1759 ostenderet
3451 1702 3702 1760 Christus

2042 1785 2196 1842 Iesus
2251 1803 2464 1844 omnem
2513 1790 2856 1861 patientiam,
2890 1789 2962 1846 ad
3010 1791 3452 1862 infonnationem
3506 1808 3702 1848 eorum

2045 1876 2143 1947 qui
2170 1875 2434 1932 credituri
2462 1885 2590 1932 sunt
2615 1879 2706 1934 illi
2732 1879 2794 1933 in
2812 1879 2981 1934 vitam
3003 1886 3270 1936 aeternam
3294 1880 3344 1950 (I
3365 1881 3496 1936 Tim.
3517 1897 3556 1946 ι,
3580 1882 3693 1950 15).

2051 1981 2073 2009 ι
2097 1963 2262 2019 Alius
2280 1981 2412 2021 vero
2437 1965 2582 2021 bene
2604 1966 2841 2038 quidem
2864 1967 3094 2023 videtur
3114 1968 3301 2024 vivere
3330 1984 3343 2024 :
3367 1969 3468 2024 sed
3498 1968 3560 2025 in
3582 1969 3698 2026 hac

2041 2055 2161 2106 Vita
2187 2069 2444 2125 eousque
2473 2055 2666 2120 durat,
2691 2071 2806 2128 quo
2854 2056 2926 2111 ad
2974 2072 3244 2128 perversa
3272 2063 3636 2131 prorumpat.
3661 2079 3694 2110 »

2043 2141 2206 2206 Quod
2237 2143 2462 2199 occulto
2496 2145 2580 2210 ﬁt,
2613 2146 2714 2200 sed
2748 2161 2864 2202 non
2908 2145 3150 2217 injuste,
3183 2146 3306 2213 Dei,
3337 2147 3395 2202 in
3426 2163 3541 2220 quo
3571 2165 3694 2204 non

2043 2233 2133 2283 est
2155 2227 2457 2302 iniquitas,
2481 2233 2728 2303 judicio.
2755 2234 2834 2290 De
2856 2233 3129 2306 qualibus
3155 2235 3439 2308 scriptum
3460 2241 3549 2293 est
3571 2252 3586 2292 :
3612 2236 3697 2293 Ad

2041 2324 2248 2390 tempus
2293 2320 2540 2387 credunt,
2572 2329 2624 2378 et
2669 2324 2730 2378 in
2777 2331 3012 2394 tempore
3065 2326 3378 2381 tentationis
3434 2325 3696 2383 recedunt

2041 2405 2189 2477 (Luc.
2213 2425 2332 2476 νιιι,
2365 2411 2471 2481 13).
2497 2411 2661 2466 Sicut
2689 2411 2925 2468 Balaam
2960 2416 3091 2484 post
3117 2411 3483 2485 prophetiam
3508 2419 3565 2469 et
3593 2414 3690 2470 la-

2039 2511 2290 2568 crymas,
2313 2499 2570 2556 et'Judas
2591 2501 2663 2556 de
2683 2499 3011 2573 apostolatu
3033 2505 3166 2574 post
3186 2500 3356 2576 signa
3379 2503 3694 2560 miraculo-

2039 2601 2192 2652 rum,
2218 2587 2359 2658 quia
2385 2587 2723 2660 cupiditatis
2753 2589 2948 2662 ignem
2981 2588 3350 2664 exstinguere
3383 2590 3590 2660 noluit,
3615 2593 3692 2648 ad

2036 2680 2316 2747 perpetua
2335 2679 2624 2732 tormenta
2646 2677 2932 2750 pervenit;
2961 2679 3115 2750 quod
3141 2679 3390 2752 pertinet
3411 2681 3483 2736 ad
3511 2681 3684 2737 retri-

2037 2763 2338 2820 butionem
2357 2765 2626 2837 justitiaz.
2652 2767 2792 2822 Item
2819 2783 2872 2822 ει(
2891 2766 3057 2823 Alius
3077 2767 3137 2822 in
3159 2784 3352 2824 errore
3373 2767 3688 2826 inﬁdelita-

2033 2851 2110 2908 tis
2141 2859 2338 2920 natus,
2365 2853 2425 2910 in
2455 2872 2648 2911 errore
2685 2855 2908 2924 deﬁcit;
2942 2877 2970 2905 ››
3001 2856 3158 2928 quod
3206 2855 3456 2928 pertinet
3485 2859 3558 2913 ad
3587 2875 3691 2915 re-

2036 2941 2413 2998 tributionem
2431 2945 2851 3017 justitizequia
2874 2945 3030 3016 quod
3055 2945 3112 3000 in
3135 2945 3328 3000 radice
3351 2946 3594 3017 putruit,
3621 2947 3683 3002 in

2033 3047 2196 3088 ramo
2225 3033 2480 3101 exaruit;
2511 3033 2582 3088 de
2613 3033 2830 3106 quibus
2861 3034 3146 3106 scriptum
3177 3039 3304 3090 est:
3337 3035 3688 3094 Erraoerunt

277 3125 422 3183 Item
445 3141 496 3182 τα
518 3126 683 3183 Alius
703 3125 936 3182 culmen
961 3125 1269 3198 potestatis
1295 3125 1648 3198 assequitur,
1675 3126 1774 3200 qui
1807 3144 1922 3182 non
2030 3119 2098 3174 ab
2128 3128 2278 3177 utero
2308 3123 2478 3193 (Psal.
2503 3139 2635 3188 LVII,
2659 3123 2731 3194 4),
2759 3126 2824 3177 ut
2860 3123 3013 3178 Esau
3052 3121 3244 3178 adhuc
3289 3123 3348 3178 in
3388 3122 3557 3178 vulva
3585 3129 3687 3182 est

272 3214 388 3272 nisi
417 3215 626 3272 laedere
657 3215 872 3271 studet.
901 3236 930 3264 »
955 3214 1117 3280 Quod
1150 3217 1239 3269 est
1281 3231 1349 3268 ex
1379 3214 1626 3285 justitia:
1668 3215 1914 3272 retribu-
1947 3201 1990 3269 C
2029 3210 2392 3280 reprobatus.
2425 3232 2451 3263 α
2473 3211 2636 3266 Alius
2657 3211 2716 3266 in
2740 3209 3038 3266 catholicae
3059 3210 3194 3266 fidei
3215 3211 3562 3268 rectitudine
3582 3230 3688 3286 ge-

269 3301 448 3371 tione,
483 3301 636 3358 sicut
682 3300 968 3372 scriptum
999 3304 1090 3356 est
1120 3318 1134 3357 :
1173 3303 1528 3359 Transierunt
1565 3305 1623 3360 in
1663 3305 1920 3380 a/fectum

269 3389 468 3447 cordis.
502 3389 644 3446 Item
670 3407 684 3446 :
709 3411 737 3440 «
761 3389 925 3446 Alius
955 3391 1363 3448 tantummodo
1393 3392 1562 3449 lazsos
1611 3395 1917 3454 defendere

271 3477 650 3552 concupiscit,
673 3483 731 3534 et
761 3482 957 3534 tamen
988 3477 1114 3550 ipse
1157 3496 1472 3552 oppressus
1505 3483 1681 3554 jacet,
1707 3507 1734 3536 »
1759 3487 1913 3557 quod

270 3567 342 3623 ad
375 3566 594 3623 donum
642 3568 896 3640 pertinet
941 3569 1314 3642 gratite,quia
1363 3587 1514 3642 saepe
1563 3571 1804 3644 quidam
1853 3575 1914 3630 in

269 3655 632 3730 subjectione
662 3657 892 3714 cautius
921 3673 984 3714 se
1013 3659 1368 3728 custodiunt,
1402 3664 1461 3716 et
1489 3659 1548 3714 in
1581 3660 1915 3732 praelatione

268 3743 636 3819 delinquunt,
651 3749 718 3802 ut
735 3744 794 3801 in
818 3745 996 3802 David
1009 3735 1284 3821 operibus
1303 3748 1790 3823 discimus,quem
1809 3753 1914 3810 Do-

266 3835 466 3892 minus
481 3834 936 3892 misericorditer
949 3839 1254 3908 temperat,
1273 3854 1345 3894 ne
1365 3839 1509 3895 forte
1525 3841 1624 3911 qui
1642 3839 1700 3895 in
1721 3839 1912 3914 planis

265 3919 482 3976 titubat
512 3919 571 3975 in
601 3921 919 3993 praecipitio
949 3923 1155 3995 pedem
1189 3929 1385 3996 ponat,
1415 3925 1567 3982 sicut
1594 3927 1748 3983 idem
1782 3946 1910 3984 san-

263 4009 721 4096 ctusgregorius
739 4008 798 4064 in
817 4009 1040 4084 Regula
1057 4014 1096 4068 1
1109 4014 1208 4068 18
1230 4013 1504 4084 pastorali
1523 4017 1906 4096 demonstrat.

262 4097 333 4154 Et.
355 4095 510 4153 sicut
537 4097 822 4170 scriptum
871 4103 962 4155 est
994 4117 1008 4156 :
1041 4099 1270 4158 Sanctus
1316 4095 1684 4176 sanctiﬁcetur
1731 4106 1911 4163 adhuc

260 4185 440 4259 (Apoc.
471 4203 612 4255 χχιι,
641 4187 749 4260 11),
780 4190 846 4242 ut
883 4187 1095 4244 Tobias
1123 4193 1181 4244 et
1227 4193 1416 4248 czeteri
1463 4191 1524 4247 in
1575 4193 1909 4266 captivitate

257 4273 444 4331 electi.
479 4274 623 4332 Item
657 4292 717 4332 :«
746 4275 911 4333 Alius
955 4294 1160 4334 vacare
1204 4281 1444 4352 appetit.
1477 4285 1533 4336 ct
1581 4283 1907 4341 innumeris

259 4363 510 4438 negotiis
533 4361 906 4438 implicatur:
931 4365 1083 4423 alius
1105 4368 1354 4441 negotiis
1375 4368 1662 4442 implicari
1687 4373 1908 4430 deside-

256 4455 366 4520 rat,
389 4456 448 4508 et
475 4457 712 4510 coactus
743 4457 926 4510 vacat.
951 4477 978 4505 η
1005 4457 1140 4522 Quae
1171 4474 1322 4530 saepe
1354 4459 1423 4514 ad
1457 4459 1677 4516 donum
1729 4461 1904 4533 perti-

255 4542 398 4636 nent
425 4541 645 4613 gratim,
679 4559 830 4615 saepe
861 4544 932 4598 ad
953 4543 1413 4636 retributionem
1447 4549 1716 4619 justitize,
1751 4549 1905 4604 sicut
1937 4572 1984 4636 υ

252 4625 410 4681 idem
441 4632 684 4684 sanctus
731 4629 1044 4702 Gregorius
1073 4636 1131 4687 et
1173 4632 1230 4688 in
1273 4635 1440 4692 libris
1485 4637 1822 4702 Mnralibus,
1847 4637 1908 4693 et

250 4714 310 4770 in
346 4715 567 4789 [tegula
595 4717 872 4790 pastorali
893 4719 1276 4778 demonstrat.
1303 4725 1444 4780 Item
1473 4742 1522 4778 :«
1556 4725 1718 4780 Alius
1746 4728 1895 4784 male

249 4802 534 4860 inchoans
565 4823 753 4878 usque
780 4808 850 4862 ad
881 4807 1010 4864 vita:
1059 4827 1180 4866 suae
1212 4814 1524 4868 terminum
1578 4816 1648 4870 ad
1697 4816 1894 4887 pejora

248 4894 648 4966 progreditur;
676 4918 702 4944 ››
726 4897 880 4968 quod
932 4899 1179 4972 pertinet
1210 4902 1281 4956 ad
1326 4902 1766 4958 retributionem
1795 4905 1892 4976 ju-

244 4981 440 5051 stitiaa,
463 4983 618 5040 sicut
661 4987 1034 5058 apertissima
1063 4989 1272 5045 exinde
1301 4991 1563 5062 exempla
1593 4992 1893 5049 multotics

245 5072 304 5130 in
332 5072 650 5146 Scripturis
682 5073 1032 5134 invenimus.
1056 5079 1125 5132 Et
1153 5077 1369 5134 Paulus
1391 5078 1533 5134 dicit
1551 5079 1608 5133 in
1633 5080 1892 5152 Epistola

242 5161 314 5216 ad
349 5161 664 5232 Romanos,
687 5165 760 5220 de
808 5164 899 5220 his
932 5167 1030 5238 qui
1064 5181 1196 5220 cum
1230 5167 1412 5222 Deum
1461 5169 1888 5240 cognovissent,

241 5263 356 5304 non
385 5249 540 5306 sicut
569 5251 755 5308 Deum
800 5253 1275 5326 glorificaverunt
1307 5271 1319 5309 :
1352 5256 1641 5328 Propterea
1667 5257 1896 5316 tradidit

235 5351 325 5391 eos
377 5337 518 5394 Deus
575 5341 634 5394 in
692 5341 978 5413 reprohum
1031 5358 1252 5398 sensum
1281 5344 1454 5410 (Rom.
1487 5361 1526 5411 ῐ,
1557 5345 1672 5416 23),
1706 5352 1772 5401 ut
1821 5347 1890 5404 de

239 5422 536 5487 Pharaone
556 5427 827 5501 legitur.«
849 5429 1013 5485 Alius
1031 5431 1178 5486 bene
1199 5431 1502 5506 incipiens,
1523 5451 1626 5506 per
1645 5435 1892 5509 longitu-

239 5510 436 5567 dinem
481 5519 811 5589 temporum
844 5518 1075 5592 proficit
1124 5521 1196 5576 ad
1241 5527 1620 5594 augmentum
1655 5525 1890 5585 merito:

237 5603 624 5673 rum;»quod
657 5606 728 5661 ad
753 5606 972 5666 donum
1006 5609 1203 5683 gratiae
1236 5627 1350 5668 non
1383 5611 1628 5667 dubium
1651 5618 1738 5668 est
1768 5630 1890 5685 per-

2027 3299 2208 3364 nitus,
2232 3300 2288 3354 in
2313 3299 2610 3356 catholicae
2641 3299 2774 3356 ﬁdei
2801 3297 3148 3354 rectitudine
3169 3305 3684 3356 consummatur.»

2025 3389 2187 3454 Quod
2220 3389 2291 3444 ad
2323 3389 2544 3445 donum
2587 3388 2838 3460 pertinet
2865 3386 3085 3461 gratiae,
3111 3387 3266 3443 sicut
3304 3387 3589 3445 Jeremias
3623 3394 3687 3447 et

2022 3478 2278 3535 Joannes
2299 3480 2370 3535 de
2399 3482 2598 3534 ventre
2623 3476 2831 3542 vocati,
2854 3481 2913 3532 et
2941 3476 3000 3530 in
3031 3481 3194 3533 utero
3223 3477 3592 3546 sanctiﬁcati,
3622 3483 3687 3534 et

2024 3569 2185 3624 Isaac
2215 3573 2530 3639 antequam
2569 3565 2970 3636 conciperetur
2998 3563 3368 3638 designatus,
3399 3569 3457 3622 et
3493 3566 3682 3624 Jacob

2021 3655 2318 3712 vocatione
2373 3655 2612 3712 electus.
2645 3655 2894 3710 Econtra
2930 3669 3083 3721 vero,
3111 3674 3140 3704 ‹‹
3172 3652 3326 3709 alius
3373 3653 3680 3711 catholicae

2021 3745 2226 3802 matris
2256 3748 2454 3801 ventre
2493 3743 2686 3798 editus
2709 3743 2901 3813 juxta,
2925 3741 3056 3797 vitm
3098 3741 3420 3798 terminum
3459 3743 3681 3800 erroris

2019 3833 2294 3907 voragine
2338 3834 2705 3897 devoratur,»
2729 3831 2880 3902 quod
2917 3829 3166 3902 pertinet
3213 3831 3285 3886 ad
3335 3829 3676 3887 retributio-

2020 3940 2151 3978 nem
2177 3921 2441 3993 justitiae,
2465 3921 2606 3992 quia
2635 3936 2768 3975 cum
2797 3919 2979 3975 Deum
3003 3919 3392 3991 cognovisset,
3429 3924 3491 3974 ut
3521 3919 3675 3975 Pau-

2017 4011 2110 4068 lus
2143 4010 2302 4078 dicit,
2332 4027 2445 4066 non
2473 4011 2615 4065 sicut
2649 4009 2820 4078 Deum
2856 4008 3238 4078 honoriﬁravit
3266 4007 3438 4079 (Rom.
3471 4025 3510 4076 ι,
3541 4009 3673 4078 21);

2017 4106 2076 4158 et
2105 4101 2176 4157 de
2205 4097 2454 4168 diabolo,
2487 4097 2692 4152 talium
2726 4095 2994 4152 videlicet
3022 4095 3234 4168 capite,
3260 4095 3547 4167 scriptum
3576 4102 3677 4152 est

2018 4192 2147 4264 quia
2178 4193 2238 4246 in
2268 4192 2490 4246 veritate
2512 4204 2625 4242 non
2653 4186 2798 4242 stetit
2815 4189 2998 4254 (Joan.
3019 4202 3143 4252 vm,
3167 4187 3278 4254 44),
3303 4185 3364 4241 in
3395 4202 3512 4257 qua
3538 4183 3674 4242 sine

2016 4280 2196 4337 dubia
2227 4279 2354 4346 fuit,
2378 4278 2478 4334 sed
2536 4293 2647 4331 non
2683 4274 2741 4329 in
2773 4291 2841 4330 ea
2870 4274 3213 4347 permansit,
3237 4275 3513 4348 quoniam
3563 4277 3672 4330 tu-

2016 4386 2183 4424 mens
2214 4369 2285 4422 de
2315 4368 2465 4422 dono
2495 4367 2642 4420 117
2679 4361 2877 4436 gratiae
2925 4362 3050 4430 Dei,
3091 4363 3162 4418 de
3210 4361 3447 4418 sublimi
3478 4361 3671 4418 excel-

2014 4457 2192 4513 lentia
2235 4473 2303 4510 ex
2351 4453 2732 4510 retributione
2772 4450 3020 4524 justitim
3073 4449 3283 4506 cecidit
3311 4451 3384 4506 ad
3415 4450 3671 4507 miseriae

2012 4546 2272 4601 intimam
2288 4543 2450 4599 Alius
2467 4545 2660 4597 autem
2679 4541 2860 4596 vitam
2877 4556 3045 4594 suam
3065 4539 3124 4594 in
3143 4538 3428 4594 catholica
3450 4538 3670 4611 pietate

2019 4630 2524 4702 eousummat,qni
2558 4634 2722 4684 ortus
2753 4629 2812 4684 in
2843 4627 3090 4700 perﬁdia
3113 4644 3248 4684 cum
3278 4627 3426 4684 lacte
3455 4627 3669 4684 matris

2005 4726 2286 4780 hauserat
2301 4720 2460 4775 virus
2483 4717 2725 4784 erroris;
2750 4717 2907 4790 quod
2929 4717 3002 4772 ad
3023 4717 3241 4771 donum
3262 4715 3514 4788 pertinet
3534 4732 3670 4788 gra-

2005 4814 2119 4878 tiae,
2154 4811 2306 4866 sicut
2349 4809 2632 4880 scriptum
2667 4810 2797 4861 est:
2832 4806 3021 4860 Gratia
3065 4805 3209 4860 salvi
3255 4807 3390 4876 facti
3429 4807 3576 4872 estis,
3609 4814 3670 4862 et

2003 4903 2105 4958 hoc
2146 4917 2256 4955 non
2286 4915 2356 4954 ea:
2385 4896 2553 4962 vobis,
2579 4895 2781 4950 donum
2826 4895 2975 4949 enim
3005 4894 3104 4948 Dei
3130 4900 3210 4948 est
3237 4893 3458 4964 (Ephes,
3480 4910 3543 4957 ιι,
3574 4893 3659 4965 8).

2000 4989 2165 5045 Alius
2197 4985 2602 5043 celsitudinem
2646 4983 2794 5039 bene
2839 4981 3067 5038 vivendi
3099 4986 3372 5054 appetere
3399 4986 3458 5036 et
3501 4979 3663 5038 volet

2000 5083 2053 5134 et
2083 5077 2235 5132 valet
2269 5091 2282 5130 :
2312 5096 2338 5122 »
2361 5073 2514 5145 quod
2557 5071 2627 5126 ad
2672 5071 2892 5126 donum
2942 5071 3194 5142 pertinet
3240 5069 3463 5142 gratiae.
3497 5069 3662 5126 sicut

2002 5165 2217 5222 Paulus
2245 5162 2387 5217 dicit
2411 5178 2424 5216 :
2452 5166 2650 5216 Datum
2676 5159 2834 5215 nobis
2872 5174 2986 5214 esse
3011 5175 3045 5213 a
3077 5159 3180 5215 Deo
3209 5167 3262 5214 et
3283 5159 3418 5214 velle
3443 5166 3494 5214 et
3520 5173 3660 5228 per-

1999 5257 2158 5328 ﬁcere
2179 5269 2277 5326 pro
2311 5252 2447 5306 bona
2477 5249 2750 5305 voluntate
2779 5247 3044 5318 (Philipp.
3077 5265 3140 5311 ιι,
3166 5249 3274 5303 13).
3300 5271 3328 5297 ‹‹
3353 5245 3515 5302 Alius
3547 5263 3660 5302 nec

2000 5344 2152 5400 volet
2183 5357 2287 5396 nec
2319 5337 2490 5403 valet,
2524 5335 2673 5391 alius
2705 5335 2856 5391 volet
2884 5341 2941 5391 et
2969 5354 3086 5392 non
3117 5337 3289 5400 valet,
3320 5335 3471 5390 alius
3501 5334 3665 5392 valet

1999 5438 2058 5490 et
2089 5448 2200 5486 non
2228 5428 2407 5494 volet;
2437 5449 2462 5475 ››
2496 5443 2622 5496 qua:
2647 5424 2942 5496 pertinent
2973 5426 3046 5480 ad
3081 5423 3528 5480 retributionem
3552 5424 3660 5493 ju-

2001 5515 2476 5591 stitim,quoniam
2502 5514 2628 5580 hoc,
2655 5519 2876 5570 remoto
2907 5515 3082 5570 etiam
3105 5514 3508 5569 additamenta
3541 5512 3660 5568 ini-

2001 5609 2241 5684 quitatis
2263 5609 2494 5672 nostris,
2515 5601 2838 5675 promeruit
2855 5601 3144 5674 generalis
3163 5619 3360 5658 massa
3380 5600 3664 5673 perditio-
