3970 6182
243 329 358 395 185

967 331 1070 392 DE
1111 328 1878 398 PREDES’I‘INATIOKE
1921 327 2436 392 DlSSER’I‘A’l‘IO
2479 329 2940 395 POSTEBIOR.

3534 335 3650 396 186

236 487 264 515 ει
295 464 404 520 Est
433 461 617 536 igitur
643 460 894 519 liberum
921 461 1248 530 arbitrium,
1277 462 1430 534 quod
1463 461 1734 534 quisquis
1762 477 1891 517 esse
1917 460 1978 528 Α
2003 461 2371 533 cupiditates,
2394 461 2494 517 alii
2525 462 2735 535 magis,
2758 463 2855 519 alii
2885 464 3102 534 minus,
3128 467 3226 524 sed
3249 485 3452 526 omnes
3483 468 3646 544 mali,

235 552 540 627 negaverit
569 551 896 608 catholicus
935 568 1050 606 non
1087 555 1205 618 est;
1241 555 1299 606 et
1326 549 1597 623 quisquis
1636 549 1720 606 sic
1761 566 1890 605 esse

235 641 468 710 dixerit,
493 642 653 713 quod
685 640 812 696 sine
835 641 952 697 Deo
981 641 1201 696 bonum
1233 656 1402 712 opus,
1423 639 1483 695 id
1515 644 1604 696 est
1633 639 1787 712 quod
1819 639 1892 694 ad

231 733 358 804 ejus
380 735 660 786 sanctum
682 729 1050 802 propositum
1076 728 1347 802 pertinet,
1369 746 1475 785 nec
1505 729 1760 801 incipere
1786 744 1894 784 nec

233 819 516 893 perlicere
555 819 764 890 possit,
799 819 1122 875 catholicus
1158 823 1301 874 est.»
1327 819 1408 874 Ed
1440 818 1582 874 item
1605 817 1762 889 (ibid.
1793 818 1894 885 sub

235 909 486 979 initium)
514 926 526 965 :
556 931 586 960 ι(
610 908 822 965 Vitiato
852 907 1034 964 libero
1075 909 1316 965 arbitrio
1365 913 1525 964 totus
1582 908 1760 964 homo
1807 909 1897 962 est

233 997 474 1054 vitiatus
511 1015 526 1054 :
559 1015 664 1070 per
693 999 848 1071 quod
879 997 1101 1070 absque
1131 997 1422 1070 adjutorio
1451 997 1652 1070 gratia:
1685 995 1806 1061 Dei,
1833 999 1897 1050 ut

234 1088 347 1145 Deo
367 1085 626 1159 placeat,
640 1103 746 1142 nec
767 1085 917 1142 valet
936 1086 1212 1158 incipere,
1227 1103 1334 1142 nec
1355 1087 1630 1158 perﬁcere
1651 1083 1890 1141 sufﬁcit.

236 1176 600 1232 Praevenitur
627 1180 826 1231 autem
865 1175 1176 1244 medicina,
1199 1174 1257 1231 id
1302 1179 1392 1232 est
1422 1174 1635 1230 Christi
1685 1172 1892 1248 gratia,

236 1271 296 1322 ut
326 1269 579 1322 sanetur
603 1269 661 1321 et
680 1269 984 1338 reparatur
1004 1263 1064 1320 in
1092 1265 1297 1320 eodem
1317 1263 1540 1330 vitiata,
1564 1267 1739 1335 atque
1762 1279 1900 1333 prte-

237 1361 482 1430 paretnr
527 1353 964 1426 voluntas,qua
1000 1369 1232 1426 semper
1270 1353 1540 1426 indigens
1576 1352 1636 1408 in
1667 1353 1903 1424 adjuto—

238 1445 414 1513 rium,
431 1443 814 1500 illuminante
831 1441 1022 1514 gratia
1036 1443 1354 1500 Salvatoris
1376 1443 1562 1514 possit
1581 1447 1701 1498 tam
1719 1447 1898 1496 Deum

237 1549 616 1607 cognoscere,
650 1549 829 1605 quam
862 1533 1188 1588 secundum
1231 1533 1360 1604 ejus
1397 1531 1586 1587 vivere
1631 1529 1899 1587 volunta-

240 1629 416 1680 tem.»
430 1623 506 1678 Et
527 1622 669 1678 item
687 1637 736 1676 :«
756 1621 881 1678 Non
904 1637 1040 1695 ergo
1059 1621 1236 1678 homo
1253 1621 1552 1678 voluntate
1574 1619 1901 1687 sua,adhuc

239 1713 294 1769 in
314 1711 459 1768 vitio
481 1710 658 1768 liberi
682 1710 906 1767 arbitrii
932 1710 1320 1780 claudicante,
1336 1711 1615 1782 praevenit
1636 1716 1815 1766 Deum
1834 1713 1901 1764 ut

2000 556 2181 624 etnpro
2203 551 2331 624 ipsa
2346 551 2678 608 diversitate
2695 552 2938 609 diversis
2960 555 3266 627 suppliciis
3281 559 3646 629 judicandi.»

2001 641 2080 697 De
2117 658 2290 696 sensu
2341 645 2538 697 autem
2572 646 2631 698 et
2659 646 2932 698 contextu
2979 643 3158 700 totius
3189 647 3456 718 Capituli,
3491 649 3646 706 idem

2002 731 2208 786 beatus
2237 729 2602 802 Augustinus
2630 731 2690 786 in
2725 730 2874 788 libro
2916 733 2986 789 de
3027 733 3382 791 Perfectione
3401 737 3648 807 justitizs

2003 817 2260 874 hominis
2283 819 2364 874 ita
2383 819 2524 875 dicit
2547 837 2597 874 τι
2620 820 2836 876 Verum
2867 825 2958 877 est
2987 827 3182 878 autem
3215 824 3370 895 quod
3401 825 3650 898 ait,quin

2003 908 2354 964 obtrectator
2365 927 2508 965 suus
2524 925 2538 977 ;
2558 911 2712 981 quod
2727 911 2879 967 Deus
2897 914 3018 967 tam
3032 911 3222 968 bonus
3239 929 3416 984 quam
3427 915 3650 986 justus,

2001 996 2181 1052 talem
2229 997 2527 1054 hominem
2561 999 2775 1067 frcerit,
2811 1000 2909 1072 qui
2969 1001 3187 1072 peccati
3246 1001 3400 1057 malo
3459 1012 3654 1060 carere

2007 1088 2320 1153 sufficeret,
2354 1089 2454 1143 scd
2497 1086 2546 1144 si
2585 1087 2883 1146 voluisset.
2916 1089 3057 1156 Quis
3097 1091 3253 1146 enim
3293 1108 3428 1147 eum
3470 1093 3656 1149 nescit

2006 1193 2218 1233 sanum
2252 1181 2310 1232 et
2340 1175 2755 1249 inculpabilem
2815 1179 3056 1247 factum,
3090 1183 3146 1234 et
3175 1180 3356 1238 libero
3415 1182 3654 1238 arbitrio

2006 1271 2185 1337 atque
2216 1266 2286 1320 ad
2311 1268 2471 1338 juste
2498 1267 2809 1322 vivendum
2843 1272 3126 1339 potestate
3165 1269 3348 1326 libera
3372 1271 3654 1328 constitu-

2006 1355 2172 1410 tum?
2204 1356 2315 1411 Sed
2347 1373 2502 1411 nunc
2535 1357 2604 1411 de
2635 1355 2732 1411 illo
2765 1356 2961 1428 agitur
2989 1375 3163 1429 quem
3196 1359 3540 1415 semivivum
3570 1361 3654 1418 la-

2009 1447 2206 1500 trones
2239 1445 2295 1499 in
2318 1443 2409 1499 via
2430 1444 2822 1516 reliquerunt;
2848 1445 2947 1516 qui
2969 1447 3245 1518 gravibus
3267 1449 3504 1506 saucius
3525 1467 3657 1506 con-

2009 1534 2321 1606 fessusque
2349 1533 2707 1602 vulneribus,
2725 1551 2838 1589 non
2871 1535 2952 1590 ita
2983 1539 3174 1607 potest
3203 1554 3236 1592 a
3257 1538 3501 1609 justitiae
3531 1539 3653 1596 cul-

2011 1640 2143 1678 men
2197 1623 2529 1690 ascendere,
2562 1623 2714 1678 sicut
2751 1623 2942 1696 potuit
2977 1623 3113 1680 inde
3153 1626 3522 1694 descendere,
3555 1627 3654 1701 qui

2011 1711 2184 1767 etiam
2209 1711 2258 1767 si
2272 1713 2399 1783 jam
2421 1712 2480 1766 in
2507 1712 2736 1768 stabulo
2757 1717 2866 1780 est,
2882 1717 3138 1769 curatur.
3154 1715 3279 1770 Non
3301 1714 3482 1788 igitur
3501 1718 3656 1772 Deus

239 1805 562 1877 cognoscat
587 1805 647 1856 et
665 1804 887 1872 quaerat
905 1816 1063 1867 eum,
1091 1799 1342 1874 gratiam
1364 1803 1647 1871 tanquam
1680 1797 1903 1896 meritis
1935 1829 1986 1896 Β
2013 1800 2402 1872 impossibilia
2423 1802 2612 1872 jubet,
2643 1803 2742 1857 sed
2766 1803 3029 1873 jubendo
3059 1805 3354 1870 admonet,
3384 1810 3440 1860 et
3470 1806 3656 1862 facere

239 1895 628 1964 accepturus;
663 1891 766 1946 sed
801 1889 1076 1962 praecedit
1103 1888 1302 1958 etiam,
1326 1893 1393 1945 ut
1421 1889 1696 1957 diximus,
1731 1887 1906 1942 mise-

238 1978 650 2038 ricordissima
668 1977 861 2052 gratia
882 1995 992 2034 sua
1012 1982 1166 2034 Deus
1186 1978 1458 2034 homines
1479 1975 1837 2050 ignorantes,
1850 1979 1907 2030 ct

239 2070 492 2128 necdum
517 2085 584 2126 se
603 2072 931 2142 quaerentes
950 2067 1252 2123 voluntate
1274 2066 1438 2122 liberi
1463 2064 1785 2136 arbitrii,ut
1805 2081 1905 2120 eos

243 2177 299 2218 se
329 2160 487 2216 scire
519 2162 580 2215 et
608 2175 868 2230 quaerere
897 2157 1089 2224 faciat,
1117 2155 1270 2212 sicut
1301 2157 1445 2212 dicit
1481 2157 1736 2212 Joannes
1768 2169 1904 2226 apo-

243 2246 428 2306 stolus
457 2247 522 2302 in
555 2246 819 2320 Epistola
847 2264 954 2314 sua
986 2246 1238 2302 :Sczmus
1281 2247 1539 2318 quoniam
1585 2245 1764 2300 Filius
1809 2245 1909 2298 Dei

243 2339 405 2404 venit,
437 2345 495 2394 et
520 2336 673 2393 dedit
708 2337 866 2393 nobis
911 2353 1154 2403 sensum,
1183 2343 1245 2391 ut
1291 2351 1670 2407 cognoscamus
1716 2349 1906 2389 verum

242 2427 500 2496 Deum,“
527 2427 706 2482 simus
738 2427 799 2481 in
829 2441 952 2482 vero
973 2427 1113 2482 Filio
1142 2427 1260 2498 ejus
1289 2441 1301 2480 :
1324 2425 1416 2480 hic
1434 2431 1513 2480 est
1532 2440 1690 2479 verus
1715 2431 1768 2479 et
1793 2424 1907 2478 vita

241 2524 446 2572 aeterna
473 2515 524 2584 (I
543 2515 704 2572 Joaa.
726 2531 784 2585 ν,
803 2516 954 2582 20).»
969 2514 1184 2569 Audiat
1215 2513 1389 2570 etiam
1417 2515 1669 2586 quisque
1699 2511 1900 2580 lector,

243 2605 356 2660 sive
369 2602 848 2671 benevolus,sive
863 2601 1356 2674 malevolus,quid
1377 2603 1447 2659 de
1465 2602 1645 2658 libero
1665 2601 1904 2658 arbitrio

241 2697 535 2766 prrsveuto
553 2696 610 2748 et
625 2693 830 2764 adjuto
851 2691 1058 2766 gratia,
1073 2693 1216 2748 etde
1233 2692 1438 2748 eodem
1462 2691 1643 2748 libero
1665 2691 1906 2748 arbitrio

240 2783 472 2838 deserto
492 2780 708 2855 gratia,
730 2782 944 2838 sentiat
965 2780 1120 2836 idem
1143 2781 1347 2836 doctor
1367 2779 1746 2836 c'atholicus.«
1765 2781 1906 2836 Esse

243 2871 522 2938 fatemur,
555 2869 832 2942 inquiens
880 2869 1043 2941 (libro
1073 2885 1156 2935 ιιι,
1193 2869 1293 2924 sub
1351 2869 1618 2940 initium),
1653 2868 1904 2923 liberum

246 2959 560 3015 arbitrium
595 2957 876 3014 omnibus
901 2957 1264 3022 hominibus,
1287 2957 1511 3012 habens
1543 2957 1781 3029 quidem
1805 2959 1904 3029 ju-

247 3049 467 3104 dicium
501 3047 770 3114 rationis,
795 3063 910 3102 non
942 3063 1045 3118 per
1073 3047 1226 3118 quod
1258 3045 1334 3102 sit
1363 3045 1640 3101 idoneum
1672 3063 1798 3118 quae
1831 3047 1902 3101 ad

245 3137 430 3193 Deum
455 3136 756 3209 pertinent
777 3137 904 3192 sine
920 3135 1037 3190 Deo
1063 3139 1165 3190 aut
1183 3133 1459 3190 inchoare
1478 3134 1564 3190 vel
1587 3139 1742 3190 certe
1770 3151 1904 3208 per-

2014 1890 2169 1960 quod
2202 1888 2412 1961 possis,
2446 1892 2502 1944 et
2531 1892 2722 1960 petere
2753 1889 2904 1961 quod
2940 1907 3055 1944 non
3085 1890 3297 1960 possis.
3320 1913 3353 1940 υ

2083 1979 2153 2033 Et
2183 1979 2242 2032 in
2274 1977 2523 2049 epistola
2549 1978 2657 2050 (46)
2690 1978 2762 2033 ad
2791 1977 3168 2034 Valentinum
3203 1995 3252 2032 :«
3279 1979 3469 2034 Primo
3501 1980 3658 2036 enim

2014 2067 2300 2124 Dominus
2357 2067 2551 2137 Jesus,
2587 2067 2740 2122 sicut
2769 2067 3055 2139 scriptum
3087 2071 3176 2122 est
3233 2067 3292 2122 in
3350 2068 3670 2142 Evangelio-

2011 2155 2258 2212 Joannis
2301 2155 2547 2228 apostoli
2582 2172 2594 2210 :
2627 2157 2745 2212 Non
2772 2159 2920 2213 venit
2957 2165 3018 2212 ut
3051 2158 3326 2230 judicaret
3369 2158 3656 2228 mundum,

2012 2245 2104 2302 sed
2158 2253 2218 2300 ut
2271 2245 2512 2300 salvetur
2564 2245 2804 2301 mundus
2856 2263 2956 2318 per
3013 2248 3191 2318 ipsum
3221 2249 3396 2316 (Joan.
3431 2265 3514 2315 ιιι,
3549 2248 3657 2320 17).

2015 2335 2220 2390 Postea
2247 2351 2400 2401 vero,
2432 2333 2586 2389 sicut
2615 2335 2820 2390 scribit
2864 2335 3164 2407 apostolus
3212 2335 3426 2392 Paulus
3461 2353 3472 2392 :
3503 2337 3660 2393 ludi-

2012 2425 2154 2480 mbit
2185 2427 2323 2480 Deus
2372 2424 2518 2479 hunc
2562 2425 2831 2480 mundum
2857 2427 3030 2493 (Rom.
3065 2443 3148 2492 Ill,
3181 2428 3258 2494 6),
3281 2429 3338 2480 et
3382 2429 3662 2482 venturus

2014 2519 2123 2583 est,
2152 2513 2303 2570 sicut
2333 2518 2456 2568 tota
2486 2513 2744 2569 Ecclesia
2775 2515 2832 2569 in
2865 2513 3131 2586 symbolo
3165 2515 3494 2582 confitetur,
3511 2515 3665 2588 judi-

2014 2621 2137 2660 care
2191 2604 2336 2659 vivos
2365 2611 2418 2659 et
2443 2609 2702 2658 mort-uos.
2735 2603 2792 2658 Si
2839 2619 2974 2676 ergo
3005 2621 3120 2659 non
3152 2608 3242 2660 est
3295 2603 3395 2660 Dei
3451 2604 3660 2676 gratia,

2015 2693 2306 2766 quomodo
2339 2691 2524 2748 salvat
2555 2692 2889 2746 mundum?
2927 2696 2984 2752 et
3021 2692 3072 2748 si
3111 2710 3225 2748 non
3276 2697 3366 2749 est
3413 2692 3662 2749 liberum

2014 2781 2344 2848 arbitrium,
2373 2782 2666 2852 quomodo
2689 2781 2921 2852 judicat
2951 2782 3284 2837 mundum?
3313 2781 3560 2839 Proinde
3590 2781 3666 2837 li-

2013 2871 2184 2926 brum
2217 2870 2305 2925 vel
2336 2869 2642 2942 epistolam
2679 2887 2892 2936 meam,
2913 2887 3089 2941 quam
3115 2887 3313 2926 secum
3347 2873 3418 2927 ad
3443 2888 3543 2927 vos
3575 2889 3670 2928 su-

2014 2958 2260 3031 pradicti
2300 2958 2642 3026 attulerunt,
2673 2959 2997 3013 secundum
3041 2958 3190 3014 hanc
3233 2959 3405 3014 ﬁdem
3447 2959 3666 3015 intelli-

2014 3047 2153 3120 gite,
2177 3051 2243 3101 ut
2274 3063 2462 3118 neque
2494 3046 2718 3118 negetis
2749 3045 2848 3100 Dei
2895 3046 3166 3118 gratiam,
3201 3063 3386 3118 neque
3416 3047 3665 3102 liberum

2018 3135 2330 3191 arbitrium
2363 3135 2448 3189 sic
2477 3134 2822 3201 defendatis,
2859 3139 2924 3190 ut
2954 3152 2988 3190 a
3021 3135 3113 3190 Dei
3145 3135 3332 3208 gratia
3362 3134 3664 3208 separetis,

254 3243 420 3300 agere
437 3195 597 3296 {sed
627 3228 860 3281 tantum
890 3223 948 3278 in
981 3223 1254 3295 operibus
1274 3221 1404 3279 vita;
1437 3195 1905 3296 prmsentisitam
1936 3195 1980 3262 c
2019 3228 2302 3295 tanquam
2333 3221 2460 3276 sine
2491 3220 2592 3276 illa
2621 3221 2708 3278 vel
2741 3195 2995 3294 cogitare
3017 3195 3364 3295 aliquid,vel
3387 3195 3556 3297 agere
3586 3195 3670 3280 se;

253 3315 420 3372 bonis
443 3331 630 3388 quam
660 3313 838 3370 etiam
871 3312 1066 3369 malis.
1089 3311 1265 3368 Bonis
1299 3312 1450 3383 dico,
1477 3328 1604 3384 qua
1637 3313 1708 3368 de
1739 3313 1909 3376 bolis

253 3409 475 3460 natura:
507 3403 800 3468 oriuntur,
819 3401 878 3456 id
902 3399 1166 3468 est,velle
1197 3399 1462 3456 laborare
1494 3400 1553 3455 in
1583 3417 1742 3474 agro,
1765 3401 1910 3458 velle

257 3494 617 3548 manduCare
645 3495 704 3546 et
732 3488 948 3557 bibere,
973 3487 1116 3545 velle
1137 3488 1350 3544 habere
1380 3489 1658 3560 amicum,
1678 3511 1704 3538 ››
1727 3493 1785 3546 et
1803 3507 1910 3546 cae-

259 3585 376 3637 tera
405 3598 540 3654 quae
566 3579 648 3635 ibi
679 3577 1219 3651 prosequitur,qua3
1251 3575 1452 3632 omnia
1494 3594 1608 3632 non
1650 3577 1774 3634 sine
1803 3594 1912 3650 gu-

259 3667 576 3726 bernaculo
607 3667 805 3723 divino
835 3665 1170 3722 subsistunt
1204 3683 1218 3720 :
1252 3665 1372 3720 imo
1422 3683 1490 3720 ex
1544 3664 1694 3738 ipso,
1723 3670 1781 3722 et
1811 3683 1914 3738 per

261 3760 450 3830 ipsum
483 3761 653 3820 sunt,
675 3754 764 3811 vel
797 3771 928 3811 esse
959 3757 1278 3826 cmperunt.
1305 3752 1475 3810 Malis
1502 3771 1636 3809 vero
1665 3755 1818 3822 dico,
1849 3759 1916 3810 ut

261 3853 346 3904 est
365 3845 514 3904 velle
543 3843 772 3901 idolum
795 3844 948 3900 ηπ
981 3841 1190 3909 colere,
1211 3840 1358 3897 velle
1387 3841 1770 3898 homicidium
1792 3861 1916 3916 per-

261 3943 510 4009 petrare,
539 3937 600 3990 et
631 3931 858 4004 reliqua
887 3948 1014 4003 quae
1059 3930 1434 4004 prosequitur
1461 3931 1522 3986 in
1561 3931 1764 3988 eodem
1797 3933 1912 4006 Hy-

263 4022 667 4097 pomnesticon
699 4021 872 4076 libro.

331 4113 495 4180 Quod
514 4115 717 4168 autem
733 4109 794 4165 in
810 4108 1186 4165 conclusione
1201 4108 1332 4178 subj
1343 4107 1620 4165 unximus
1637 4108 1913 4166 dicentes:

265 4202 518 4258 Libemm
542 4207 730 4256 autem
773 4197 1032 4253 habemus
1059 4196 1376 4256 arbitrium.
1399 4197 1530 4269 quia
1567 4200 1744 4268 gratia
1785 4199 1918 4256 libe—

265 4299 464 4357 ratum,
496 4295 547 4345 et
593 4289 776 4360 gartia
802 4286 869 4342 de
897 4293 1147 4358 corrupto
1198 4293 1473 4354 sanatum,
1507 4290 1748 4342 sanctus
1803 4289 1917 4343 Au-

2019 3312 2279 3367 cunrlum
2303 3311 2488 3366 Deum
2518 3309 2639 3366 ulla
2671 3309 2893 3366 ratione
2910 3311 3227 3383 possimus,
3252 3313 3407 3383 quod
3431 3313 3668 3369 omnino

2019 3417 2132 3455 non
2158 3416 2505 3472 possumus;
2525 3421 2550 3447 ››
2575 3403 2631 3454 et
2657 3402 2787 3470 post
2808 3399 3110 3472 aliquanta
3129 3417 3178 3454 :«
3202 3401 3428 3457 Credite
3459 3401 3669 3459 divinis

2019 3488 2264 3560 eloquis,
2287 3487 2424 3560 quia
2455 3492 2512 3542 et
2540 3487 2790 3542 liberum
2833 3493 2922 3544 est
2960 3489 3214 3545 nominis
3253 3490 3582 3560 arbitrium,
3615 3495 3672 3548 et

2020 3576 2208 3651 gratia
2237 3577 2357 3644 Dei,
2383 3576 2509 3631 sine
2538 3577 2710 3648 cujus
2741 3577 3031 3649 adjutorio
3081 3577 3330 3634 liberum
3359 3579 3669 3638 arbitrium

2022 3684 2127 3722 nec
2147 3665 2400 3721 converti
2425 3668 2617 3736 potest
2637 3666 2708 3720 ad
2733 3667 2933 3731 Deum,
2953 3682 3058 3720 nec
3081 3668 3356 3738 proficere
3375 3666 3435 3722 in
3460 3668 3665 3738 Deum,

2021 3759 2079 3810 et
2108 3755 2261 3825 quod
2294 3753 2386 3826 pie
2417 3753 2674 3820 creditis,
2709 3759 2776 3808 ut
2798 3753 2972 3810 etiam
3007 3755 3300 3827 sapienter
3328 3755 3668 3829 intelligatis

2024 3847 2202 3898 orate.
2236 3844 2304 3897 Et
2333 3843 2404 3897 ad
2437 3842 2544 3898 hoc
2585 3843 2779 3914 ipsum
2824 3843 3002 3910 enim,
3035 3843 3090 3898 id
3145 3848 3251 3910 est,
3285 3849 3350 3900 ut
3379 3845 3670 3917 sapienter

2025 3933 2177 3988 I28
2215 3929 2636 4002 intelligamus,
2660 3935 2749 3986 est
2790 3931 2994 4003 utique
3042 3931 3290 3988 liberum
3338 3934 3668 3990 arbitrium.

2025 4019 2148 4076 Nisi
2180 4019 2336 4075 enim
2368 4018 2550 4076 libero
2569 4019 2812 4075 arbitrio
2836 4019 3294 4092 intelligeremus
3315 4027 3491 4094 atque
3512 4040 3673 4096 sape-

2025 4125 2244 4177 remus,
2268 4125 2381 4164 non
2416 4107 2584 4163 nobis
2626 4107 3032 4180 praeciperetur
3068 4109 3296 4166 dicente
3325 4111 3625 4183 Scriptura
3653 4125 3670 4167 °.

2027 4198 2319 4268 Intelligite
2373 4213 2508 4269 ergo
2547 4198 2644 4270 qui
2701 4199 3023 4270 insipientes
3078 4201 3204 4254 estis
3265 4201 3322 4254 in
3374 4200 3593 4270 populo,
3624 4207 3676 4255 et

2027 4288 2184 4343 stulti
2201 4286 2500 4358 aliquando
2519 4288 2692 4358 sapite
2713 4287 2881 4358 (Psal.
2906 4303 3052 4354 xcrx,
3076 4290 3150 4355 8).
3176 4289 3254 4342 Eo
3284 4286 3410 4358 ipso
3433 4287 3670 4359 quippe,

263 4377 543 4453 gustinus
569 4377 628 4432 in
661 4375 810 4431 libro
841 4375 913 4430 de
944 4373 1316 4464 Cori-optione
1347 4378 1405 4464 et
1432 4373 1629 4430 Gratia
1657 4377 1796 4448 (cap.
1833 4378 1925 4464 13)
2031 4393 2146 4448 quo
2159 4373 3674 4464 praeceptumatqueimperatumest,utintelligamus

264 4467 666 4542 prosequitur,
692 4464 897 4520 dicens
927 4479 941 4518 :
966 4487 994 4512 ‹‹
1027 4463 1097 4519 Hi
1129 4480 1260 4520 vero
1300 4463 1399 4536 qui
1455 4481 1569 4518 non
1631 4461 1925 4536 pertinent
2031 4467 2206 4536 atque
2228 4463 2546 4534 sapiamus,
2571 4461 2958 4518 obedientiam
2984 4467 3242 4518 nostram
3275 4463 3675 4536 requirit,quw

263 4559 334 4614 ad
367 4557 528 4612 hunc
557 4553 1110 4628 praedestinatorum
1143 4569 1646 4625 numerum,quos
1673 4553 1773 4609 Dei
1801 4572 1928 4628 gra-
1956 4562 2002 4626 Ι)
2033 4552 2195 4608 nulla
2224 4557 2415 4624 potest
2434 4568 2560 4606 esse
2588 4551 2735 4617 sine,
2759 4549 2938 4606 libero
2969 4549 3231 4606 arbitrio.
3256 4553 3368 4608 Sed
3399 4553 3447 4608 si
3482 4557 3678 4624 posset

265 4647 368 4717 tia,
398 4645 518 4701 sive
551 4643 817 4700 nondum
847 4641 1132 4698 habentes
1162 4641 1350 4697 ullum
1380 4641 1634 4697 liberum
1674 4660 1793 4698 sum
1825 4660 1922 4698 vo-

266 4733 509 4791 luntatis
553 4731 890 4798 arbitrium,
921 4731 1043 4787 sive
1097 4749 1229 4786 cum
1289 4731 1530 4786 arbitrio
1578 4730 1917 4797 voluntatis,

267 4823 395 4878 ideo
425 4839 558 4877 vero
589 4821 795 4887 libero,
818 4821 960 4892 quia
989 4837 1093 4892 per
1133 4821 1324 4893 ipsam
1362 4819 1610 4892 gratiam
1651 4819 1919 4890 liberato,

269 4911 533 4984 perducit
564 4911 640 4967 ad
671 4926 949 4983 regnum;
973 4910 1034 4965 hi
1060 4926 1218 4982 ergo,
1243 4910 1342 4981 qui
1377 4927 1492 4966 non
1525 4909 1818 4981 pertinent
1845 4911 1918 4965 ad

269 4999 450 5056 istum
479 4999 884 5056 certissimum
913 5002 970 5054 et
999 4997 1412 5054 fidelissimum
1453 5015 1789 5066 numerum,
1816 5015 1919 5071 pro

272 5089 495 5145 meritis
506 5088 846 5162 justissime
865 5089 1230 5160 judicantur.
1253 5089 1368 5142 Aut
1395 5087 1551 5142 enim
1575 5089 1780 5158 jacent
1811 5089 1920 5144 sub

274 5182 504 5250 peccato
531 5178 686 5250 quod
719 5177 1084 5250 originaliter
1113 5175 1482 5250 generatione
1512 5181 1832 5246 traxerunt,
1869 5181 1926 5233 et

274 5281 402 5326 cum
421 5265 521 5322 illo
537 5265 906 5322 hereditario
924 5265 1118 5321 debito
1137 5264 1270 5320 hinc
1287 5265 1677 5336 exeunt,quod
1702 5283 1816 5320 non
1836 5270 1925 5320 est

273 5353 708 5426 regeneratione
729 5353 1064 5420 dimissum,
1091 5358 1192 5407 aut
1217 5371 1318 5424 per
1338 5351 1586 5406 liberum
1614 5353 1922 5408 arbitrium

275 5441 386 5499 alia
413 5444 658 5516 insuper
682 5442 1037 5498 addiderunt
1067 5459 1080 5497 :
1116 5441 1444 5507 arbitrium,
1479 5440 1743 5512 inquam,
1781 5441 1922 5498 libe-

277 5533 528 5598 rum,scd
545 5548 664 5587 non
687 5529 1026 5598 liberatum,
1043 5529 1293 5585 liberum
1308 5528 1804 5600 justitim,peccati
1828 5548 1927 5585 au-

275 5623 387 5676 tem
416 5637 675 5689 servum,
695 5637 810 5692 quo
836 5618 1148 5676 volvuntur
1177 5636 1279 5691 per
1307 5617 1565 5674 diversas
1604 5619 1923 5694 noxiasque

2035 4641 2142 4696 hoc
2173 4641 2367 4712 ipsum
2400 4639 2524 4694 sine
2555 4639 2844 4709 adjutorio
2874 4639 2972 4694 Dei
3001 4639 3202 4712 gratiae
3234 4639 3377 4708 fieri,
3403 4657 3506 4713 per
3534 4641 3676 4698 libe-

2029 4747 2159 4786 rum
2192 4717 2588 4784 arbitrium'ut
2619 4728 3076 4801 intelligeremus
3109 4735 3282 4802 atque
3313 4749 3674 4802 saperemus,

2029 4837 2144 4875 non
2191 4818 2480 4874 diceretur
2523 4818 2674 4873 Deo:
2709 4819 2787 4874 Da
2816 4819 2956 4874 mihi
2989 4819 3320 4874 intellectum
3365 4828 3426 4876 ut
3473 4821 3680 4876 discam

2027 4907 2286 4963 mandata
2341 4915 2434 4962 tua
2461 4908 2632 4977 (Psal.
2685 4924 2877 4972 cxvm,
2925 4909 3046 4979 73);
3083 4926 3188 4964 nec
3249 4909 3307 4962 in
3369 4910 3676 4982 Evangelio

2029 4996 2314 5068 scriptum
2345 5000 2498 5052 esset
2529 5013 2542 5052 :
2581 4998 2725 5051 Tunc
2751 4998 2968 5068 aperuit
2997 4998 3113 5053 illis
3143 5014 3364 5054 sensum
3390 5006 3451 5052 ut
3479 4997 3678 5052 intelli-

2027 5092 2214 5158 gerent
2240 5085 2550 5156 Scripturas
2593 5087 2744 5152 (Luc.
2767 5103 2918 5152 xxxv,
2953 5086 3072 5153 115);
3105 5103 3212 5142 nec
3256 5085 3509 5142 Jacobus
3537 5101 3674 5155 apo-

2033 5174 2220 5231 stolus
2251 5173 2468 5230 diceret
2495 5191 2506 5228 :
2542 5173 2605 5230 Si
2630 5177 2752 5246 quis
2774 5183 2954 5230 autem
2974 5183 3209 5230 vestrum
3237 5175 3440 5245 indiget
3465 5173 3678 5244 sapien-

2032 5266 2129 5332 tia,
2160 5265 2393 5336 postulct
2419 5281 2453 5318 α
2488 5268 2613 5331 Deo,
2634 5266 2731 5335 qui
2759 5263 2851 5318 dat
2879 5265 3130 5320 omnibus
3159 5265 3465 5334 afﬂuenter,
3489 5269 3540 5317 et
3566 5278 3678 5316 non

2035 5355 2382 5426 improperat,
2414 5361 2464 5408 et
2508 5352 2728 5406 dabitur
2755 5355 2808 5407 ei
2839 5357 2979 5417 (Jac.
3012 5369 3050 5417 1,
3079 5353 3158 5416 5).
3188 5374 3214 5400 ››
3241 5351 3304 5404 Et
3357 5349 3567 5404 iterum
3617 5349 3675 5405 in

2034 5440 2215 5496 altera
2243 5441 2489 5514 epistola
2519 5441 2693 5514 (epist.
2728 5442 2814 5512 47)
2837 5442 2907 5495 ad
2939 5439 3211 5494 eumdem
3251 5436 3626 5494 Valentinum
3662 5456 3674 5494 :

2037 5552 2064 5580 «
2089 5533 2379 5598 Quautum
2415 5530 2736 5602 potuimus,
2759 5529 2985 5599 egimus
3008 5543 3142 5581 cum
3173 5525 3301 5582 istis
3323 5532 3380 5583 et
3395 5527 3604 5584 vestris
3625 5530 3682 5583 et

2037 5621 2252 5678 nostris
2283 5618 2582 5685 fratribus,
2607 5623 2671 5675 ut
2702 5619 2758 5672 in
2795 5616 2906 5670 fide
2937 5631 3076 5672 sana
3111 5614 3395 5672 catholica
3425 5633 3683 5690 perseve.
