3970 6182
207 331 324 395 189

928 334 1032 399 DE
1075 335 1835 399 PREDES’I‘INATIONE
1875 335 2395 403 DISSERTATIO
2437 339 2898 404 POSTERIOR.

3491 341 3608 407 190

205 470 375 525 ratur
401 471 471 525 ut
499 465 773 525 meritum
805 469 980 527 faciat
1008 468 1183 526 homo
1213 486 1316 543 per
1345 470 1640 543 propriam
1662 469 1860 526 volun-
1886 472 1942 537 Α
1975 472 2206 546 agimus
2236 477 2294 529 et
2324 472 2425 529 Dei
2456 477 2564 542 est,
2597 478 2656 530 et
2686 479 2953 531 nostrum
2987 491 3001 531 :
3037 475 3135 532 Dei
3159 493 3262 550 per
3279 477 3605 550 praevenien
3672 513 3674 516 ν

207 561 413 613 tatem.
444 578 468 606 ι

269 646 344 702 Et
377 645 694 719 Gregorius
723 645 784 702 in
814 645 964 702 libro
996 646 1304 703 Moralium
1334 649 1697 721 xxv1,cap.10
1723 664 1784 702 :«
1803 648 1864 705 Si

203 733 335 808 quis
352 734 987 809 salvari,iuquiens,sic
1009 736 1302 793 munditia
1321 754 1606 793 manuum
1620 753 1862 794 suarum

204 823 560 892 creditur,ut
588 823 713 881 suis
741 825 968 884 viribus
998 824 1282 882 innocens
1315 825 1434 892 fiat,
1462 826 1663 899 procul
1686 827 1864 882 dubio

205 917 438 970 erratur
487 928 503 968 :
551 911 692 986 quia
743 913 793 970 si
845 931 1100 987 superna
1149 913 1342 987 gratia
1390 919 1694 972 nocentem
1747 932 1864 972 non

207 1001 513 1076 praevenit,
544 1019 851 1075 nunquam
882 1004 1140 1075 profecto
1173 1003 1427 1060 inveniet
1456 1019 1632 1077 quem
1665 1021 1864 1060 remu-

208 1094 368 1146 neret
397 1090 966 1147 innocentem.Unde
980 1091 1216 1148 veridici
1239 1091 1453 1167 Moysis
1465 1109 1600 1150 voce
1621 1092 1862 1149 dicitur:

207 1179 517 1252 Nullusque
542 1179 692 1252 apud
716 1188 766 1236 te
790 1196 890 1252 per
912 1196 971 1236 se
997 1182 1257 1236 innocens
1306 1189 1386 1238 est
1431 1183 1620 1254 (Exed.
1652 1181 1864 1254 xxxrv),

208 1270 476 1342 Superna
508 1285 645 1341 ergo
674 1268 862 1342 pietas
892 1270 1056 1342 prius
1073 1270 1198 1343 agit
1227 1269 1447 1343 aliquid
1471 1271 1530 1326 in
1551 1270 1720 1327 nobis
1741 1272 1867 1328 sine

207 1357 474 1426 nobis,ut
505 1359 901 1431 subsequente
918 1375 1152 1432 quoque
1181 1365 1381 1416 nostro
1413 1359 1594 1416 libero
1626 1359 1868 1416 arbitrio

1972 565 2089 618 tem
2120 562 2392 634 gratiam,
2439 567 2706 618 nostrum
2758 579 2860 634 per
2915 563 3335 636 obsequentem
3382 565 3628 625 liberam

1969 649 2420 707 voluntatem.Si
2451 649 2607 706 enim
2639 650 2741 706 Dei
2774 667 2888 706 non
2921 653 3194 718 est,unde
3225 653 3277 708 ei
3309 653 3529 726 gratias
3567 654 3625 710 in

1972 743 2254 794 aiternum
2273 738 2505 812 agimus
2520 739 2548 794 ?
2581 740 2838 795 Rursum
2859 739 2906 795 si
2932 743 3198 805 nostrum
3223 757 3338 796 non
3359 743 3632 808 est,unde

1973 827 2144 884 nobis
2177 827 2420 884 retribui
2452 827 2692 900 praemia
2744 827 3092 900 speramus?
3138 827 3285 896 Quia
3331 846 3468 902 ergo
3511 847 3628 887 non

1972 917 2272 973 immerito
2289 916 2509 989 gratias
2539 916 3024 990 agimus,scimus
3049 918 3205 990 quod
3238 917 3368 988 ejus
3390 935 3633 974 munere

1973 1005 2392 1079 praavenimur;
2425 1011 2482 1062 et
2514 998 2751 1063 rursum
2772 1005 2911 1078 quia
2932 1023 3046 1061 non
3070 1005 3364 1063 immerito
3383 1007 3633 1063 retribu-

1974 1094 2190 1150 tionem
2224 1094 2804 1167 quaerimus,scimus
2833 1095 2989 1167 quod
3021 1095 3418 1167 subsequente
3449 1093 3632 1152 libero

1975 1183 2218 1240 arbitrio
2248 1184 2400 1239 bona
2430 1182 2717 1255 elegimus
2747 1200 2875 1255 quae
2907 1200 3237 1255 ageremus.
3272 1207 3300 1234 »
3328 1185 3401 1243 Et
3440 1183 3498 1240 in
3529 1183 3634 1239 ho-

1977 1271 2142 1327 milia
2167 1271 2459 1345 Evangelii
2503 1274 2571 1326 37
2607 1288 2620 1328 :
2655 1295 2683 1321 ‹‹
2716 1273 2836 1328 Νοη
2865 1288 2956 1328 vos
2986 1289 3073 1328 me
3099 1274 3358 1344 etegistis,
3401 1272 3494 1329 sed
3541 1289 3636 1345 ego

1973 1363 2114 1433 elegi
2144 1377 2254 1429 vos,
2285 1369 2338 1417 et
2388 1363 2551 1433 posui
2600 1377 2690 1417 vos
2736 1369 2798 1417 ut
2845 1363 2981 1417 eatis
3029 1369 3080 1418 et
3123 1363 3364 1432 fructum
3391 1362 3638 1435 offeratis

207 1448 430 1504 bonum
462 1448 624 1520 quod
647 1447 774 1518 jam
806 1447 1143 1521 appetimus
1169 1453 1304 1522 agat
1335 1448 1693 1514 nobiseum;'
1713 1449 1868 1521 quod
1977 1450 2153 1521 (Joan.
2185 1467 2278 1516 xv,
2315 1451 2422 1522 16).
2458 1450 2652 1515 Posui,
2685 1451 2758 1504 ad
2788 1450 3037 1522 gratiam
3069 1449 3357 1528 plantavi,
3381 1455 3446 1507 ut
3487 1451 3637 1509 eatis

207 1539 404 1592 tamen
436 1553 546 1609 per
565 1536 896 1608 impensam
913 1537 1163 1610 gratiam
1186 1537 1247 1593 in
1269 1537 1871 1609 extremoiudicioita
1976 1538 2242 1605 volcndo,
2300 1540 2558 1594 fructum
2617 1538 2876 1594 atferatis
2923 1540 3241 1612 cperando.
3273 1539 3433 1598 Eatis
3472 1540 3635 1597 enim

209 1629 548 1681 remuneret
573 1625 909 1690 innobis,ac
929 1625 977 1681 si
990 1625 1561 1700 solisprocesssisset
1581 1645 1650 1682 ex
1674 1626 1866 1682 nobis.
1977 1626 2224 1683 volendo
2254 1627 2419 1694 dixit,
2453 1625 2594 1698 quia
2625 1625 2770 1682 velle
2799 1626 3018 1699 aliquid
3074 1627 3262 1684 facere
3284 1628 3412 1700 jam
3441 1632 3636 1685 mente

214 1715 357 1781 Quia
386 1713 553 1770 enim
583 1713 782 1770 divina
811 1731 918 1770 nos
949 1714 1182 1772 bonitas
1213 1720 1280 1771 ut
1310 1715 1650 1772 innocentes
1700 1715 1874 1772 faciat
1979 1715 2063 1772 ire
2095 1714 2451 1781 est.Qualem
2484 1732 2617 1771 vero
2643 1717 2898 1772 fructum
2931 1715 3139 1771 aﬂ‘erre
3161 1717 3412 1772 debeant
3435 1715 3634 1772 subdi-

210 1802 512 1876 prisvenit,
543 1802 760 1860 Paulus
806 1803 889 1859 ait
939 1819 953 1859 :
1007 1804 1192 1861 Gratia
1215 1807 1317 1862 Dei
1341 1821 1466 1862 sum
1496 1805 1554 1861 id
1582 1805 1722 1878 quod
1749 1821 1873 1860 sum
1903 1857 1947 1878 η
1979 1809 2098 1869 tur,
2128 1813 2180 1860 et
2205 1806 2420 1876 fruetus
2449 1813 2620 1861 vester
2646 1811 2883 1860 maneat.
2919 1803 3004 1860 lbi
3054 1821 3212 1878 ergo,
3267 1805 3324 1860 id
3375 1808 3466 1862 est
3504 1807 3638 1877 post

211 1857 253 1962 ξι
278 1857 411 1948 cs;
439 1857 902 1964 senatus
930 1857 1198 1950 esse;
1215 1857 1482 1966 satis
1498 1857 1871 1950 somnii;
1903 1857 1948 1920 Β
1979 1857 2248 1961 sses;
2270 1857 2386 1948 in;
2409 1857 3004 1960 sissesisse;
3037 1857 3323 1948 signa;
3348 1857 3631 1948 tanta};

212 1981 414 2036 bet-um
439 1979 755 2036 arbitrium
777 1979 1342 2056 sequitur,adjungit
1363 1985 1456 2040 :El
1474 1984 1653 2055 gratia
1670 1984 1786 2055 ejus
1810 1984 1870 2037 in
1975 1985 2094 2036 tur.
2131 2003 2159 2030 »
2191 1983 2261 2037 Et
2291 1981 2349 2036 in
2379 1981 2622 2037 homilia
2651 1983 2686 2036 9
2716 1984 2802 2050 (in
2831 1981 3128 2053 principio)
3161 1981 3476 2037 Ezechielis
3507 1997 3634 2053 pro-

211 2084 290 2124 me
311 2084 489 2124 vacua
509 2083 625 2125 non
639 2069 868 2140 fuit,sed
882 2069 1252 2127 abundantius
1285 2073 1402 2128 illis
1441 2072 1693 2128 omnibus
1715 2071 1868 2127 labo-

213 2159 348 2212 ravi.
380 2156 493 2224 Qui
527 2157 672 2212 dum
703 2174 766 2214 se
795 2158 866 2214 de
897 2175 957 2214 se
987 2157 1134 2214 nihil
1165 2175 1294 2217 esse
1333 2159 1714 2233 conspiceret,
1765 2159 1866 2226 ait,

212 2262 316 2316 non
341 2253 534 2302 autem
558 2261 677 2317 ego,
707 2250 765 2302 et
794 2250 990 2302 tamen
1020 2247 1164 2319 quia
1210 2265 1273 2304 se
1320 2265 1448 2304 esse
1478 2247 1700 2321 aliquid
1732 2265 1868 2304 cum

215 2333 403 2406 gratia
431 2333 676 2402 invenit,
711 2335 981 2405 adjunxit
1007 2335 1101 2391 sed
1129 2339 1310 2408 gratia
1339 2339 1436 2394 Dei
1460 2338 1869 2394 mecum.Mun-

213 2422 352 2478 ditia
385 2421 593 2494 itaque
626 2439 912 2478 manuum
939 2441 1182 2480 suarum
1216 2424 1496 2482 innocens
1527 2425 1868 2492 salvabitur,

214 2511 348 2582 quia
380 2511 486 2583 qui
520 2510 618 2566 hic
649 2511 1001 2584 praevenitur
1021 2513 1174 2568 dono
1219 2513 1585 2570 utinnocens
1609 2515 1871 2581 ﬁat,cum

218 2600 282 2655 ad
306 2599 616 2671 judicium
647 2599 882 2656 ducitur
911 2617 981 2655 ex
1011 2600 1220 2657 merito
1253 2608 1682 2659 remuneratur.
1735 2627 1757 2656 ι
1805 2604 1876 2658 Et

219 2688 274 2743 in
321 2687 478 2743 libro
528 2706 704 2745 χχχιιι
738 2706 752 2744 :
787 2711 816 2740 «
849 2689 1032 2746 Nemo
1077 2689 1316 2764 quippe,
1367 2695 1432 2746 ut
1479 2692 1674 2748 divina
1706 2691 1874 2747 illum

221 2775 409 2848 gratia
455 2776 877 2850 subsequatur,
935 2780 1101 2851 prius
1163 2779 1384 2853 aliquid
1443 2780 1690 2836 contulit
1739 2785 1872 2836 Deo.

1982 2069 2218 2141 pheta»:
2251 2071 2317 2125 Et
2357 2072 2635 2141 ingressus
2681 2078 2760 2126 est
2806 2071 2864 2126 in
2914 2085 3002 2126 me
3046 2069 3306 2142 Spiritus,
3352 2076 3642 2141 postquam

1979 2160 2186 2216 locutus
2247 2167 2327 2215 est
2377 2159 2540 2224 mihi,
2600 2166 2654 2215 et
2703 2161 2896 2215 statuit
2947 2175 3036 2214 me
3079 2175 3249 2231 supra
3290 2157 3450 2230 pedes
3493 2173 3640 2214 meos

1978 2247 2192 2317 (Ezech.
2247 2266 2310 2314 ιι,
2360 2248 2416 2320 2)
2491 2249 2636 2304 Ecce
2685 2248 2885 2303 divina
2930 2265 3040 2302 vox
3076 2244 3298 2318 jacenti
3346 2245 3640 2319 prophetas

1970 2338 2156 2410 jussit
2187 2343 2250 2394 ut
2277 2342 2542 2410 surgeret
2566 2353 2578 2392 :
2605 2337 2706 2393 sed
2729 2353 2970 2408 surgere
2999 2335 3240 2392 omnino
3271 2352 3387 2391 non
3411 2337 3630 2407 posset,

1981 2425 2092 2483 nisi
2124 2427 2180 2481 in
2213 2426 2370 2482 hunc
2401 2425 2820 2498 omnipotentis
2850 2425 2950 2480 Dei
2992 2425 3236 2496 spiritus
3284 2423 3564 2480 intrasset
3615 2439 3629 2478 :

1981 2514 2120 2588 quia
2149 2532 2219 2570 ex
2247 2513 2666 2588 omnipotentis
2696 2514 2794 2570 Dei
2827 2514 3019 2585 gratia
3047 2513 3117 2568 ad
3151 2513 3306 2569 bona
3333 2528 3511 2584 opera
3533 2527 3629 2566 co-

2005 2603 2130 2659 nari
2155 2603 2390 2674 quidem
2414 2621 2752 2676 possumus,
2776 2603 2876 2658 sed
2900 2601 3021 2658 haec
3041 2603 3284 2674 implere
3306 2618 3422 2657 non
3441 2616 3645 2674 possu-

1984 2707 2120 2746 mus
2150 2690 2198 2746 si
2232 2691 2357 2763 ipse
2388 2709 2502 2746 non
2535 2692 2772 2762 adjuvat
2795 2691 2895 2763 qui
2919 2691 3110 2762 jubet.
3135 2691 3230 2747 Sic
3260 2688 3477 2746 Paulus
3497 2705 3634 2744 cum

1993 2779 2320 2853 discipulos
2353 2781 2710 2844 admoneret,
2743 2780 2946 2835 dicens
2976 2795 2989 2834 :
3017 2779 3154 2835 Cum
3179 2787 3325 2835 metu
3344 2786 3397 2835 et
3414 2786 3644 2834 tremore

225 2867 366 2920 Nam
399 2865 452 2921 si
487 2882 597 2921 nos
627 2866 812 2922 Deum
844 2867 990 2924 bene
1019 2870 1312 2942 cperando
1344 2869 1748 2941 praavenimus,
1775 2869 1875 2925 ubi
1988 2877 2220 2926 vestram
2257 2873 2501 2942 ipsorum
2529 2871 2762 2926 salutem
2789 2870 3098 2941 operamini
3123 2867 3392 2940 (Philipp.
3441 2883 3504 2934 ιι,
3553 2867 3639 2934 12,

223 2959 309 3010 est
334 2954 498 3027 quod
552 2955 837 3028 propheta
885 2957 966 3012 ait
995 2973 1008 3013 :
1037 2957 1408 3014 Misericordia
1434 2961 1551 3032 ejus
1579 2960 1881 3032 pra’venie;
1989 2959 2099 3024 13),
2141 2957 2296 3013 illico
2343 2958 2476 3030 quis
2517 2955 2584 3012 in
2633 2957 2718 3012 eis
2767 2956 2890 3012 haec
2923 2956 3054 3028 ipsa
3102 2955 3254 3011 bona
3300 2958 3642 3026 Operaretur

221 3060 304 3100 me
331 3045 478 3114 (Pal.
513 3061 669 3112 Lvui,
705 3044 834 3116 tt)?
864 3045 924 3101 Si
965 3047 1104 3118 quid
1155 3063 1263 3103 nos
1310 3047 1472 3103 bonae
1522 3047 1878 3120 operationis
1988 3046 2275 3117 adiunxit,
2304 3046 2693 3101 dicenszDeus
2721 3053 2800 3100 est
2823 3046 2973 3100 enim
3003 3046 3101 3116 qui
3127 3050 3383 3114 operatur
3410 3043 3472 3098 in
3491 3041 3641 3098 vobis

224 3133 518 3199 dedimus,
558 3136 626 3188 ut
652 3133 782 3204 ejus
811 3135 1062 3207 gratiam
1096 3152 1458 3192 mereramur
1489 3135 1587 3191 ubi
1609 3140 1700 3192 est
1721 3135 1877 3208 quod
1987 3143 2039 3191 et
2065 3135 2202 3191 velle
2231 3143 2282 3190 et
2305 3135 2562 3206 perﬁcere
2581 3150 2682 3206 pro
2703 3133 2842 3188 bona
2862 3133 3156 3189 voluntate.
3193 3130 3337 3186 Hinc
3365 3135 3454 3187 est
3482 3128 3638 3202 quod

227 3221 441 3278 Paulus
471 3221 778 3294 apostolus
807 3223 951 3278 dicit
981 3240 994 3278 :
1030 3223 1214 3280 Gratia
1255 3225 1399 3281 salvi
1441 3227 1576 3297 facti
1619 3226 1748 3280 estis
1780 3241 1881 3298 per
1910 3219 1954 3286 C
1989 3224 2120 3296 ipsa
2145 3221 2372 3278 Veritas
2402 3221 2706 3293 discipulis
2735 3221 2878 3277 dicit
2907 3237 2922 3276 :
2954 3221 3087 3278 Sine
3113 3237 3204 3276 me
3229 3219 3378 3276 nihil
3418 3219 3638 3290 potestis

225 3309 400 3379 ﬁdem,
431 3317 488 3366 et
511 3310 614 3366 hoc
639 3326 751 3367 non
777 3327 850 3368 ea:
875 3311 1046 3380 vobis,
1075 3311 1167 3368 sed
1200 3315 1304 3370 Dei
1331 3313 1533 3371 donum
1561 3322 1660 3382 est,
1680 3331 1791 3371 non
1809 3331 1880 3371 ea:

224 3399 474 3470 operibus
525 3398 746 3470 (Ep/aes.
798 3415 863 3467 ιι,
905 3398 998 3465 8)?
1046 3399 1106 3455 Si
1156 3405 1356 3457 nostra
1411 3401 1642 3458 dilectio
1691 3402 1876 3458 Deum

223 3486 628 3558 prevenitmbi
649 3491 742 3544 est
764 3489 922 3559 quod
952 3488 1209 3544 Joannes
1239 3488 1536 3560 apostolus
1565 3491 1878 3548 dicit:Non

225 3577 347 3645 quia
373 3590 479 3630 nos
507 3574 872 3631 dilexerimus
903 3576 1094 3641 Deum,
1143 3576 1236 3632 sed
1286 3580 1544 3649 quoniam
1582 3581 1698 3652 ipse
1724 3582 1879 3652 prior

222 3661 414 3719 dilexit
441 3679 544 3719 nos
575 3663 624 3733 (1
647 3667 814 3720 Joan.
848 3665 949 3736 iv),
983 3664 1111 3736 10)?
1133 3663 1240 3720 Ubi
1271 3671 1362 3722 est
1397 3668 1553 3738 quod
1585 3685 1688 3739 per
1733 3668 1878 3724 Osee

225 3749 509 3808 Dominus
538 3750 685 3808 dicit
715 3767 730 3804 :
759 3753 1005 3824 Diligam
1031 3769 1120 3810 eos
1149 3762 1441 3825 spontanee
1471 3755 1622 3826 (Osee
1648 3773 1762 3824 xiv,
1781 3756 1878 3825 5)?

225 3839 281 3895 Si
309 3841 436 3896 sine
465 3841 599 3912 ejus
619 3857 857 3896 manere
881 3845 1082 3898 nostra
1101 3841 1315 3897 virtute
1335 3843 1516 3899 Deum
1549 3844 1876 3916 sequimur,

227 3928 321 3982 ubi
350 3933 443 3985 est
471 3930 628 4001 quod
659 3947 762 4002 per
798 3931 1176 4004 Evangelium
1227 3931 1455 3987 Veritas
1500 3937 1873 4003 protestetur,

229 4015 426 4073 dicens
458 4034 473 4072 :
503 4017 638 4074 Sine
667 4034 753 4074 me
779 4018 932 4074 nihil
970 4021 1190 4092 potestis
1234 4021 1416 4090 facere
1447 4020 1622 4090 (Joan.
1655 4037 1746 4086 xv,
1776 4022 1878 4093 5)?

231 4100 334 4158 Ubi
380 4107 474 4159 est
527 4105 685 4176 quod
733 4105 817 4161 ait
865 4121 880 4162 :
929 4105 1092 4162 Nemo
1135 4113 1307 4178 potest
1341 4107 1528 4162 venire
1551 4106 1624 4162 ad
1650 4123 1738 4164 me
1763 4109 1880 4165 nisi

229 4191 404 4258 Pater,
454 4194 555 4265 qui
597 4195 755 4249 misit
800 4210 906 4258 me,
953 4197 1186 4252 traxerit
1225 4211 1353 4251 eum
1395 4198 1580 4263 (Joan.
1630 4213 1709 4262 v1,
1760 4197 1878 4264 44)?

229 4277 331 4336 Ubi
360 4281 521 4353 quod
551 4281 767 4336 iterum
789 4281 930 4338 dicit
961 4299 974 4338 :
1009 4283 1128 4339 Non
1158 4299 1247 4340 vos
1274 4301 1360 4340 me
1385 4285 1646 4357 elegistis,
1672 4285 1765 4341 sed
1783 4301 1877 4358 ego

227 4369 362 4440 elegi
386 4385 478 4425 vos
509 4367 687 4440 (Joan.
721 4387 814 4435 xv,
851 4371 988 4440 18)?
1015 4371 1074 4426 Si
1122 4370 1331 4427 saltem
1385 4374 1538 4429 dona
1587 4374 1876 4430 bonorum

229 4459 378 4514 120
408 4474 653 4530 operum
683 4459 903 4515 virtute
935 4465 1136 4516 nostra
1174 4460 1320 4516 bene
1377 4461 1687 4535 cogitando
1731 4479 1876 4535 prin-

1985 3315 2166 3384 facere
2193 3312 2369 3378 (Joan.
2417 3327 2508 3377 xv,
2539 3311 2618 3381 5.)
2648 3310 2757 3366 Sed
2791 3309 2852 3364 in
2885 3308 2978 3366 bis
3009 3307 3501 3365 considerandum
3550 3312 3641 3362 est

1987 3401 2127 3474 quia
2147 3399 2196 3456 si
2220 3401 2370 3455 bona
2401 3403 2602 3454 nostra
2617 3398 2702 3454 sic
2718 3397 3141 3470 omnipotentis
3171 3396 3272 3453 Dei
3296 3396 3450 3452 dona
3471 3398 3636 3462 sunt,

1987 3495 2052 3546 ut
2080 3489 2138 3544 in
2171 3488 2255 3545 eis
2289 3486 2507 3560 aliquid
2541 3492 2806 3543 nostrum
2831 3503 2945 3541 non
2977 3485 3189 3552 sit,cur
3213 3502 3320 3540 nos
3341 3483 3512 3558 quasi
3535 3501 3640 3557 pro

1985 3577 2213 3634 meritis
2231 3582 2505 3632 aiternam
2529 3574 2974 3631 retributionem
2993 3573 3348 3646 quaerimus?
3369 3573 3417 3628 si
3443 3576 3640 3628 autem

1985 3668 2068 3722 ita
2094 3671 2296 3722 nostra
2323 3669 2556 3730 sunt,ut
2585 3664 2738 3719 dona
2770 3663 2870 3718 Dei
2900 3660 3322 3734 omnipotentis
3355 3677 3472 3716 non
3497 3661 3638 3731 sint,

1985 3772 2091 3810 cur
2119 3771 2186 3809 ex
2215 3753 2300 3809 eis
2339 3751 2725 3826 omnipotenti
2772 3753 2888 3808 Deo
2934 3750 3154 3825 gratias
3203 3748 3477 3822 agimus?
3527 3749 3639 3804 Sed

1985 3842 2290 3898 sciendum
2321 3845 2412 3897 est
2441 3839 2580 3913 quia
2611 3839 2766 3896 mala
2795 3845 2995 3896 nostra
3031 3837 3404 3895 solummodo
3436 3842 3639 3893 nostra

1987 3935 2148 3999 sunt,
2182 3931 2335 3985 bona
2365 3937 2560 3986 autem
2597 3934 2799 3985 nostra
2827 3933 2885 3984 et
2914 3925 3338 3999 omnipotentis
3367 3925 3468 3982 Dei
3501 3928 3643 3982 sunt

1985 4024 2043 4074 et
2093 4023 2336 4076 nostra:
2371 4017 2510 4091 quia
2555 4018 2680 4090 ipse
2728 4016 3042 4090 aspirando
3093 4033 3200 4072 nos
3253 4014 3531 4088 praevenit
3578 4017 3644 4068 ut

1984 4108 2258 4176 velimus,
2288 4107 2388 4180 qui
2439 4107 2770 4178 adjuvando
2817 4104 3202 4176 subsequitur
3256 4119 3330 4158 ne
3387 4101 3642 4158 inaniter

1984 4195 2254 4263 velimus,
2288 4197 2390 4252 sed
2423 4196 2720 4268 possimus
2751 4191 2994 4266 implere
3023 4209 3151 4264 quae
3182 4189 3640 4247 volumus.Praa-

1985 4284 2416 4357 veniente'ergo
2436 4284 2711 4357 gratia,et
2733 4283 2888 4338 bona
2907 4281 3205 4338 voluntate
3226 4279 3640 4350 subsequente,

1987 4373 2096 4428 hoc
2127 4374 2282 4446 quod
2315 4371 2735 4444 omnipotentis
2769 4371 2867 4426 Dei
2896 4371 3116 4426 donum
3148 4372 3257 4432 est,
3278 4368 3344 4420 ﬁt
3363 4366 3640 4421 meritum

1987 4463 2443 4528 uostrum.Quod
2468 4463 2614 4517 bene
2635 4459 2850 4516 Paulus
2877 4456 3034 4513 brevi
3062 4454 3356 4512 sententia
3371 4453 3639 4526 explicat,

227 4545 512 4649 vepimus,
567 4546 666 4644 ubi
718 4552 810 4602 est
857 4547 1034 4618 quod‘
1069 4564 1303 4646 rursum
1337 4565 1439 4620 per
1477 4549 1722 4605 Paulum
1753 4557 1873 4607 tam
1910 4585 1953 4649 Ι)
1987 4552 2134 4608 I27
2175 4549 2376 4605 dicens
2427 4566 2440 4604 :
2490 4551 2626 4630 Plus
2671 4549 2787 4603 illis
2839 4545 3096 4646 omnibus
3139 4543 3414 4649 laborauit
3442 4543 3487 4611 (I
3518 4543 3639 4649 Cor:

227 4632 540 4690 salubriter
567 4634 807 4702 dicitur,
841 4640 906 4690 ut
933 4635 1128 4691 omnis
1158 4637 1229 4692 de
1258 4654 1320 4692 se
1351 4637 1620 4694 humana:
1660 4641 1876 4698 mentis
1910 4632 1950 4649 "
1983 4658 2075 4707 xv,
2101 4641 2209 4706 10).
2237 4637 2344 4703 Qui
2379 4655 2450 4693 ne
2479 4637 2772 4692 videretur
2803 4653 2921 4690 suae
2953 4632 3156 4690 virtuti
3185 4633 3468 4689 tribuisse
3487 4633 3640 4705 quod

230 4721 436 4777 ﬁducia
467 4723 541 4778 ab
570 4721 703 4796 ipsa
727 4723 922 4778 cordis
954 4725 1148 4780 radice
1179 4726 1536 4794 succidatur,
1579 4745 1711 4783 cum
1747 4731 1832 4786 ait
1863 4750 1878 4788 :

229 4808 341 4863 Non
367 4812 500 4882 quia
527 4813 861 4882 sufﬁcientes
898 4813 1073 4868 simus
1112 4815 1348 4884 cogitare
1381 4815 1594 4886 aliquid
1643 4833 1680 4871 a
1724 4819 1882 4875 nobis

231 4900 387 4967 quasi
411 4913 483 4953 ea:
510 4899 690 4964 nobis,
721 4899 815 4956 sed
841 4901 1178 4971 sufﬁcientia
1227 4909 1412 4957 nostra
1455 4919 1526 4957 ea:
1567 4904 1671 4961 Deo
1699 4914 1779 4962 est
1815 4907 1883 4978 (11

231 4985 350 5040 Cor.
383 5004 466 5053 ιιι,
497 4989 600 5060 5)?
630 4989 813 5046 Nemo
841 5007 980 5062 ergo
1012 4990 1197 5047 Deum
1230 4991 1455 5046 meritis
1486 4996 1782 5063 praevenit,
1816 5002 1882 5053 ut

231 5078 422 5130 tenere
450 5093 589 5132 eum
623 5077 791 5148 quasi
814 5078 1138 5136 debitorem
1163 5079 1481 5152 possitlnEt
1509 5081 1683 5159 paulo
1704 5089 1837 5156 post
1863 5103 1877 5142 :

233 5183 266 5211 α
300 5161 510 5220 Idcirco
540 5163 699 5220 enim
734 5183 1106 5240 nequaquam
1137 5167 1386 5224 cmlestis
1418 5168 1608 5242 patria
1644 5172 1883 5244 praemia

231 5253 441 5307 eterna
465 5253 824 5326 percipiunt,
853 5257 998 5328 quin
1029 5257 1424 5329 reprobi,quia
1454 5275 1522 5314 ea
1553 5262 1877 5326 nunc,dum

229 5341 540 5409 promereri
573 5349 869 5416 poterant,
900 5363 968 5401 ex
998 5345 1176 5402 libero
1219 5346 1461 5403 arbitrio
1514 5354 1878 5423 contempse-

229 5431 546 5496 runt.Quod
577 5431 852 5488 videlicet
881 5434 1128 5490 liberum
1157 5434 1469 5492 arbitrium
1502 5436 1562 5491 in
1599 5439 1748 5493 bono
1773 5440 1882 5494 for-

231 5521 420 5573 matur
447 5518 817 5583 electis.cum
848 5538 1047 5576 eorum
1068 5539 1236 5579 mens
1253 5541 1287 5578 a
1311 5525 1558 5581 terrenis
1574 5527 1880 5584 desideriis

233 5605 410 5675 gratia
439 5608 742 5680 aspirante
778 5609 1179 5682 suspenditur.
1213 5612 1436 5668 Bonum
1476 5613 1690 5688 quippe
1723 5617 1877 5689 quod

1991 4730 2222 4794 fecerat,
2274 4727 2542 4796 adjunxit
2577 4743 2589 4780 :
2624 4726 2741 4780 Non
2787 4732 2970 4780 autem
3015 4741 3132 4796 ego,
3182 4723 3275 4778 sed
3322 4723 3646 4808 gratia‘Dei

1988 4833 2220 4872 mecum.
2269 4813 2418 4880 Quia
2463 4813 2621 4869 enim
2671 4811 2891 4868 cmlesti
2940 4813 3092 4868 dono
3151 4815 3480 4884 praeventus
3533 4814 3642 4877 est,

1990 4905 2159 4977 quasi
2193 4901 2450 4959 alienum
2483 4918 2544 4957 se
2575 4920 2608 4958 a
2638 4903 2791 4957 bono
2813 4917 2922 4958 suo
2941 4918 3111 4972 opere
3141 4898 3602 4974 agnovit,diccns
3628 4914 3640 4953 :

1989 4996 2107 5050 Non
2135 5001 2316 5049 autem
2342 4991 2572 5066 ego.Sed
2605 4991 2745 5064 quia
2777 4990 3138 5063 praeveniens
3167 4989 3356 5062 gratia
3393 4980 3642 5044 liberum

1988 5083 2048 5138 in
2081 5099 2147 5136 eo
2179 5081 2487 5137 arbitrium
2518 5080 2733 5135 fecerat
2761 5080 2821 5136 in
2855 5081 3026 5146 bono,
3049 5095 3166 5151 quo
3198 5077 3380 5132 libero
3402 5071 3642 5130 arbitrio

1988 5171 2256 5227 eamdem
2287 5168 2533 5242 gratiam
2557 5173 2647 5224 est
2667 5169 3020 5224 subsecutus
3041 5167 3100 5222 in
3124 5159 3592 5238 opere,adjunxit
3625 5177 3638 5214 :

1987 5259 2080 5316 sed
2125 5260 2305 5330 gratia
2348 5258 2446 5312 Dei
2489 5273 2732 5326 mecum;
2792 5274 2856 5312 ac
2910 5257 2961 5314 si
3009 5256 3228 5310 diceret
3284 5268 3298 5306 :
3367 5250 3429 5304 In
3489 5249 3643 5303 bono

1988 5365 2160 5422 opere
2212 5345 2488 5413 laboravi,
2544 5363 2658 5400 non
2707 5363 2834 5420 ego,
2883 5345 2982 5402 sed
3035 5347 3093 5397 et
3130 5358 3256 5414 ego.
3290 5339 3354 5393 In
3386 5353 3452 5392 eo
3483 5336 3642 5392 enim

1987 5455 2103 5511 quo
2136 5435 2260 5492 solo
2292 5434 2523 5490 Domini
2571 5435 2723 5490 dono
2773 5437 3104 5506 praaventus
3158 5445 3316 5498 sum,
3350 5443 3467 5482 non
3497 5442 3642 5499 ego;

1987 5529 2046 5584 in
2081 5545 2147 5583 eo
2179 5530 2375 5582 autem
2429 5525 2584 5598 quod
2637 5525 2856 5579 donum
2910 5520 3206 5575 voluntate
3264 5517 3638 5585 subsecutus,

1987 5621 2044 5671 et
2074 5631 2201 5686 ego.
2239 5613 2338 5669 His
2367 5612 2548 5685 igitur
2574 5609 2822 5665 breviter
2853 5611 3054 5664 contra
3085 5605 3384 5678 Pelagium
3415 5610 3472 5662 et
3516 5605 3640 5662 Cae-
