3970 6182
322 351 430 418 191

1248 359 1634 420 ΙΙΙΝΟΜΑΙΗ
1683 359 2130 423 ll.lll".l\ll".i\'SIS
2173 364 2792 432 ARCHIEPISCOPI.

3600 371 3718 434 192

318 489 594 555 lestinum
617 491 810 558 dictis,
837 492 908 548 ad
931 491 1250 566 exponendi
1284 493 1545 548 ordinem
1568 495 1894 550 redeamus.
1925 517 1954 546 ››
1987 503 2042 569 Α
2070 495 2290 553 trium?
2318 499 2376 554 et
2405 499 2533 556 ideo
2563 519 2676 557 non
2708 506 2797 560 est
2826 519 3212 577 personarum
3253 503 3510 577 acceptio
3559 505 3718 578 apud

387 589 456 642 Et
487 588 732 660 Prosper
750 587 808 642 in
829 585 1076 658 epistola
1096 585 1167 640 ad
1193 585 1466 639 Rufinum
1501 584 1570 637 de
1598 583 1795 638 Gratia
1815 589 1870 638 et
1891 585 1961 640 de

223 726 225 729 .
316 678 500 734 libero
529 676 780 732 Arbitrio
816 694 878 730 :«
913 675 1053 742 Quis
1085 674 1364 745 ambigat,
1401 673 1613 744 inquit,
1647 677 1786 728 tunc
1816 672 1959 728 libe-

315 773 446 824 rum
479 766 787 822 arbitrium
819 762 1200 821 cohortationi
1231 763 1494 820 vocantis
1539 761 1792 830 obedire,
1825 779 1960 816 cum

315 859 375 912 in
408 857 506 911 illo
537 855 724 928 gratia
773 855 871 910 Dei
925 855 1197 909 affectum
1229 851 1501 907 credendi
1535 851 1958 922 obediendique

314 945 710 1018 generaverit?
737 968 764 994 ››
797 945 866 1000 Et
891 944 1030 998 item
1065 943 1226 1010 :«Qui
1263 942 1530 1012 credunt,
1564 940 1658 995 Dei
1701 945 1961 1013 aguntur

315 1033 554 1106 spiritu;
589 1033 688 1105 qui
721 1049 834 1086 non
869 1032 1134 1100 credunt,
1184 1029 1366 1084 libero
1414 1031 1754 1084 avertuntur
1801 1027 1956 1082 arbi-

314 1125 446 1181 trio.
484 1146 510 1173 ››
542 1125 611 1178 Et
663 1121 849 1177 item:
885 1121 1128 1176 «Omne
1178 1119 1332 1190 quod
1381 1135 1495 1172 non
1551 1121 1639 1172 est
1695 1134 1762 1170 ex
1821 1117 1954 1184 fide,

313 1218 614 1286 peccatum
649 1214 829 1275 est,ut
858 1209 1078 1265 scilicet
1106 1208 1399 1280 intelligas
1421 1206 1716 1277 justitiam
1751 1206 1954 1262 inﬁde-

313 1305 458 1360 lium
493 1319 607 1358 non
641 1318 768 1356 esse
789 1299 1110 1372 justitiam,
1143 1297 1283 1368 quia
1331 1296 1527 1351 sordet
1577 1299 1786 1350 natura
1831 1295 1956 1350 sine

312 1393 520 1467 gratia.
551 1390 784 1446 Amissa
827 1389 1040 1460 quippe
1090 1385 1340 1441 naturali
1390 1384 1745 1450 innocentia,
1781 1383 1954 1438 homo

310 1483 471 1539 exsul
503 1499 567 1536 ac
601 1478 885 1552 perditus,
907 1476 1216 1532 ambulans
1248 1473 1371 1529 sine
1402 1474 1514 1539 via,
1549 1473 1953 1545 profundiores

311 1574 567 1628 intrabat
625 1584 877 1633 errores;
939 1566 1040 1620 sed
1098 1564 1402 1636 quaesitus,
1453 1565 1511 1617 et
1569 1562 1860 1629 inventus,
1896 1567 1955 1617 et

308 1665 638 1736 reportatus
668 1663 774 1720 est,
825 1661 882 1712 et
929 1657 987 1710 in
1027 1655 1118 1709 via
1165 1672 1292 1726 quis
1337 1653 1549 1708 veritas
1597 1657 1653 1708 et
1700 1652 1819 1707 vita
1867 1655 1955 1706 est

306 1751 697 1816 introductus,
731 1765 798 1803 ac
828 1745 1137 1800 dilectione
1168 1743 1226 1796 in
1261 1748 1461 1809 Deum,
1495 1739 1594 1812 qui
1629 1740 1794 1796 illum
1836 1758 1950 1795 nou

305 1841 646 1912 diligentem
695 1837 856 1909 prior
904 1833 1124 1901 dilexit,
1176 1832 1413 1903 agnitus
1460 1835 1568 1886 cst.
1607 1854 1634 1880 ››
1665 1831 1734 1886 Et
1765 1831 1902 1886 item
1936 1847 1949 1884 :

307 1954 332 1980 α
369 1929 569 1986 Gratia
598 1926 779 1996 igitur
809 1924 932 1989 Dei,
964 1938 1345 1994 quoscunque
1379 1920 1688 1992 justificat,
1717 1938 1833 1975 non
1886 1937 1954 1976 ex

306 2017 477 2074 bonis
510 2014 910 2080 meliores,scd
942 2029 1010 2066 ex
1041 2010 1212 2066 malis
1244 2011 1426 2065 bonos
1459 2009 1826 2081 facit,postea
1853 2027 1957 2082 per

307 2107 632 2180 profectum
665 2121 734 2159 ex
757 2101 926 2158 bouis
957 2101 1183 2155 factura
1211 2099 1498 2166 meliores,
1536 2115 1650 2154 non
1681 2101 1953 2172 adempto

306 2197 489 2252 libero
547 2192 806 2258 arbitrio,
869 2191 968 2245 sed
1019 2189 1297 2256 liberato;
1360 2189 1514 2260 quod
1585 2189 1770 2244 donec
1827 2189 1952 2244 sine

306 2287 437 2356 Deo,
475 2282 665 2339 solum
716 2279 848 2350 fuit,
899 2282 1196 2334 mortuum
1244 2277 1354 2332 fuit
1395 2278 1661 2350 justitize,
1694 2277 1952 2349 vixitque

306 2378 570 2448 peccato;
632 2369 728 2426 ubi
789 2372 983 2424 autem
1037 2368 1090 2422 id
1151 2367 1504 2422 illuminavit
1553 2367 1954 2424 misericordia

306 2462 543 2527 Christi,
576 2464 808 2515 erutum
839 2463 932 2512 est
955 2474 988 2511 a
1016 2473 1192 2528 regno
1224 2455 1460 2521 diaboli,
1505 2460 1562 2510 et
1611 2456 1829 2512 factum
1862 2461 1952 2512 est

304 2568 549 2625 regnum
581 2548 703 2604 Dei.
755 2553 821 2602 In
871 2563 986 2618 quo
1036 2549 1100 2600 ut
1145 2562 1484 2616 permanere
1531 2544 1734 2616 possit,
1769 2561 1840 2600 ne
1884 2562 1953 2600 ea

305 2641 544 2716 quidem
577 2637 854 2694 facultate
897 2634 1116 2691 sufficit
1161 2633 1298 2701 sibi,
1347 2631 1458 2688 nisi
1510 2634 1644 2689 inde
1702 2633 1952 2707 accipiat

303 2726 818 2804 perseverantiam,
853 2725 1008 2780 unde
1039 2723 1261 2795 accepit
1291 2721 1663 2778 industriam.
1700 2745 1727 2771 ››

372 2821 442 2875 Et
471 2819 608 2874 item
641 2819 883 2872 sanctus
913 2812 1275 2886 Augustinus
1294 2811 1353 2866 in
1375 2811 1523 2867 libro
1540 2812 1949 2885 Hypomnesti-

305 2927 413 2967 con
453 2908 576 2976 (lib.
613 2906 696 2978 In)
731 2921 746 2960 :
781 2927 809 2955 «
845 2901 903 2960 Si
937 2902 1216 2958 attendas
1265 2902 1336 2955 ad
1389 2904 1691 2973 peceatum
1731 2900 1948 2973 primo-

302 3016 432 3056 rum
465 2993 913 3066 hominum,quo
948 3007 1144 3047 massa
1165 2989 1408 3044 humani
1429 2989 1658 3061 generis
1681 2990 1948 3046 damnari

302 3084 683 3159 meruit,quia
711 3081 1036 3139 secundum
1061 3078 1464 3136 testimonium
1490 3079 1647 3134 Pauli
1675 3079 1944 3151 apostoli,

298 3195 368 3236 ea:
424 3192 532 3232 uno
589 3189 772 3230 omnes
826 3173 888 3226 in
944 3169 1451 3225 condemnationem
1506 3169 1678 3236 (Rom.
1731 3186 1786 3236 ν,
1838 3169 1946 3237 16),

300 3264 516 3340 poteris
546 3277 859 3336 agnoscere
879 3259 1104 3330 judicia
1135 3257 1230 3314 Dei
1260 3274 1388 3314 esse
1410 3257 1766 3328 justissima.
1803 3257 1942 3313 Inde

300 3361 390 3414 est
417 3353 574 3410 enim
599 3350 823 3406 malum
846 3347 1119 3403 meritum
1147 3347 1205 3418 in
1235 3346 1658 3413 omnibus,tam
1691 3345 1947 3418 parvulis

299 3459 478 3517 quam
511 3436 854 3510 majoribus,
888 3433 1217 3507 przecedens
1249 3432 1476 3504 judicia
1522 3430 1646 3498 Dei,
1681 3435 1745 3486 ut
1781 3433 1945 3502 justo

300 3533 428 3604 ejus
450 3527 675 3602 judicio
707 3523 1158 3600 puniantur.nEt
1189 3523 1348 3590 item,
1374 3546 1401 3572 «
1435 3520 1585 3576 Audi
1615 3524 1811 3576 tamen
1844 3521 1946 3576 ad-

298 3621 413 3678 huc
442 3617 816 3686 calcatius,ut
845 3615 916 3670 ad
947 3611 1312 3686 propositum
1332 3609 1650 3682 superioris
1680 3610 1944 3682 disputa-

296 3711 472 3767 tionis
499 3711 875 3772 revertamur,
910 3703 1049 3776 quia
1078 3701 1252 3757 homo
1283 3699 1622 3756 vulneratur
1650 3698 1831 3754 libero
1853 3717 1943 3754 ar-

296 3799 469 3856 bitrio
502 3815 603 3870 per
631 3796 764 3850 Adae
797 3797 1122 3865 peccatum,
1175 3789 1302 3845 sine
1354 3788 1545 3861 gratia
1591 3787 1690 3843 Dei
1735 3804 1836 3860 per
1883 3805 1944 3842 se

295 3890 484 3947 solum
519 3901 727 3943 sanare
759 3899 819 3938 se
845 3899 958 3936 non
991 3883 1200 3952 potest,
1225 3896 1329 3934 nec
1371 3882 1576 3949 sponte
1609 3878 1679 3932 ad
1714 3875 1943 3948 paradi-

295 3995 426 4033 sum
458 3971 664 4031 reverti
697 3973 1031 4028 sanctorum
1065 3983 1308 4023 numero
1341 3966 1786 4032 sociandus,nec
1807 3981 1941 4020 cum

293 4063 541 4138 gratiam
573 4058 798 4117 meritis
825 4057 962 4114 ullis
993 4055 1383 4128 accipere,scd
1415 4057 1602 4110 totum
1637 4070 1746 4108 sua
1774 4053 1944 4108 mise-

293 4152 543 4210 ricordia
571 4151 757 4206 Deum
789 4162 1081 4220 peragere.
1102 4167 1128 4193 ››
1163 4145 1231 4199 Et
1261 4143 1332 4198 de
1362 4142 1662 4197 vulnerato
1694 4157 1760 4196 ac
1779 4141 1942 4197 semi-

290 4245 410 4300 vivo
438 4243 624 4298 relicto
653 4239 805 4308 (Luc.
836 4255 892 4303 x,
917 4235 1006 4304 30)
1039 4232 1362 4288 secundum
1397 4229 1734 4302 parabolam
1767 4246 1940 4284 evan-

289 4332 540 4405 geticarn
564 4328 779 4385 ibidem
802 4325 1049 4396 loquens
1073 4321 1256 4376 isdem
1299 4323 1541 4374 sanctus
1576 4318 1942 4390 Augustinus

290 4417 841 4491 subjungitzullecte
858 4411 1050 4467 dictus
1065 4414 1152 4465 est
1165 4407 1498 4473 semivivus;
1517 4407 1768 4462 habebat
1785 4407 1940 4460 enim

291 4507 526 4564 vitalem
549 4510 796 4570 motum,
815 4501 968 4558 I28
1001 4499 1055 4553 id
1089 4502 1178 4553 est
1203 4496 1453 4552 liberum
1485 4493 1793 4550 arbitrium
1815 4493 1940 4548 vul-

2071 585 2347 642 Deum.In
2378 589 2536 644 omni
2568 589 2765 664 itaque
2796 609 2968 665 opere
2995 597 3198 648 sancto
3222 591 3379 664 prior
3407 596 3495 648 est
3521 592 3724 650 volun-

2070 676 2161 729 tas
2206 675 2328 743 Dei,
2381 679 2667 750 posterior
2695 681 2864 738 liberi
2913 681 3160 750 arbitrii,
3206 679 3265 737 id
3311 684 3400 737 est
3446 686 3724 754 operatur

2071 762 2598 838 Deus,cooperatur
2616 768 2846 826 homo.»
2879 771 2949 825 Et
2978 769 3151 842 plura
3179 769 3313 838 alia,
3349 787 3474 843 quae
3506 771 3554 851 si
3587 771 3724 844 quis

2071 851 2302 922 plenius
2331 854 2478 911 scire
2507 857 3054 927 voluerit,eumdem
3082 859 3298 915 librum
3321 875 3391 914 ex
3411 857 3614 916 ordine
3639 875 3727 916 re-

2070 939 2242 1013 legat,
2267 941 2327 997 in
2358 961 2476 1016 quo
2509 945 2695 1002 multa
2725 946 2974 1004 miriﬁca
3001 952 3058 1004 et
3089 947 3360 1004 miranda
3389 952 3492 1004 aut
3513 965 3724 1022 cogno-

2069 1046 2228 1086 scere
2257 1037 2360 1088 aut
2391 1050 2802 1108 recognoscere
2833 1036 3066 1094 valebit.

2139 1120 2208 1175 Et
2238 1126 2476 1180 sanctus
2509 1124 2857 1182 leestinus
2888 1127 2947 1181 in
2979 1124 3379 1182 Decretalibus
3411 1143 3479 1183 ex
3527 1125 3719 1183 verbis

2068 1207 2389 1265 Innocentii
2420 1229 2580 1285 papae
2613 1213 2753 1286 (post
2785 1216 2938 1286 epist.
2971 1216 3027 1282 8)
3081 1229 3094 1270 :
3149 1237 3176 1263 ‹‹
3228 1214 3502 1270 Liberum
3533 1215 3717 1283 enim,

2065 1295 2597 1368 inquit,arbitrium
2629 1303 2856 1374 primus
2887 1301 3062 1358 homo
3092 1319 3406 1376 perpessus
3425 1303 3566 1360 dum
3590 1303 3720 1360 suis

2063 1383 2457 1444 inconsultius
2489 1389 2674 1445 utitur
2693 1391 3104 1458 bonis,cadens
3130 1391 3188 1446 in
3221 1391 3720 1464 praevaricationis

2063 1475 2354 1544 profunda
2399 1477 2693 1536 dimersus
2748 1484 2856 1546 est,
2907 1484 2963 1536 et
3019 1479 3165 1536 nihil
3214 1481 3716 1552 quemadmodum

2063 1563 2268 1619 exinde
2299 1582 2536 1638 surgere
2567 1572 2764 1639 posset
2794 1568 3032 1637 invenit,
3067 1585 3291 1642 suaque
3339 1569 3400 1624 in
3431 1574 3717 1626 aeternum

2063 1650 2330 1708 libertate
2361 1655 2661 1728 deceptus,
2687 1657 2826 1712 huic
2856 1657 3039 1713 ruina:
3072 1657 3465 1730 subjacuisset
3485 1674 3723 1732 oppres-

2063 1757 2186 1806 sus,
2221 1741 2334 1798 nisi
2367 1761 2499 1798 eum
2533 1749 2664 1828 ppst
2685 1745 2896 1802 Christi
2923 1763 3025 1818 pro
3055 1764 3162 1802 sua
3185 1745 3374 1818 gratia
3403 1738 3748 1803 relevasset'

2064 1830 2368 1899 adventus,
2398 1833 2498 1904 qui
2531 1851 2635 1906 per
2665 1851 2822 1889 nova:
2855 1834 3311 1907 regenerationis
3357 1834 3718 1907 puriﬁcatio-

2065 1935 2198 1974 nem
2225 1921 2585 1990 przeteritum
2619 1939 2792 1979 omne
2824 1923 3030 1980 vitium
3060 1923 3150 1980 sui
3175 1923 3546 1995 baptismatis
3565 1923 3720 1980 lava-

2063 2024 2160 2063 cro
2191 2010 2478 2081 purgavit.
2519 2033 2544 2059 ››
2578 2012 2720 2067 Item
2755 2028 2768 2068 :
2803 2034 2830 2062 «
2859 2013 3106 2068 Advorte
3134 2013 3394 2079 tandem,
3429 2029 3460 2068 ο
3503 2028 3711 2084 prava-

2063 2113 2195 2151 rum
2245 2099 2532 2154 mentium
2591 2117 2864 2172 perversa
2907 2101 3196 2166 doctrina,
3243 2101 3398 2173 quod
3451 2099 3711 2173 primum

2061 2183 2359 2241 hominem
2391 2187 2471 2243 ita
2502 2187 2740 2245 libertas
2770 2189 2898 2262 ipsa
2929 2189 3174 2261 decepit,
3207 2193 3273 2246 ut
3319 2189 3460 2244 dum
3509 2187 3713 2245 indul-

2059 2275 2293 2346 gentius
2325 2277 2505 2334 frenis
2535 2279 2662 2350 ejus
2690 2278 2959 2348 utitur,in
2993 2278 3525 2351 praevaricationem
3561 2293 3708 2346 pra:-

2060 2365 2396 2437 sumptione
2429 2367 2854 2424 incideret.Nec
2883 2378 2954 2424 ex
2980 2367 3088 2423 hac
3119 2367 3311 2440 potuit
3339 2367 3484 2434 erui,
3507 2365 3622 2422 nisi
3655 2367 3707 2424 ei

2059 2454 2256 2524 provid
2266 2455 2421 2510 entia
2442 2456 2894 2529 regenerationis
2907 2459 3125 2513 statum
3139 2457 3224 2530 pri
3234 2457 3400 2512 stina
3421 2455 3710 2512 libertatis

2059 2541 2274 2598 Christi
2307 2544 2539 2600 Domini
2571 2546 2946 2602 reformasset
2975 2547 3279 2602 adventus.
3298 2569 3325 2595 ››
3347 2545 3418 2601 Et
3447 2549 3580 2618 post
3597 2544 3707 2601 ali-

2059 2637 2280 2704 quanta
2309 2649 2323 2690 :
2351 2657 2378 2682 ‹‹
2414 2636 2708 2706 Quotquot
2734 2634 2890 2691 enim
2923 2634 3134 2707 spiritu
3185 2633 3288 2690 Dei
3335 2637 3608 2708 aguntur,
3644 2633 3710 2690 hi

2059 2721 2162 2776 ﬁlii
2213 2726 2351 2777 sunt
2407 2723 2522 2789 Dei,
2557 2728 2622 2779 ut
2674 2741 2780 2780 nec
2829 2728 3099 2780 nostrum
3151 2724 3352 2780 deesse
3383 2722 3714 2796 sentiamus

2059 2809 2453 2882 arbitrium,et
2480 2811 2538 2868 in
2563 2813 2731 2869 bonis
2749 2813 3081 2887 quibusque
3097 2811 3414 2869 voluntatis
3430 2812 3710 2868 humanas

2057 2899 2308 2973 singulis
2338 2901 2594 2958 motibus
2626 2902 2813 2975 magis
2834 2901 2995 2958 illius
3012 2901 3201 2958 valere
3224 2919 3340 2958 non
3361 2899 3710 2956 dubitemus

2058 2989 2399 3046 auxilium.»
2430 2992 2500 3047 Et
2524 2995 2655 3064 post
2685 2991 2986 3064 aliquanta
3017 2990 3244 3057 :«Quod
3267 2989 3467 3064 utique
3489 2987 3714 3048 auxilio

2057 3085 2116 3137 et
2145 3097 2386 3136 munere
2418 3081 2518 3138 Dei
2552 3097 2664 3136 non
2698 3082 2960 3137 aufertur
2984 3079 3238 3136 liberum
3269 3077 3717 3147 arbitrium,sed

2058 3169 2358 3236 liberatur,
2391 3172 2457 3224 ut
2487 3170 2558 3225 de
2589 3169 2896 3226 tenebroso
2927 3169 3213 3237 lucidum,
3256 3169 3326 3224 de
3374 3183 3548 3240 pravo
3581 3183 3712 3223 rec-

1977 3238 2020 3304 C
2060 3263 2208 3327 tum,
2243 3259 2312 3313 de
2340 3257 2618 3331 languido
2649 3274 2884 3324 sanum,
2917 3257 2988 3314 de
3019 3238 3392 3329 imprudente
3417 3255 3496 3313 sit
3515 3254 3714 3327 provi-

2056 3347 2331 3403 dum.»Et
2358 3344 2497 3401 item
2529 3351 2767 3402 sanctus
2798 3347 3044 3418 Prosper
3073 3345 3133 3400 in
3166 3343 3412 3417 epistola
3435 3344 3506 3400 ad
3541 3343 3712 3398 Run-

2055 3452 2198 3491 num
2233 3450 2246 3488 :
2281 3458 2308 3484 «
2341 3434 2410 3490 Et
2439 3440 2507 3490 ut
2537 3434 2725 3508 magis
2773 3435 3137 3507 probaretur,
3187 3431 3397 3504 inquit,
3447 3431 3710 3488 liberum

2055 3523 2360 3580 arbitrium
2393 3521 2539 3578 nihil
2569 3540 2739 3594 posse
2762 3523 2889 3578 sine
2913 3521 3222 3595 gratia,cui
3246 3520 3470 3577 dictum
3492 3519 3710 3588 fuerat,

2055 3613 2328 3684 Conﬁrma-
2355 3612 2552 3678 fratres
2578 3619 2715 3679 tuos,
2747 3619 2800 3667 et
2824 3627 2955 3682 roga
2985 3626 3054 3666 ne
3084 3610 3300 3666 intretis
3348 3611 3409 3664 in
3457 3610 3714 3666 tentatio-

2053 3718 2177 3756 nem
2226 3701 2378 3768 (Luc.
2423 3717 2559 3767 xxn,
2607 3701 2720 3768 3'2),
2773 3699 2992 3772 quique
3053 3697 3454 3772 responderat,
3521 3700 3716 3768 utque

2052 3807 2120 3845 ex
2150 3788 2331 3843 libero
2377 3787 2636 3855 arbitrio,
2689 3789 2933 3850 Domine,
2983 3795 3157 3843 tecum
3208 3791 3435 3859 paratus
3482 3798 3616 3841 sum
3655 3795 3720 3842 et

2053 3880 2113 3934 in
2145 3893 2413 3932 mrrcrcm
2440 3885 2491 3932 et
2518 3877 2578 3931 in
2605 3885 2830 3932 mortem
2857 3879 2958 3945 ire,
2977 3876 3166 3932 eidem
3197 3873 3528 3948 prmdicitur
3549 3875 3711 3948 quod

2053 3967 2218 4039 prius
2247 3983 2427 4038 quam
2459 3965 2650 4038 gallus
2681 3970 2893 4034 cantet,
2914 3971 3002 4020 ter
3031 3958 3348 4022 Dominum
3381 3965 3712 4038 negaturus

2053 4055 2154 4124 sit;
2189 4055 2342 4126 quod
2376 4053 2514 4126 quid
2548 4057 2637 4110 est
2666 4053 2824 4109 aliud
2842 4070 3020 4126 quam
3039 4054 3194 4124 quod
3218 4053 3278 4108 in
3301 4052 3413 4108 {ide
3434 4052 3704 4108 defectu-

2051 4161 2153 4198 rus
2185 4141 2302 4196 sit?
2335 4163 2362 4190 ››
2395 4141 2464 4196 Et
2494 4141 2634 4196 item
2670 4141 3004 4197 :«Nimium
3035 4157 3168 4196 vero
3199 4139 3711 4213 inepte,nimium-

2053 4249 2164 4303 que
2194 4229 2623 4285 inconsiderate
2637 4229 3169 4286 abadversantibus
3189 4227 3586 4300 dicitur,quod
3605 4231 3737 4300 per'

2052 4320 2201 4375 hanc
2234 4317 2332 4373 Dei
2366 4317 2615 4389 gratiam
2639 4318 2822 4374 libero
2841 4318 2988 4374 nihil
3009 4317 3376 4390 relinquatur
3403 4315 3707 4372 arbitrio.»

2050 4409 2122 4463 Et
2153 4412 2284 4480 post
2312 4424 2500 4478 pauca
2532 4423 2545 4460 :
2573 4429 2600 4456 α
2633 4407 2880 4462 Proinde
2909 4406 3212 4478 homo,qui
3245 4405 3426 4462 libero
3459 4405 3710 4460 arbitrio

2052 4497 2204 4552 129
2253 4495 2362 4550 fuit
2405 4495 2619 4564 malus,
2655 4495 2713 4551 in
2746 4496 2872 4568 ipso
2908 4494 3092 4551 libero
3121 4494 3362 4551 arbitrio
3393 4495 3586 4550 factus
3616 4499 3712 4550 est

298 4599 584 4661 neratum,
620 4593 772 4664 quod
806 4591 856 4646 ei
890 4588 1082 4645 solum
1123 4587 1194 4642 ad
1244 4590 1519 4641 aeternam
1551 4584 1726 4638 vitam
1761 4599 1938 4655 quam
1969 4606 2018 4670 D
2052 4587 2240 4642 bonus
2265 4601 2276 4638 :
2299 4585 2398 4640 sed
2431 4601 2534 4656 per
2563 4601 2626 4640 se
2655 4583 2980 4656 malus,per
3007 4583 3191 4640 Deum
3225 4583 3543 4655 bonus,qui
3565 4593 3707 4639 eum

299 4682 631 4757 perdiderat
656 4678 842 4734 redire
873 4694 988 4731 non
1021 4675 1406 4756 sufficiebat.»
1430 4674 1500 4728 Et
1529 4673 1668 4728 item
1695 4689 1707 4726 :
1733 4696 1758 4721 «
1793 4671 1936 4726 Cum

297 4776 494 4828 autem
525 4767 811 4840 acceperit
841 4765 1113 4836 spiritum
1136 4762 1504 4830 Domini,erit
1525 4763 1581 4817 in
1606 4780 1672 4817 co
1701 4761 1940 4816 libertas

295 4863 364 4918 ad
399 4857 755 4931 capessenda
786 4852 1012 4909 Domini
1049 4857 1353 4924 praecepta,
1388 4852 1526 4924 quia
1563 4851 1658 4906 ubi
1695 4850 1939 4923 spiritus

294 4947 549 5016 Domini,
584 4945 662 5000 ibi
697 4943 958 4999 libertas.
994 4967 1020 4990 η
1053 4943 1122 4996 Et
1170 4943 1302 5014 post
1351 4940 1652 5012 aliquanta
1683 4957 1696 4994 :
1735 4961 1762 4988 ‹‹
1795 4940 1942 5004 Quia

294 5055 429 5095 cum
463 5035 562 5092 Dei
597 5030 997 5089 misericordia
1045 5047 1106 5085 se
1158 5027 1539 5101 praeveniente
1575 5027 1695 5098 agit
1723 5032 1780 5082 et
1818 5029 1942 5099 ipse

295 5127 442 5186 satis
474 5143 576 5198 per
606 5123 854 5179 liberum
886 5117 1287 5182 arbitrium,ut
1320 5116 1664 5182 mundetur;
1701 5115 1825 5170 sola
1847 5135 1946 5172 au-

294 5222 413 5273 tem
445 5213 740 5270 voluntate
789 5227 897 5266 sua
925 5207 973 5263 si
1007 5209 1341 5278 praesumat,
1376 5201 1647 5258 mundari
1691 5221 1802 5258 non
1837 5221 1942 5275 po-

295 5309 428 5362 test,
452 5328 478 5352 ››
502 5305 570 5358 Et
601 5302 752 5357 idem
787 5317 800 5353 :
840 5321 866 5348 ››
897 5297 1121 5362 Quibus
1153 5293 1304 5348 enim
1338 5291 1552 5346 dicitur
1581 5291 1637 5346 in
1673 5293 1936 5363 psalmis,

297 5394 410 5448 nisi
447 5392 690 5446 liberum
717 5387 1023 5445 arbitrium
1050 5381 1400 5437 habentibus
1435 5399 1447 5434 :
1477 5383 1673 5446 Ven-ite,
1698 5383 1939 5452 ﬁlii,au.-

298 5479 408 5535 dite
438 5495 542 5544 nw,
574 5482 822 5534 timorem
851 5474 1070 5531 Domini
1115 5471 1304 5526 docebo
1353 5471 1480 5524 vos?
1529 5471 1698 5538 (I’sal.
1744 5488 1938 5535 xxxm,

305 5569 720 5635 12).Q,uomodo
739 5570 934 5622 autem
953 5561 1268 5633 unicuique
1287 5559 1606 5615 secundum
1632 5576 1740 5614 sua
1769 5576 1944 5630 opera

301 5655 639 5720 redderetur
669 5655 728 5709 in
759 5655 850 5708 die
873 5651 1105 5723 judicii,
1141 5649 1250 5704 nisi
1297 5647 1545 5704 liberum
1595 5652 1749 5703 esset
1798 5648 1946 5702 arbi-

2049 4675 2130 4730 ita
2152 4674 2208 4728 in
2233 4672 2400 4728 illum
2424 4672 2708 4730 initialem
2723 4673 3002 4728 honorem
3024 4671 3137 4728 alio
3156 4671 3322 4728 initio
3345 4671 3705 4739 reformavit,

2049 4767 2113 4818 ut
2147 4762 2198 4817 ei
2234 4779 2347 4817 non
2372 4761 2562 4818 solum
2585 4761 2819 4834 culpam
2848 4759 3014 4816 male:
3035 4760 3356 4816 voluntatis
3376 4763 3433 4816 et
3452 4759 3710 4816 actionis

2051 4851 2388 4918 remitteret,
2422 4851 2522 4906 sed
2555 4850 2727 4905 etiam
2761 4851 2906 4906 bene
2932 4848 3098 4914 velle,
3133 4850 3279 4904 bene
3311 4865 3502 4922 agere,
3529 4853 3710 4921 atque

2049 4941 2109 4995 in
2140 4939 2233 4995 his
2273 4956 2613 5010 permanere
2661 4940 2920 4994 donaret.
2978 4961 3004 4986 ››
3055 4938 3123 4993 Et
3172 4938 3356 4993 item:
3397 4960 3418 4987 ε
3453 4939 3534 4993 Ex
3583 4956 3708 4994 una

2051 5045 2268 5094 massa,
2301 5046 2427 5100 quae
2459 5033 2548 5084 est
2578 5045 2710 5084 caro
2745 5025 2917 5100 primi
2947 5023 3226 5096 hominis,
3259 5042 3437 5081 unam
3477 5027 3710 5082 scimus

2052 5117 2316 5174 omnium
2350 5117 2656 5172 hominum
2687 5119 2942 5172 creatam
2975 5114 3274 5188 crearique
3315 5117 3616 5183 naturam,
3647 5121 3714 5172 et

2052 5207 2319 5262 eamdem
2335 5204 2632 5276 peripsius
2647 5203 2819 5277 primi
2834 5203 3089 5260 hominis
3101 5203 3352 5260 liberum
3367 5201 3678 5258 arbitrium
3690 5247 3707 5273 ,

2051 5295 2109 5348 in
2138 5312 2253 5366 quo
2285 5310 2489 5349 omnes
2538 5297 2940 5365 peccaverunt,
2991 5310 3120 5348 esse
3162 5294 3538 5366 prostratam,
3595 5309 3710 5349 nec

2050 5382 2168 5437 ullo
2200 5383 2372 5437 modo
2402 5383 2473 5436 ab
2505 5387 2729 5437 aeterna:
2776 5383 2983 5437 mortis
3033 5381 3227 5437 debito
3282 5380 3550 5446 liberam,
3589 5379 3708 5436 nisi

2049 5489 2177 5526 eam
2211 5471 2282 5526 ad
2315 5471 2630 5543 imaginem
2663 5472 2763 5530 Dei
2807 5471 3078 5527 secundae
3125 5467 3436 5525 creationis
3481 5468 3740 5526 Christi'

2052 5559 2240 5632 gratia
2315 5559 2669 5626 reformavit,
2757 5559 3125 5632 liberumque
3188 5559 3318 5630 ejus
3387 5557 3708 5614 arbitrium

2054 5648 2302 5720 agendo,
2331 5649 2629 5720 spirando,
2681 5649 3037 5720 auxiliando,
3072 5653 3136 5702 ut
3179 5662 3366 5718 usque
3415 5646 3474 5701 in
3520 5647 3708 5703 linem
