3970 6182
231 327 352 390 193

956 327 1059 388 DE
1103 325 1860 388 PRAEDESTINA'I‘IONE
1905 325 2426 388 DISSERTATIO
2475 328 2935 392 PQS'l‘ERIOll.

3533 336 3649 402 194

227 459 552 534 praeeundo
583 459 971 516 servaverit.»
1001 459 1068 515 Et
1099 459 1239 518 item
1271 459 1333 515 in
1364 461 1566 515 eadem
1599 457 1845 530 epistola
1878 475 1892 513 :
1921 461 1976 527 Α
2009 459 2187 532 igitur
2216 461 2568 533 cujusquam
2602 463 2818 534 peccati
2859 469 3061 520 auctor
3091 467 3245 523 Deus
3285 470 3386 524 sed
3428 462 3649 527 naturis

233 574 264 600 «
306 549 477 606 Nunc
507 552 706 606 autem
739 549 895 605 idem
927 547 1235 604 arbitrium
1264 564 1606 604 conversum
1637 552 1747 618 est,
1776 565 1893 603 non

231 655 533 708 eversum,
554 642 613 694 et
642 639 926 695 donatum
956 640 1008 694 ei
1041 639 1210 695 aliter
1252 637 1417 707 velle,
1452 637 1620 693 aliter
1669 625 1890 709 sapere,

233 726 410 784 aliter
437 743 629 800 agere,
657 733 716 783 et
744 727 1213 784 incolumitatem
1245 743 1414 784 suam
1447 743 1563 782 non
1595 725 1654 780 ia
1686 743 1767 793 se,
1791 726 1893 782 sed

231 815 295 871 in
327 815 556 872 medico
580 815 864 873 collocare
889 835 902 872 :
927 815 1066 889 quia
1094 817 1346 872 necdum
1370 820 1490 871 tam
1519 815 1772 888 perfecta
1789 815 1896 870 uti-

232 909 334 960 tur
363 904 636 972 sanitate,
656 909 722 960 ut
749 921 818 961 ea
846 901 974 978 qua:
1000 906 1052 962 ei
1087 909 1428 972 nocuerant,
1454 909 1746 977 nequeant
1766 905 1894 976 jam

229 997 579 1070 _nocere,aut
593 992 653 1054 in
667 993 1007 1052 salubribus
1025 995 1214 1068 possit
1228 996 1354 1066 jam
1373 993 1597 1050 viribus
1609 995 1734 1050 suis
1757 997 1898 1050 tem-

230 1099 464 1157 perare.
497 1105 527 1132 ››
559 1083 629 1138 Et
682 1081 744 1138 in
795 1082 1162 1140 absolutione
1221 1087 1384 1140 sexta
1443 1088 1646 1140 contra
1701 1083 1896 1140 Gallos

241 1173 412 1244 (resp.
442 1173 479 1225 6
507 1170 577 1232 ad
609 1171 832 1244 Gallos.)
855 1189 904 1226 ;‹‹
930 1171 1207 1229 Liberum
1247 1172 1553 1228 arbitrium
1598 1171 1742 1228 nihil
1769 1188 1896 1229 esse

239 1258 330 1315 vel
363 1276 482 1315 non
514 1275 643 1318 esse
671 1275 975 1333 perperam
1007 1260 1250 1328 dicitur;
1299 1261 1399 1316 sed
1433 1265 1566 1318 ante
1594 1260 1897 1317 illumina-
1923 1249 1931 1261 ’

241 1347 466 1414 tionem
500 1347 635 1404 ﬁdei
665 1346 724 1404 in
756 1347 1037 1416 tenebris,
1068 1349 1124 1404 id
1159 1353 1250 1404 est
1296 1349 1356 1404 in
1407 1349 1618 1406 umbra
1667 1349 1896 1422 mortis,

237 1453 414 1510 agere
445 1453 562 1492 non
592 1440 747 1493 recte
767 1440 1032 1510 negatur,
1052 1439 1330 1508 quoniam
1362 1438 1707 1510 priusquam
1741 1455 1776 1494 a
1805 1439 1900 1494 do-

232 1525 564 1582 minutione
595 1524 814 1582 diaboli
839 1541 943 1597 per
967 1525 1068 1582 Dei
1100 1525 1354 1598 gratiam
1385 1526 1682 1592 liberetur,
1707 1527 1766 1582 in
1799 1527 1901 1586 illa

231 1614 533 1688 profundo
555 1609 735 1686 jacet,
767 1613 828 1668 in
859 1631 976 1686 quo
1007 1631 1070 1672 se
1103 1631 1213 1671 sua
1255 1613 1522 1671 libertate
1553 1615 1841 1672 dimersit.
1867 1639 1894 1667 »

231 1702 306 1758 Et
325 1701 506 1774 paulo
529 1705 660 1775 post
681 1702 822 1775 (post
837 1705 998 1775 epist.
1020 1705 1134 1772 8),«
1162 1707 1226 1758 ut
1245 1703 1400 1776 quod
1434 1705 1492 1760 in
1526 1703 1625 1760 illo
1656 1705 1898 1762 inchoa-

234 1796 366 1847 tum
401 1794 496 1846 est
525 1807 630 1864 per
655 1791 906 1864 gratiam
939 1791 1180 1860 Christi,
1205 1791 1382 1848 etiam
1414 1809 1516 1865 per
1545 1792 1897 1850 industriam

229 1879 406 1957 liberi
442 1881 732 1952 augeatur
755 1879 1002 1947 arbitrii,
1025 1897 1334 1952 nunquam
1367 1886 1588 1937 remoto
1609 1883 1898 1954 adjutorio

231 1968 363 2046 Dei,
392 1969 526 2024 sine
547 1986 663 2042 quo
689 1986 796 2026 nec
827 1971 1126 2043 proﬁcere,
1150 1987 1254 2026 nec
1285 1987 1626 2043 permanere
1656 1972 1714 2027 in
1748 1973 1899 2029 bono

231 2059 561 2132 quisquam
593 2063 844 2132 potest.»
868 2060 936 2115 Et
957 2059 1339 2116 Cassiodorus
1359 2061 1420 2115 in
1445 2059 1677 2116 Psalmo
1699 2054 1848 2118 cxvu
1883 2079 1896 2116 :

238 2169 271 2200 ι(
305 2149 407 2204 Est
437 2149 678 2220 quidem
722 2149 782 2204 in
836 2148 993 2205 mala
1028 2153 1191 2222 parte
1240 2149 1612 2206 exsecrabilis
1660 2150 1900 2208 libertas

239 2234 496 2302 arbitrii,
523 2240 591 2292 ut
630 2235 1036 2308 praevaricator
1073 2237 1406 2294 Creatorem
1453 2239 1701 2307 deserat,
1726 2244 1783 2296 et
1828 2241 1900 2296 ad

237 2324 385 2381 vitia
417 2341 483 2382 se
512 2325 764 2382 nefanda
788 2329 1105 2382 convertat.
1126 2327 1189 2382 In
1217 2327 1370 2382 bona
1391 2344 1522 2383 vero
1553 2334 1715 2400 parte
1747 2329 1902 2384 arbi-

245 2414 435 2470 trium
455 2412 707 2470 liberum
726 2413 914 2471 Adam
936 2419 1213 2486 peccante
1231 2415 1626 2488 perdidimus;
1651 2418 1723 2473 ad
1746 2419 1901 2490 quod

245 2502 364 2558 nisi
399 2518 506 2575 per
533 2501 748 2558 Christi
781 2502 1028 2576 gratiam
1060 2503 1250 2558 redire
1288 2521 1405 2559 non
1443 2521 1781 2576 possumus,
1809 2507 1902 2562 di-

247 2595 422 2649 cente
453 2589 725 2662 Apostolo
751 2607 764 2647 :
787 2591 929 2647 Deus
955 2599 1034 2648 est
1067 2593 1216 2648 enim
1244 2593 1342 2664 qui
1360 2601 1614 2664 operatur
1651 2595 1710 2649 in
1754 2597 1904 2651 vobis

245 2689 299 2736 et
330 2680 470 2736 velle
499 2687 550 2735 et
568 2680 825 2752 perﬁcere
849 2696 950 2752 pro
983 2680 1122 2736 bona
1148 2681 1440 2736 voluntate.
1478 2681 1638 2738 Unde
1667 2683 1908 2740 assidua

245 2768 518 2826 oratione
546 2769 911 2841 peccandum
957 2773 1064 2838 est,
1098 2785 1169 2826 ne
1199 2786 1306 2826 nos
1335 2769 1606 2827 voluntas
1639 2789 1908 2844 perversa

243 2858 464 2930 rapiat,
508 2858 610 2917 sed
668 2857 976 2930 inspiratio
1027 2857 1224 2914 divina
1279 2858 1597 2934 possideat,
1628 2861 1907 2933 quoniam

245 2946 542 3020 quidquid
573 2963 642 3002 ex
673 2946 1116 3020 nobismetipsis
1143 2945 1428 3020 sapimus,
1458 2949 1758 3006 mortifera
1777 2967 1909 3005 con-

245 3042 344 3094 tra
376 3052 485 3092 nos
532 3034 781 3092 audacia
829 3035 1216 3092 concitamus.
1249 3036 1390 3094 Jure
1433 3053 1570 3110 ergo
1618 3038 1799 3094 vetuit
1847 3038 1906 3094 in

244 3124 500 3182 homine
529 3125 964 3194 conﬁdendum,
989 3125 1090 3199 qui
1123 3142 1226 3198 per
1246 3142 1308 3182 se
1339 3143 1444 3182 nec
1465 3126 1632 3183 alteri
1663 3143 1766 3182 nec
1794 3127 1906 3183 sibi

2002 555 2226 604 creator
2249 556 2364 620 est;
2399 569 2526 623 quae
2557 569 2688 608 eum
2725 558 3068 625 potestatem
3100 556 3371 628 habuerit
3398 577 3512 616 non
3550 562 3648 616 de-

2003 638 2331 710 linquendi,
2355 645 2562 712 sponte
2594 641 2862 714 deliquit,
2887 647 2943 698 et
2964 643 3252 716 dcccptori
3283 663 3388 701 suo
3419 653 3651 720 propria

2002 727 2298 784 voluntate
2319 745 2380 784 se
2403 729 2682 786 subdidit.
2707 731 2822 786 Nec
2844 731 3095 788 naturali
3119 733 3218 788 sed
3243 733 3466 805 captivo
3487 742 3648 794 motu

2003 821 2270 872 versatur
2305 816 2364 873 in
2413 818 2573 888 vitio,
2607 820 2790 876 donec
2823 821 3107 878 moriatur
3152 827 3388 894 peccato
3419 827 3474 878 et
3503 825 3654 881 vivat

2003 905 2140 960 Deo.
2167 907 2328 971 Quod
2362 907 2490 962 sine
2519 908 2709 980 gratia
2739 909 2840 964 Dei
2870 909 3057 965 facere
3106 927 3218 966 non
3270 915 3482 983 potest,
3515 912 3655 983 quia

2004 993 2355 1064 libertatem,
2390 1013 2566 1069 quam
2623 996 2891 1054 libertate
2945 999 3220 1070 perdidit,
3262 997 3378 1055 nisi
3425 999 3654 1056 Christo

2004 1082 2289 1139 liberante
2320 1101 2434 1138 non
2468 1085 2692 1157 recipit.
2719 1109 2746 1137 ‹‹

2076 1173 2219 1228 Ecce
2243 1171 2419 1227 habet
2440 1171 2638 1239 lector,
2665 1173 2803 1244 quia
2822 1173 3155 1232 libertatem
3177 1193 3356 1248 quam
3388 1175 3656 1233 libertate

2006 1261 2390 1334 perdidimus,
2415 1261 2528 1317 nisi
2553 1261 2774 1318 Chrisio
2797 1263 3080 1320 liberante
3109 1281 3480 1338 nequaquam
3511 1266 3656 1322 reei-

2006 1347 2203 1422 pimus
2229 1365 2241 1404 :
2262 1366 2558 1422 quamque
2575 1350 2788 1406 Christi
2811 1352 2998 1425 gratia
3019 1352 3322 1410 liberatam
3343 1355 3415 1410 ad
3436 1356 3654 1412 bonum

2007 1436 2312 1508 habemus,
2347 1442 2403 1494 et
2432 1439 2558 1494 sine
2589 1438 2803 1496 Christi
2849 1441 3032 1513 gratia
3064 1442 3291 1514 captivo
3332 1447 3495 1499 motu
3527 1461 3657 1499 ver-

2007 1543 2210 1583 samur
2257 1527 2317 1582 in
2357 1526 2515 1584 vitio.
2549 1529 2619 1583 Et
2675 1533 2916 1585 sanctus
2967 1529 3334 1602 Ccclestinus,
3366 1537 3432 1588 ut
3479 1549 3660 1606 supra

2010 1615 2434 1688 scripsimusm
2460 1616 2722 1672 Primum
2767 1617 3067 1676 hominem
3121 1619 3204 1674 ita
3248 1619 3487 1676 libertas
3531 1619 3660 1693 ipsa

2010 1703 2254 1776 decepit,
2278 1709 2343 1759 ut
2376 1705 2516 1759 dum
2561 1705 2963 1778 indulgentius
2995 1706 3173 1762 frenis
3205 1709 3332 1779 ejus
3365 1709 3566 1776 utitur,
3599 1709 3658 1764 in

2009 1792 2537 1864 prasvaricationem
2572 1795 3048 1868 praesumptionis
3086 1795 3402 1865 incideret;
3447 1813 3551 1852 nec
3593 1814 3662 1852 ex

2009 1882 2116 1936 hac
2148 1882 2338 1954 potuit
2376 1883 2522 1954 erui,
2557 1884 2668 1938 nisi
2702 1885 2751 1939 ei
2795 1884 3159 1956 providentia
3206 1885 3660 1957 regenerationis

2010 1974 2228 2025 statum
2250 1970 2511 2042 pristinze
2543 1971 2832 2028 libertatis
2846 1972 3057 2027 Christi
3091 1973 3323 2028 Domini
3345 1974 3662 2030 reformas-

2010 2063 2099 2113 set
2121 2059 2462 2114 adventus.»
2489 2060 2652 2116 Unde
2673 2061 2866 2116 videat
2889 2061 2988 2132 qui
3013 2061 3268 2132 capitula
3299 2061 3400 2116 illa
3423 2079 3662 2135 compo-

2011 2147 2148 2216 suit,
2174 2165 2302 2220 qua:
2334 2149 2500 2205 nobis
2533 2150 2779 2204 dedistis
2809 2153 2874 2204 ut
2903 2151 2975 2206 de
3005 2149 3088 2205 eis
3119 2151 3282 2206 vobis
3313 2151 3661 2224 respondea-

2013 2236 2223 2303 mus,si
2238 2237 2627 2308 capitulum,a
2644 2243 2844 2295 nostra
2857 2238 3258 2294 mediocritate
3272 2255 3340 2294 ex
3355 2239 3667 2296 hisetalio—

2011 2343 2144 2380 rum
2174 2326 2348 2381 etiam
2385 2327 2692 2381 doctorum
2711 2327 2904 2382 verbis
2935 2332 3293 2400 excerptum,
3317 2346 3352 2383 a
3381 2327 3666 2384 catholica

2011 2416 2126 2470 ﬁde
2151 2415 2465 2471 discordet.
2492 2415 2776 2482 Quoniam
2801 2415 2860 2471 in
2885 2421 3044 2472 sexto
3067 2415 3344 2488 capitulo,
3361 2417 3528 2489 quasi
3559 2433 3666 2473 nos

2013 2503 2086 2560 ab
2111 2520 2179 2560 ea
2199 2503 2692 2572 discet-daremus,
2717 2505 2969 2561 scribere
2989 2504 3190 2573 voluit,
3208 2505 3406 2562 dicens
3429 2523 3442 2562 :
3469 2529 3496 2556 «
3523 2507 3665 2562 Item

2014 2594 2085 2650 de
2114 2591 2303 2666 gratia
2351 2610 2454 2665 per
2483 2610 2658 2666 quam
2712 2593 3018 2652 saLvantur
3076 2594 3398 2665 credentes,
3429 2597 3485 2650 et
3539 2595 3666 2649 sine

2014 2699 2132 2754 qua
2163 2681 2466 2738 rationalis
2497 2688 2762 2738 creatura
2792 2699 3096 2754 nunquam
3131 2683 3296 2738 beate
3324 2683 3486 2750 vixit,
3509 2687 3566 2738 et
3595 2683 3666 2738 de

2015 2770 2197 2826 libero
2229 2770 2489 2839 arbitrio,
2521 2788 2626 2844 per
2654 2775 2960 2843 peccatum
2993 2769 3051 2826 in
3086 2773 3274 2844 primo
3306 2771 3546 2828 homine
3577 2772 3666 2826 in-

2017 2860 2269 2928 ﬁrmato,
2295 2861 2394 2916 sed
2426 2877 2530 2932 per
2557 2860 2804 2931 gratiam
2827 2858 3058 2914 Domini
3079 2860 3221 2916 Jesu
3243 2859 3514 2915 ﬁdelibus
3538 2861 3666 2932 ejus

2016 2947 2411 3018 redintegrato
2439 2953 2496 3003 et
2526 2953 2754 3016 sanato,
2785 2948 2841 3002 id
2874 2947 3068 3019 ipsum
3103 2948 3576 3005 constantissime
3609 2953 3668 3004 et

2018 3035 2130 3090 ﬁde
2163 3035 2333 3107 plena
2362 3037 2634 3104 fatemur,
2668 3036 2824 3108 quod
2856 3035 3213 3090 sanctissimi
3245 3035 3443 3092 Patres
3475 3039 3668 3091 aucto-

2019 3124 2189 3179 ritate
2215 3141 2516 3179 sacrarum
2548 3124 2982 3196 Seripturarum
3017 3122 3184 3178 nobis
3223 3123 3541 3179 tenendum
3573 3140 3667 3179 re-

247 3213 526 3288 pravalet
552 3214 692 3270 dare
721 3197 1068 3270 remedium.
1093 3197 1294 3271 a’Ecce
1325 3216 1616 3288 quomodo
1667 3215 1904 3274 liberta-
1936 3197 1980 3266 C
2019 3212 2338 3285 liquerunt,
2363 3214 2516 3286 quod
2551 3213 2840 3282 Africana,
2875 3213 3030 3285 quod
3079 3211 3358 3283 Arausica
3398 3212 3666 3284 Synodus

249 3307 370 3360 tem
401 3302 634 3360 arbitrii
665 3302 726 3357 in
752 3303 939 3360 Adam
971 3303 1358 3376 perdidimus,
1382 3309 1439 3360 et
1459 3307 1752 3377 quomodo
1773 3323 1904 3362 eam

245 3409 354 3466 per
371 3391 673 3450 Christum
698 3391 1056 3464 recepimus;
1081 3397 1140 3448 et
1169 3392 1310 3465 quia
1341 3392 1627 3451 habemus
1658 3393 1906 3451 liberum

245 3480 564 3542 arbitrium
589 3481 660 3536 ad
691 3480 912 3536 bonum
944 3485 1302 3552 praeventum
1331 3485 1387 3536 et
1406 3481 1674 3554 adjutum
1696 3484 1904 3556 gratia.

247 3569 412 3633 Unde
444 3569 677 3626 addidit
709 3569 961 3642 Paosper
985 3585 1035 3624 :«
1068 3569 1214 3625 Cum
1244 3569 1304 3626 in
1338 3569 1508 3626 bonis
1535 3570 1803 3628 voluntas
1833 3572 1910 3628 sit

231 3657 636 3739 intelligenda
647 3658 717 3714 de
728 3657 941 3730 gratia;
956 3657 1067 3717 etH
1075 3657 1320 3724 abemus
1337 3657 1374 3713 1i
1384 3660 1584 3714 herum
1600 3659 1907 3716 arbitrium

244 3748 320 3804 ad
352 3745 584 3804 malum
617 3747 915 3802 desertum
947 3745 1188 3818 gratia.-
1216 3747 1297 3802 Ex
1319 3764 1434 3819 quo
1464 3764 1599 3803 mox
1626 3748 1780 3804 idem
1813 3767 1912 3804 au-

243 3834 696 3908 ctorsubjungit
711 3834 832 3890 :«In
853 3833 1026 3889 malis
1039 3838 1233 3890 autem
1248 3833 1516 3891 voluntas
1531 3835 1910 3910 intelligenda

241 3930 337 3982 est
361 3925 498 3982 sine
521 3922 776 3997 gratia.»
802 3923 873 3980 Et
903 3927 1144 3979 sanctus
1171 3924 1536 3996 Augustinus
1569 3924 1628 3980 in
1661 3925 1808 3981 libro
1839 3927 1910 3982 de

237 4013 627 4086 Correptione
639 4017 695 4068 et
707 4012 906 4068 Gratia
918 4029 930 4067 :
941 4035 967 4062 ‹‹
978 4012 1252 4068 Liberum
1265 4013 1576 4070 arbitrium
1594 4014 1666 4070 ad
1685 4013 1908 4069 malum

245 4104 491 4170 sufﬁcit,
517 4101 590 4158 ad
627 4101 847 4156 bonum
878 4105 1072 4158 autem
1103 4117 1312 4174 parum
1335 4105 1444 4171 est,
1468 4101 1581 4160 nisi
1603 4103 1912 4176 adjuvetur

241 4192 323 4252 ab
352 4189 761 4262 omnipotente
783 4189 958 4246 bono.
977 4189 1193 4246 Audiat
1215 4193 1272 4245 et
1302 4189 1485 4247 lector
1504 4191 1643 4263 quia
1665 4192 1818 4248 sicut
1848 4193 1908 4249 in

239 4278 493 4354 capituli
523 4276 903 4336 conclusione
952 4279 1283 4354 posuimus,
1319 4279 1607 4336 habemus
1657 4280 1907 4338 liberum

239 4369 585 4437 arbitrium,
609 4367 803 4440 gratia
832 4368 1123 4440 siquidem
1160 4369 1314 4427 180
1347 4367 1718 4425 liberatum.»
1745 4369 1911 4426 Unde

237 4457 499 4530 Prosper
537 4455 598 4512 in
644 4455 1126 4528 recapitulatione
1173 4455 1561 4512 absolutionis
1614 4457 1852 4532 decimae
1891 4473 1905 4513 :

240 4569 267 4596 ι
304 4544 638 4634 Arbitrium
670 4543 829 4634 enim
867 4543 1127 4634 hominis
1157 4545 1347 4634 gratia
1375 4544 1475 4601 Dei
1526 4562 1642 4602 non
1692 4546 1905 4616 abolet,
1938 4567 1985 4634 Ι)

235 4635 350 4708 sed
381 4633 601 4704 adolet,
625 4635 683 4692 et
711 4633 787 4692 ab
816 4649 1010 4690 errore
1039 4633 1100 4690 in
1127 4632 1278 4690 viam
1310 4637 1538 4691 revocat
1563 4651 1628 4690 ac
1660 4635 1909 4706 reducit,

235 4729 310 4782 ut
351 4723 512 4796 quod
562 4739 675 4780 sua
721 4722 989 4780 libertate
1045 4725 1170 4780 erat
1224 4739 1494 4796 pravum,
1526 4723 1747 4798 Spiritu
1804 4727 1906 4782 Dei

233 4817 459 4888 agente
502 4812 582 4870 sit
625 4816 872 4869 rectum.
898 4835 929 4862 ››
961 4813 1032 4869 Et
1061 4816 1302 4869 sanctus
1332 4811 1700 4883 Ccelestinus,
1757 4816 1910 4871 sicut

232 4919 433 4975 supra
461 4901 721 4958 diximus
747 4919 797 4958 ;‹‹
818 4901 1047 4958 Auxilio
1077 4905 1134 4958 et
1164 4917 1405 4958 munere
1428 4901 1530 4958 Dei
1562 4921 1678 4960 non
1709 4905 1907 4961 aufer-

230 4998 344 5050 tur
367 4992 628 5051 liberum
660 4989 991 5060 arbitrium,
1017 4991 1116 5047 sed
1149 4990 1458 5048 liberatur.
1481 5015 1510 5042 »
1533 4993 1695 5060 Quod
1719 4993 1906 5066 quali-

229 5088 331 5138 ter
363 5085 428 5136 et
457 5097 560 5154 per
587 5097 767 5154 quem
798 5080 1185 5154 perdidimus,
1211 5085 1268 5136 et
1298 5099 1332 5137 a
1361 5099 1476 5154 quo
1515 5083 1672 5154 quod
1713 5082 1906 5156 perdi-

230 5170 548 5238 deramus,
595 5167 936 5242 recipimus,
965 5185 1035 5226 ex
1092 5169 1459 5227 absolutione
1517 5172 1584 5228 14
1641 5172 1906 5245 Prosperi

229 5259 436 5316 lector
459 5257 709 5330 accipiat
739 5275 754 5315 :
783 5280 810 5308 ‹‹
837 5257 946 5325 Qui
993 5258 1172 5326 enim,
1215 5257 1508 5332 inquiens,
1541 5261 1697 5334 quod
1729 5261 1906 5333 (vide-

225 5349 383 5408 licet
443 5345 695 5407 libcrum
741 5346 1076 5418 arbitrium)
1123 5352 1425 5421 acceperat
1467 5349 1742 5422 perdidit,
1790 5367 1904 5408 non

227 5438 385 5496 inde
417 5435 476 5492 id
507 5437 720 5510 recipit
767 5437 924 5493 unde
974 5436 1246 5510 perdidit,
1279 5437 1382 5493 sed
1413 5438 1486 5494 ab
1545 5437 1645 5494 illo
1704 5440 1910 5512 recipit

227 5525 406 5601 quod
467 5523 702 5594 habeat,
735 5542 772 5582 a
810 5542 926 5599 quo
975 5525 1130 5598 quod
1181 5524 1378 5581 amisit
1422 5531 1744 5599 acceperat.
1776 5549 1805 5578 ››
1839 5529 1908 5584 Et

250 5633 297 5674 ιι
332 5611 711 5694 absolutione
762 5613 972 5692 quinta
1019 5616 1221 5674 contra
1247 5613 1665 5674 Vincentianos
1696 5632 1750 5672 ια
1779 5617 1904 5680 Non

2017 3303 2279 3375 professa
2308 3306 2416 3370 est,
2453 3302 2610 3374 quod
2641 3301 2969 3357 beatissimi
3002 3299 3310 3357 Pontiﬁces
3339 3300 3668 3373 apostolicae

2017 3391 2174 3447 sedis
2227 3390 2516 3446 catholica
2566 3390 2678 3445 ﬁde
2741 3394 3076 3446 tenuerunt.
3111 3391 3222 3445 Sed
3255 3391 3413 3445 etde
3461 3394 3672 3446 natura

2017 3484 2074 3536 et
2118 3479 2306 3552 gratia
2353 3479 2412 3533 in
2473 3479 2649 3534 aliam
2708 3484 2934 3550 partem
2985 3478 3322 3534 nullomodo
3379 3479 3672 3535 declinare

2017 3571 2492 3640 praesumentes.»
2521 3566 2736 3620 Verum
2769 3570 2828 3621 et
2858 3583 2984 3633 nos,
3009 3565 3164 3622 sicut
3197 3583 3378 3638 supra
3408 3567 3672 3622 ostendi-

2018 3673 2174 3722 mus,
2218 3655 2372 3727 quod
2425 3653 2780 3710 sanctissimi
2838 3655 3036 3708 Patres
3089 3655 3432 3710 auctoritate
3478 3671 3670 3710 sacra-

2018 3761 2150 3799 rum
2203 3743 2638 3816 Seripturarum
2688 3742 2857 3798 nobis
2907 3743 3226 3798 tenendum
3284 3741 3666 3814 reliquerunt,

2018 3837 2076 3888 et
2133 3833 2288 3904 quod
2359 3830 2684 3886 beatissimi
2756 3831 3062 3902 pontifices
3127 3829 3455 3902 apostolicae
3513 3831 3670 3887 sedis

2018 3921 2304 3977 catholica
2334 3921 2446 3975 ﬁde
2491 3924 2826 3986 tenuerunt,
2863 3919 2933 3975 de
2963 3919 3154 3991 gratia
3198 3923 3255 3974 et
3303 3916 3484 3974 libero
3517 3919 3669 3975 arbi-

2018 4011 2127 4065 trio
2157 4009 2456 4066 tenuimus
2487 4014 2545 4063 et
2593 4012 2884 4075 tenemus,
2924 4007 3272 4080 scripsimus
3301 4012 3357 4064 et
3388 4007 3538 4081 stylo
3581 4026 3672 4066 ca-

2017 4099 2234 4155 tholico
2296 4099 2634 4153 scribimus.
2667 4097 2778 4153 Sed
2819 4101 2875 4152 et
2905 4097 2975 4152 de
3033 4101 3240 4152 natura
3289 4102 3348 4152 et
3393 4097 3581 4169 gratia
3609 4098 3670 4153 in

2017 4188 2194 4246 aliam
2237 4191 2459 4260 partem
2511 4185 2850 4242 nullomodo
2882 4185 3174 4242 declinare
3224 4190 3666 4257 praesumentes,

2017 4279 2170 4350 quod
2205 4277 2560 4350 compositor
2597 4273 2991 4346 capitulorum
3030 4291 3161 4329 cum
3204 4272 3406 4344 eelipsi
3447 4274 3665 4345 posuit,

2017 4369 2164 4424 131
2194 4383 2300 4422 nos
2322 4365 2760 4437 supplementes
2784 4361 3120 4434 adjieimus,
3135 4360 3473 4416 ﬁrmissime
3491 4361 3671 4416 credi-

2016 4473 2150 4522 mus
2180 4459 2236 4510 et
2264 4459 2554 4521 tenemus,
2580 4451 2856 4508 videlicet
2885 4451 3041 4522 quod
3092 4449 3175 4504 illi
3207 4449 3584 4520 crediderunt
3611 4453 3670 4507 et

2017 4548 2351 4601 tenuerunt.
2379 4541 2541 4598 Sicut
2567 4541 2745 4596 etiam
2768 4543 3011 4596 sanctus
3030 4539 3395 4612 Augustinus
3428 4539 3490 4594 in
3520 4539 3668 4595 libro

2019 4637 2090 4690 de
2122 4635 2342 4690 Natura
2371 4635 2426 4686 et
2457 4629 2658 4686 Gratia
2705 4628 2964 4700 scripsit,
2997 4633 3054 4684 et
3103 4628 3258 4684 sicut
3305 4628 3364 4684 in
3419 4627 3566 4684 libro
3599 4629 3669 4685 de

2019 4728 2174 4782 Bono
2193 4717 2631 4794 perseverantiae
2659 4717 2798 4773 dicit
2823 4733 2872 4777 ;‹‹
2898 4716 3170 4790 Nunquid
3197 4735 3332 4792 ergo
3357 4717 3668 4773 hominum

2015 4818 2236 4869 natura:
2277 4810 2404 4864 dua:
2463 4807 2644 4864 sunt?
2672 4805 2859 4863 Absit.
2893 4807 2952 4862 Si
2986 4807 3113 4862 duas
3170 4812 3390 4862 natura:
3447 4809 3667 4878 essent,

2016 4901 2204 4978 gratia
2235 4897 2354 4955 ulla
2385 4915 2501 4953 non
2533 4900 2706 4952 esset.
2741 4896 2896 4952 Nulli
2943 4895 3100 4953 enim
3143 4895 3384 4952 daretur
3413 4894 3670 4970 gratuita

2017 4988 2303 5054 liberatio,
2349 4986 2397 5042 si
2465 4989 2686 5041 naturas
2745 4985 2941 5041 debita
3007 4985 3408 5040 redderentur.
3469 4981 3666 5038 Homi-

2016 5079 2192 5136 nibus
2258 5081 2454 5133 autem
2522 5075 2779 5144 videtur,
2847 5074 3216 5146 omnes-qui
3284 5072 3420 5129 boni
3488 5087 3664 5142 appa-

2019 5173 2148 5224 rent
2191 5162 2392 5222 lidelcs
2451 5163 2942 5238 perseverantiam
2975 5179 3162 5236 usque
3218 5162 3278 5216 in
3339 5161 3515 5215 ﬁnem
3564 5173 3663 5212 ac-

2017 5259 2209 5332 cipere
2265 5249 2560 5312 debuisse.
2594 5253 2749 5309 Deus
2806 5257 3002 5308 autem
3058 5251 3270 5306 melius
3326 5264 3453 5304 esse
3503 5244 3662 5318 judi-

2019 5347 2168 5404 cavit
2223 5343 2458 5401 misceri
2506 5342 2764 5414 quodam
2819 5359 2932 5398 non
2991 5341 3459 5414 persevcraturos
3507 5339 3664 5392 certo

2017 5451 2262 5494 numero
2321 5436 2660 5488 sanctorum
2721 5446 2986 5498 suorum,
3025 5431 3091 5483 ut
3137 5426 3354 5498 quibus
3404 5442 3520 5481 non
3567 5443 3662 5481 ex-

2017 5523 2179 5600 pedit
2207 5524 2266 5578 in
2298 5522 2477 5593 hujus
2517 5519 2646 5577 vitae
2689 5518 3008 5576 tentatione
3037 5515 3345 5582 securitas,
3379 5531 3496 5572 non
3537 5532 3666 5588 pos-

2017 5614 2136 5674 sint
2163 5628 2291 5672 esse
2321 5609 2530 5670 securi.
2563 5607 2777 5669 Multos
2809 5607 2966 5666 enim
2997 5621 3031 5663 a
3057 5604 3387 5681 perniciosa
3414 5605 3664 5665 elatione
