3970 6182
356 339 471 402 195

1283 340 1666 402 IIlNCMAllI
1713 337 2164 402 RIIEMENSIS
2210 337 2830 402 AllCIilEPISCOPI.

3640 337 3759 400 196

351 473 619 547 reprimit
647 472 804 545 quod
845 472 927 528 ait
964 471 1278 544 Apostolus
1310 489 1324 528 :
1361 472 1694 546 Quam-apter
1721 475 1819 546 qui
1847 471 1999 528 vide-
2025 472 2080 539 Α
2111 475 2169 528 te
2198 446 2602 538 inutiles,cum
2622 469 2909 543 templum
2933 485 3158 542 magna:
3181 469 3376 526 Dianae
3397 471 3552 544 apud
3576 471 3762 547 Ephe-

349 573 442 620 tur
467 569 612 618 stare
639 561 818 616 videat
841 576 913 615 ne
941 559 1116 615 cadat.
1143 559 1521 617 Voluntatem
1553 567 1746 617 autem
1779 579 1887 616 sua
1912 577 2000 616 ca-

350 653 436 708 dit
459 650 561 724 qui
592 649 768 715 cadit,
793 652 852 704 et
881 647 1180 704 voluntate
1209 649 1310 705 Dei
1343 655 1458 705 stat
1486 649 1584 722 qui
1619 653 1756 706 stat.
1790 649 2001 706 Potens

348 744 438 796 est
451 738 609 795 enim
629 737 781 793 Deus
798 740 1054 794 statuere
1071 736 1258 793 illum.
1275 737 1399 794 Non
1417 755 1554 810 ergo
1573 738 1698 810 ipse
1715 737 1997 810 seipsum,

348 828 452 885 sed
473 825 1070 883 Deus.Verumtamen
1089 827 1309 882 bonum
1325 831 1415 882 est
1435 843 1550 882 non
1563 826 1747 882 altum
1771 843 1996 900 sapere,

349 916 450 972 sed
481 915 706 971 timere.
733 915 796 970 In
826 912 1175 987 cogitatione
1207 931 1316 970 sua
1339 913 1428 971 vel
1447 915 1603 970 cadit
1623 913 1892 987 quisque,
1908 913 1996 970 vel

347 1009 484 1062 stat.
517 1003 682 1060 Sicut
710 1008 906 1060 autem
953 1003 1270 1075 Apostolus
1299 1004 1401 1068 ait,
1426 1003 1582 1076 quod
1611 1003 1670 1058 in
1701 1003 1850 1060 libro
1899 1020 1997 1060 su-

346 1093 572 1168 periore
594 1091 912 1149 memoravi
936 1109 950 1148 :
975 1091 1092 1148 Non
1113 1108 1304 1148 sumus
1331 1092 1517 1148 idonei
1533 1093 1768 1164 cogitare
1783 1091 2000 1165 aliquid

349 1184 511 1256 quasi
535 1199 606 1238 ea:
629 1182 1053 1253 nobismetipsis,
1083 1180 1176 1236 sed
1219 1181 1552 1252 sufﬁcientia
1579 1189 1765 1238 nostra
1797 1197 1867 1236 ea:
1892 1181 1998 1238 Deo

345 1283 425 1334 est
451 1278 536 1345 (II
550 1271 672 1328 Cor.
703 1288 786 1338 Ill,
811 1273 928 1338 5).»
954 1271 1136 1335 Quem
1167 1274 1404 1324 secutus
1443 1272 1502 1324 et
1530 1269 1735 1325 beatus
1760 1269 2000 1324 Ambro-

347 1365 474 1421 sius
502 1361 680 1418 audet
707 1365 765 1416 et
792 1358 935 1414 dicit
959 1375 1016 1414 ;‹‹
1045 1357 1170 1414 Non
1201 1357 1356 1412 enim
1386 1357 1447 1412 in
1480 1362 1766 1430 potestate
1797 1361 1999 1413 nostra

348 1471 448 1510 cor
475 1454 742 1508 nostrum
766 1451 824 1504 et
845 1445 1228 1518 cogitationes
1249 1451 1481 1502 nostrae.
1499 1447 1661 1514 Quod
1682 1447 1874 1502 omnis
1891 1446 1996 1518 qui

349 1539 652 1598 humiliter
679 1541 738 1593 et
768 1535 1046 1592 veraciter
1077 1535 1212 1606 pius
1230 1539 1338 1599 est,
1361 1551 1490 1590 esse
1509 1533 1853 1591 verissimus
1873 1551 2000 1591 sen-

345 1630 436 1686 tit.
465 1651 494 1680 υ
521 1629 884 1698 Quapropter
908 1623 1029 1679 haec
1061 1640 1186 1695 qum
1225 1622 1574 1695 scripsimus
1606 1623 1996 1696 capitulorum

347 1715 694 1789 compilator
723 1715 958 1785 relegat,
982 1716 1040 1768 et
1063 1712 1257 1768 videat
1277 1711 1326 1767 si
1351 1711 1409 1767 in
1433 1711 1540 1780 eis,
1564 1711 1647 1768 uti
1671 1711 1731 1768 in
1758 1711 1997 1784 praefato

346 1811 507 1863 sexto
537 1801 795 1876 capitulo
843 1801 1180 1872 scripserat,
1207 1799 1420 1873 poterit
1461 1799 1722 1856 invenire
1768 1800 2002 1874 ineptas

347 1891 891 1968 quaestiunculasmt
907 1888 1094 1945 aniles
1114 1905 1260 1960 pene
1277 1888 1814 1956 fabellas,Seottoru
1823 1906 1998 1961 mque

348 1981 542 2056 pultes
574 1977 815 2052 puritati
849 1977 982 2032 ﬁdei
1013 1993 1292 2032 nauseam
1326 1977 1662 2043 inferentes,
1689 1995 1815 2049 quae
1845 1977 1996 2050 peri-

347 2067 739 2126 culosissimis
756 2071 813 2121 et
833 2064 1194 2138 gravissimis
1211 2069 1326 2120 tem
1335 2065 1669 2137 poribus,ad
1691 2066 1996 2121 cumulum

349 2158 618 2213 laborum
653 2159 1009 2219 nostrorum,
1039 2170 1227 2226 usque
1259 2154 1332 2208 ad
1371 2153 1715 2209 scissionem
1745 2155 1996 2210 Charita-

346 2248 446 2317 tis,
469 2243 882 2300 miserabiliter
900 2248 958 2297 et
988 2241 1442 2314 lacrymabiliter
1470 2247 1899 2310 succreverunt,
1925 2259 1996 2299 ne

351 2339 576 2392 mentes
605 2331 946 2388 Christianas
978 2331 1114 2386 inde
1157 2337 1629 2402 corrumpantur,
1645 2335 1702 2387 et
1729 2331 1999 2387 excidant

350 2443 384 2480 a
413 2421 791 2495 simplicitate
821 2425 878 2476 et
907 2417 1172 2474 castitate
1211 2419 1342 2474 fidei
1377 2437 1502 2491 quae
1543 2424 1633 2476 est
1665 2420 1723 2474 in
1764 2419 1994 2475 Christo

347 2515 511 2570 Jesu.
534 2509 741 2565 Videat
770 2507 1174 2575 nihilominus,
1199 2506 1248 2562 si
1279 2509 1350 2564 de
1379 2509 1610 2564 duobus
1640 2509 1996 2582 praascriptis

353 2599 648 2674 capitulis,
669 2603 728 2654 et
749 2599 820 2654 de
849 2597 980 2652 aliis
1009 2597 1185 2652 etiam
1209 2597 1441 2652 duobus
1467 2597 1526 2652 in
1561 2615 1834 2671 processu
1857 2599 1998 2654 scri-

350 2688 580 2756 bendis,
613 2704 739 2760 quae
781 2704 850 2742 ex
886 2685 1306 2741 catholicorum
1345 2686 1536 2740 verbis
1571 2687 1990 2760 excerpsimus,

350 2777 691 2834 Cbristianaa
711 2778 939 2831 mentes
955 2777 1424 2847 corrumpantur,
1439 2793 1508 2830 ex
1520 2775 1790 2830 excidant
1805 2792 1840 2831 a
1859 2775 1997 2832 sim-

349 2866 607 2940 plicitate
635 2870 694 2921 et
721 2864 991 2920 castitate
1023 2863 1154 2918 ﬁdei
1186 2881 1314 2935 qua:
1347 2868 1436 2919 est
1465 2863 1524 2918 in
1556 2863 1786 2920 Christo
1815 2865 1990 2934 Jesu;

345 2973 420 3011 an
443 2956 514 3010 de
543 2953 816 3026 illis,quae
839 2951 962 3024 ipse
981 2968 1116 3006 cum
1140 2951 1438 3007 modernis
1465 2952 1993 3011 Praedestinatianis

333 3049 404 3100 et
435 3043 761 3116 priscorum
801 3040 1452 3097 Prtedestinatianorum
1483 3040 1992 3099 anathematizatis

343 3131 632 3205 excerpsit
651 3129 1184 3197 adinventionibus,
1208 3129 1280 3184 ad
1303 3147 1700 3201 compressam
1725 3137 1783 3186 et
1805 3132 1994 3188 fundi-

299 3225 442 3277 'tus
491 3203 838 3276 exstinctam
898 3217 1165 3273 haeresim
1221 3218 1860 3291 resuscitandam,quaa
1916 3220 1989 3276 ad
2019 3203 2062 3270 (ἶ

341 3307 648 3364 cumulum
693 3305 958 3361 laborum
1001 3309 1356 3372 nostrorum,
1389 3305 1903 3376 periculosissimis
1933 3314 1992 3365 et

341 3393 706 3470 gravissimis
735 3393 1120 3466 temporibus,
1139 3409 1324 3465 usque
1343 3395 1413 3449 ad
1444 3395 1742 3452 unanimis
1763 3397 1992 3454 scissio-

344 3501 477 3539 nem
539 3482 917 3538 fraternitatis
975 3481 1390 3538 miserabiliter
1433 3487 1492 3538 et
1538 3483 2026 3558 Iacrymabiliter'

343 3575 694 3626 removetur.

849 3704 1003 3760 182
1044 3703 1274 3760 CAPUT
1312 3704 1478 3760 XXII.

341 3812 413 3862 De
439 3827 496 3862 eo
524 3811 615 3876 qui
643 3809 714 3859 ml
741 3809 1180 3874 reprehensionem
1211 3813 1424 3860 istarum
1463 3813 1804 3878 capitulorum
1835 3815 1988 3864 tacito

397 3897 488 3931 suo
515 3882 742 3941 nomine,
771 3879 1002 3928 libellum
1032 3883 1332 3947 composuit,
1362 3885 1411 3932 el
1447 3883 1512 3932 de
1550 3885 1814 3934 sententiis
1839 3899 1988 3948 syno-

399 3951 626 4011 dalibus,
673 3966 802 4016 quas
847 3951 1155 4015 compilatar
1195 3953 1538 4018 capitulorum
1575 3954 1723 4004 nobis
1767 3971 1798 4004 α
1844 3957 1990 4020 regia

395 4021 712 4074 sublimitate
739 4022 980 4073 datorum
1021 4023 1246 4088 collegit,
1284 4023 1455 4074 volens
1494 4025 1762 4076 ostendere
1791 4025 1855 4076 ab
1885 4027 1990 4076 illis

395 4107 490 4146 nos
518 4093 858 4144 discordans.

408 4201 670 4274 Denique
701 4200 1008 4273 subjunxit
1035 4205 1092 4258 et
1118 4201 1477 4274 compositor
1513 4201 1924 4274 capitulorum,
1955 4221 1991 4261 a

332 4295 528 4348 vestra
557 4289 923 4346 sublimitate
953 4293 1162 4346 nostrae
1194 4289 1513 4345 humilitati
1545 4291 1838 4359 datorum,
1864 4310 1991 4349 sen-

331 4379 550 4436 tentias
581 4382 921 4436 sanctorum
945 4378 1184 4434 Patrum
1213 4377 1578 4450 capitulatim
1599 4380 1986 4454 conscriptas,

333 4467 584 4524 evidenti
618 4466 1045 4540 signiﬁcatione
1069 4466 1460 4539 proclamans,
1485 4472 1552 4524 ut
1573 4469 1711 4540 quia
1730 4469 1988 4542 capitula

2108 577 2240 615 sum
2273 559 2648 626 incendisset,
2663 559 3121 631 comprehensus
3141 563 3201 614 et
3230 559 3622 632 interrogatus
3651 579 3760 618 cur

2107 648 2250 704 talia
2265 647 2980 721 priesumpsisset,dicitur
2993 647 3366 720 respondisse
3380 648 3548 716 :Quia
3560 651 3756 720 bonis,

2107 737 2323 810 inquit,
2345 737 2461 792 non
2494 736 2656 808 potui
2693 736 3074 802 innotescere,
3099 735 3309 792 saltem
3335 737 3424 794 vel
3462 739 3637 796 malis
3665 739 3758 796 in-

2105 829 2486 884 notescerem.
2512 827 2656 882 Nam
2687 826 2944 886 etisdem
2976 825 3395 902 quiprzefatum
3426 833 3629 886 contra
3649 851 3759 894 nos

2107 913 2344 986 scripsit
2371 914 2658 982 libellum,
2677 922 2966 988 quantum
2995 919 3169 974 datur
3194 919 3464 994 intelligi,
3487 921 3537 978 si
3568 928 3756 981 artem

2107 1003 2285 1059 sciret
2313 1021 2429 1076 qua
2455 1008 2656 1060 votum
2687 1022 2860 1061 suum
2889 1007 2962 1062 ad
2993 1007 3264 1064 effectum
3292 1011 3446 1082 quod
3467 1011 3762 1070 desidera-

2105 1097 2266 1148 verat
2323 1093 2642 1164 perducere
2686 1093 2986 1163 valuisset,
3021 1100 3086 1152 ut
3141 1097 3502 1156 innotescere
3559 1107 3761 1174 posset

2105 1179 2429 1237 voluntarie
2487 1181 2794 1239 haereticus
2851 1187 3026 1240 esset.
3068 1185 3180 1241 Sed
3231 1187 3371 1259 quia
3421 1193 3759 1248 contractus

2106 1267 2373 1336 scientia,
2388 1273 2447 1325 et
2471 1269 2790 1327 distractus
2803 1271 3114 1342 jactantia,
3137 1290 3243 1330 nec
3264 1280 3552 1348 quantum
3572 1279 3762 1336 voluit

2105 1357 2312 1412 docere
2333 1374 2511 1429 prava
2531 1357 2856 1430 praevaluit,
2871 1364 2929 1414 et
2948 1363 3283 1434 arrogantia
3301 1363 3562 1434 inﬂatus,
3577 1371 3758 1442 atque

2098 1445 2385 1516 jactantia
2403 1445 2560 1505 velut
2585 1447 2942 1518 quibusdam
2965 1448 3292 1508 calcaribus
3313 1451 3676 1524 stimulatus,
3697 1464 3760 1514 et

2106 1534 2274 1606 quasi
2324 1535 2578 1606 quodam
2637 1537 2930 1608 pressorio
2977 1555 3314 1612 oppressus,
3336 1542 3491 1600 intra
3534 1544 3757 1602 silentii

2107 1629 2296 1678 metas
2327 1622 2442 1679 sini
2467 1623 2663 1696 aliquo
2693 1641 2836 1680 sono
2867 1641 2930 1681 se
2961 1626 3231 1684 cohibere
3260 1645 3374 1685 non
3405 1633 3618 1704 potuit.
3651 1634 3757 1690 Cui

2107 1710 2166 1766 in
2199 1728 2380 1785 supra
2404 1713 2743 1770 memoratis
2771 1712 3006 1784 libellis,
3031 1722 3320 1786 quantum
3340 1719 3534 1776 omnis
3553 1723 3757 1794 gratia

2109 1799 2354 1876 largitor
2370 1801 2512 1857 dare
2531 1801 2814 1874 dignatus.
2827 1808 2936 1872 est,
2950 1821 3086 1860 cum
3107 1804 3238 1861 aliis
3259 1823 3462 1865 recens
3478 1814 3760 1870 reexortis

2109 1889 2640 1946 Praedestinatianis
2661 1891 3095 1964 respondimus.
3109 1895 3222 1950 Sed
3243 1899 3304 1952 et
3320 1898 3598 1968 quoniam
3618 1899 3761 1957 isto-

2107 1993 2238 2031 rum
2271 1975 2827 2050 capitulorum,quse
2857 1977 3010 2034 inter
3029 1995 3242 2037 manus
3271 1981 3577 2054 habemus,
3600 2004 3768 2047 com-

2107 2065 2329 2136 positor
2355 2064 2638 2120 Africanze
2667 2071 2725 2120 et
2759 2067 3049 2122 Arausicae
3079 2070 3442 2142 Synodorum
3473 2075 3608 2131 fecit
3639 2094 3760 2134 me-

2106 2153 2376 2222 moriam,
2410 2158 2469 2209 et
2508 2149 2882 2226 conscriptas
2901 2157 3221 2214 sententias
3275 2162 3401 2218 suis
3447 2165 3760 2236 subjunxit

2105 2241 2402 2314 capitulis,
2434 2258 2506 2297 ne
2559 2244 2824 2314 refugere
2852 2245 3155 2302 videamur
3197 2253 3606 2320 praetermissis
3662 2272 3755 2312 re-

2104 2331 2485 2404 sponsionum
2544 2331 2706 2387 illius
2763 2333 3210 2403 objectionibus,
3243 2342 3300 2392 et
3329 2355 3364 2394 a
3399 2355 3757 2416 quocunque

2104 2421 2334 2477 dicatur
2360 2437 2468 2475 nos
2517 2418 2600 2475 illi
2651 2437 2766 2476 non
2798 2421 3069 2489 voluisse,
3103 2425 3202 2479 sed
3254 2430 3602 2499 respondere
3633 2449 3754 2489 non

2102 2509 2397 2583 potuisse,
2462 2509 2729 2582 nullique
2794 2510 3158 2582 subripiatur
3230 2516 3519 2588 suspicio,
3579 2521 3754 2592 quasi

2102 2599 2426 2671 capitulum
2459 2617 2494 2654 a
2524 2598 2693 2655 nobis
2723 2605 3058 2671 excerptum
3103 2602 3177 2656 ab
3216 2602 3308 2660 his
3351 2605 3584 2664 Patrum
3617 2626 3756 2665 sen-

2103 2688 2303 2745 tentiis
2358 2688 2673 2757 discordet,
2696 2693 3068 2745 conteremus
3099 2689 3252 2747 sicut
3299 2711 3496 2752 revera
3550 2698 3624 2753 ad
3677 2695 3761 2754 li-

2102 2794 2272 2834 neam
2305 2782 2474 2834 rectas
2532 2776 2689 2843 ﬁdei,
2721 2775 2980 2848 capitula
3007 2794 3041 2832 a
3070 2779 3240 2837 nobis
3294 2789 3564 2858 excerpta
3617 2785 3756 2845 istis

2103 2867 2340 2923 Patrum
2391 2865 2718 2932 sententiis,
2749 2869 2807 2921 et
2831 2865 3024 2922 videat
3051 2867 3233 2924 lector
3278 2871 3328 2926 si
3387 2871 3478 2929 his
3535 2879 3756 2948 poterit

2101 2954 2428 3012 convenire.
2463 2953 2746 3010 Ponentes
2796 2953 3050 3026 primum
3091 2958 3162 3012 de
3209 2960 3449 3032 synodis
3495 2979 3754 3036 quarum

2102 3043 2448 3100 memoriam
2507 3043 2663 3112 fecit,
2707 3044 2945 3100 demum
2995 3045 3066 3100 de
3121 3042 3430 3106 sententiis
3486 3052 3752 3122 Patrum,

2101 3149 2250 3204 quas
2308 3149 2415 3188 suo
2474 3131 2780 3202 subjunxit
2835 3132 3110 3205 capitulo,
3143 3152 3351 3192 sensus
3407 3142 3752 3200 earumdem

2099 3223 2254 3277 183
2286 3220 2709 3277 sententiarum
2757 3236 2827 3276 ex
2875 3221 3147 3294 capitulis
3179 3241 3214 3280 a
3242 3227 3411 3283 nobis
3461 3232 3755 3303 excerptis

2099 3325 2440 3382 comparare
2489 3325 2782 3365 curemus.
2810 3310 3062 3366 Sanctus
3101 3311 3450 3372 Coelestinus
3483 3318 3657 3390 (epist.
3694 3321 3755 3394 8)

2099 3399 2170 3454 ad
2199 3397 2510 3454 Venerium
2540 3403 2598 3454 et
2625 3398 2698 3454 ad
2729 3397 2874 3454 alios
2904 3399 3232 3457 Gallicanos
3263 3404 3566 3479 episcopos
3596 3409 3754 3465 scri-

2099 3489 2262 3556 bens,
2289 3487 2350 3544 in
2377 3487 2658 3543 Decretali
2691 3504 2800 3543 sua
2829 3487 3076 3560 epistola
3105 3489 3186 3546 ita
3215 3491 3357 3548 dicit
3395 3495 3466 3549 ad
3500 3495 3697 3554 locum
3735 3515 3751 3556 :

2099 3600 2127 3628 «
2161 3577 2306 3643 Quid
2339 3581 2592 3632 rectores
2641 3577 2915 3632 Romanis
2965 3577 3233 3634 Ecclesia:
3264 3581 3334 3637 de
3382 3582 3585 3641 haeresi
3617 3602 3755 3658 qua:

2098 3683 2299 3722 eorum
2325 3665 2686 3738 temporibus
2715 3671 2911 3722 exorta
2939 3667 3146 3735 fuerat,
3163 3669 3510 3742 judicarint,
3529 3679 3587 3730 et
3615 3691 3762 3732 con-

2096 3760 2188 3810 tra
2217 3753 2669 3809 nocentissimos
2719 3754 2886 3810 liberi
2941 3757 3170 3812 arbitrii
3215 3759 3570 3828 defensores,
3602 3764 3754 3835 quid

2098 3845 2170 3899 de
2201 3843 2388 3916 gratia
2439 3842 2541 3898 Dei
2591 3843 2962 3898 sentiendum
2995 3861 3124 3900 esse
3169 3849 3523 3916 censuerint,
3552 3850 3634 3906 ita
3686 3857 3758 3910 ut

2097 3931 2272 3988 etiam
2293 3930 2698 3987 Africanorum
2722 3931 3102 3987 conciliorum
3121 3935 3405 4006 quasdam
3427 3939 3758 3998 sententias

2089 4022 2498 4094 jungeremus,
2533 4035 2680 4092 quas
2711 4018 2914 4092 utique
2956 4037 3094 4076 suas
3135 4021 3416 4080 facientes
3444 4027 3755 4098 apostolici

2099 4109 2392 4166 antistites
2421 4109 2899 4182 comprobarunt.
2919 4109 2994 4166 Ut
3011 4125 3150 4182 ergo
3171 4109 3402 4184 plenius
3422 4114 3522 4187 qui
3555 4115 3616 4170 in
3648 4116 3759 4172 ali-

2097 4215 2214 4272 quo
2237 4199 2509 4255 dubitant
2528 4197 2919 4266 instruantur,
2939 4199 3388 4258 constitutiones
3407 4209 3756 4264 sanctorum

2097 4287 2335 4343 Patrum
2367 4285 2780 4360 compendioso
2807 4287 3255 4345 manit'estamus
3283 4289 3543 4348 indiculo
3567 4309 3580 4350 :
3607 4310 3755 4366 quo,

2096 4376 2145 4433 si
2169 4376 2302 4448 quis
2328 4392 2444 4431 non
2475 4375 2726 4432 nimium
2759 4380 2849 4432 est
2871 4381 3296 4446 contentiosus,
3319 4386 3602 4453 agnoscat
3629 4400 3760 4440 om.

2095 4465 2261 4522 nium
2293 4463 2759 4536 disputationum
2791 4465 3209 4522 connexionem
3240 4484 3309 4524 ex
3341 4467 3452 4524 hac
3481 4470 3758 4528 subdita-

333 4570 369 4610 a
389 4554 556 4610 nobis
577 4560 846 4627 excerpta
867 4555 1203 4610 discordant
1231 4572 1266 4611 a
1297 4557 1410 4612 ﬁde
1449 4555 1568 4626 illa,
1593 4557 1784 4614 ﬁdelis
1821 4559 1984 4631 quis-
2015 4563 2061 4629 D
2092 4571 2223 4610 rum
2243 4553 2661 4610 auctoritatum
2683 4552 2962 4610 brevitate
2985 4556 3256 4628 pendere,
3273 4555 3619 4631 nullamque
3635 4559 3756 4617 sibi

333 4657 449 4714 que
479 4645 703 4698 teneret
731 4642 983 4698 fideliter
1013 4659 1140 4714 quae
1181 4643 1350 4716 quasi
1382 4644 1453 4700 de
1492 4645 1708 4702 abditis
1749 4647 1985 4703 Patrum

332 4729 570 4803 scriptis
616 4729 805 4786 isdem
862 4730 1098 4802 pietatis
1149 4733 1344 4788 studio
1399 4732 1698 4802 relevarat,
1731 4739 1789 4790 et
1817 4735 1986 4808 quasi

335 4817 762 4892 promulgando
785 4819 1132 4877 decreverat.
1147 4823 1302 4887 Quas
1323 4821 1500 4878 etiam
1521 4823 1842 4880 sententias
1863 4825 1988 4897 qui-

331 4907 470 4963 dam
501 4907 704 4980 lingua
734 4907 1009 4976 rusticus,
1045 4926 1223 4965 sensu
1259 4909 1630 4979 insulsus,'et
1661 4913 1986 4968 secundum

254 5031 257 5038 ε
334 4995 484 5054 scire
533 5013 710 5052 suum
763 4996 1150 5072 intelligentia
1197 5015 1435 5071 pravus,
1465 4998 1661 5056 libello
1717 4999 1984 5068 inseruit,

335 5101 534 5158 quem,
556 5083 731 5141 tacito
763 5101 870 5141 suo
903 5086 1157 5154 nomine,
1181 5086 1638 5158 incompositum
1661 5086 1806 5158 satis
1835 5103 1990 5143 com-

331 5173 550 5246 posuit.
577 5173 639 5229 In
671 5189 786 5246 quo
821 5178 1076 5246 quatuor
1104 5191 1140 5230 a
1169 5173 1338 5230 nobis
1386 5179 1658 5246 excerpta
1703 5175 1980 5248 capitula,

332 5267 620 5334 quantum
643 5279 711 5318 ex
733 5262 860 5334 ipso
888 5262 1361 5334 fuit,discerpere
1383 5267 1441 5318 et
1461 5263 1730 5319 haeretica
1751 5264 1986 5321 demon-

331 5355 516 5406 strare
538 5351 786 5418 curavit,
807 5356 874 5406 ut
896 5351 966 5406 de
987 5350 1201 5424 pusillo
1223 5367 1491 5407 crescens
1521 5354 1710 5424 major
1729 5355 1893 5410 fieret
1911 5355 1983 5410 de

333 5438 578 5508 minore,
602 5444 660 5496 et
680 5440 752 5496 de
785 5439 1001 5496 nostris
1031 5437 1417 5511 hlasphemiis
1437 5440 1577 5512 quia
1607 5441 1678 5496 de
1710 5441 1834 5499 suis
1864 5459 1982 5500 non

332 5530 558 5600 poterat
585 5526 884 5596 laudibus,
910 5533 1131 5584 emeret
1160 5527 1334 5584 modo
1356 5544 1708 5602 quocunque
1735 5531 1980 5587 favores.

331 5614 498 5676 Sicut
512 5617 584 5676 do
598 5618 852 5696 quodam
876 5619 1060 5678 fertur
1079 5616 1446 5680 adolescente
1467 5635 1734 5680 rumores
1749 5624 1984 5698 captan-

2097 4641 2576 4699 contradictionis
2599 4657 2905 4714 superesse
2935 4643 3242 4713 rationem,
3265 4645 3315 4700 si
3337 4661 3471 4702 cum
3502 4648 3756 4705 catholi-

2095 4731 2180 4788 cis
2201 4731 2401 4788 credat
2419 4735 2478 4786 et
2497 4730 2654 4786 dicat
2676 4735 2814 4804 (cap.
2839 4730 2912 4804 1).
2937 4732 3099 4797 Quod
3119 4733 3307 4790 Adam
3327 4749 3535 4790 omnes
3555 4735 3756 4794 homi-

2095 4837 2200 4876 nes
2231 4819 2461 4888 Iteserit,
2486 4835 2593 4876 nec
2611 4836 2968 4893 quemquam
2994 4820 3108 4876 nisi
3130 4821 3344 4878 Christi
3365 4823 3556 4896 gratia
3574 4841 3759 4897 posse

2095 4908 2328 4964 salvari.
2354 4930 2382 4958 »
2404 4909 2474 4963 Et
2503 4922 2610 4965 nos
2640 4907 2760 4964 haec
2779 4909 2982 4964 eadem
3005 4909 3260 4965 diximus
3293 4911 3352 4966 in
3379 4911 3570 4984 primo
3593 4914 3761 4987 capi-

2092 4997 2217 5053 tulo
2247 5001 2531 5070 ponentes
2562 5014 2576 5053 :
2601 5019 2631 5048 ‹‹
2655 4997 2838 5053 Homo
2885 4997 3067 5054 libero
3099 4997 3336 5055 arbitrio
3386 4999 3540 5056 male
3569 5007 3757 5059 utens

2093 5085 2354 5157 peccavit
2383 5089 2440 5140 et
2465 5085 2696 5154 cecidit,
2717 5090 2774 5142 et
2817 5086 3005 5143 factus
3035 5091 3126 5142 est
3153 5103 3351 5144 massa
3395 5089 3759 5160 perditionis

2093 5174 2276 5230 totius
2297 5173 2542 5230 humani
2562 5173 2849 5246 generis.»
2873 5175 3223 5232 Prosecutus
3243 5179 3333 5233 est
3351 5181 3594 5234 sanctus
3615 5179 3759 5236 Coe-

2091 5262 2340 5319 lestinus
2369 5263 2572 5320 dicens
2593 5270 2732 5336 (cap.
2754 5266 2822 5318 2:
2842 5286 2869 5314 «
2895 5265 3058 5330 Quod
3088 5281 3260 5321 nemo
3289 5265 3367 5321 sit
3394 5265 3586 5324 bonus
3619 5269 3760 5328 suis

2089 5351 2454 5422 viribus,nisi
2477 5350 2919 5424 participatione
2937 5353 3066 5424 ejus
3085 5352 3186 5425 qui
3203 5353 3364 5410 solus
3383 5355 3474 5410 est
3493 5355 3759 5412 bonus.»

2091 5441 2208 5498 Nos
2237 5456 2470 5514 quoque
2501 5440 2660 5498 illius
2709 5441 3034 5498 doctrinam
3077 5447 3386 5515 sequentes
3434 5442 3699 5502 diximus
3739 5464 3758 5504 :

2091 5553 2120 5582 ‹‹
2153 5531 2307 5587 Deus
2337 5529 2528 5586 bonus
2557 5533 2616 5585 et
2635 5531 2840 5602 justus
2867 5529 3042 5606 elegit
3070 5548 3139 5588 ex
3158 5532 3363 5588 eadem
3389 5548 3590 5589 massa
3619 5549 3765 5606 per-

2091 5619 2331 5680 ditionis
2361 5635 2508 5697 quos
2537 5635 2642 5698 per
2675 5619 2926 5698 gratiam
2969 5619 3405 5702 praedestinavit
3435 5620 3510 5684 ad
3537 5619 3762 5700 vitam,
