3970 6182
204 308 304 366 201

915 307 1016 366 DE
1057 308 1817 371 PRIEDESTINATIONE
1860 309 2374 374 DlSSEll'l‘ATIO
2415 305 2874 376 POSTERIOR.

3475 315 3592 378 203

204 441 306 496 bus
361 437 576 505 verbis,
617 441 855 510 propter
911 438 1106 496 minus
1166 441 1470 514 capacium
1530 441 1844 514 minusque
1870 442 1926 511 Α
1961 443 2272 500 ambulans
2317 444 2443 502 sine
2471 445 2584 515 via,
2620 445 3031 518 profundiores
3077 447 3338 504 intrabat
3368 463 3595 506 errores

199 528 592 584 studiosorum
643 526 936 596 inertiam,
985 529 1395 586 contexuimus
1445 548 1480 585 a
1528 531 1841 586 reverenda

198 620 248 672 et
271 616 606 672 veneranda
646 619 820 688 atque
859 615 1145 672 catholica
1182 617 1510 689 prolixitate
1540 623 1839 676 tantorum

196 706 514 772 doctorum,
541 720 649 760 nec
678 703 736 759 in
771 703 965 776 aliquo
1003 706 1403 764 deviavimus:
1437 725 1570 764 cum
1611 713 1840 765 constet

197 794 324 868 quia
366 795 703 868 quicunque
753 803 860 850 nos
909 800 1190 852 venenato
1239 797 1414 853 dente
1461 799 1662 854 rodere
1713 799 1840 854 sine

197 900 368 940 causa
395 883 690 953 maluerit,
723 900 784 940 se
812 883 1183 956 malevolum,
1215 890 1274 940 et
1312 903 1427 941 non
1459 903 1564 943 nos
1595 903 1710 942 non
1743 904 1837 942 ea-

197 971 436 1029 tholicos
467 971 891 1044 comprobabit.

254 1060 424 1116 Nunc
444 1061 514 1116 de
542 1060 848 1118 sententiis
881 1063 1242 1132 memoratis,
1267 1079 1416 1135 quas
1447 1063 1836 1137 capitulorum

196 1149 545 1222 compositor
573 1150 970 1219 adnotaverat,
1002 1151 1360 1209 videamus.«
1391 1155 1446 1208 1°
1474 1154 1536 1208 ln
1568 1155 1835 1228 praevari-

197 1239 414 1296 catione
436 1241 571 1296 Adae
591 1257 795 1297 omnes
821 1241 1090 1299 homines
1121 1241 1446 1300 naturalem
1479 1243 1835 1316 possibilita-

195 1333 300 1384 tem
322 1333 386 1385 et
417 1328 810 1385 innocentiam
837 1331 1184 1402 perdidisse,
1207 1337 1262 1388 et
1295 1333 1590 1389 nominem
1612 1334 1681 1390 de
1703 1351 1834 1406 pro-

197 1418 368 1474 fundo
391 1417 550 1474 illius
572 1418 751 1476 ruina:
774 1436 876 1492 per
895 1419 1145 1477 liberum
1169 1421 1479 1478 arbitrium
1503 1439 1672 1495 posse
1699 1439 1834 1478 con-

195 1506 575 1578 surgere,nisi
606 1524 741 1564 eum
781 1507 970 1580 gratia
1006 1509 1110 1564 Dei
1140 1509 1476 1568 miserantis
1513 1511 1778 1568 erexerit.
1806 1533 1834 1562 »

193 1593 296 1650 Nec
330 1611 444 1650 nos
472 1597 814 1669 negavimus
856 1596 916 1652 in
957 1599 1429 1670 praevaricatione
1457 1601 1590 1656 Adae
1631 1617 1835 1657 omnes

193 1681 457 1740 homines
486 1683 813 1742 naturalem
843 1685 1296 1759 possibilitatem
1335 1693 1391 1745 et
1439 1689 1833 1746 innocentiam

192 1771 532 1842 perdidisse,
555 1772 815 1830 dicentes
842 1791 890 1830 :«
919 1774 1269 1831 Libertatem
1301 1778 1525 1833 arbitrii
1557 1778 1614 1833 in
1647 1777 1836 1851 primo

191 1860 426 1917 homine
477 1862 918 1933 perdidimus.»
950 1863 1045 1918 Sic
1095 1869 1153 1919 et
1201 1869 1440 1921 sanctus
1469 1867 1834 1938 Augustinus

187 1948 326 2005 dixit
375 1950 440 2006 in
487 1950 636 2008 libro
663 1952 736 2008 de
765 1939 1137 2025 Correptionc
1187 1957 1242 2008 et
1291 1954 1488 2010 Gratia
1517 1961 1657 2028 (cap.
1695 1959 1782 2025 12)
1815 1975 1828 2014 :

189 2060 214 2088 α
236 2038 411 2096 Nunc
441 2057 592 2108 vero,
624 2039 920 2113 inquiens,
955 2047 1336 2114 posteaquam
1368 2048 1457 2098 est
1487 2043 1589 2100 illa
1619 2061 1833 2118 magna

187 2129 408 2199 peccati
458 2129 659 2186 merito
708 2129 928 2186 amissa
981 2130 1241 2200 libertas,
1274 2132 1450 2188 etiam
1509 2135 1831 2205 majoribus

187 2216 358 2272 donis
405 2217 732 2288 adjuvanda
783 2219 1068 2276 remansit
1113 2221 1449 2276 inﬁrmitas.
1484 2246 1510 2270 ››
1542 2223 1610 2278 Et
1637 2221 1777 2278 item
1813 2241 1826 2278 :

189 2326 214 2355 κ
240 2305 462 2362 Parum
506 2305 580 2361 sit
625 2307 849 2363 homini
885 2325 988 2380 per
1017 2307 1176 2364 illius
1224 2325 1494 2382 reparare
1542 2312 1830 2382 perditam

185 2392 531 2452 libertatem.
551 2419 578 2446 »
598 2395 747 2464 Quid
779 2396 1156 2470 appellaverit
1182 2398 1468 2470 perditam
1502 2399 1830 2456 libertatem

183 2481 307 2556 ipse
358 2485 526 2540 nobis
549 2486 831 2558 ;exponat.
865 2487 958 2541 Ait
983 2486 1137 2541 enim
1188 2487 1246 2541 in
1298 2486 1446 2545 libro
1497 2488 1830 2561 llypomne-

182 2574 372 2628 sticon
403 2573 565 2642 (libm
593 2591 654 2629 in
684 2591 796 2630 mm
837 2575 994 2647 longe
1020 2591 1055 2630 a
1079 2577 1342 2648 princip.)
1367 2593 1380 2632 :
1407 2599 1434 2628 ‹‹
1471 2577 1708 2633 Peccato
1741 2596 1826 2633 er-

177 2677 247 2732 go
277 2660 534 2717 liberum
558 2661 865 2718 arbitrium
889 2661 1144 2719 hominis
1167 2663 1574 2735 possibilitatis
1605 2666 1826 2720 bonum

174 2749 455 2821 perdidit,
485 2767 598 2806 non
647 2767 861 2807 nomen
909 2755 966 2808 et
1015 2753 1324 2808 rationem.
1354 2777 1380 2802 υ
1405 2755 1474 2809 Et
1523 2754 1830 2827 1tcm(post

169 2837 438 2908 medium)
461 2855 511 2894 :«
543 2839 689 2906 Quid
720 2840 896 2897 etiam
929 2840 1088 2897 aliud
1117 2841 1484 2898 ostendimus
1515 2842 1574 2897 in
1595 2859 1698 2898 ove
1727 2841 1829 2898 illa

170 2927 405 2999 perdita
431 2945 500 2984 ex
527 2933 761 2985 centum
807 2929 1036 2998 ovibus,
1059 2929 1174 2985 nisi
1218 2930 1466 2986 liberum
1515 2931 1825 2987 arbitrium

169 3014 580 3087 possibilitatis
623 3018 774 3074 bono
801 3017 942 3074 vitio
984 3018 1156 3091 primi
1208 3019 1464 3075 hominis
1515 3020 1759 3092 perdito,
1790 3037 1826 3076 a

164 3105 472 3175 justorum
502 3121 724 3162 errasse
761 3107 1094 3164 consortio?
1117 3130 1146 3156 n
1177 3109 1246 3163 Et
1275 3107 1413 3164 item
1449 3125 1462 3164 :
1487 3129 1515 3159 «
1549 3109 1654 3164 Per
1681 3109 1824 3164 velle

1951 533 2057 588 Sed
2095 533 2396 604 quaesitus,
2419 539 2476 590 et
2523 535 2796 592 inventus
2825 539 2883 590 et
2912 540 3239 607 reportatus
3289 541 3398 604 est,
3429 541 3488 593 et
3532 537 3593 592 in

1947 620 2040 676 via
2061 640 2186 694 quae
2211 623 2422 678 veritas
2447 627 2504 680 et
2524 623 2641 680 vita
2670 629 2758 680 est
2786 623 3178 690 introductus,
3203 640 3268 679 ac
3290 623 3596 681 dilectione

1949 709 2006 764 in
2031 709 2354 783 Deum,qui
2385 711 2550 768 illum
2574 711 2911 785 diligentem
2940 712 3099 786 prior
3117 711 3342 779 dilexit,
3361 711 3597 784 agnitus

1948 802 2094 854 est.»
2116 800 2186 854 Et
2217 804 2348 872 post
2378 799 2679 872 aliquanta
2703 818 2753 857 :«
2778 801 2904 857 Non
2937 801 3210 874 adempto
3238 799 3420 858 libero
3450 799 3599 858 enhi-

1947 887 2080 955 trio,
2106 888 2206 943 sed
2237 887 2482 944 liberato
2507 905 2520 942 :
2547 890 2704 962 quod
2730 890 2916 947 donec
2945 888 3074 946 sine
3100 894 3215 946 Deo
3239 887 3432 946 solum
3464 885 3596 954 fuit,

1947 981 2247 1032 mortuum
2283 977 2390 1033 fuit
2410 978 2678 1050 justitiae,
2700 978 2955 1052 vixitque
2982 983 3238 1051 peccato.
3259 976 3372 1034 Ubi
3395 979 3596 1034 autem

1944 1063 2006 1119 id
2053 1064 2406 1122 illuminavit
2453 1065 2854 1124 misericordia
2892 1067 3132 1138 Christi,
3163 1071 3398 1124 erutum
3443 1068 3534 1123 est
3560 1081 3600 1123 α

1945 1170 2124 1227 regno
2155 1153 2390 1222 diaboli,
2412 1159 2470 1212 et
2500 1156 2718 1213 factum
2749 1159 2840 1212 est
2869 1173 3113 1230 regnum
3143 1155 3272 1213 Dei.
3296 1155 3362 1214 In
3389 1162 3507 1228 quo
3529 1157 3600 1212 ut

1945 1259 2285 1314 permanere
2324 1243 2532 1316 possit,
2564 1261 2636 1300 ne
2677 1260 2744 1301 ea
2785 1243 3023 1318 quidem
3063 1243 3339 1302 facultate
3373 1241 3596 1306 sumsit

1945 1331 2078 1398 sibi,
2104 1331 2216 1386 nisi
2239 1331 2374 1388 inde
2395 1332 2643 1404 accipiat
2663 1331 3180 1406 perseverantiam,
3195 1332 3354 1390 unde
3371 1331 3598 1404 accepit

1944 1419 2317 1476 industriam.
2345 1442 2372 1469 »
2394 1421 2464 1476 Et
2501 1419 2642 1478 item
2677 1437 2744 1477 :«
2766 1421 2890 1478 Nisi
2921 1420 3137 1478 Christi
3180 1420 3376 1494 gratia
3411 1421 3592 1478 nefor-*-

1945 1509 2190 1564 maverit
2217 1508 2470 1567 liberum
2501 1511 2631 1583 ejus
2669 1509 2979 1567 arbitrium
3023 1510 3270 1584 agendo,
3291 1507 3592 1582 spirando,

1945 1596 2296 1667 auxiliando,
2319 1603 2376 1656 et
2395 1615 2583 1672 usque
2605 1599 2664 1655 in
2687 1600 2866 1656 ﬁnem
2887 1599 3200 1670 praeeundo
3218 1596 3588 1656 servaverit.-

1945 1691 2013 1742 Et
2041 1692 2246 1744 contra
2276 1687 2510 1745 Gallos:
2537 1710 2565 1740 «
2595 1685 2880 1755 Quoniam
2927 1686 3274 1759 priusquam
3321 1703 3357 1742 a
3404 1685 3592 1744 domi-

1945 1775 2181 1831 natione
2211 1775 2427 1832 diaboli
2461 1793 2564 1848 per
2605 1777 2707 1832 Dei
2753 1775 3004 1848 gratiam
3053 1773 3352 1846 liberetur,
3383 1773 3444 1831 in
3489 1771 3592 1832 illo

1945 1864 2233 1936 profundo
2255 1865 2436 1935 jacet,
2454 1865 2598 1936 quin
2625 1864 2933 1921 arbitrium
2965 1863 3242 1930 hominis,
3262 1863 3322 1920 in
3342 1863 3502 1936 quod
3525 1875 3592 1919 se

1943 1969 2052 2008 sua
2098 1953 2366 2009 libertate
2407 1951 2694 2021 dimersit,
2730 1975 2757 2002 »
2788 1953 2858 2008 Et
2893 1955 3137 2010 sanctus
3171 1950 3594 2024 Augustinus:

1943 2063 1970 2091 «
2005 2041 2246 2114 Propter
2273 2041 2428 2114 q'uod
2479 2059 2594 2098 non
2646 2043 2828 2097 restat
2873 2039 3192 2098 liberandis
3241 2038 3354 2096 nisi
3403 2037 3594 2112 gratis

1943 2129 2266 2187 liberantis.
2294 2153 2321 2178 ››
2347 2131 2414 2185 Et
2461 2129 2598 2186 hinc
2655 2128 2959 2186 diximus:
2993 2152 3020 2179 ‹‹
3075 2129 3350 2186 Liberum
3392 2130 3590 2188 autem

1940 2218 2229 2274 habemus
2251 2217 2580 2286 arbitrium,
2611 2218 2750 2291 quia
2769 2217 2956 2290 gratia
2976 2217 3307 2286 liberatum,
3329 2221 3386 2274 et
3404 2215 3593 2288 gratia

1941 2308 2012 2362 de
2043 2311 2314 2379 corrupto
2345 2311 2676 2363 sanatum.»
2701 2308 2761 2360 3°
2780 2305 2999 2362 Deinde
3029 2305 3345 2378 supposuit
3363 2328 3394 2356 «ι
3427 2305 3590 2372 Quod

1939 2397 2139 2451 omnia
2171 2397 2387 2462 studia,
2411 2396 2469 2452 et
2499 2395 2697 2450 omnia
2721 2413 2896 2468 opera
2915 2410 2982 2451 ac
3015 2395 3223 2452 merita
3250 2398 3590 2451 sanctorum

1941 2486 2011 2540 ad
2061 2485 2162 2540 Dei
2211 2484 2458 2557 gloriam
2505 2484 2859 2556 laudemque
2906 2483 3210 2540 referenda
3252 2483 3374 2539 sint
3403 2499 3419 2539 :
3453 2481 3594 2555 quia

1940 2591 2110 2629 nemo
2143 2573 2378 2629 aliunde
2397 2573 2448 2627 ei
2480 2573 2730 2645 placeat,
2749 2572 2864 2628 nisi
2893 2590 2960 2628 ex
2981 2589 3048 2628 eo
3078 2571 3236 2644 quod
3261 2571 3388 2645 ipse
3409 2571 3591 2628 dona-

1936 2663 2102 2717 verit.
2121 2664 2180 2717 40
2199 2663 2362 2728 Quod
2387 2663 2468 2717 ita
2489 2663 2642 2718 Deus
2673 2661 2732 2716 in
2756 2661 3032 2717 cordibus
3062 2661 3597 2732 hominum,atqne’

1936 2751 1995 2806 in
2029 2751 2156 2824 ipso
2187 2751 2369 2807 libero
2391 2755 2662 2824 operetur
2685 2749 2949 2816 arbitrio,
2965 2755 3031 2806 ut
3059 2755 3262 2806 sancta
3290 2749 3587 2823 cogitatio,
3669 2785 3678 2800 κ

1935 2840 2100 2913 pium
2132 2838 2798 2911 consilium,omnisque
2837 2843 3035 2894 motus
3073 2839 3239 2895 bona
3268 2837 3590 2896 voluntatis

1935 2945 2004 2984 ex
2033 2928 2148 2984 Deo
2180 2928 2292 2984 sit:
2318 2927 2457 3000 quia
2486 2944 2588 2998 per
2624 2927 2792 2982 illum
2825 2926 3049 2998 aliquid
3079 2925 3218 2984 boni
3241 2941 3587 3000 possumus,

1934 3017 2062 3073 sine
2092 3033 2208 3088 quo
2240 3015 2387 3071 nihil
2419 3031 2804 3087 possumus.»
2827 3017 2962 3082 Quae
2992 3032 3100 3072 nos
3127 3015 3306 3072 etiam
3337 3031 3454 3072 non
3483 3029 3586 3072 nos

1933 3121 2165 3179 gamus,
2190 3105 2308 3160 imo
2337 3103 2518 3160 etiam
2559 3103 2908 3160 conﬁtemur
2945 3104 3204 3161 dicentes
3235 3103 3382 3163 :«Et
3405 3102 3586 3160 haber-

173 3209 315 3266 ergo
347 3191 566 3250 malum
599 3199 751 3251 recte
799 3194 1055 3268 perdidit
1106 3212 1277 3268 posse
1327 3197 1568 3262 bonum,
1593 3197 1692 3268 qui
1724 3213 1827 3270 per
1855 3181 1898 3248 C
1936 3211 2072 3250 mus
2092 3193 2344 3251 liberum
2365 3193 2678 3250 arbitrium
2700 3195 2772 3250 ad
2795 3195 3016 3251 bonum
3038 3198 3396 3268 praeventum
3415 3193 3590 3252 διώ

178 3297 356 3353 posse
408 3283 626 3339 bonum
682 3283 874 3357 potuit
927 3283 1156 3342 vincere
1211 3284 1356 3341 velle
1411 3285 1722 3342 malum.»
1763 3287 1834 3342 Et
1931 3285 2132 3355 jutum
2163 3283 2406 3357 gratia.»
2428 3282 2514 3338 Ad
2535 3283 2756 3340 bonum
2775 3283 2936 3340 enim
2961 3282 3228 3340 absolute
3257 3283 3590 3356 posuimus,

179 3369 324 3426 item
359 3388 372 3425 :
402 3393 430 3422 σι
461 3372 571 3428 Sed
607 3388 743 3428 cum
772 3371 916 3429 velle
947 3377 1004 3428 et
1053 3373 1206 3429 nolle
1253 3375 1590 3446 praadueuit,
1615 3375 1709 3432 cui
1758 3377 1829 3432 ad

187 3463 506 3533 utrumque
541 3477 714 3532 posse
759 3461 1011 3518 liberum
1062 3462 1307 3518 donarat
1355 3463 1683 3534 arbitrium,
1717 3481 1832 3537 quo

187 3547 340 3605 male
371 3553 545 3606 utens
573 3550 872 3606 incautius
902 3551 1044 3606 dum
1089 3555 1296 3623 sponte
1333 3553 1586 3624 serpenti
1618 3555 1836 3626 praebet

187 3638 458 3694 suadenti
487 3655 842 3696 consensum
873 3639 1104 3695 Domini
1134 3639 1428 3712 praeterire
1458 3645 1830 3714 praeceptum,

190 3727 404 3783 amisso
433 3727 800 3800 possibilatis
847 3728 1021 3796 bono,
1050 3727 1242 3784 solum
1289 3727 1434 3784 velle
1481 3729 1699 3801 potitus
1747 3737 1837 3787 est

185 3815 581 3872 vulneratus.»
605 3817 676 3872 Et
715 3821 956 3873 sanctus
985 3816 1326 3872 Caelestinus
1365 3818 1506 3872 dicit
1533 3835 1600 3873 ex
1645 3819 1836 3875 verbis

191 3904 588 3962 S.Innocentii
613 3922 742 3978 quae
766 3907 837 3962 ad
861 3905 1320 3978 Carthaginense
1349 3906 1661 3962 concilium
1695 3909 1837 3964 seri-

193 3997 454 4064 νέω-ειμι
504 3994 802 4064 Liberum,
843 3993 1134 4067 inquiens,
1176 3995 1328 4050 138
1377 3994 1686 4052 arbitrium
1742 3997 1840 4055 ille

194 4098 524 4154 perpessus,
549 4082 609 4138 id
631 4087 722 4139 est
750 4083 976 4156 primus
1009 4083 1207 4149 homo,
1230 4084 1372 4138 dum
1395 4083 1520 4139 suis
1549 4083 1842 4141 inconsul-

195 4169 316 4225 tius
342 4171 527 4226 utitur
547 4171 742 4242 bonis,
764 4172 979 4228 cadens
999 4171 1058 4226 in
1087 4171 1579 4242 praevaricationis
1611 4175 1844 4244 profun-

196 4259 279 4314 da
295 4259 583 4316 dimersus
604 4265 717 4331 est,
730 4264 786 4316 et
805 4259 955 4315 nihil
972 4261 1471 4330 quemadmodum
1493 4260 1701 4317 exinde
1721 4279 1847 4318 sur-

196 4353 332 4422 gere
360 4352 558 4422 posset
597 4349 835 4416 invenit,
869 4364 1096 4420 suaque
1137 4347 1197 4402 in
1246 4352 1528 4404 aeternum
1577 4348 1845 4407 libertate

195 4437 528 4509 deceptus.»
553 4437 623 4492 Et
647 4437 774 4494 ideo
793 4437 1145 4508 scripsimus
1169 4452 1218 4491 :«
1245 4437 1596 4493 Libertatem
1620 4438 1845 4495 arbitrii

197 4526 264 4580 in
295 4526 476 4597 primo
506 4525 742 4582 homine
781 4525 1212 4598 perdidimus.»
1235 4529 1296 4580 2°
1325 4525 1657 4598 Subjunxit,
1682 4529 1842 4593 Quod

197 4631 372 4670 nemo
391 4615 502 4670 nisi
523 4631 629 4687 per
647 4614 944 4671 Christum
975 4613 1159 4671 libero
1192 4615 1339 4670 bene
1361 4619 1562 4670 utatur
1582 4616 1840 4674 arbitrio.

197 4702 276 4758 Et
299 4719 403 4760 nos
428 4703 512 4760 ita
548 4702 804 4760 diximus
854 4707 1173 4776 ponentes:
1200 4707 1384 4775 Quam
1427 4703 1726 4762 libertatem
1751 4723 1850 4779 per

203 4790 480 4848 Christum
523 4793 815 4850 Dominum
841 4800 1092 4850 nostrum
1131 4794 1454 4864 recepimus,
1494 4801 1547 4849 et
1591 4795 1849 4852 habemus

205 4879 434 4936 liberum
456 4881 754 4938 arbitrium
780 4881 852 4938 ad
883 4882 1085 4939 bonum
1124 4889 1467 4954 praeventum
1511 4890 1564 4938 et
1601 4883 1850 4956 adjutum

201 4971 398 5039 gratia.
423 4970 677 5026 Liberum
703 4978 884 5027 autem
913 4971 1173 5027 habemus
1215 4970 1534 5036 arbitrium,
1567 4975 1697 5044 quia
1724 4992 1850 5045 gra-

207 5057 287 5112 tia
314 5057 619 5127 liberatum,
647 5068 701 5116 et
725 5061 915 5132 gratia
943 5059 1009 5116 de
1039 5066 1286 5131 corrupto
1315 5067 1586 5114 sanatum.
1617 5061 1686 5117 Et
1719 5080 1851 5118 san-

209 5148 336 5201 ctus
380 5145 728 5204 Calestinus
785 5149 856 5204 de
903 5147 1095 5204 verbis
1154 5146 1851 5220 Innocentii'prazmisit:

213 5254 244 5282 α
267 5233 378 5292 Sua
404 5235 468 5291 in
495 5241 779 5294 aeternum
811 5235 1082 5293 libertate
1111 5235 1286 5292 homo
1319 5235 1547 5307 primus
1579 5237 1858 5310 deceptus

212 5319 344 5381 huic
370 5325 556 5382 ruinae
603 5327 1003 5399 subjacuisset
1031 5341 1369 5397 oppressus,
1404 5323 1515 5379 nisi
1560 5342 1694 5381 eum
1730 5333 1857 5400 post

213 5411 413 5472 (nn-isti
463 5432 566 5488 pro
615 5433 725 5473 sua
781 5416 974 5490 gratia
1030 5415 1342 5471 relevasset
1396 5415 1757 5470 adventus.»
1792 5418 1859 5472 Et

216 5507 445 5562 ﬂuctus
465 5504 713 5578 Prosper
739 5504 800 5562 in
831 5503 1004 5577 epistt
1024 5503 1080 5558 la
1111 5503 1183 5558 ad
1217 5501 1493 5558 Ruﬁnum
1529 5519 1542 5557 :
1567 5525 1595 5552 ‹‹
1625 5503 1858 5562 Amissa

215 5589 420 5670 (Ilippo
436 5593 692 5653 naturali
722 5592 1082 5662 innocentia,
1105 5591 1283 5648 homo
1306 5589 1472 5648 exsul
1497 5607 1564 5648 ac
1594 5591 1858 5666 perditus

520 5723 799 5785 PATR'OL.
843 5719 1076 5783 CXXV.

1941 3376 2007 3427 ut
2027 3372 2100 3426 ad
2113 3388 2204 3427 om
2215 3389 2284 3428 ne
2297 3372 2518 3428 borum
2531 3371 2818 3444 quidquid
2837 3369 3590 3444 bonumestinteiligamus.

1942 3461 2002 3516 Si
2026 3461 2244 3516 bonum
2268 3463 2358 3516 est
2379 3460 2664 3528 studium,
2679 3459 2732 3518 si
2753 3461 2974 3517 bonum
3006 3464 3098 3517 est
3126 3463 3398 3516 sanctum
3418 3475 3596 3532 opus,

1943 3545 1993 3606 si
2023 3549 2243 3605 bonum
2269 3553 2359 3606 est
2387 3554 2658 3605 sanctum
2680 3549 2978 3618 meritum,
3003 3549 3053 3606 si
3083 3549 3304 3605 bonum
3323 3551 3416 3605 est
3433 3547 3593 3620 quod

1943 3643 2144 3696 sancte
2157 3638 2563 3710 cogitamus,si
2583 3639 2800 3695 bonum
2813 3641 2906 3695 est
2922 3638 3082 3710 pium
3095 3635 3596 3705 consilium,sibo-

1945 3746 2088 3784 num
2108 3733 2196 3784 est
2214 3728 2428 3785 moveri
2446 3729 2516 3784 ad
2536 3729 2930 3801 quodcunque
2953 3729 3196 3796 bonum,
3213 3731 3272 3784 et
3291 3726 3365 3783 ad
3384 3741 3591 3798 quam-

1945 3835 2178 3890 cunque
2208 3819 2422 3874 bonam
2453 3817 2834 3886 voluntatem,
2859 3817 2931 3872 ad
2961 3816 3084 3874 hac
3113 3816 3314 3873 omnia
3338 3814 3594 3874 liberum

1946 3912 2213 3964 nostrum
2233 3905 2540 3962 arbitrium
2561 3910 2918 3979 praeventum
2933 3909 2992 3963 et
3000 3906 3095 3978 adj
3105 3910 3271 3962 utum
3286 3903 3477 3980 gratia
3489 3902 3594 3961 Dei

1947 3998 2101 4053 139
2123 3999 2180 4052 et
2200 3995 2517 4064 credimus,
2533 4000 2590 4052 et
2609 3994 2948 4062 dicimus,et
2967 3994 3183 4068 scripto
3205 3994 3592 4051 ﬁrmavimus.

1948 4087 2020 4142 Et
2040 4085 2160 4140 haec
2183 4083 2382 4140 omnia
2403 4099 2470 4140 ex
2486 4083 2602 4140 Deo
2619 4099 2748 4140 esse
2761 4085 3064 4140 credentes
3079 4081 3604 4156 diximus,quande’

1951 4199 1979 4226 «
2013 4175 2086 4230 ad
2117 4175 2338 4230 bonum
2369 4176 2726 4246 praeventum
2747 4177 2804 4229 et
2824 4174 3097 4246 adjutum
3119 4171 3221 4228 Dei
3243 4171 3435 4244 gratia
3457 4169 3604 4227 libs.

1952 4280 2082 4320 rum
2105 4261 2414 4319 arbitrium
2432 4266 2698 4316 nostrum
2719 4283 2745 4310 υ
2759 4261 3241 4334 conscripsimus.
3257 4259 3444 4315 Deum
3458 4273 3600 4330 quo-

1952 4369 2066 4426 que
2093 4351 2154 4406 in
2186 4350 2313 4424 ipso
2343 4349 2522 4406 libero
2553 4353 2752 4406 nostro
2797 4348 3038 4406 arbitrio
3067 4346 3293 4420 operari
3333 4350 3598 4402 sanctam

1952 4439 2388 4514 cogitationem,
2429 4437 2592 4510 pium
2651 4436 2985 4504 consilium,
3036 4450 3358 4509 omnesque
3403 4436 3605 4492 motus

1876 4551 1920 4615 Β
1953 4531 2118 4586 bonae
2138 4526 2474 4596 voluntatis,
2503 4526 2748 4615 professi
2775 4542 3008 4593 sumus,
3029 4525 3374 4615 dicentesm
3407 4523 3602 4581 Habe-

1954 4636 2088 4680 mus
2117 4617 2368 4672 liberum
2400 4614 2708 4670 arbitrium
2739 4617 3118 4688 praeventum,
3136 4635 3164 4663 »
3188 4612 3413 4671 scilicet
3439 4615 3605 4671 ante-

1956 4724 2136 4780 quam
2159 4706 2310 4762 bona
2330 4703 2712 4776 cogitemus,«
2732 4707 2791 4760 et
2811 4703 3080 4776 adjutum
3102 4702 3348 4777 gratia,»
3370 4707 3440 4761 ut
3456 4703 3604 4762 bene

1958 4796 2303 4868 cogitemus,
2327 4795 2474 4850 bene
2505 4809 2834 4866 operemur,
2856 4791 2916 4848 in
2943 4793 3110 4848 bonis
3143 4807 3604 4866 perseveremus.

1959 4886 2074 4942 Nec
2105 4885 2164 4938 in
2201 4883 2334 4938 istis
2365 4882 2597 4937 duobus
2639 4881 2912 4954 capitulis
2941 4899 2975 4937 a
3003 4879 3291 4938 catholico
3340 4898 3520 4940 sensu
3547 4887 3608 4942 et

1960 4973 2378 5030 catholicorum
2409 4971 2600 5026 verbis
2642 4971 2699 5025 in
2733 4970 2931 5044 aliquo
2963 4970 3078 5027 Deo
3107 4971 3328 5043 gratias
3357 4969 3606 5028 deviavi-

1964 5081 2117 5118 mus.
2139 5064 2200 5116 5°
2219 5059 2540 5132 Supposuit
2563 5077 2614 5114 :«
2637 5059 2914 5116 Omnium
2937 5059 3290 5126 studiorum,
3311 5059 3606 5116 omnium-

1964 5147 2646 5224 quevvirtutum,quibus
2667 5149 2739 5206 ab
2763 5148 2930 5205 initio
2951 5148 3086 5206 ﬁdei
3114 5149 3188 5204 ad
3209 5149 3394 5204 Deum
3425 5141 3610 5201 tendi-

1965 5245 2080 5304 tur,
2105 5240 2288 5294 Deum
2321 5239 2664 5310 proﬁtemur
2691 5243 3012 5305 auctorem,
3034 5242 3092 5294 et
3119 5253 3235 5293 non
3266 5233 3610 5293 dubitamus

1965 5329 2037 5385 ab
2067 5329 2256 5400 ipsius
2286 5327 2475 5398 gratia
2503 5326 2704 5382 omnia
2741 5327 3000 5384 hominis
3037 5325 3246 5382 merita
3284 5321 3612 5396 praeveniri,

1965 5437 2068 5491 per
2097 5433 2273 5490 quem
2300 5417 2364 5471 ﬁt
2389 5420 2456 5470 ut
2483 5414 2705 5488 aliquid
2737 5417 2872 5472 boni
2902 5420 2960 5472 et
2983 5413 3126 5470 velle
3154 5411 3528 5484 incipiamus,
3554 5413 3616 5476 et

1967 5507 2174 5563 facere.
2195 5509 2316 5572 Quo
2348 5504 2551 5577 utique
2581 5502 2794 5559 auxilio
2838 5507 2898 5558 et
2935 5499 3336 5558 misericordia
3362 5499 3467 5558 Dei
3492 5518 3624 5562 ,ιιοιι1

1967 5597 2231 5655 aufertur
2249 5595 2496 5653 liberum
2520 5590 2960 5662 arbitrium,sed
2979 5588 3355 5663 liberatur,ut
3366 5589 3441 5650 de
3459 5593 3616 5654 tene-

3255 5719 3292 5782 7
