3970 6182
337 313 452 371 203

1258 310 1553 372 ΗΙΝΟΜΑ
1570 309 1644 371 RI
1695 306 2144 372 llllEMENSIS
2190 309 2394 371 AllCH
2409 304 2826 374 lEPISCOPIf

3618 313 3736 376 204
3829 386 3835 391 _

333 445 506 502 broso
527 442 889 513 lucidum,de
913 462 1086 515 pravo
1109 445 1428 512 rectum,de
1450 444 1728 517 languido
1745 459 1976 510 sanum,
2008 445 2065 510 Α
2095 443 2166 497 do
2191 443 2260 498 de
2278 443 2593 500 Vocatione
2622 447 2886 518 gentium
2909 448 3294 515 demonstrat,
3313 447 3514 504 dicens
3537 463 3590 501 :«
3611 447 3737 503 Non

333 533 405 588 de
435 533 808 604 imprudente
841 533 917 587 sit
947 533 1276 606 providum.
1311 535 1496 590 Tanta
1535 539 1624 589 est
1661 533 1817 588 enim
1849 549 1986 606 erga

333 639 536 679 omnes
569 621 837 677 homines
887 623 1118 678 bonitas
1167 623 1380 689 Dei,ut
1430 627 1630 679 nostra
1674 622 1812 679 velit
1858 639 1986 677 esse

335 711 545 766 merita
565 727 691 781 quae
715 715 855 764 sunt
879 710 1062 782 ipsius
1083 711 1256 776 dona,
1273 717 1328 766 et
1351 729 1452 783 pro
1476 711 1569 767 his
1591 728 1716 783 qua:
1739 710 1986 782 largitus

335 804 426 854 est
453 801 670 853 aeterna
711 800 950 870 praemia
995 800 1072 854 sit
1121 800 1467 854 donaturus.
1497 799 1631 871 Agit
1661 799 1876 871 quippe
1925 799 1983 852 in

338 887 506 943 nobis
538 892 603 942 ut
623 889 779 958 quod
810 887 954 955 vult,
975 893 1032 943 et
1059 887 1307 943 velimus
1330 894 1385 943 et
1415 905 1720 961 agamus.»
1747 889 1846 942 llic
1875 887 1985 942 ali-

339 975 709 1048 quantulum,
735 977 1112 1048 responsione
1137 995 1248 1031 non
1272 978 1478 1042 omisa,
1503 979 1605 1031 sed
1627 976 1984 1041 intermissa,

337 1063 510 1120 liceat
531 1062 700 1120 nobis
721 1065 936 1138 alloqui
957 1065 1347 1137 capitulorum
1371 1065 1617 1121 istorum
1642 1064 1986 1136 composito-

263 1228 270 1232 ἱ
337 1169 482 1209 rem.
505 1153 668 1222 Vide,
693 1155 1034 1226 corrigendo
1073 1160 1149 1222 te,
1183 1155 1381 1218 frater,
1413 1153 1556 1208 velis
1609 1153 1759 1209 nolis
1811 1153 1989 1208 frater

340 1245 555 1310 noster,
589 1243 854 1314 quandiu
899 1243 1115 1299 dixeris
1143 1243 1229 1299 vel
1259 1260 1388 1298 vere
1419 1245 1504 1298 vel
1560 1244 1691 1298 ﬁcte
1739 1242 1986 1298 Domino

337 1331 500 1386 Pater
525 1339 728 1397 noster,
763 1331 901 1403 quia
951 1331 1235 1403 scriptum
1267 1336 1356 1387 est
1389 1348 1402 1387 :
1435 1334 1614 1388 Dicite
1655 1331 1742 1386 his
1790 1332 1887 1402 qui
1931 1346 1988 1385 se

337 1419 602 1486 alienant,
633 1421 838 1490 fratres
858 1423 1034 1476 nostri
1062 1437 1151 1476 vos
1179 1423 1306 1477 estis
1337 1422 1463 1490 (Isa.
1493 1437 1640 1487 LxVI,
1662 1421 1742 1487 5),
1768 1436 1840 1474 ne
1871 1437 1905 1474 a
1931 1423 1988 1472 te

337 1504 657 1564 incorrec'to
698 1508 898 1564 audiat
947 1514 1186 1564 sanctus
1217 1509 1587 1574 leestinus,
1617 1509 1676 1563 in
1709 1506 1808 1562 illo
1859 1524 1987 1562 ma-

341 1612 484 1652 nens
517 1597 610 1651 cui
636 1599 794 1651 nuda
825 1603 881 1651 ct
911 1603 1113 1668 aperta
1145 1601 1284 1652 sunt
1313 1597 1530 1666 omnia,
1551 1601 1608 1652 et
1639 1597 1732 1651 cui
1763 1596 1988 1668 cogita-

339 1683 420 1738 tio
449 1683 708 1740 hominis
741 1689 1068 1752 conlitetur,
1097 1687 1248 1740 unde
1281 1691 1336 1740 et
1358 1685 1554 1740 omnia
1585 1690 1783 1739 nostra
1811 1684 1986 1749 videt,

339 1777 397 1828 et
425 1773 608 1842 audit,
643 1777 698 1828 te
727 1773 837 1828 hoc
885 1793 992 1829 suo
1045 1774 1378 1829 testimonio
1411 1773 1592 1830 fuisse
1623 1775 1896 1837 abusum,
1931 1777 1989 1840 et

340 1861 496 1916 dicat
529 1862 630 1916 tibi
664 1879 710 1916 ;‹‹
746 1864 826 1916 Ex
857 1879 953 1918 ore
987 1868 1084 1917 tuo
1117 1868 1172 1917 te
1191 1865 1414 1932 judico,
1451 1879 1609 1917 serve
1659 1879 1931 1934 nequam.
1960 1885 1987 1909 n

339 1950 582 2013 Quando
613 1949 804 2019 legisti
831 1955 887 2004 et
917 1951 1226 2020 scripsisti,
1253 1955 1308 2005 et
1327 1952 1616 2006 credenda
1645 1968 1711 2007 ac
1741 1950 1993 2006 tenenda

341 2039 514 2107 atque
550 2037 920 2108 praedicanda
950 2039 1070 2092 hwc
1099 2039 1158 2092 in
1193 2056 1403 2094 manus
1453 2039 1643 2110 regias
1694 2038 1992 2110 pervenire

341 2125 550 2192 fecisti,
566 2127 720 2196 quod
743 2126 946 2192 dixi,et
972 2127 1192 2198 Spiritu
1216 2134 1415 2184 sancto
1441 2127 1692 2200 repletus
1713 2128 1992 2182 veraciter

340 2212 457 2266 dixi
483 2229 496 2267 :
522 2214 709 2268 Tanta
731 2218 819 2268 est
839 2233 976 2286 erga
996 2232 1200 2271 omnes
1222 2217 1488 2271 homines
1521 2217 1752 2272 bonitas
1784 2216 1902 2280 Dei,
1927 2219 1992 2270 ut

342 2304 541 2356 nostra
562 2301 698 2356 velit
719 2319 846 2358 esse
871 2304 1076 2359 merita
1101 2321 1228 2375 quze
1261 2310 1400 2359 sunt
1431 2305 1618 2377 ipsius
1642 2307 1812 2360 dona.
1839 2307 1987 2380 Quo-

342 2389 497 2444 circa
514 2393 743 2446 constat
757 2409 885 2446 esse
901 2393 1296 2448 certissimum
1317 2393 1456 2465 quia
1472 2395 1644 2459 Deus,
1664 2395 1989 2448 secundum

340 2477 646 2550 Apostolos
696 2479 943 2534 Paulum
975 2484 1031 2534 et
1071 2480 1326 2548 Petrum,
1357 2481 1470 2535 vult
1519 2498 1700 2535 omnes
1747 2481 1990 2535 homines

343 2567 522 2623 salvos
578 2569 704 2638 ﬁeri
731 2569 779 2638 (Ι
823 2571 957 2624 Tim.
992 2571 1163 2637 11,4),
1196 2574 1253 2624 et
1307 2570 1589 2624 Neminem
1643 2569 1758 2624 vult
1809 2571 1993 2640 perire

345 2655 417 2728 (ιι
442 2657 589 2712 Petr.
624 2674 704 2724 IlI,
737 2657 814 2726 9).
849 2659 1036 2722 Quare
1065 2658 1261 2713 dixisti
1293 2657 1460 2712 illum
1501 2658 1558 2712 in
1593 2655 1991 2730 suprascripto

343 2743 600 2818 capitulo
627 2746 912 2816 quosdam
945 2746 1386 2826 praedestinasse
1410 2747 1480 2802 ad
1512 2745 1855 2802 interitum?
1887 2746 1993 2800 lla-

347 2833 646 2890 tissimum
668 2838 758 2890 est
777 2835 933 2890 enim
955 2835 1113 2906 quia,
1129 2835 1281 2891 sicut
1303 2853 1408 2908 ego
1429 2835 1568 2902 dixi,
1593 2840 1651 2891 et
1673 2840 1736 2890 tu
1767 2835 1992 2891 abusus

348 2923 660 2996 scripsisti,
694 2927 858 2980 tanta
889 2927 978 2980 est
1005 2941 1143 2996 erga
1186 2941 1390 2980 omnes
1439 2923 1708 2980 homines
1756 2923 1991 2978 bonitas

346 3012 539 3080 Dei,ut
557 3017 755 3069 nostra
775 3013 910 3068 velit
929 3031 1058 3068 esse
1079 3012 1286 3069 merita
1303 3030 1428 3084 quae
1451 3018 1587 3068 sunt
1609 3013 1796 3084 ipsius
1816 3013 1989 3068 dona.

348 3099 512 3157 Unde
533 3106 622 3158 est
637 3119 740 3172 pro
765 3107 919 3158 certo
951 3101 1336 3158 falsissimum
1361 3103 1514 3174 quod
1548 3101 1744 3157 dixisti
1768 3119 1781 3156 :
1807 3102 1992 3156 Deum

2093 530 2290 602 itaque
2318 532 2512 588 omnis
2562 535 2904 605 reparabilis
2953 541 3276 607 reparatus,
3311 551 3500 606 neque
3546 535 3740 592 omnis

2095 619 2376 675 sanabilis
2423 638 2607 677 sanus
2643 626 2770 678 est:
2800 623 2938 696 quia
2967 623 3309 696 reparabilis
3357 628 3414 678 et
3459 623 3742 680 sanabilis

2095 707 2165 762 de
2195 712 2408 763 natura
2435 713 2524 764 est
2553 716 2888 782 reparatum
2912 716 3107 767 autem
3133 701 3196 768 et
3227 716 3497 768 sanatum
3521 727 3650 768 esse
3671 712 3741 768 de

2094 795 2282 867 gratia
2301 801 2410 852 est.
2435 800 2798 870 QuaprOpter
2817 799 3211 872 colligendum
3237 806 3413 872 atque
3436 801 3741 856 sciendum

2095 889 2423 952 est,sanum
2447 885 2684 956 quidem
2709 887 2893 942 fuisse
2923 887 3231 944 arbitrium
3262 888 3512 944 liberum
3540 888 3599 944 in
3626 887 3742 960 pri-

2097 989 2192 1027 mo
2214 972 2450 1028 homine
2473 974 2661 1029 eidem
2690 976 2879 1047 primo
2901 975 3125 1031 homini
3144 977 3493 1048 datum,quo
3514 977 3746 1033 liberta-

2097 1065 2214 1116 tem
2237 1065 2296 1116 et
2319 1062 2769 1133 possibilitatem
2793 1065 3012 1120 bonum
3031 1063 3176 1120 velle
3191 1071 3248 1120 et
3271 1082 3439 1137 posse
3459 1065 3749 1130 habuit,et

2096 1167 2210 1222 quo
2243 1167 2345 1222 per
2369 1151 2590 1206 malum
2611 1153 2756 1208 velle
2786 1153 3039 1224 perdidit
3061 1154 3278 1209 bonum
3303 1170 3494 1226 posse,
3511 1155 3612 1226 qui
3643 1170 3748 1226 per

2095 1255 2268 1311 posse
2297 1239 2517 1294 bonum
2551 1241 2739 1312 potuit
2764 1243 2992 1298 vincere
3020 1241 3164 1298 velle
3193 1241 3440 1297 malum.
3473 1243 3610 1298 Post
3637 1241 3749 1298 hoc

2097 1331 2292 1383 autem
2311 1345 2427 1384 non
2446 1329 2556 1385 fuit
2576 1329 2636 1384 in
2655 1329 2889 1386 homine
2907 1330 3218 1386 arbitrium
3239 1330 3490 1387 liberum
3507 1347 3743 1398 sanum,

2096 1417 2197 1471 sed
2229 1417 2526 1473 sanabile:
2562 1418 2647 1472 illi
2679 1423 2875 1476 tamen
2907 1419 2999 1474 cui
3044 1419 3189 1474 nihil
3229 1424 3320 1475 est
3355 1418 3744 1491 impossibile.

2095 1505 2197 1560 Est
2226 1510 2422 1561 autem
2453 1507 2512 1560 in
2543 1507 2628 1563 eis
2659 1524 2891 1578 sanum,
2925 1509 2996 1563 ab
3019 1525 3084 1564 eo
3105 1511 3163 1563 et
3184 1525 3287 1581 per
3311 1525 3446 1564 eum
3469 1512 3746 1564 sanatum
3775 1517 3780 1520 '

2097 1594 2266 1664 cujus
2297 1599 2386 1648 est
2413 1595 2622 1666 gratia,
2644 1597 2716 1652 de
2746 1596 2967 1668 peccati
2998 1614 3162 1653 servo
3189 1596 3377 1668 gratia
3409 1596 3746 1666 liberatum,

2097 1686 2154 1736 et
2175 1683 2364 1753 gratia
2388 1683 2654 1740 libertate
2673 1687 2975 1754 donatum,
2999 1690 3057 1742 et
3081 1684 3331 1742 libertati
3353 1687 3540 1759 gratia
3559 1685 3751 1741 reddi-

2097 1775 2224 1824 tum
2251 1789 2264 1826 :
2291 1771 2490 1843 sicque
2521 1772 2578 1826 in
2609 1773 2810 1830 electis
2857 1774 2980 1830 suis
3009 1774 3198 1847 gratia
3223 1774 3323 1830 Dei
3365 1775 3436 1830 de
3474 1777 3747 1846 corrupto

2099 1864 2400 1928 sanatum,
2422 1866 2596 1934 atque
2629 1862 3047 1918 incolumitatis
3079 1863 3326 1919 sanitate
3347 1867 3746 1928 numeratum,

2100 1949 2272 2004 modo
2305 1949 2517 2021 inspe,
2551 1951 2610 2006 in
2656 1953 2854 2006 futura
2883 1952 3000 2006 vita
3040 1967 3099 2007 re
3145 1968 3376 2018 sanum,
3411 1951 3536 2007 sine
3565 1949 3751 2007 ullius

2099 2039 2488 2108 corruptionis
2519 2039 2964 2110 interpolatione
2991 2045 3050 2095 et
3079 2038 3521 2096 attaminatione
3543 2040 3748 2095 datum

2101 2131 2272 2196 atque
2294 2128 2691 2182 donandum.»
2711 2130 2778 2184 Et
2799 2129 2926 2185 ideo
2949 2129 3205 2184 diximus
3226 2144 3278 2184 ευ
3298 2128 3593 2184 Habemus
3613 2127 3753 2184 libe-

2100 2231 2230 2268 rum
2257 2214 2564 2270 arbitrium
2587 2217 2776 2287 gratia
2796 2217 2867 2272 de
2888 2223 3161 2289 corrupto
3183 2223 3514 2272 sanatum.»
3539 2216 3756 2273 Subse-

2100 2302 2300 2373 quitur
2319 2307 2560 2360 sanctus
2581 2305 2929 2361 Ccelestinus
2955 2323 3001 2362 :«
3028 2306 3107 2363 De
3129 2306 3497 2378 imprudente
3519 2305 3597 2361 sit
3614 2320 3754 2376 pro-

2099 2391 2192 2445 vid
2203 2408 2358 2445 um.»
2380 2392 2492 2447 Nec
2515 2392 2624 2447 hoc
2646 2393 2854 2449 exinde
2875 2399 3180 2466 exceptum
3207 2398 3297 2449 est
3317 2393 3471 2466 quod
3491 2393 3754 2449 diximus

2097 2479 2164 2534 de
2192 2489 2440 2551 corrupto
2475 2490 2748 2549 sanatum,
2775 2482 2930 2538 sicut
2958 2482 3145 2540 sancti
3183 2481 3505 2538 Innocentii
3531 2481 3751 2552 verbis,

2101 2572 2167 2622 ut
2195 2569 2495 2624 brevitatis
2535 2571 2730 2625 studio
2770 2588 2898 2642 quas
2937 2570 3303 2645 Augustinus
3335 2575 3391 2626 et
3419 2570 3666 2643 Prosper
3694 2577 3758 2626 et

2101 2662 2340 2712 sanctus
2359 2657 2672 2732 Gregorius
2688 2664 2864 2731 atque
2877 2660 3224 2716 Ambrosius
3243 2661 3377 2716 inde
3393 2659 3597 2716 dicunt
3612 2675 3758 2732 prae-

2099 2745 2516 2814 termittamus,
2541 2747 2598 2803 S.
2624 2747 2973 2804 leestinus
3021 2748 3162 2804 dicit
3194 2765 3207 2802 :
3235 2771 3263 2799 (ι
3295 2749 3358 2804 In
3408 2747 3754 2821 praevarica-

2099 2833 2280 2890 tionis
2309 2836 2599 2906 prol'unda
2629 2835 2920 2893 dimersus
2959 2837 3094 2892 huic
3137 2837 3318 2893 ruina:
3357 2836 3756 2908 subjacuisset

2101 2939 2438 2995 oppressus,
2457 2923 2570 2980 nisi
2591 2941 2726 2980 eum
2749 2930 2884 2997 post
2905 2925 3117 2982 Christi
3140 2942 3243 2999 pro
3265 2941 3374 2981 sua
3391 2925 3583 2998 gratia
3601 2923 3754 2981 rele-

2099 3016 2294 3068 vasset
2312 3013 2615 3068 adventus.
2633 3014 2694 3069 In
2717 3014 3206 3085 praevaricationis
3223 3013 3440 3086 quippe
3460 3013 3754 3085 profunda

2100 3099 2283 3156 libero
2301 3101 2538 3157 arbitrio
2553 3101 2846 3158 dimersus
2867 3103 3116 3159 liberum
3135 3102 3394 3174 corrupit
3410 3101 3724 3158 arbitrium
3737 3146 3754 3170 ,

347 3191 634 3261 quosdam
664 3189 722 3244 in
755 3191 1055 3246 interitum
1089 3191 1556 3262 prredestinasse,
1579 3191 1858 3261 quoniam
1891 3189 1992 3261 qui
2022 3177 2065 3242 C
2103 3194 2162 3244 ct
2189 3190 2360 3246 ruina
2381 3191 2588 3262 jacens
2617 3208 2935 3264 oppressus
2967 3191 3107 3249 utile
3136 3191 3246 3248 sibi
3281 3191 3580 3264 providere
3609 3189 3756 3262 quid

346 3293 552 3332 omnes
581 3278 847 3333 homines
869 3279 994 3332 vult
1024 3278 1214 3333 salvos
1235 3279 1356 3333 fieri
1381 3283 1437 3332 et
1460 3279 1753 3333 neminem
1781 3277 1988 3348 perire,

347 3364 644 3420 neminem
675 3367 1000 3420 credendus
1037 3371 1127 3422 est
1165 3367 1236 3422 ad
1277 3366 1662 3437 perditionem
1693 3366 1990 3438 prmdesti-

345 3471 539 3510 nasse.
559 3453 723 3510 Sicut
753 3471 932 3526 supra
961 3453 1338 3526 apostolicam
1371 3459 1636 3510 tenentes
1665 3455 1990 3510 doctrinam

345 3543 774 3600 commilitones
786 3561 852 3598 ac
863 3543 1252 3599 comministri
1266 3543 1447 3600 nostri
1461 3543 1730 3600 docuisse
1747 3533 1996 3600 noscun:

345 3637 463 3688 tur.
481 3633 621 3688 Etsi
645 3649 778 3688 cum
803 3632 903 3688 tali.
927 3633 1215 3688 sententia
1239 3633 1310 3688 ad
1332 3632 1800 3704 illiusjudicium
1820 3649 1988 3689 vene-

346 3724 450 3792 ris,
471 3723 623 3779 scias
644 3739 746 3794 pro
765 3725 920 3776 certo
939 3721 1076 3792 quia
1100 3738 1212 3777 non
1236 3721 1398 3776 clava
1417 3721 1712 3791 llerculea,
1739 3723 1838 3778 sed
1863 3741 1990 3795 qua:

346 3809 602 3882 amplius
628 3815 836 3882 pensat
857 3809 1176 3882 apostolica
1202 3809 1596 3880 ferula,talem
1621 3811 1890 3883 incapite
1909 3811 1989 3866 ic-

345 3905 474 3954 tum
495 3898 767 3971 accipies,
787 3903 852 3954 ut
874 3901 1027 3954 I40
1044 3898 1133 3954 vix
1153 3903 1254 3954 aut
1277 3915 1581 3970 nunquam
1600 3899 1988 3971 ulteriusjam

345 4005 639 4062 resurges.
656 3993 730 4044 De
752 3987 861 4043 hoc
877 3989 1132 4060 capitulo
1149 3989 1292 4044 satis
1309 3988 1367 4042 in
1385 3989 1739 4060 supradictis
1757 4006 1991 4061 respon-

344 4079 562 4136 dimus.
587 4080 657 4135 Et
687 4096 756 4134 ne
786 4079 942 4134 dicat
963 4095 1069 4134 nos
1091 4079 1354 4150 compch
1373 4077 1621 4150 quilibet
1639 4079 1988 4152 composito-

343 4168 426 4224 ris
457 4167 698 4240 capituli
732 4167 980 4240 pleniter
1003 4185 1117 4224 non
1141 4169 1210 4224 ad
1235 4169 1435 4224 omnia
1455 4161 1991 4240 respondisse,quia

343 4259 459 4314 duo
479 4261 709 4312 tantum
729 4273 799 4312 ex
824 4255 1005 4311 libero
1025 4255 1264 4311 arbitrio
1286 4257 1358 4312 de
1378 4255 1570 4312 verbis
1599 4257 1787 4312 sancti
1809 4256 1988 4312 Caele-

342 4346 480 4404 stini
511 4347 571 4402 in
594 4345 856 4418 Capitulo
877 4363 910 4400 a
941 4345 1107 4401 nobis
1127 4349 1394 4416 cxcerpto
1421 4344 1988 4418 posuimus,quando

343 4434 597 4491 diximus
623 4452 669 4490 :«
699 4435 988 4490 Habemus
1011 4433 1262 4490 liberum
1285 4433 1618 4502 arbitrium,
1642 4434 1780 4506 quia
1799 4436 1988 4508 gratia

2100 3282 2316 3349 posset,
2352 3279 2466 3336 nisi
2502 3295 2635 3334 eum
2667 3279 2879 3335 Christi
2921 3280 3112 3352 gratia
3139 3279 3438 3345 relevaret,
3489 3283 3750 3346 sanaret,

2102 3370 2276 3437 atque
2305 3366 2685 3434 illuminaret,
2719 3373 2775 3422 et
2813 3369 2883 3424 de
2921 3369 3294 3440 imprudente
3323 3367 3632 3440 providum
3665 3367 3755 3423 fa-

2100 3455 2296 3510 ceret?
2320 3479 2340 3506 n
2374 3457 2490 3512 Nec
2538 3457 2674 3512 hinc
2707 3474 2741 3512 a
2769 3455 3054 3513 catholico
3103 3473 3280 3514 sensu
3329 3461 3386 3513 et
3433 3454 3756 3512 catholico-

2100 3561 2231 3598 rum
2260 3545 2472 3612 verbis,
2505 3545 2724 3618 gratias
2765 3544 2962 3616 gratiaa
3009 3545 3396 3617 sempiternae,
3425 3543 3511 3600 vel
3541 3543 3604 3598 in
3637 3542 3745 3600 ali-

2101 3649 2214 3704 quo
2249 3633 2630 3689 deviavimus.
2661 3635 2722 3688 6°
2749 3633 3054 3704 subjunxit
3085 3649 3132 3688 ει
3170 3634 3444 3690 Fatemur
3489 3631 3746 3704 gratiam

2100 3721 2199 3776 Dei
2231 3726 2288 3777 et
2317 3721 2674 3792 adjutorium
2717 3721 2894 3777 etiam
2943 3723 3016 3778 ad
3068 3721 3332 3795 singulos
3380 3725 3545 3776 actus
3593 3721 3751 3787 dari,

2100 3812 2246 3865 141
2293 3827 2540 3882 eamque
2573 3827 2688 3865 non
2733 3811 2858 3865 dari
2908 3810 3234 3867 secundum
3283 3809 3492 3866 merita
3527 3813 3754 3878 nostra,

2101 3904 2166 3954 ut
2193 3916 2326 3954 vera
2356 3899 2433 3954 sit
2461 3899 2670 3971 gratia,
2694 3899 2749 3954 id
2785 3904 2873 3956 est
2915 3899 3100 3972 gratis
3130 3899 3268 3954 data
3313 3915 3416 3971 per
3463 3899 3591 3970 ejus
3640 3899 3756 3954 mi-

2099 3987 2476 4044 sericordiam
2497 3987 2598 4060 qui
2629 3987 2808 4044 dixit:
2834 3989 3151 4044 Miserebor
3179 3987 3274 4044 cui
3315 3988 3592 4044 misertus
3623 4003 3748 4056 ero,

2097 4082 2155 4133 et
2184 4076 2646 4132 misericordiam
2677 4077 2962 4148 praestabo
3003 4076 3098 4132 cui
3142 4075 3473 4132 misericors
3504 4077 3694 4132 fuero.
3719 4098 3750 4126 ι»

2099 4165 2228 4221 Haec
2258 4166 2373 4220 duo
2405 4165 2680 4238 capitula,
2709 4165 3023 4236 septimum
3056 4170 3114 4222 et
3143 4170 3432 4231 octavum,
3464 4163 3524 4219 in
3557 4180 3751 4220 unum

2097 4254 2379 4326 copulans
2435 4256 2507 4310 de
2563 4255 2781 4326 synodo
2831 4255 3141 4312 Palaestina
3184 4258 3388 4310 contra
3442 4251 3752 4328 Pelagium

2097 4345 2252 4400 dicta
2281 4345 2622 4416 assumpsit.
2647 4349 2813 4400 Forte
2841 4343 3166 4417 lethargica
3204 4344 3476 4416 passione
3506 4350 3752 4415 oppres-

2096 4451 2227 4501 sus,
2281 4439 2382 4489 aut
2435 4433 2684 4490 Silenico
2743 4434 3023 4490 cantharo
3085 4433 3407 4499 debriatus,
3459 4431 3754 4488 memoria

341 4521 675 4591 liberatum,
699 4529 756 4578 et
786 4523 976 4594 gratia
996 4523 1066 4578 de
1096 4527 1366 4596 corrupto
1397 4527 1723 4594 sanatum,»
1754 4524 1824 4580 de
1853 4523 1985 4581 aliis
2011 4537 2062 4604 D
2095 4527 2326 4579 mortua
2355 4523 2660 4595 ignoravit,
2695 4522 2834 4594 quia
2865 4523 2923 4577 in
2957 4522 3127 4578 tertio
3158 4526 3214 4578 et
3242 4524 3448 4594 quarto
3479 4519 3755 4592 Capitulo

343 4629 472 4684 qua:
533 4617 772 4666 sanctus
825 4612 1171 4668 Ccelestinus
1223 4614 1448 4684 posuit,
1500 4615 1994 4688 superaddamns.

343 4701 499 4756 Dixit
529 4701 687 4756 enim
713 4718 762 4757 :«
796 4701 874 4756 De
905 4702 1211 4758 tenebroso
1251 4701 1534 4773 lucidum,
1561 4707 1796 4776 quando
1827 4712 1993 4764 tene-

343 4791 584 4846 brosum
615 4789 744 4858 fuit,
770 4793 1108 4862 corruptum
1159 4792 1284 4847 sine
1333 4791 1511 4847 dubio
1567 4793 1719 4850 fuit:
1755 4797 1988 4867 quando

341 4881 541 4936 lumen
573 4880 806 4952 recepit,
833 4881 1143 4936 sanitatem
1167 4881 1408 4953 accepit.
1434 4882 1513 4937 De
1545 4899 1718 4954 pravo
1739 4889 1984 4952 rectum,

341 4963 578 5042 quando
608 4985 854 5042 parvum
898 4969 1030 5036 fuit,
1051 4973 1394 5041 corruptum
1440 4970 1566 5025 sine
1597 4971 1772 5026 dubio
1827 4974 1938 5027 fuit
1970 4990 1982 5028 :

341 5059 576 5132 quando
598 5063 922 5114 recreatum
949 5058 1137 5130 gratia
1152 5059 1254 5112 Dei
1274 5058 1401 5126 fuit,
1416 5057 1618 5130 procul
1637 5059 1814 5114 dubio
1836 5061 1984 5117 sani-

341 5152 520 5206 tatem
543 5148 778 5219 recepit.
806 5149 883 5220 De
913 5146 1190 5220 languido
1221 5163 1454 5214 sanum,
1472 5149 1704 5218 quando
1729 5149 1838 5204 fuit
1866 5149 1987 5204 lan-

339 5237 606 5310 guidum,
641 5238 751 5292 fuit
776 5236 902 5292 sine
933 5235 1294 5291 dubitatione
1326 5239 1668 5308 corruptum
1701 5253 1714 5292 :
1748 5239 1984 5310 quando

340 5327 651 5382 sanitatem
683 5325 921 5398 recepit,
948 5329 1218 5378 sanatum
1252 5340 1318 5378 ac
1347 5341 1450 5394 per
1477 5323 1586 5378 hoc
1617 5341 1826 5381 sanum
1859 5327 1984 5382 sine

340 5413 518 5471 dubio
541 5415 674 5471 fuit.
698 5416 768 5470 Et
787 5413 926 5487 quia
956 5413 1114 5468 aliud
1148 5413 1226 5468 sit
1255 5429 1492 5480 sanum,
1515 5412 1672 5469 aliud
1706 5415 1784 5470 sit
1812 5433 1982 5472 sana-

337 5506 488 5568 tum,
503 5503 658 5560 sicut
676 5508 734 5560 et
754 5503 913 5560 aliud
936 5500 1218 5567 sanabile,
1242 5504 1300 5555 et
1317 5500 1476 5556 aliud
1499 5519 1732 5572 sanum,
1747 5507 1804 5560 et
1824 5503 1982 5561 aliud

338 5592 680 5662 reparabile,
700 5592 860 5648 aliud
881 5596 1238 5664 reparatum,
1258 5590 1502 5662 Prosper
1521 5590 1580 5646 in
1611 5591 1759 5649 libro
1782 5611 1988 5650 secun-

337 5680 666 5766 8pondendi
698 5681 1109 5740 necessitatem
1153 5680 1416 5755 abstulit,
1442 5680 1542 5740 sed
1573 5669 1902 5742 libertatem
1932 5683 2008 5742 si'

2105 4612 2256 4668 beati
2289 4611 2583 4667 C(elestini
2613 4611 2694 4666 illi
2718 4613 2846 4683 jam
2867 4611 3188 4683 scripserit,
3211 4629 3245 4668 a
3264 4609 3480 4683 quibus
3502 4626 3610 4666 nos
3631 4625 3755 4666 non

2104 4701 2470 4757 discordasse
2500 4699 2976 4756 monstravimus.
2997 4702 3105 4754 7⁸·‹‹
3143 4701 3416 4756 Fatemur
3443 4715 3571 4754 esse
3602 4697 3756 4754 libe-

2100 4807 2231 4846 rum
2263 4787 2839 4856 arbitrium,etiamsi
2863 4789 3057 4845 divino
3087 4787 3347 4860 indigeat
3375 4785 3691 4860 adjutorio,
3722 4809 3754 4836 »

2097 4880 2167 4934 Et
2197 4879 2306 4934 hoc
2345 4876 2690 4949 capitulum,
2726 4877 2786 4932 in
2828 4878 3058 4950 Synodo
3097 4875 3406 4942 Palaestina
3433 4875 3752 4942 dicimum,

2095 4969 2463 5038 interponere
2521 4966 2868 5037 procuravit,
2902 4967 2972 5022 de
3021 4983 3136 5038 quo
3183 4981 3289 5020 nos
3336 4963 3476 5020 fassi
3509 4980 3752 5032 sumus,

2096 5055 2234 5127 quia
2254 5078 2280 5104 ‹‹
2306 5055 2593 5110 habemus
2623 5052 2873 5110 liberum
2907 5054 3214 5111 arbitrium
3248 5055 3320 5110 ad
3355 5055 3572 5109 bonum
3605 5069 3759 5124 pras-

2091 5146 2332 5200 ventum
2355 5147 2414 5198 et
2433 5143 2704 5214 adjutum
2727 5143 2997 5216 gratia,et
3016 5143 3304 5200 habemus
3323 5141 3572 5198 liberum
3596 5139 3761 5196 arbi-

2093 5233 2294 5301 trium,
2319 5232 2458 5305 quia
2488 5232 2676 5305 gratia
2705 5232 3042 5299 liberatum,
3069 5237 3127 5288 et
3155 5232 3344 5306 gratia
3368 5232 3438 5287 de
3466 5233 3758 5302 corrupto

2093 5327 2422 5380 sanatum.»
2447 5321 2533 5375 Ad
2559 5321 2680 5375 haec
2711 5325 2933 5393 autem,
2956 5326 3012 5377 et
3037 5322 3110 5378 ad
3131 5321 3232 5377 illa
3253 5337 3379 5393 quas
3411 5317 3758 5391 subjungit,

2091 5411 2275 5486 gratis
2291 5409 2712 5482 respondemus
2729 5409 2868 5481 quia
2875 5411 2899 5482 j
2907 5427 3002 5466 am
3018 5410 3154 5466 inde
3171 5408 3584 5482 respondimus
3606 5423 3620 5461 :
3641 5407 3762 5464 sed

2092 5501 2284 5557 adhuc
2315 5497 2666 5571 respondere
2694 5515 2808 5554 non
2843 5500 3256 5567 detrectamus,
3281 5497 3420 5570 quia
3453 5496 3760 5568 scriptum

2092 5595 2182 5647 est
2213 5606 2226 5644 :
2261 5588 2423 5656 Quod
2472 5588 2976 5661 supererugaveris
3016 5605 3122 5662 ego
3153 5603 3288 5644 cum
3337 5584 3562 5642 rediero
3613 5583 3764 5640 red-

2092 5681 2229 5739 dam
2260 5678 2388 5738 tibi.
2413 5677 2662 5736 Sanctus
2689 5676 2845 5736 enim
2867 5676 3213 5737 Ccelestiuus
3245 5673 3416 5736 nobis
3436 5689 3506 5732 ex
3537 5672 3633 5733 his
3663 5687 3767 5739 re-
