3970 6182
232 373 344 436 209

920 367 1022 428 DE
1065 364 1825 440 PREDESTINATIUNE
1873 363 2388 426 DlSSEllTATlO
2436 364 2898 426 POSTERIOB.

3512 365 3633 428 210

233 523 350 566 vere
397 504 564 562 liberi
610 503 787 558 eritis.
839 523 869 552 «
903 500 972 555 Et
1035 516 1142 556 nos
1187 497 1468 564 diximus,
1521 497 1875 574 Libertatem
1904 497 1960 564 Α
1990 500 2171 554 restat
2189 496 2508 554 liberandis
2532 495 2646 553 nisi
2665 497 3386 570 gratialiberantis.Quam
3408 499 3635 559 arbitrii

233 593 452 656 arbitrii
505 594 568 648 in
614 589 806 664 primo
855 588 1092 644 homine
1145 586 1531 659 perdidimus,
1563 603 1742 658 quam
1780 602 1884 658 per

233 685 530 744 Christum
545 679 862 737 Dominum
876 681 1142 734 nostrum
1163 676 1586 748 recepimuslﬂt
1597 675 1883 730 habemus

235 778 480 834 liberum
503 767 817 828 arbitrium
835 767 906 823 ad
931 767 1149 822 bonum
1171 769 1528 840 przeventum
1541 768 1599 820 et
1611 765 1679 820 ad
1680 765 1881 837 jutum

235 864 446 941 gratia:
462 867 520 917 et
542 859 831 916 habemus
851 856 1100 912 liberum
1121 855 1434 912 arbitrium
1455 855 1527 910 ad
1553 853 1772 909 malum
1791 853 1885 909 de-

238 959 454 1012 sertum
476 950 688 1024 gratia.
706 947 978 1003 Liberum
1002 949 1198 1002 autem
1225 945 1517 1001 habemus
1549 942 1879 1010 arbitrium,

239 1044 367 1118 quia
381 1039 576 1114 gratia
593 1037 904 1094 liberatum
923 1041 979 1092 et
993 1035 1180 1108 gratia
1197 1035 1267 1090 de
1283 1037 1555 1105 corrupto
1585 1037 1881 1088 sanatum.

295 1130 400 1188 His
412 1129 498 1185 ita
511 1125 757 1184 redditis
768 1128 970 1182 contra
986 1123 1463 1196 reprehensorem
1478 1122 1704 1194 hujusa
1716 1119 1886 1176 nobis

239 1217 484 1291 excerpti
505 1213 770 1288 capituli,
805 1213 971 1286 quasi
990 1229 1066 1278 ex
1095 1211 1274 1268 latere
1294 1210 1543 1266 breviter
1572 1208 1886 1266 memorari

239 1307 581 1380 delegimus,
617 1303 755 1376 quia
785 1301 1046 1374 pervenit
1077 1301 1150 1356 ad
1181 1317 1308 1367 nos,
1343 1299 1620 1372 quoniam
1652 1297 1748 1354 isti
1781 1315 1885 1354 ne-

237 1398 501 1464 bulones,
535 1393 636 1466 qui
668 1392 730 1448 in
762 1395 950 1446 totum
995 1390 1188 1446 adhuc
1236 1390 1391 1444 sicut
1420 1405 1592 1462 prave
1624 1387 1888 1444 sentiunt

238 1486 488 1562 proferre
502 1482 564 1538 in
584 1479 888 1555 publicum
909 1496 1024 1535 non
1046 1482 1433 1552 praesumunt,
1449 1477 1666 1532 librum
1679 1477 1886 1534 adver-

239 1593 358 1635 sum
390 1590 506 1630 nos
535 1569 760 1628 occulte
791 1568 1371 1640 conscribunt,quem
1402 1567 1472 1624 ad
1507 1571 1769 1623 nostram
1790 1583 1887 1623 no-

239 1665 420 1722 titiam
443 1660 769 1736 pervenire,
801 1663 860 1715 et
879 1659 952 1714 ad
975 1656 1281 1714 lectionem
1313 1660 1574 1714 nostram
1607 1657 1887 1712 adversus

240 1771 372 1827 quos
412 1751 690 1810 scribunt
731 1749 1060 1804 detractant
1103 1745 1438 1818 perducere.
1471 1745 1535 1800 In
1567 1763 1702 1818 quo,
1737 1745 1890 1800 sicut

241 1842 398 1900 nobis
423 1838 631 1896 retulit
643 1837 742 1910 qui
755 1836 1028 1893 eumdem
1041 1835 1212 1892 nobis
1235 1833 1656 1906 transcriptum
1672 1835 1885 1906 perfer-

238 1926 681 2002 resatagens,in
713 1923 948 1981 turbine
980 1922 1368 1990 tumultuoso,
1399 1921 1499 1994 qui
1530 1939 1716 1994 nuper
1747 1921 1884 1977 huic

236 2037 399 2094 regno
431 2015 672 2082 accidit,
691 2031 829 2070 cum
859 2013 991 2069 aliis
1020 2011 1144 2068 suis
1176 2011 1448 2084 perdidit,
1469 2009 1665 2066 mmuli
1697 2009 1884 2066 nostri

234 2110 423 2166 dicunt
446 2122 562 2162 nos
585 2102 1060 2169 dicere,scribere
1073 2099 1883 2172 ctprzedicarc,quialibcrum

233 2197 538 2254 arbitrium
588 2192 858 2248 funditus
887 2190 946 2246 in
978 2189 1215 2246 homine
1264 2189 1456 2261 primo
1505 2193 1782 2262 peccante.
1809 2187 1888 2245 sit

232 2281 720 2359 perditum.Unde
751 2279 1002 2335 breviter
1031 2279 1311 2334 adnotare
1341 2275 1882 2350 decrevimus,quid

231 2375 489 2432 delibero
513 2369 761 2428 arbitrio
783 2368 1110 2426 sentiamus
1135 2384 1148 2422 :
1175 2372 1242 2423 ut
1262 2367 1362 2440 qui
1385 2368 1530 2424 forte
1551 2367 1881 2422 fatuitatem

230 2463 448 2520 illorum
475 2457 764 2533 attigerit,
789 2475 917 2530 quae
949 2456 1071 2514 sale
1099 2456 1399 2512 catholica:
1425 2455 1722 2528 sapientiae
1745 2472 1895 2514 con-.

231 2552 341 2608 dita
355 2567 531 2608 mens
547 2552 750 2604 nostra
761 2545 1080 2603 sentiathic
1095 2545 1220 2602 sine
1241 2545 1588 2601 difﬁcultate
1610 2543 1880 2616 reperiat.

230 2641 448 2698 Primus
482 2653 747 2709 namque
777 2635 952 2690 homo
984 2651 1123 2690 cum
1156 2633 1360 2690 liberio
1391 2632 1634 2690 arbitrio
1668 2631 1750 2687 ita
1771 2631 1881 2686 im-

231 2728 488 2786 mortalis
511 2731 606 2782 est
629 2724 1001 2792 conditus,ut
1021 2727 1219 2796 posset
1242 2740 1354 2777 non
1369 2739 1606 2794 peccare
1619 2721 1670 2776 si
1691 2719 1880 2786 vellet,

228 2823 281 2875 et
309 2821 507 2891 posset
559 2829 800 2887 peccare
844 2813 894 2868 si
939 2811 1149 2868 vellet:
1187 2830 1302 2867 non
1333 2815 1658 2866 moreretur
1686 2810 1735 2865 si
1767 2826 1882 2864 non

231 2907 511 2978 peccaret,
536 2905 866 2957 moreretur
897 2905 1093 2956 autem
1117 2901 1166 2956 si
1179 2902 1470 2972 peccaret:
1486 2915 1602 2955 non
1621 2900 1886 2970 peccaret

231 3009 356 3050 vero
367 2993 554 3049 sinon
565 2989 758 3044 vellet.
784 2988 920 3044 Etsi
947 2989 1187 3044 arbitrio
1210 2988 1391 3044 libero
1416 2987 1500 3043 ita
1522 2987 1880 3058 persisteret,

232 3087 293 3136 ut
312 3097 554 3154 peccare
587 3095 706 3134 non
739 3077 929 3145 vellet,
951 3076 1239 3150 acciperet
1267 3077 1428 3132 illam
1460 3075 1652 3132 meriti
1685 3073 1884 3148 magni

231 3169 733 3244 permansionem,
765 3169 919 3223 146
961 3171 1026 3222 ut
1073 3183 1310 3238 peccare
1367 3183 1484 3221 non
1531 3167 1729 3238 posset
1778 3180 1885 3218 nec

228 3259 582 3328 vellet,sicut
601 3259 954 3340 acceperunt
972 3255 1032 3309 in
1058 3271 1298 3311 munere
1315 3253 1504 3327 angeli
1529 3252 1737 3320 sancti,
1753 3269 1882 3324 quae
1913 3235 1958 3303 C

229 3364 450 3404 merces
471 3345 674 3402 meriti
699 3347 825 3400 erat
862 3346 1058 3399 futura
1087 3347 1143 3399 et
1170 3343 1416 3399 homini.
1446 3344 1572 3398 llaec
1592 3346 1681 3398 est
1711 3340 1886 3414 primi

229 3437 486 3492 hominis
509 3433 742 3492 arbitrii
763 3433 929 3489 liberi
953 3449 1168 3506 magna
1188 3436 1245 3489 et
1263 3431 1453 3504 prima
1483 3431 1743 3497 libertas,
1771 3447 1889 3502 qua

227 3525 497 3582 libertate
542 3523 844 3579 voluntate
885 3521 1166 3594 peccavit,
1199 3525 1534 3577 et‘mortem
1565 3519 1676 3576 sibi
1708 3536 1742 3574 a
1771 3519 1888 3575 Deo

229 3614 600 3685 praedictam,
624 3629 699 3666 ne
721 3609 883 3666 illam
906 3611 1202 3682 peccando
1223 3609 1566 3678 incurreret,
1589 3607 1889 3664 voluntate

227 3703 530 3774 peccando
543 3699 814 3756 incurrit:
829 3702 888 3754 et
898 3715 1000 3770 per
1011 3697 1236 3754 malum
1247 3695 1392 3753 velle
1402 3696 1656 3768 perdidit
1667 3696 1890 3752 bonum

227 3807 420 3863 posse,
455 3789 567 3862 qui
621 3805 726 3860 per
773 3803 944 3859 posse
991 3787 1212 3842 bonum
1259 3784 1450 3857 potuit
1489 3785 1720 3841 vincere
1745 3783 1892 3840 velle

229 3878 481 3934 malum.
520 3879 597 3933 Et
622 3877 776 3933 sicut
800 3876 975 3932 homo
1007 3876 1106 3942 ita,
1135 3878 1201 3930 ut
1231 3873 1508 3940 diximus,
1541 3873 1894 3930 immortalis

227 3967 512 4024 conditus
542 3964 675 4031 fuit,
718 3964 859 4036 quia
887 3965 1040 4020 Deus
1070 3981 1198 4020 esse
1223 3962 1422 4031 voluit,
1457 3962 1710 4034 perdidit
1739 3962 1896 4034 quod

229 4053 618 4120 immortalis,
651 4057 711 4108 et
742 4052 1023 4109 remansit
1071 4053 1228 4124 quod
1260 4051 1436 4107 homo
1469 4051 1577 4106 fuit
1609 4068 1621 4106 :
1654 4051 1736 4106 ita
1765 4053 1898 4122 post

227 4161 433 4202 casum
473 4142 694 4199 habuit
725 4142 1036 4198 arbitrium
1067 4141 1340 4206 liberum,
1367 4141 1614 4212 justitize
1645 4139 1896 4195 liberum

224 4233 452 4306 peccati
499 4247 764 4297 servum,
797 4247 900 4303 per
929 4246 992 4286 se
1023 4229 1320 4287 sufﬁciens
1368 4229 1480 4286 sibi
1529 4229 1601 4284 ad
1651 4228 1896 4294 malum,

222 4320 594 4396 languidum
618 4324 816 4376 autem
838 4323 1014 4391 atque
1035 4318 1358 4374 invalidum
1381 4319 1452 4374 ad
1471 4333 1642 4373 omne
1655 4317 1896 4383 bonum,

220 4417 563 4483 antequam
585 4425 691 4482 per
727 4407 945 4464 Christi
975 4409 1288 4464 adventum
1321 4406 1530 4479 spiritu
1561 4405 1664 4462 Dei
1695 4408 1902 4478 agente

221 4499 300 4554 sit
329 4505 603 4565 rectum,
638 4501 696 4552 et
737 4497 870 4552 ﬁdei
919 4496 1108 4569 gratia
1154 4495 1573 4562 illuminatum,
1607 4494 1762 4566 quod
1795 4509 1904 4548 sua

219 4587 514 4644 libertate
566 4590 696 4641 erat
743 4602 988 4658 pravum
1036 4602 1101 4641 ac
1146 4585 1541 4640 tenebrosum.
1576 4584 1738 4650 Quod
1787 4598 1902 4638 non
1932 4599 1979 4665 ι)

222 4677 362 4734 inde
385 4675 626 4748 recepit
647 4674 800 4730 unde
821 4673 1112 4746 perdidit:
1138 4674 1238 4729 sed
1270 4673 1342 4729 ab
1372 4672 1472 4728 illo
1503 4671 1722 4743 recepit
1751 4671 1903 4743 quod

220 4767 474 4832 habeat,
493 4781 674 4834 aquo
694 4764 851 4836 quod
882 4763 1086 4818 amisit
1116 4767 1436 4834 acceperat.
1460 4761 1746 4828 Quoniam
1778 4762 1910 4832 post

223 4873 438 4912 casum
469 4853 658 4926 primi
684 4851 942 4908 hominis
967 4851 1154 4907 noluit
1175 4851 1329 4908 Deus
1351 4849 1466 4906 nisi
1490 4850 1564 4906 ad
1587 4866 1755 4905 suam
1779 4865 1908 4920 gra-

219 4944 372 5001 tiam
417 4942 754 5016 pertinere,
787 4945 854 4996 ut
881 4939 1058 4996 homo
1091 4940 1329 4996 accedat
1359 4939 1430 4994 ad
1463 4955 1620 5005 eum,
1653 4942 1709 4994 et
1737 4937 1912 4993 homo

223 5051 344 5088 non
367 5031 631 5088 recedat
664 5029 738 5084 ab
769 5045 857 5095 eo,
882 5028 1036 5084 sicut
1065 5027 1352 5098 scriptum
1385 5031 1473 5082 est
1505 5042 1518 5080 :
1551 5027 1673 5081 Fiat
1717 5041 1914 5080 manus

223 5127 326 5178 tua
353 5138 545 5194 super
577 5121 765 5175 virum
795 5117 1036 5174 dexterae
1065 5123 1262 5182 tuane:
1287 5131 1452 5187 super
1477 5116 1659 5186 ﬁliam
1678 5115 1917 5170 hominis

225 5227 390 5283 quem
421 5210 788 5280 conﬁrmasti
833 5209 954 5274 tibi,
987 5214 1039 5262 et
1078 5222 1190 5261 non
1239 5203 1570 5260 discedimus
1595 5221 1629 5258 (ι
1659 5210 1706 5258 te
1743 5202 1913 5272 (Psal.

225 5319 420 5366 mu,
451 5299 578 5370 18).
601 5299 719 5352 Iste
751 5301 840 5351 est
869 5296 1165 5352 secundus
1193 5296 1401 5360 Adam,
1429 5309 1531 5366 per
1552 5309 1724 5365 quem
1757 5307 1918 5348 acce-

223 5391 438 5446 dimus
482 5386 569 5444 ad
613 5386 822 5449 Deum,
848 5389 903 5439 et
934 5385 992 5438 in
1025 5401 1140 5456 quo
1172 5401 1286 5438 non
1321 5382 1686 5438 discedimus
1718 5397 1752 5434 a
1779 5380 1917 5435 Deo.

223 5479 286 5536 In
309 5479 530 5553 primo
570 5490 829 5546 namque
857 5474 1040 5528 Adam
1072 5472 1456 5528 discessimus
1491 5489 1524 5526 a
1556 5471 1694 5538 Deo,
1715 5469 1776 5523 in
1807 5484 1920 5540 quo

222 5568 469 5641 perdita
504 5567 608 5620 cst
636 5561 909 5618 libertate
938 5561 1163 5618 arbitrii
1196 5559 1452 5616 maxima
1475 5559 1573 5614 illa
1603 5557 1926 5626 libertas,et

227 5675 343 5714 non
377 5651 701 5712 remansit
732 5651 847 5708 nisi
881 5651 1002 5707 sola
1032 5649 1364 5706 inﬁrmitas.
1399 5651 1762 5721 Quapropter
1808 5664 1925 5704 non

1991 585 2316 642 libertatem
2361 585 2708 659 recepimus,
2744 590 2810 642 ut
2840 603 2955 642 non
2989 587 3180 642 solum
3212 589 3356 646 bene
3384 590 3634 648 velimus

1989 679 2048 730 et
2076 676 2224 731 bene
2252 676 2586 748 possimus:
2623 693 2824 732 verum
2859 681 2924 732 ut
2951 692 2986 731 a
3012 676 3164 731 bono
3197 677 3492 734 discedere
3517 697 3632 737 non

1989 764 2258 836 velimus,
2276 771 2332 822 et
2353 766 2412 821 in
2435 767 2586 822 bono
2613 783 2980 840 perseverare
3013 767 3330 838 possimus,
3350 784 3464 823 non
3495 770 3632 826 abo-

1991 852 2146 910 lente
2177 856 2276 910 sed
2311 855 2575 911 adolente
2605 856 2794 929 gratia
2825 856 3135 912 arbitrium
3166 855 3418 912 liberum
3447 857 3638 928 gratia

1991 943 2325 1016 liberatum,
2357 944 2546 1018 gratia
2591 947 2663 1001 de
2709 951 2982 1018 corrupto
3039 951 3336 1002 sanatum.
3372 947 3500 1002 Haec
3547 950 3638 1002 est

1991 1034 2250 1088 secunda
2277 1035 2484 1106 gratia,
2507 1039 2564 1090 et
2585 1035 2811 1090 arbitrii
2841 1035 3009 1091 liberi
3039 1035 3230 1108 gratia
3257 1035 3357 1091 Dei
3390 1051 3635 1108 recupe-

1993 1127 2120 1176 rata
2137 1120 2547 1178 libertas.Cum
2562 1127 2758 1178 autem
2781 1123 2841 1177 in
2862 1122 3062 1178 electis
3076 1123 3307 1196 penitus
3321 1122 3638 1179 novissima

1993 1209 2234 1267 inimica
2258 1213 2558 1268 destructa
2598 1213 2772 1268 fuerit
2821 1231 3000 1285 mors,
3033 1217 3090 1270 et
3121 1212 3365 1269 mortale
3393 1213 3504 1269 hoc
3543 1213 3631 1268 in-

1994 1299 2186 1355 duerit
2211 1300 2732 1369 immortalitatem,
2753 1305 2810 1357 et
2835 1302 3231 1374 corruptivum
3253 1302 3362 1358 hoc
3381 1301 3640 1358 induerit

1991 1387 2508 1461 incorruptionem,
2543 1390 2908 1463 profuturam
2959 1391 3184 1447 scilicet
3231 1393 3302 1448 ad
3355 1391 3638 1447 honorem

1991 1476 2263 1547 vitaz,non
2286 1479 2357 1534 ad
2379 1479 2824 1536 diuturnitatem
2847 1479 3120 1552 supplicii
3147 1497 3159 1536 :
3185 1481 3324 1552 quia
3351 1485 3408 1536 et
3437 1496 3640 1554 pecca-

1993 1571 2149 1624 tores
2169 1568 2416 1623 induent
2435 1568 2931 1642 incorruptionem
2953 1571 3024 1625 ad
3049 1569 3490 1626 diuturnitatem
3507 1586 3641 1641 sup-

1995 1658 2177 1730 plicii,
2205 1675 2321 1714 non
2349 1661 2420 1714 ad
2453 1658 2732 1714 honorem
2775 1659 2924 1714 vitae.
2967 1662 3122 1725 Quos
3171 1658 3322 1731 ignis
3372 1659 3473 1730 qui
3521 1675 3638 1714 non

1994 1749 2400 1820 exstinguetur
2446 1765 2581 1803 cum
2629 1749 2971 1821 susceperit,
3023 1766 3138 1805 non
3204 1747 3536 1823 exstinguet
3583 1751 3641 1804 et

1997 1836 2387 1907 perimet,'sed
2420 1854 2601 1908 poena:
2632 1854 2750 1892 sum
2782 1854 3012 1908 semper
3043 1837 3300 1909 integros
3329 1853 3638 1892 conserva-

1997 1925 2101 1980 bit.
2135 1927 2296 1981 Tuen
2327 1926 2592 1998 ejusdem
2624 1926 2941 1982 conditoris
2971 1930 3030 1981 et
3059 1926 3428 1998 reparatoris,
3467 1929 3640 1996 atque

1991 2015 2350 2070 coronatoris
2383 2015 2566 2070 nostri
2596 2015 2803 2088 gratia,
2834 2015 2935 2090 qui
2960 2019 3201 2071 coronat
3239 2031 3344 2070 nos
3373 2013 3432 2069 in
3465 2014 3640 2070 mise-

1991 2102 2875 2172 ricordiaetmiserationibus,si
2896 2121 3030 2161 cum
3053 2103 3252 2161 electis
3272 2107 3641 2176 resurgentes

1993 2191 2294 2249 immutari
2327 2194 2951 2262 meruerimus,omnes
2979 2194 3217 2265 quidem
3242 2209 3638 2266 resurgemus,

1993 2282 2092 2337 sed
2108 2299 2223 2337 non
2246 2298 2450 2338 omnes
2473 2281 3303 2355 immutabimur,accipiemus
3325 2282 3642 2353 perfectam

1991 2375 2046 2425 et
2065 2369 2228 2426 illam
2251 2371 2568 2428 maximam
2587 2371 2937 2437 libertatem,
2963 2377 3028 2427 ut
3051 2389 3154 2428 nec
3176 2387 3433 2444 peccare,
3455 2387 3642 2444 neque

1991 2459 2062 2514 ab
2095 2459 2416 2516 mternitate
2461 2461 2742 2517 desistere
2771 2462 3088 2532 possimus,
3123 2477 3310 2532 neque
3339 2459 3585 2516 velimus
3617 2475 3631 2515 :

1991 2565 2168 2620 quam
2191 2553 2540 2621 acceperunt
2559 2549 2618 2605 in
2642 2567 2883 2606 munere
2904 2549 3095 2623 angeli
3118 2551 3304 2606 sancti
3326 2569 3338 2618 ;
3366 2567 3492 2622 quae
3513 2550 3638 2604 erat

1991 2637 2218 2694 arbitrii
2265 2637 2434 2694 liberi
2485 2655 2706 2694 merces
2754 2639 2968 2704 meriti,
3019 2638 3146 2695 sine
3196 2637 3636 2710 interpositione

1992 2727 2221 2792 mortis,
2257 2725 2306 2782 si
2337 2743 2450 2783 non
2482 2731 2796 2798 peccasset,
2829 2732 2887 2781 et
2927 2725 3174 2783 homini.
3208 2727 3369 2783 Hanc
3411 2724 3636 2782 arbitrii

1990 2815 2320 2872 libertatem
2371 2814 2596 2888 primus
2649 2815 2822 2871 homo
2873 2833 2987 2870 non
3033 2803 3261 2882 habuit,
3294 2813 3433 2888 quia
3461 2831 3534 2871 ne
3564 2815 3637 2871 ad

1993 2904 2144 2960 hanc
2177 2908 2241 2960 ut
2269 2908 2496 2976 poterat
2527 2903 2870 2976 perveniret,
2902 2903 3169 2960 libertate
3197 2903 3427 2960 arbitrii
3459 2919 3639 2974 quam

1993 2998 2292 3065 acceperat
2319 2991 2710 3048 inconsultius
2741 2992 2999 3060 utens,in
3016 2992 3126 3047 iter
3145 2991 3354 3047 laevum
3384 2990 3636 3058 deﬂevit,

1993 3082 2262 3138 desertus
2291 3083 2434 3136 147
2465 3081 2566 3136 Dei
2596 3081 2985 3153 gratia,quem
3017 3080 3176 3152 prior
3205 3078 3637 3152 ipse_deseruit.

1996 3171 2108 3227 Sed
2135 3169 2274 3242 quia
2295 3186 2409 3224 non
2441 3169 2500 3224 in
2531 3172 2814 3225 aeternum
2846 3168 3238 3241 projiciet,aut
3266 3167 3642 3225 obliviscetur

1997 3258 2259 3314 misereri
2289 3259 2464 3326 Deus,
2481 3258 2715 3314 dabitur
2733 3257 2854 3313 haec
2885 3257 3072 3331 gratia
3091 3255 3317 3320 homini
3339 3255 3398 3311 in
3418 3256 3639 3323 futuro,

1997 3365 2133 3405 cum
2165 3348 2341 3403 fuerit
2369 3345 2522 3404 sicut
2551 3346 2739 3418 angeli
2770 3347 2958 3402 sancti
2991 3347 3048 3402 in
3081 3345 3418 3414 coelo,nunc
3448 3345 3509 3400 in
3541 3361 3646 3418 spe

1997 3435 2192 3493 salvus
2239 3436 2428 3492 factus
2481 3435 2540 3491 in
2589 3434 2821 3502 saeculo,
2855 3439 2995 3490 tunc
3045 3434 3105 3490 in
3147 3450 3207 3490 re
3239 3433 3555 3490 salvandus
3585 3433 3644 3488 in

1998 3524 2211 3581 saecula
2241 3523 2608 3581 saeculorum.
2642 3525 2840 3579 Amen.

2595 3665 2825 3722 CAPUT
2864 3665 3052 3722 XXIV.

1999 3775 2272 3826 Reddenda
2353 3775 2486 3824 ratio
2569 3773 2748 3837 incipit
2811 3771 2874 3822 de
2934 3771 3156 3836 capitulo
3226 3770 3376 3822 tertio
3415 3783 3448 3820 a
3502 3769 3648 3821 nobis

2065 3849 2316 3912 excerpta,
2351 3845 2490 3910 quod
2529 3843 2829 3908 compilator
2873 3843 3212 3908 capitulorum
3270 3841 3417 3892 nobis
3445 3856 3477 3891 a
3505 3842 3650 3906 regia

2063 3917 2379 3969 sublimitate
2436 3917 2676 3966 datorum
2733 3915 2978 3964 acerrime
3031 3912 3374 3978 reprehendit,
3404 3927 3518 3963 cum
3572 3912 3652 3962 his

2066 4005 2178 4056 quae
2204 3987 2657 4038 Przdcstinatiani
2697 3985 2880 4036 exinde
2917 3985 2995 4056 ad,
3035 4000 3181 4034 suam
3233 3983 3411 4056 dicunt
3465 3983 3650 4046 conﬁr-

2067 4054 2314 4112 nrmdam
2385 4059 2715 4117 sententiam,
2771 4060 2818 4106 et
2873 4055 3095 4120 qualiter
3167 4054 3408 4105 catholici
3477 4068 3648 4103 eorum

2064 4147 2222 4198 prave
2278 4129 2426 4180 dictis
2479 4145 2542 4180 ea:
2597 4131 2982 4192 Scripturarum
3054 4127 3318 4176 sententiis
3389 4123 3650 4174 contradi-

2067 4205 2204 4254 cant.

2078 4309 2379 4382 Explicitis
2408 4311 2580 4380 prout
2607 4307 2892 4362 Dominus
2919 4303 3080 4360 dedit
3106 4302 3338 4358 duobus
3359 4297 3652 4372 capitulis,

2010 4405 2068 4457 et
2097 4399 2327 4456 reddita
2355 4396 2578 4456 ratione
2611 4399 2814 4450 contra
2843 4391 3212 4462 cribratores,
3236 4391 3338 4446 sed
3369 4403 3485 4445 non
3515 4404 3652 4444 con-

2011 4492 2344 4561 sumptores
2367 4499 2754 4552 eorum,nunc
2769 4482 3008 4538 tertium
3031 4480 3313 4536 adeamus
3333 4476 3659 4551 capitulum

2012 4595 2145 4635 cum
2167 4574 2327 4632 omni
2351 4573 2710 4641 fiducia,non
2732 4571 2804 4626 de
2825 4569 2994 4626 nobis
3015 4566 3564 4642 prmsumentes,sed
3587 4565 3660 4621 de

2012 4668 2112 4724 illo
2145 4665 2504 4722 conﬁdentes
2535 4659 2636 4733 qui
2669 4659 2814 4715 dixit
2847 4676 2858 4714 :
2892 4659 2998 4731 Ego
3045 4659 3184 4715 dabo
3229 4659 3376 4715 vobis
3407 4673 3464 4714 os
3492 4663 3544 4712 et
3569 4672 3660 4710 sa-

2012 4757 2300 4830 pientiam,
2333 4753 2427 4807 cui
2473 4765 2582 4806 non
2625 4757 2878 4821 poterunt
2927 4750 3178 4805 resistere
3218 4755 3270 4804 et
3297 4745 3665 4803 contradicere

2018 4860 2200 4902 omnes
2255 4841 2566 4897 adversarii
2617 4841 2784 4894 vestri
2841 4838 2988 4910 (Luc.
3041 4853 3158 4904 xxx,
3207 4837 3318 4904 15),
3363 4835 3664 4891 credentes

2021 4931 2346 4990 certissime
2377 4933 2436 4984 et
2459 4927 2606 4984 nihil
2635 4926 2972 4983 haesitantes
2990 4925 3052 4980 in
3074 4923 3353 4996 ﬁde,quia
3373 4923 3472 4996 qui
3493 4919 3668 4992 ccepit

2023 5023 2148 5096 ipse
2179 5019 2440 5094 perﬁciet
2473 5035 2486 5074 :
2521 5017 2632 5089 ipsi
2682 5016 2885 5089 gloria,
2918 5015 3124 5084 virtus,
3157 5017 3214 5069 et
3258 5010 3572 5083 imperium
3603 5007 3665 5070 in

2025 5109 2237 5167 saecula
2283 5106 2658 5180 sempiterna.
2692 5105 2772 5160 De
2801 5104 2909 5160 hoc
2940 5101 3214 5174 capitulo,
3242 5099 3400 5157 sicut
3427 5097 3667 5151 sanctus

2026 5201 2272 5271 Prosper
2298 5197 2758 5261 demonstrat,ex
2779 5192 3102 5263 objections
3133 5186 3430 5244 Gallorum
3460 5187 3518 5238 et
3535 5180 3671 5271 Vin-

2027 5269 2454 5354 centianorum,
2489 5289 2546 5340 et
2572 5301 2642 5338 ex
2671 5279 3149 5353 responsionibus
3181 5274 3396 5344 quibus
3424 5287 3495 5326 ex
3523 5269 3674 5326 dele-

2028 5377 2259 5450 gatione
2271 5375 2427 5431 sedis
2439 5370 2767 5445 apostolicae
2782 5385 2983 5424 eorum
2997 5366 3373 5450 ipsorumque
3385 5357 3672 5450 similium

2031 5447 2362 5522 commenta
2391 5459 2675 5527 dissolvit,
2709 5461 2928 5514 veteres
2979 5447 3477 5508 Praedestinatiani
3516 5447 3674 5502 dixe-

2033 5554 2299 5612 runt.Ait
2329 5551 2485 5606 enim
2516 5545 2764 5618 objectio
2785 5546 2984 5600 octava
3005 5536 3304 5596 Gallorum
3329 5553 3342 5592 :
3366 5536 3529 5603 Quod
3560 5552 3676 5592 non

2035 5659 2239 5703 omnes
2271 5639 2538 5697 homines
2562 5633 2699 5690 velit
2737 5633 2889 5688 Deus
2920 5627 3108 5686 salvos
3139 5625 3286 5694 ﬁeri,
3321 5625 3423 5682 sed
3455 5627 3679 5682 certum
