3970 6182
292 435 402 496 211

1210 422 1594 488 HINCMARI
1637 413 2084 484 RHEMENSIS
2127 361 2744 474 ARCHIEPISCOPI.

3566 406 3686 468 212

289 585 603 627 numerum
617 558 1408 640 praedestinatorumEtitem
1420 552 1936 630 objectiosecunda
1962 549 2017 616 Α
2045 545 2310 640 omnium
2332 543 2723 640 Ecclesiarum
2747 545 2952 640 mater,
2969 544 3232 640 sanctam
3251 539 3692 640 catholica-must

287 657 808 718 Vincentianorum
837 670 851 710 :
887 653 1033 720 Quia
1081 653 1234 708 Deus
1282 648 1428 704 nolit
1455 663 1660 703 omnes
1689 643 1930 708 salvare,

2043 633 2422 708 apostolicam
2446 633 2770 688 Romanam
2793 631 3137 688 Ecclesiam:
3165 631 3441 703 quoniam
3464 633 3693 704 privile-

289 749 521 808 etiamsi
557 763 762 805 omnes
787 743 998 801 salvari
1033 741 1234 798 velint.
1266 740 1336 794 Et
1361 735 1776 794 Gothescalcus
1807 747 1935 786 mo—

2059 725 2206 795 gium
2229 723 2382 795 quod
2397 719 3142 790 Hierusalem,honorabilis
3156 720 3480 776 secundum
3495 739 3696 779 sacros

290 843 509 898 dernus
539 834 1090 894 Praedestinatianus
1120 831 1181 886 in
1211 829 1358 885 libro
1389 828 1460 884 ad
1505 825 1814 880 Rabanum
1845 838 1936 876 ar-

293 930 730 1003 chiepiscopum
762 922 1174 997 Moguntinum
1202 937 1214 975 :
1240 943 1266 970 ‹‹
1293 919 1530 982 Omnes,
1554 913 1766 1003 inquit,
1790 927 1938 983 quos

292 1001 600 1078 vult—Deus
637 1015 828 1072 salvos
867 1013 1013 1081 ﬁeri,
1037 1011 1163 1068 sine
1199 1006 1559 1064 dubitatione
1590 1001 1892 1058 salvantur
1923 1015 1936 1054 :

297 1127 404 1166 nec
434 1109 684 1182 possunt
712 1100 1064 1172 salvari,nisi
1097 1115 1244 1172 quos
1265 1102 1416 1152 Deus
1437 1093 1562 1148 vult
1581 1091 1770 1182 salvos
1795 1087 1938 1144 ﬁeri.

297 1201 415 1257 Nec
436 1179 532 1253 est
565 1194 880 1268 quisquam
929 1206 1102 1263 quem
1147 1188 1300 1243 Deus
1331 1181 1541 1241 salvari
1572 1179 1710 1238 velit
1739 1182 1798 1234 et
1827 1193 1944 1268 non

301 1266 744 1350 salvetur.—Quia
764 1281 920 1336 Deus
940 1281 1138 1334 noster
1156 1274 1355 1331 omnia
1375 1285 1736 1344 quaecunque
1760 1266 1946 1323 voluit

303 1373 580 1447 fecit.Ipsi
611 1387 815 1429 omnes
846 1369 1041 1438 itaque
1069 1363 1212 1422 salvi
1243 1364 1393 1418 ﬁunt
1421 1377 1568 1432 quos
1601 1372 1806 1447 omnes
1822 1353 1949 1447 vult

303 1443 670 1522 salvos—ﬁeri.
696 1483 723 1508 ›ι
747 1461 818 1515 Et
843 1458 1098 1512 domnus
1129 1450 1482 1508 Prudentius
1507 1449 1566 1503 in
1597 1443 1843 1518 epistola
1873 1443 1945 1498 ad

303 1552 804 1625 archiepiscopum
854 1561 1030 1601 suum
1077 1541 1466 1605 Wenilonem,
1511 1538 1582 1593 de
1625 1532 1946 1625 ordinando

257 1659 265 1668 '
303 1645 481 1700 (Enea
506 1621 862 1696 Parisiorum
893 1633 1184 1706 episcopo,
1223 1633 1432 1702 quarto
1463 1623 1718 1698 capitulo
1749 1623 1830 1678 ita
1859 1621 1946 1677 di-

304 1730 420 1786 cit:
464 1752 492 1780 ‹‹
515 1728 590 1784 Ut
627 1727 828 1783 credat
856 1727 1032 1795 atque
1061 1719 1430 1782 conﬁteatur,
1463 1716 1651 1772 Deum
1681 1712 1947 1784 omnipo-

300 1824 522 1876 tentem
544 1832 749 1874 omnes
769 1825 1153 1886 quoscunque
1171 1807 1296 1864 vult
1315 1807 1557 1872 salvare,
1577 1808 1634 1860 et
1653 1803 1946 1858 neminem

2043 811 2309 870 Niczenos
2339 828 2612 877 canones,
2636 828 2762 882 qua:
2781 809 2921 866 olim
2938 809 3194 864 dictaest
3209 807 3412 865 civitas
3422 810 3694 882 justitia,

2047 905 2104 958 et
2119 904 2308 956 mater
2327 899 2652 966 civitatum,
2677 901 2912 971 propter
2930 897 3336 954 inﬁdelitatem
3357 902 3414 954 et
3435 901 3696 972 negatio-

2049 1007 2182 1045 nem
2209 987 2335 1044 Filii
2359 989 2461 1044 Dei
2483 986 2758 1061 perdidit,
2783 987 2984 1043 dicens
3005 1003 3137 1042 eum
3171 986 3359 1042 filium
3388 983 3606 1061 Joseph
3637 993 3700 1046 et

2051 1077 2241 1134 ﬁlium
2273 1077 2440 1146 fabri,
2475 1083 2530 1134 et
2562 1077 2634 1133 ad
2667 1093 2838 1132 eum:
2871 1077 2960 1132 Tu
2985 1075 3161 1132 homo
3187 1093 3320 1132 cum
3355 1077 3437 1134 sis
3467 1078 3611 1134 facis
3640 1083 3700 1134 te

2054 1167 2248 1240 ipsum
2284 1167 2482 1234 Deum,
2517 1171 2574 1222 et
2603 1163 2957 1224 dmmonium
2988 1165 3169 1221 habes
3195 1183 3208 1234 ;
3235 1167 3390 1222 etde
3422 1184 3488 1223 eo
3521 1183 3535 1223 :
3570 1169 3700 1226 Non

2053 1255 2342 1311 habemus
2373 1271 2565 1328 regem
2599 1254 2710 1309 nisi
2744 1253 3050 1322 Caesarem,
3073 1257 3131 1310 et
3155 1256 3480 1311 secundum
3510 1256 3702 1330 legem

2055 1343 2228 1400 debet
2246 1342 2562 1415 mori,quia
2584 1342 2794 1398 Filium
2820 1342 2917 1398 Dei
2939 1359 3001 1398 se
3021 1341 3174 1408 fecit,
3208 1341 3316 1398 hoc
3337 1345 3706 1403 confessione

2055 1431 2209 1488 beati
2231 1431 2382 1487 Petri
2420 1431 2742 1504 promeruit
2780 1430 3064 1486 dicentis:
3098 1433 3171 1486 Tu
3199 1447 3254 1487 es
3285 1431 3531 1490 Christus
3549 1436 3704 1506 ﬁlius

2055 1520 2153 1577 Dei
2187 1522 2300 1576 vivi
2329 1519 2531 1591 (Matth.
2563 1537 2676 1588 xw,
2710 1521 2820 1589 16),
2862 1524 2920 1576 et
2949 1520 3372 1578 contestatione
3414 1518 3575 1578 Pauli
3607 1525 3710 1580 ob-

2054 1608 2232 1664 tinuit
2253 1607 2624 1677 al‘ﬁrmantis,
2657 1609 2796 1681 quia
2825 1607 3072 1664 Christus
3101 1611 3255 1665 Iesus
3280 1611 3458 1681 factus
3485 1619 3565 1668 est
3589 1613 3712 1668 obe-

2056 1697 2212 1754 diens
2242 1699 2400 1754 Patri
2427 1715 2597 1770 usque
2623 1697 2692 1754 ad
2722 1705 2967 1765 mortem,
2999 1712 3225 1754 mortem
3264 1707 3446 1756 autem
3479 1703 3658 1758 crucis
3685 1719 3708 1757 :

2053 1795 2274 1859 propter
2320 1786 2460 1860 quod
2488 1795 2538 1842 ct
2569 1791 2712 1842 Deus
2763 1787 2925 1842 illum
2971 1787 3254 1856 exultavit,
3287 1796 3338 1844 et
3364 1787 3588 1846 donavit
3617 1791 3712 1846 illi

301 1924 474 1981 posse
513 1903 724 1962 salvari
763 1901 1078 1966 ullatenus,
1113 1897 1224 1954 nisi
1258 1912 1433 1968 quem
1463 1894 1589 1967 ipse
1621 1890 1946 1981 salvaverit.

2059 1892 2272 1943 nomen,
2297 1875 2438 1948 quod
2465 1884 2543 1932 est
2567 1892 2732 1948 super
2761 1891 2918 1932 omne
2943 1883 3228 1944 nomen,ut
3245 1879 3306 1932 in
3332 1880 3555 1935 nomine
3579 1879 3713 1935 Iesu

303 1979 521 2054 Dmnes
537 1997 736 2048 autem
755 1988 966 2045 salvari
983 2001 1366 2060 quoscunque
1380 1983 1504 2054 ipse
1521 1981 1742 2038 salvare
1761 1979 1953 2034 volue-

303 2085 416 2142 rit:
442 2099 508 2139 ac
539 2098 641 2154 per
669 2079 780 2134 hoc
810 2077 1148 2150 quicunque
1196 2091 1310 2129 non
1363 2071 1683 2136 salvantur,
1715 2069 1951 2140 penitus

307 2190 422 2228 non
462 2187 588 2226 esse
610 2165 928 2224 voluntatis
948 2164 1108 2220 illius
1130 2166 1194 2218 ut
1214 2161 1530 2226 salventur,
1555 2159 1784 2214 dicente
1816 2157 1950 2212 Pro-

305 2261 484 2334 pheta
515 2276 528 2314 :
564 2257 763 2314 Omnia
815 2269 1152 2328 quaecunque
1204 2250 1380 2307 voluit
1432 2248 1695 2304 Dominus
1722 2248 1852 2317 fecit
1891 2247 1954 2300 in

305 2333 435 2406 etelo
454 2357 507 2406 et
534 2349 596 2404 in
624 2355 788 2410 terra,
806 2346 867 2399 in
886 2343 1035 2398 mari
1053 2349 1104 2397 et
1135 2342 1196 2396 in
1223 2340 1476 2396 omnibus
1507 2337 1760 2408 abyssis»
1777 2333 1948 2406 (Psal.

307 2453 528 2502 cxxxxv,
549 2435 626 2508 6).
659 2437 815 2500 Quos
853 2429 1142 2488 mendacii
1173 2427 1490 2500 redarguit,
1523 2429 1580 2481 et
1612 2441 1782 2488 prave
1812 2439 1955 2478 san‘

307 2531 463 2582 ctam
485 2524 713 2580 tradere
735 2520 1096 2593 Scripturam
1121 2519 1234 2574 Leo
1257 2517 1316 2571 in
1337 2521 1494 2571 tome
1516 2515 1587 2568 ad
1613 2513 1952 2568 Flavianum

306 2613 559 2672 breviter
577 2613 943 2668 demonstrat
963 2609 1164 2664 dicens
1184 2608 1362 2678 (epist.
1387 2607 1472 2670 12,
1507 2612 1632 2659 ante
1659 2601 1950 2672 medium):

310 2724 341 2756 «
369 2703 531 2775 Opus
557 2700 667 2756 fuit
687 2697 915 2764 secreti,
937 2697 1091 2752 ’148
1115 2695 1330 2768 inquit,
1349 2691 1783 2765 dispensatione
1813 2707 1955 2746 con-

309 2791 446 2860 silii,
479 2794 546 2847 ut
575 2785 1078 2846 incommutabilis
1107 2785 1282 2849 Deus,
1317 2783 1488 2853 cujus
1535 2781 1806 2836 voluntas
1837 2796 1953 2834 non

307 2883 619 2956 potestsua
633 2875 996 2950 benignitate
1034 2872 1270 2946 privari,
1294 2871 1546 2944 primam
1559 2886 1698 2942 erga
1709 2886 1814 2924 nos
1835 2867 1954 2940 pie-

306 2968 444 3026 tatis
465 2985 584 3026 suae
605 2964 1047 3039 dispositionem
1081 2963 1446 3018 sacramento
1469 2957 1780 3015 occultiore
1805 2974 1957 3012 com-

308 3057 586 3130 pleret,et
613 3056 788 3112 homo
821 3051 1118 3109 diabolicae
1149 3047 1476 3121 iniquitatis
1503 3045 1762 3103 versutia
1790 3049 1956 3101 actus

307 3144 368 3200 in
389 3144 854 3216 culpam,contra
875 3139 974 3196 Dei
999 3137 1358 3211 propositum
1384 3153 1496 3193 non
1519 3135 1954 3208 periret.[ngre-

308 3233 469 3290 ditur
486 3249 622 3304 ergo
642 3231 766 3286 haec
786 3227 991 3285 mundi
1011 3227 1217 3281 inﬁma
1238 3225 1420 3282 Filius
1443 3223 1560 3280 Dei.
1576 3245 1604 3274 »
1633 3223 1774 3278 [line
1795 3239 1952 3278 com-

307 3321 532 3394 positor
559 3319 806 3376 istorum
851 3314 1265 3388 capitulorum,
1298 3330 1425 3383 quae
1456 3311 1625 3367 nobis
1655 3315 1720 3365 ut
1749 3309 1833 3366 eis
1867 3327 1952 3366 re-

310 3407 708 3480 spondeamus
729 3399 1338 3474 dedistis,expressius
1359 3398 1505 3454 nihil
1526 3398 1764 3464 dixit,ut
1787 3403 1954 3470 puta-

312 3513 468 3562 mus,
497 3493 636 3567 quia
664 3491 922 3566 percepit
943 3507 1005 3547 se
1035 3489 1300 3562 posuisse
1321 3489 1392 3544 de
1409 3487 1603 3544 verbis
1624 3488 1807 3542 sancti
1835 3491 1956 3544 Coe-

307 3582 663 3654 lestini,quaa
687 3580 743 3634 in
767 3577 1021 3650 capitulo
1045 3581 1252 3648 quarto
1273 3575 1609 3647 scripserat,
1636 3575 1732 3630 ubi
1765 3574 1906 3630 dicit
1939 3593 1952 3632 :

309 3673 496 3728 Tanta
515 3669 672 3726 enim
695 3671 786 3725 est
813 3683 950 3740 erga
981 3680 1186 3721 omnes
1207 3664 1478 3720 homines
1509 3663 1740 3719 bonitas
1764 3664 1958 3732 Dei,ut

307 3764 512 3817 nostra
537 3756 678 3814 velit
706 3772 835 3812 esse
865 3754 1075 3809 merita
1103 3769 1231 3824 quae
1263 3757 1402 3808 sunt
1429 3750 1618 3823 ipsius
1650 3753 1820 3807 dona.
1839 3753 1956 3809 Nos

307 3852 525 3914 autem,
550 3848 608 3900 et
629 3846 831 3899 contra
852 3841 1076 3914 priscos
1097 3845 1155 3896 et
1175 3845 1379 3896 contra
1409 3841 1718 3895 modernos
1740 3839 1958 3897 Praede-

306 3933 757 3999 stinatianos,de
777 3929 969 3985 verbis
1002 3927 1350 4000 Prosperi,et
1371 3929 1558 4000 ipsius
1589 3927 1956 4002 aliorumque

305 4021 724 4079 catholicorum
759 4019 1064 4075 doctorum
1113 4017 1406 4084 sensibus,
1440 4015 1762 4090 capitulum
1794 4018 1953 4074 istud

305 4109 724 4182 excerpsimus,
759 4107 1018 4163 dicentes
1051 4123 1064 4161 :
1095 4107 1238 4162 Deus
1264 4107 1601 4177 omnipotens
1647 4121 1830 4162 omnes
1860 4108 1954 4162 h0-

303 4201 478 4256 mines
507 4199 628 4255 sine
655 4197 964 4268 exceptione
996 4196 1110 4251 vult
1136 4196 1313 4251 salvos
1341 4195 1616 4265 ﬁeri,liret
1644 4211 1755 4250 non
1773 4211 1955 4250 omnes

301 4289 603 4344 salvantur.
638 4285 788 4355 Quod
835 4292 1016 4340 autem
1063 4283 1288 4354 quidam
1331 4284 1638 4350 salvantur,
1687 4283 1955 4339 salvuntis

302 4386 382 4434 est
409 4377 654 4443 donum;
684 4373 826 4447 quod
860 4380 1042 4429 autem
1072 4371 1295 4444 quidam
1335 4379 1580 4442 pereunt,
1610 4373 1958 4442 pereuntium

302 4473 382 4522 est
404 4467 682 4521 meritum.

376 4552 568 4607 Primo
615 4549 1052 4607 satisfaciamus
1110 4547 1448 4612 lectoribus,
1500 4546 1779 4618 quoniam
1825 4545 1953 4602 ideo

2058 1981 2216 2021 omne
2262 1981 2406 2034 genu
2449 1966 2699 2034 ﬂectatur
2743 1965 3058 2032 etelestium,
3088 1968 3428 2022 terrestrium
3451 1975 3503 2024 et
3541 1969 3714 2039 infer-

2057 2069 2274 2120 narum,
2306 2061 2358 2110 et
2384 2056 2560 2109 omnis
2593 2054 2785 2122 lingua
2839 2053 3157 2124 conﬁteatur
3181 2056 3314 2126 quia
3342 2055 3604 2112 Dominus
3627 2057 3714 2112 Je-

2057 2159 2150 2198 sus
2183 2141 2425 2198 Christus
2449 2143 2506 2196 in
2526 2143 2707 2210 gloria
2725 2151 2805 2198 est
2821 2143 2920 2198 Dei
2937 2143 3120 2198 Patris
3141 2143 3532 2215 (Philipp.u,8,
3548 2148 3710 2214 etc.).

2062 2229 2371 2302 Propterea
2403 2231 2556 2286 sicut
2579 2231 2874 2302 quondam
2897 2231 2969 2286 de
2990 2230 3353 2288 Hierusalem
3375 2231 3598 2290 dictum
3618 2238 3715 2290 est

2062 2335 2164 2390 per
2199 2319 2547 2390 Prophetam
2574 2336 2586 2374 :
2616 2319 2862 2376 Gloriosa
2889 2319 3032 2375 dicta
3055 2327 3184 2376 sunt
3203 2319 3270 2376 de
3296 2328 3366 2387 te,
3387 2323 3578 2378 civitas
3607 2324 3719 2378 Dei

2059 2415 2250 2462 muter.
2286 2408 2419 2464 Sion
2447 2407 2590 2462 dicet
2621 2409 2796 2474 homo,
2829 2415 2881 2462 et
2916 2409 3072 2464 homo
3113 2416 3276 2464 natus
3315 2417 3395 2465 est
3441 2411 3501 2464 in
3545 2427 3628 2477 ea,
3660 2417 3732 2465 et

2063 2495 2178 2566 ipse
2221 2495 2478 2566 fundavit
2521 2513 2644 2552 cum
2693 2496 3006 2552 Altissimus
3037 2497 3207 2568 (Psal.
3241 2513 3465 2566 LXXXVI,
3496 2498 3551 2568 3)
3584 2514 3598 2552 :
3629 2497 3719 2554 ita

2063 2602 2098 2640 a
2131 2585 2548 2657 Prophetarum
2599 2585 2846 2641 Domino
2894 2585 3009 2640 ista
3039 2585 3367 2657 gloriﬁcata
3395 2591 3484 2642 est
3513 2587 3717 2659 magni

2065 2672 2214 2728 Petri
2246 2673 2530 2746 principis
2567 2673 2965 2746 apostolorum
3015 2675 3342 2746 praesentia,
3371 2675 3464 2730 cui
3495 2677 3654 2732 149
3681 2695 3724 2732 a

2061 2779 2195 2817 vero
2218 2761 2318 2818 Dei
2343 2761 2486 2819 Filio
2507 2767 2564 2817 et
2585 2779 2712 2818 vere
2754 2761 3012 2818 hominis
3043 2762 3183 2830 ﬁlio,
3207 2779 3274 2818 ex
3303 2763 3534 2820 duabus
3564 2769 3621 2819 et
3648 2764 3716 2820 in

2063 2850 2295 2906 duabus
2320 2855 2456 2906 natu
2468 2851 2547 2907 ris
2569 2855 2743 2922 atque
2765 2849 3116 2907 substantiis
3131 2869 3233 2908 seu
3253 2852 3716 2925 operationibus,

2066 2939 2262 2996 divina
2287 2940 2508 2996 scilicet
2535 2945 2594 2996 et
2623 2939 2902 3006 humana,
2935 2939 2994 2994 in
3028 2940 3250 2996 unitate
3280 2957 3560 3012 personae,
3595 2959 3716 2998 non

2064 3027 2124 3083 in
2148 3027 2370 3085 unitate
2399 3028 2762 3096 substantiae,
2787 3029 3144 3084 subsistente
3161 3046 3277 3085 uno
3299 3031 3438 3086 Jesu
3459 3030 3716 3102 Christo,

2063 3121 2184 3174 toto
2219 3119 2275 3173 in
2304 3119 2450 3186 suis,
2485 3136 2612 3191 qua:
2661 3118 2962 3190 aequaliter
2991 3123 3048 3174 et
3076 3117 3325 3175 indivise
3371 3119 3546 3176 habet
3573 3137 3717 3177 cum

2067 3206 2231 3262 Patre
2261 3212 2318 3263 et
2351 3207 2570 3280 Spiritu
2605 3211 2824 3277 sancto,
2857 3223 2990 3262 cum
3047 3207 3265 3279 quibus
3319 3225 3438 3264 una
3494 3207 3578 3262 illi
3623 3213 3722 3266 est

2067 3299 2354 3351 coccterna
2385 3302 2441 3352 et
2469 3295 2718 3352 indivisa
2749 3295 3100 3362 substantia,
3125 3299 3242 3364 toto
3290 3296 3350 3351 in
3381 3295 3618 3366 nostris,
3651 3295 3718 3353 in

2067 3383 2284 3454 quibus
2309 3384 2490 3440 nostri
2522 3390 2610 3440 est
2637 3384 2954 3456 generis,id
2985 3389 3074 3440 est
3103 3384 3302 3440 anima
3332 3385 3625 3451 rationali,
3659 3393 3724 3444 et

2065 3471 2192 3528 sine
2220 3472 2336 3529 ullo
2380 3473 2596 3546 peccati
2650 3473 2918 3546 contagio
2957 3489 3130 3529 carne
3166 3473 3445 3541 humana,
3477 3475 3548 3530 de
3575 3474 3718 3532 Vir-

2065 3561 2220 3634 ginis
2252 3562 2457 3618 matris
2505 3578 2677 3617 carne
2699 3560 3106 3618 'immaculata
3149 3563 3370 3634 Spiritu
3403 3568 3605 3620 sancto
3641 3565 3724 3620 l'e-

2064 3652 2338 3717 cundata,
2370 3667 2497 3721 qua:
2524 3651 2594 3704 ab
2626 3647 2790 3704 initio
2821 3648 2881 3704 in
2931 3647 3100 3705 nobis
3148 3648 3384 3705 Creator
3429 3649 3718 3719 condidit,

2065 3743 2120 3794 et
2151 3755 2278 3810 qua:
2311 3738 2634 3809 reparanda
2663 3736 2944 3808 suscepit,
2984 3741 3126 3792 tunc
3155 3753 3329 3792 carne
3355 3737 3548 3794 adhuc
3579 3755 3720 3810 pas-

2064 3825 2220 3881 sibili
2253 3831 2308 3880 et
2334 3824 2584 3892 mortali,
2620 3841 2776 3880 nunc
2809 3831 3003 3881 autem
3035 3825 3260 3882 devicta
3289 3831 3476 3883 morte
3505 3825 3720 3883 clariﬁ-

2064 3919 2193 3970 cata
2223 3913 2513 3986 passionis
2543 3913 2802 3982 victoria,
2835 3918 3012 3986 atque
3041 3913 3098 3968 in
3141 3914 3242 3970 Dei
3294 3914 3480 3970 Patris
3527 3915 3721 3988 gloria

2064 4006 2460 4076 permanente,
2502 4007 2560 4059 et
2618 4001 2912 4058 saeculum
2949 4001 3310 4073 judicaturo,
3341 4020 3408 4059 ac
3437 4004 3568 4061 sine
3596 4005 3718 4062 ﬁne

2065 4095 2366 4164 regnante,
2391 4091 2612 4146 dictum
2636 4097 2725 4146 est
2749 4107 2761 4146 :
2793 4093 2867 4146 Tu
2886 4107 2941 4146 es
2969 4092 3163 4146 Petrus
3191 4099 3244 4148 et
3269 4108 3433 4164 super
3451 4093 3592 4148 hanc
3615 4110 3716 4165 pe-

2064 4190 2205 4238 tram
2246 4179 2526 4251 aediﬁcabo
2573 4181 2869 4236 Ecclesium
2911 4195 3088 4234 meam
3117 4179 3320 4248 (Matth.
3355 4198 3466 4248 xw,
3502 4181 3611 4252 18).
3645 4181 3720 4236 Et

2063 4269 2218 4326 sicut
2234 4268 2333 4344 illa
2348 4269 2644 4340 quondam
2669 4265 3030 4323 Hierusalem
3052 4267 3254 4324 civitas
3273 4268 3460 4324 sancti
3484 4267 3720 4326 minuta

2064 4362 2153 4412 est
2181 4357 2521 4428 angelorum
2556 4355 2845 4424 custodia,
2877 4372 3065 4428 usque
3096 4356 3236 4410 dum
3263 4361 3502 4428 propter
3531 4357 3721 4414 incre-

2065 4445 2372 4502 dulitatem
2405 4449 2462 4500 et
2491 4444 2772 4500 duritiam
2831 4445 3022 4500 cordis
3071 4444 3162 4501 sui
3214 4445 3436 4500 audivit
3467 4447 3540 4502 ab
3571 4445 3660 4502 eis
3697 4464 3711 4502 :

2063 4536 2457 4590 Transeamus
2489 4535 2559 4589 ab
2594 4532 2684 4588 his
2716 4533 2973 4602 sedibus,
3007 4537 3067 4588 et
3094 4551 3129 4588 a
3159 4533 3454 4590 Salvatore
3497 4552 3628 4602 suo,
3663 4536 3716 4591 si

303 4637 552 4710 apostoli
573 4641 633 4694 et
652 4637 917 4708 Prosperi
937 4636 1132 4691 verbis
1147 4637 1587 4706 sineemeeptione
1607 4634 1952 4705 interposui-
1979 4639 2026 4703 ι)
2063 4622 2342 4679 V'OluiSSUt
2364 4640 2377 4677 :
2402 4623 2545 4678 Ecce
2577 4622 2938 4694 relinquetur
2967 4622 3129 4678 vobis
3159 4622 3370 4678 domus
3398 4627 3593 4680 vestra
3623 4625 3719 4680 de.

302 4742 457 4794 mus,
477 4725 617 4798 quia
647 4723 1062 4782 Gothescalcus
1094 4741 1375 4779 novorum
1410 4722 1951 4779 Prmdestinatiano-

300 4831 434 4870 rum
459 4812 826 4887 primicerius
847 4813 905 4867 in
930 4813 1168 4884 praal'ato
1191 4829 1298 4868 suo
1323 4810 1516 4867 libello
1538 4812 1609 4866 ad
1643 4811 1950 4867 Rabanum

299 4903 651 4975 scripserat:
681 4901 895 4957 Omnes
925 4905 978 4956 et
1009 4917 1212 4956 omnes
1243 4899 1452 4954 debere
1481 4899 1750 4970 intelligi,
1775 4899 1829 4953 id
1863 4902 1953 4954 est

217 5022 222 5063 ι
297 5006 504 5046 omnes
523 4987 624 5060 qui
647 4987 1044 5056 salvantur,de
1069 4988 1286 5059 quibus
1307 4985 1448 5041 dicit
1470 4986 1810 5058 Apostolus:
1847 4987 1953 5054 Qui

221 5091 226 5096 ‘
296 5079 415 5134 vult
469 5093 652 5135 omnes
710 5077 956 5134 homines
1011 5077 1189 5132 salvos
1245 5075 1372 5145 ﬁeri
1411 5075 1461 5141 (Ι
1513 5076 1646 5129 Tim.
1680 5091 1742 5144 ιι,
1779 5075 1852 5141 4),
1894 5079 1952 5129 et

235 5167 237 5174 “
297 5182 502 5222 omnes
519 5164 620 5236 qui
635 5179 746 5220 non
769 5164 1246 5234 salvantur,quos
1264 5178 1376 5216 non
1393 5159 1518 5215 vult
1537 5161 1691 5215 Deus
1713 5160 1945 5216 salvari.

245 5276 248 5285 π
298 5251 508 5324 Sicque
536 5251 645 5308 hac
674 5251 1150 5323 interpretatione
1209 5265 1480 5320 perversa
1525 5253 1583 5302 et
1629 5248 1948 5320 apostolica

295 5339 471 5395 verba
497 5343 555 5395 et
587 5339 851 5410 Prosperi
884 5339 1037 5409 apud
1070 5337 1366 5392 auditores
1397 5352 1536 5390 suos
1585 5337 1949 5406 pervertehat

296 5427 637 5482 sententias.
671 5427 834 5482 Unde
890 5441 1126 5480 necesse
1155 5429 1244 5478 est
1275 5423 1462 5485 nobis,
1495 5440 1564 5476 ex
1593 5423 1944 5480 orthodoxo-

295 5528 425 5566 rum
457 5513 693 5584 scriptis
721 5511 1103 5576 ostendere,si
1125 5511 1423 5566 catholicas
1454 5510 1584 5565 ﬁdei
1617 5511 1943 5584 capitulum

292 5597 450 5653 istud
483 5617 517 5654 a
547 5599 713 5656 nobis
760 5605 1096 5671 excerptum
1141 5599 1328 5655 valeat
1358 5597 1682 5654 convenire.
1715 5600 1943 5657 Consu-

147 5707 219 5732 πμ.
289 5683 476 5742 lentes
523 5691 659 5741 ante
699 5687 897 5742 omnia
947 5687 1100 5743 sicut
1129 5691 1187 5743 et
1216 5686 1404 5759 prima
1443 5692 1532 5742 est
1564 5687 1619 5740 in
1653 5691 1772 5742 toto
1803 5689 1940 5746 orbe

2062 4717 2256 4779 serta;
2289 4711 2371 4767 ita
2397 4713 2455 4766 et
2493 4710 2610 4767 ista
2655 4710 2948 4766 illustrata
2995 4715 3300 4784 permanet
3345 4716 3404 4768 et
3449 4717 3716 4784 protecta

2060 4797 2422 4856 orationibus
2463 4798 2730 4873 gentium
2789 4797 3057 4871 magistri
3105 4798 3354 4856 dicentis
3389 4817 3401 4856 :
3440 4801 3604 4856 Testis
3633 4809 3718 4858 est

2059 4890 2207 4944 enim
2252 4889 2394 4944 mihi
2439 4890 2600 4956 Deus,
2631 4890 2726 4943 cui
2751 4889 2926 4943 servio
2963 4889 3024 4941 in
3052 4888 3252 4960 spiritu
3281 4905 3401 4945 meo
3433 4891 3494 4944 in
3521 4890 3712 4945 Evan-

2057 4979 2198 5050 gelia
2227 4979 2358 5033 Filii
2405 4979 2541 5049 ejus,
2575 4976 2714 5048 quod
2759 4978 2882 5032 sine
2926 4978 3330 5034 intermissione
3385 4981 3712 5034 memoriam

2061 5069 2221 5122 vestri
2247 5068 2390 5138 facio
2421 5071 2480 5120 in
2510 5068 2851 5122 oratitmibus
2879 5067 3014 5121 meis
3045 5067 3216 5138 (Rom.
3250 5084 3288 5134 ι,
3311 5068 3387 5137 9).
3421 5069 3558 5132 Quae
3590 5084 3710 5122 non

2057 5155 2129 5209 ab
2161 5155 2416 5221 homine,
2441 5171 2628 5226 neque
2660 5170 2761 5226 per
2790 5153 3110 5223 hominem,
3131 5155 3233 5210 sed
3257 5171 3360 5226 per
3388 5154 3709 5210 Dominum

2055 5243 2256 5299 Jesum
2289 5244 2609 5311 Christum,
2642 5243 2796 5298 sicut
2827 5242 3030 5298 Petrus
3056 5247 3114 5298 et
3147 5243 3361 5299 Paulus
3415 5243 3711 5316 apostola-

2054 5336 2202 5398 tum,
2235 5332 2317 5386 ita
2352 5336 2410 5388 et
2456 5331 2576 5388 haec
2621 5337 2822 5386 sancta
2870 5332 3034 5385 sedes
3087 5332 3350 5387 omnium
3401 5332 3710 5387 civitatum

2056 5422 2271 5476 meruit
2302 5421 2716 5493 principatum.
2747 5419 2936 5475 Veluti
2968 5425 3210 5476 sanctus
3237 5419 3574 5486 Anacletus,
3597 5425 3714 5475 te!»

2053 5508 2174 5565 tius
2205 5527 2238 5564 a
2268 5509 2436 5565 beato
2470 5509 2633 5564 Petro
2662 5509 2934 5564 Romana:
2980 5509 3138 5566 sedis
3179 5509 3512 5581 episcopus,
3545 5513 3604 5564 et
3633 5508 3712 5565 ab

2054 5599 2180 5671 ipso
2213 5597 2609 5670 apostolorum
2647 5598 2909 5670 principe
2953 5599 3255 5670 presbyter
3283 5597 3612 5664 ordinatus,
3647 5596 3708 5653 in

2052 5686 2298 5758 epistola
2358 5704 2464 5744 sua
2517 5687 2658 5744 dicit
2715 5689 2892 5758 (epist.
2927 5688 2961 5740 3
2989 5687 3088 5742 sub
3129 5687 3374 5757 initium)
3409 5703 3420 5740 :
3481 5708 3508 5735 ‹‹
3539 5685 3709 5754 Aliae,
