3970 6182
258 328 378 392 213

975 329 1076 390 DE
1097 283 1102 290 .
1125 327 1882 393 PR/EDESTINATIONE
1930 328 2450 394 DlSSERTATlO
2493 329 2959 394 POSTERIOR.

3555 331 3679 400 2H

257 461 476 536 inquit,
520 459 722 534 prima
768 459 1052 526 civitates,
1075 479 1222 534 quas
1250 461 1414 518 vobis
1464 463 1827 536 conscriptas
1859 463 1916 518 in
1947 462 2001 530 Α
2031 461 2343 534 iniquitate
2372 467 2429 518 et
2459 463 2844 520 obduratione
2893 465 3126 536 propria
3174 470 3430 538 pereant.
3449 465 3678 526 Veritas

257 551 519 626 quodam
561 555 720 607 tomo
768 549 1082 616 mittimus,
1117 569 1151 606 a
1196 549 1414 606 sanctis
1445 551 1746 624 apostolis,
1793 555 1852 607 et
1882 570 1916 608 a

258 642 427 698 beato
457 639 773 704 Clemente,
799 639 920 694 sive
941 657 974 694 a
995 638 1182 705 nobis,
1208 638 1486 710 primates
1511 640 1915 712 praedicatores

256 732 613 802 acceperunt
638 745 651 782 :
677 727 798 783 haec
827 743 962 783 vero
985 733 1188 784 sancta
1218 729 1479 784 Romana
1510 733 1566 784 et
1595 729 1915 802 apostolica

257 817 538 884 Ecclesia,
565 833 680 872 non
713 817 786 872 ab
811 815 1114 889 apostolis,
1136 817 1237 872 sed
1268 818 1339 872 ab
1373 817 1500 888 ipso
1525 818 1772 874 Domino
1804 818 1912 874 sal-

253 913 451 963 vatore
483 909 686 962 nostro
729 905 1048 977 primatum
1081 905 1352 972 obtinuit,
1387 905 1540 961 sicut
1579 906 1704 979 ipse
1742 907 1910 964 beato

257 997 421 1054 Petro
461 994 742 1067 Apostola
771 993 918 1049 dixit
951 1011 963 1050 :
1001 996 1075 1050 Tu
1119 1011 1174 1050 es
1221 996 1432 1063 Petrus,
1465 1003 1518 1052 et
1561 1013 1726 1068 super
1771 997 1913 1052 hanc

250 1094 462 1160 petram
489 1083 774 1154 aediﬁcabo
803 1083 1098 1139 Ecclesium
1115 1100 1311 1148 meum,
1334 1093 1386 1140 et
1402 1094 1576 1156 portae
1604 1087 1774 1156 inferi
1799 1101 1910 1141 non

249 1174 632 1249 prxuatebunt
659 1171 918 1230 adversus
943 1189 1099 1240 eam;
1124 1177 1218 1228 et:
1249 1173 1367 1229 Tibi
1395 1173 1528 1230 dabo
1559 1175 1734 1230 claves
1755 1177 1912 1246 regni

2023 556 2114 606 est
2141 550 2297 606 enim
2329 570 2456 624 qua:
2501 553 2648 607 dixit
2681 570 2694 607 :
2733 552 2857 608 Vivo
2885 569 2997 624 ego,
3033 553 3168 610 dicit
3209 558 3475 612 Dominus
3512 558 3676 626 Deus,

2020 640 2154 697 Nolo
2209 649 2436 697 mortem
2494 643 2674 713 impii,
2708 642 2801 697 sed
2831 650 2892 696 ut
2929 651 3234 697 revertatur
3289 647 3492 716 impius
3521 663 3555 702 α
3584 649 3676 704 via

2020 745 2120 784 sua
2149 739 2202 786 et
2230 733 2389 786 vivat.
2415 731 2812 788 Convertimini
2848 748 2880 786 a
2924 732 3032 786 viis
3083 734 3272 786 vestris
3317 729 3596 804 pessimis,
3623 743 3676 792 et

2021 834 2188 890 quare
2243 821 2556 875 morie-mini
2574 862 2588 886 ,
2659 818 2847 874 domus
2910 819 3098 874 Israel.
3171 820 3427 892 Nunquid
3491 823 3674 879 volens

2018 909 2177 978 cupio
2222 916 2448 963 mortem
2497 909 2726 980 iniqui?
2773 907 2910 962 dicit
2967 909 3228 963 Dominus
3286 909 3426 964 Deus
3457 910 3670 976 (Ezech.

2018 1013 2214 1064 xxxm,
2242 998 2347 1068 11).
2374 997 2659 1052 Dominus
2683 997 2867 1067 jurat,
2895 1013 2964 1050 ne
3009 997 3143 1067 quis
3175 997 3488 1052 criminum
3523 996 3673 1054 mole

2017 1085 2304 1156 desperet,
2340 1085 2480 1156 quia
2527 1101 2640 1138 non
2673 1084 2795 1139 vult
2836 1089 3083 1139 mortem
3132 1083 3319 1156 impii,
3347 1085 3448 1140 sed
3483 1089 3546 1140 ut
3577 1102 3671 1142 re-

2016 1176 2278 1228 vertatur
2298 1191 2331 1227 a
2361 1173 2453 1228 via
2481 1191 2589 1228 sua
2627 1178 2682 1227 et
2720 1173 2894 1238 vivat,
2921 1178 2978 1226 et
3009 1173 3505 1228 Praedestinatiani
3539 1190 3668 1246 per-

251 1265 531 1328 actorum,
562 1270 618 1317 et
643 1276 980 1334 quaecunque
1010 1261 1266 1333 ligaveris
1301 1277 1467 1333 super
1495 1271 1715 1330 terram,
1749 1270 1913 1319 erunt
1958 1253 1962 1260 ⁷
2008 1261 2234 1332 jurant,
2268 1262 2406 1333 quia
2435 1261 2533 1334 qui
2579 1278 2695 1315 non
2745 1261 3044 1340 salvantur
3089 1261 3324 1332 penitus
3376 1279 3489 1316 non
3539 1279 3668 1319 esse

253 1354 418 1424 ligata
449 1359 507 1407 et
533 1353 597 1406 in
623 1351 774 1417 caelo,
797 1359 850 1406 et
875 1366 1194 1422 quacunque
1231 1351 1454 1406 solveris
1491 1367 1656 1422 super
1683 1359 1904 1420 terram,

252 1449 412 1498 erunt
437 1441 622 1496 soluta
661 1446 712 1494 et
749 1441 810 1493 in
840 1439 968 1494 creto
999 1437 1200 1509 (Matth.
1225 1455 1338 1503 xw,
1374 1440 1458 1506 18,
1495 1439 1602 1511 19).
1635 1439 1910 1496 Adhibita

253 1533 337 1586 est
363 1529 550 1584 etiam
583 1527 832 1583 societas
877 1527 934 1581 in
968 1527 1167 1582 eadem
1222 1527 1486 1582 Romana
1514 1527 1659 1584 urbe
1686 1529 1895 1583 beatis-

252 1617 380 1674 simi
405 1615 674 1690 Apostoli
699 1614 1050 1684 Pauli,vasis
1074 1614 1501 1687 electionis.qui
1520 1634 1636 1672 uno
1654 1617 1746 1672 die
1767 1633 1908 1672 uno-

252 1723 359 1780 que
376 1704 672 1778 temporis
693 1703 950 1777 gloriosa
964 1701 1150 1758 mo‘rte
1171 1720 1305 1759 cum
1326 1704 1490 1760 Petro
1513 1707 1622 1761 sub
1645 1706 1907 1778 principe

251 1797 476 1852 Nerone
507 1793 826 1867 agonizans
864 1791 1176 1848 coronatus
1205 1797 1314 1857 est,
1340 1797 1396 1848 et
1434 1795 1606 1850 ambo
1639 1798 1901 1850 sanetam
1936 1829 1986 1896 Β

251 1884 582 1940 Romanam
613 1880 934 1937 Ecclesium
977 1887 1485 1949 consecraverunt,
1522 1881 1768 1955 aliisque
1806 1901 1907 1938 ur-

249 1971 421 2028 bibus
452 1971 519 2025 in
545 1969 819 2025 universo
849 1969 1070 2024 mundo
1100 1985 1228 2024 eam
1261 1985 1370 2024 sua
1398 1971 1707 2041 presentia
1737 1975 1911 2043 atque

249 2059 586 2116 venerando
619 2057 918 2128 triumpho
938 2057 1374 2128 praetulerunt.»
1397 2059 1467 2112 Et
1487 2063 1725 2114 sanctus
1747 2059 1912 2114 Inno-

250 2148 480 2206 centius
528 2147 602 2202 ad
655 2147 997 2202 Decentium
1027 2145 1403 2218 Eugubinum
1451 2147 1654 2203 scribit
1682 2148 1910 2220 episco-

254 2252 390 2310 pum
424 2235 638 2291 dicens
667 2235 846 2307 (epist.
874 2233 946 2289 29
973 2235 1033 2289 in
1059 2233 1321 2307 princip.)
1346 2252 1396 2290 ;‹‹
1429 2236 1569 2300 Quis
1599 2237 1756 2292 enim
1779 2253 1909 2293 nes-

252 2326 383 2394 ciat,
407 2328 516 2381 aut
547 2340 667 2379 non
697 2323 979 2388 advertat,
1003 2322 1062 2377 id
1085 2323 1239 2395 quod
1274 2339 1308 2378 a
1336 2322 1597 2396 principe
1629 2325 1913 2396 apostolo-

239 2431 382 2471 rum
405 2413 584 2470 Petro
606 2413 880 2468 Romanas
912 2411 1180 2467 Ecclesia:
1210 2413 1495 2468 traditum
1527 2418 1634 2485 est,
1659 2431 1725 2469 ac
1754 2431 1911 2470 nunc

252 2519 437 2575 usque
478 2501 840 2564 custoditur,
865 2499 936 2554 ab
969 2499 1244 2555 omnibus
1285 2500 1493 2556 debere
1537 2501 1773 2567 servari,
1805 2517 1910 2556 nec

251 2589 548 2663 superdici
581 2592 688 2644 aut
728 2587 1020 2644 introduci
1053 2585 1296 2659 aliquid,
1323 2589 1477 2660 quod
1529 2593 1630 2644 aut
1661 2589 1909 2646 auctori-

247 2683 426 2736 tatem
475 2694 598 2733 non
647 2675 880 2743 habeat,
915 2680 1016 2732 aut
1071 2675 1308 2731 aliunde
1355 2677 1615 2749 accipere
1643 2677 1912 2734 videatur

245 2766 628 2840 exemplum?
669 2763 994 2820 Praesertim
1036 2781 1171 2820 cum
1213 2763 1290 2818 sit
1327 2765 1727 2834 manifestum,
1756 2767 1910 2823 150

244 2855 302 2912 in
348 2871 592 2912 omnem
653 2853 905 2920 Italiam,
939 2853 1177 2920 Gallias,
1240 2853 1572 2926 Hispanias,
1630 2855 1907 2926 Africam,

247 2951 422 3018 atque
470 2943 760 3010 Siciliam,
817 2943 1163 3016 insulasque
1213 2945 1646 3016 interjacentes,
1677 2945 1906 3000 nullum

245 3032 583 3090 instituisse
611 3031 923 3096 Ecclesias,
951 3031 1066 3087 nisi
1113 3049 1212 3088 eos
1243 3048 1391 3102 quos
1425 3032 1775 3088 venerabilis
1806 3033 1907 3088 Pe-

247 3127 394 3190 trus,
421 3126 530 3178 aut
553 3122 684 3192 ejus
705 3136 1095 3187 successores,
1119 3120 1529 3176 constituerint
1551 3122 1905 3178 sacerdotes.

2013 1349 2333 1406 voluntatis
2380 1351 2607 1406 Domini
2643 1353 2707 1404 ut
2738 1349 3056 1405 salvcntur.
3092 1351 3161 1404 Et
3191 1349 3328 1405 item
3380 1350 3667 1408 Dominus

2016 1439 2076 1492 in
2107 1439 2416 1510 Evangelio
2464 1439 2606 1494 dicit
2638 1455 2650 1494 :
2686 1440 2810 1494 Dico
2852 1439 3018 1504 vobis,
3050 1439 3314 1509 gaudium
3360 1447 3440 1495 est
3483 1456 3666 1495 coram

2014 1526 2234 1598 Angelis
2263 1530 2361 1583 Dei
2390 1530 2450 1583 in
2477 1529 2605 1583 creto
2653 1545 2818 1600 super
2847 1545 2956 1582 uno
2981 1536 3254 1598 peccatore
3292 1531 3665 1599 pamitentia-m

2013 1623 2201 1685 agente
2228 1618 2379 1685 (Luc.
2413 1635 2505 1683 xv,
2526 1619 2604 1684 7).
2631 1619 2699 1671 Et
2729 1617 2776 1672 ei
2813 1633 2989 1686 super
3017 1634 3132 1670 uno
3175 1617 3490 1686 pmnitente
3519 1634 3662 1686 gau-

2015 1704 2155 1759 dent
2182 1705 2395 1777 angeli,
2430 1723 2545 1760 non
2587 1705 2771 1760 multo
2803 1705 3012 1776 magis,
3045 1705 3092 1760 si
3133 1723 3336 1760 omnes
3376 1707 3660 1776 pmniten-

2015 1791 2157 1847 tiam
2181 1793 2404 1864 egerint
2423 1797 2480 1848 et
2495 1793 2868 1859 crediderint,
2889 1791 3079 1864 angeli
3100 1793 3283 1848 sancti
3303 1794 3666 1864 gaudebunt,

2020 1881 2118 1952 qui
2150 1881 2210 1935 in
2245 1881 2344 1936 illo
2374 1882 2574 1937 vident
2601 1883 2756 1936 unde
2785 1881 3119 1952 gaudeant?
3149 1881 3229 1936 De
3259 1880 3416 1936 illius
3448 1881 3672 1937 scilicet

2018 1970 2252 2042 gaudio,
2287 1989 2319 2025 a
2352 1987 2466 2041 quo
2511 1969 2938 2042 sempiternum
2969 1967 3248 2040 gaudium
3297 1973 3668 2041 acceperunt.

2021 2058 2230 2129 Legem
2263 2075 2398 2130 ergo
2428 2056 2720 2123 credendi,
2746 2061 2812 2110 ut
2844 2060 3082 2111 sanctus
3107 2055 3456 2112 lecstinus
3479 2057 3670 2127 jubet,

2018 2144 2109 2199 lex
2140 2145 2308 2201 nobis
2341 2150 2558 2202 statuat
2585 2145 2956 2218 supplicandi
2985 2161 2997 2201 :
3023 2148 3087 2198 ut
3116 2143 3392 2215 quoniam
3419 2146 3490 2200 ab
3512 2144 3673 2200 omni

2019 2233 2277 2289 Ecclesia
2309 2233 2592 2289 catholica
2642 2235 2757 2289 Deo
2809 2232 3176 2304 supplicatur
3223 2249 3325 2304 pro
3373 2233 3668 2300 omnibus,

2019 2323 2328 2378 credamus
2359 2323 2543 2377 Deum
2584 2339 2788 2377 omnes
2821 2321 3087 2376 homines
3120 2321 3263 2375 velle
3304 2320 3494 2376 salvos
3523 2321 3672 2390 ﬁeri,

2019 2409 2154 2466 licet
2177 2427 2290 2465 non
2322 2427 2528 2466 omnes
2561 2410 2875 2474 solventur,
2901 2413 2958 2463 et
2987 2410 3141 2480 quod
3177 2409 3414 2480 quidam
3446 2408 3673 2466 salvan-

2020 2502 2134 2564 tur,
2159 2497 2438 2554 salvautis
2472 2499 2548 2554 sit
2587 2499 2836 2566 donum;
2873 2499 3027 2568 quod
3070 2501 3264 2551 autem
3305 2497 3544 2568 quidam
3574 2514 3673 2570 pe-

2019 2592 2209 2658 reunt,
2244 2587 2320 2642 sit
2350 2587 2722 2660 pereuntium
2756 2587 3077 2663 meritum._

2090 2675 2228 2743 Piis,
2260 2676 2504 2742 devotis,
2539 2681 2714 2747 atque
2756 2675 3058 2730 catholicis
3099 2674 3206 2729 hoc
3250 2679 3440 2745 potest
3469 2679 3525 2730 et
3563 2675 3672 2732 hoc

2017 2763 2189 2819 debet
2219 2764 2509 2832 sufﬁcere,
2544 2765 2694 2835 quod
2745 2763 3010 2818 omnium
3061 2762 3452 2818 Eeclesiarum
3486 2767 3673 2821 mater

2018 2856 2220 2908 sancta
2251 2851 2535 2907 catholica
2584 2856 2758 2922 atque
2810 2849 3141 2922 Apostolica
3169 2851 3316 2906 151
3353 2853 3520 2906 docet
3551 2852 3671 2908 Ro-

2018 2956 2194 2995 mana
2222 2939 2500 2995 Ecclesia.
2527 2941 2658 3010 Ipsa
2684 2939 2838 2994 enim
2873 2943 2936 2993 ut
2967 2943 3156 2992 mater
3180 2957 3287 2993 nos
3309 2939 3538 2995 Christo
3569 2956 3668 3013 ge-

2017 3027 2164 3098 nuit,
2182 3045 2288 3082 nos
2321 3028 2598 3099 religione
2631 3027 2891 3094 nutrivit,
2917 3043 3024 3081 nos
3055 3027 3320 3081 doctrina
3349 3027 3664 3082 instruxit:

2016 3133 2124 3172 nos
2146 3116 2299 3171 sicut
2317 3115 2376 3170 in
2401 3119 2603 3170 sancto
2629 3114 2792 3170 Petro
2815 3133 2848 3168 a
2868 3113 3096 3168 Christo
3119 3115 3290 3168 ﬁrma
3319 3117 3482 3184 petra
3513 3131 3670 3170 acce-

243 3211 356 3266 Aut
380 3185 604 3284 legant
631 3209 682 3264 si
711 3209 771 3264 in
802 3208 896 3264 his
951 3185 1263 3280 provinciis
1311 3207 1463 3264 alius
1511 3209 1908 3280 apostolorum
2022 3204 2126 3276 pit,
2142 3205 2406 3260 doctores
2433 3201 2709 3270 instituit,
2737 3207 2793 3256 et
2821 3201 3108 3257 catholico
3135 3200 3282 3256 lacte
3313 3201 3588 3274 nutritos,
3613 3206 3672 3260 et

245 3303 344 3355 aut
366 3298 592 3371 legitur
610 3301 712 3352 aut
733 3296 1029 3352 invenitur
1043 3295 1446 3362 docuisse.Qui
1471 3296 1520 3351 si
1543 3315 1655 3352 non
1681 3296 1900 3370 legunt,

245 3387 382 3459 quia
401 3401 705 3456 nusquam
731 3383 1056 3450 inveniunt,
1071 3387 1300 3455 oportet
1314 3401 1412 3440 eos
1429 3384 1537 3440 hoc
1559 3386 1724 3457 sequi
1747 3387 1902 3458 quod

243 3473 505 3530 Ecclesia
536 3473 804 3528 Romana
823 3471 1099 3540 custodit,
1124 3489 1158 3526 a
1175 3488 1292 3542 qua
1312 3488 1410 3527 eos
1434 3472 1785 3546 principium
1817 3491 1906 3529 ac-

244 3563 470 3636 cepisse
499 3577 624 3616 non
655 3559 900 3615 dubium
932 3563 1037 3626 est,
1065 3575 1136 3615 ne
1167 3561 1308 3614 dum
1341 3561 1683 3631 peregrinus
1715 3579 1902 3618 asser-

241 3650 510 3706 tionibus
573 3648 840 3716 student,
881 3651 1058 3719 caput
1109 3647 1548 3704 institutionum
1595 3649 1905 3705 videantur

241 3737 536 3795 amittere.
554 3758 585 3787 »
607 3735 754 3791 Cum
784 3735 906 3790 haec
934 3734 1017 3791 ita
1045 3750 1108 3790 se
1139 3734 1414 3802 habeant,
1438 3740 1495 3790 et
1523 3740 1764 3792 sanctus
1787 3737 1905 3792 Coe-

239 3825 494 3884 lestinus
515 3841 692 3898 papa,
707 3825 878 3897 cujus
901 3829 1157 3897 tempore
1177 3825 1434 3896 primum
1455 3825 1578 3880 haec
1595 3831 1794 3882 exorta
1817 3831 1906 3882 est

241 3914 473 3980 heresi,
515 3915 678 3970 dicat
707 3914 766 3967 in
798 3911 1082 3969 Decretali
1127 3911 1374 3984 epistolo
1423 3931 1532 3969 sua
1559 3916 1700 3988 (post
1743 3917 1899 3986 epist.

236 4003 290 4058 8.
343 4003 634 4071 Ccelesini)
681 4001 754 4057 ad
805 4000 1120 4056 Venerium
1179 4005 1236 4056 et
1285 4006 1521 4057 cateros
1573 4002 1903 4075 Gallicanos

237 4091 552 4164 episcopos
584 4091 725 4163 (cap.
760 4091 870 4160 11),
904 4089 1044 4161 quid
1101 4089 1238 4145 inde
1298 4090 1554 4158 credere,
1605 4095 1799 4148 tenere
1845 4097 1904 4148 et

235 4179 562 4251 pradicare
611 4176 896 4233 catholice
939 4178 1258 4234 debeamus
1292 4195 1305 4233 :
1335 4201 1364 4228 «
1397 4179 1899 4248 Obsecrationum,

233 4266 544 4338 inquiens,
577 4263 1030 4322 sacerdotalium
1079 4270 1448 4322 sacramenta
1495 4266 1899 4339 respiciamus,

233 4371 364 4428 quae
409 4355 494 4410 ab
537 4352 823 4426 apostolis
851 4353 1088 4422 tradita,
1123 4354 1181 4408 in
1214 4358 1334 4410 toto
1375 4355 1594 4411 mundo
1636 4359 1810 4428 atque
1841 4356 1902 4412 in

232 4443 396 4498 omni
422 4440 721 4498 catholica
737 4440 996 4496 Ecclesia
1024 4441 1396 4497 uniformiter
1425 4442 1812 4510 celebrantur,
1837 4449 1904 4500 ut

229 4527 424 4604 legem
466 4528 888 4620 credendi_lex
938 4532 1158 4620 statuat
1207 4529 1792 4602 supplicandi.»Qute
1824 4533 1980 4620 sit‘D

227 4624 432 4675 autem
466 4617 563 4672 lex
611 4617 1008 4689 supplicandi,
1039 4621 1096 4674 et
1125 4619 1250 4690 ipse
1299 4619 1358 4674 in
1408 4620 1612 4675 eodem
1645 4622 1900 4694 capitulo

229 4706 518 4778 explicat,
545 4708 604 4759 et
632 4703 890 4761 Ecclesia
919 4705 1088 4776 quasi
1129 4705 1460 4778 specialiter
1488 4706 1548 4762 in
1581 4707 1672 4764 die
1715 4709 1900 4765 cruci-

227 4793 477 4850 ﬁxionis
509 4791 741 4848 Domini
789 4792 972 4848 nostri
1014 4793 1155 4848 Jesu
1197 4793 1430 4860 Christi,
1455 4797 1768 4854 ostendens
1798 4815 1900 4870 pro

225 4882 458 4954 quibus
492 4879 574 4936 sit
603 4880 938 4950 cruciﬁxus,
963 4896 1226 4952 quosque
1254 4881 1379 4936 vult
1398 4883 1588 4939 salvos
1619 4885 1904 4958 fieri,sup-

225 4969 542 5043 plicando,
573 4973 632 5024 et
659 4969 1146 5041 congemiscendo
1179 4971 1565 5038 demonstrat,
1595 4989 1768 5028 orans
1801 4991 1902 5046 pro

225 5059 522 5115 omnibus
549 5057 912 5122 hominibus,
939 5062 998 5112 et
1041 5057 1386 5131 singillatim
1418 5063 1595 5132 atque
1626 5061 1902 5118 distincte

223 5162 330 5218 pro
363 5144 660 5202 omnibus
681 5145 1012 5214 ordinibus,
1037 5163 1142 5218 pro
1163 5148 1438 5202 omnibus
1460 5149 1762 5220 gradibus,
1797 5168 1899 5223 pro

225 5232 522 5286 omnibus
539 5230 955 5303 dignitatibus,
972 5249 1076 5304 pro
1099 5233 1490 5290 schismaticis
1515 5239 1572 5289 et
1592 5235 1898 5307 haereticis,

221 5335 328 5392 pro
358 5317 600 5376 Judzeis
631 5323 811 5391 atque
843 5320 1182 5392 paganis,ut
1202 5339 1372 5378 nemo
1397 5323 1670 5378 credatur
1699 5340 1902 5397 excep-

221 5412 343 5475 tus,
363 5422 562 5479 agens
589 5406 746 5477 apud
770 5406 1030 5462 divinam
1051 5409 1417 5465 clementiam
1447 5409 1628 5465 totius
1659 5409 1900 5468 humani

219 5495 474 5570 generis
502 5511 772 5550 causam.
801 5495 963 5552 Unde
995 5502 1051 5552 et
1081 5498 1154 5552 ad
1185 5497 1376 5552 locum
1408 5497 1585 5553 dicit:
1618 5499 1772 5556 Deus
1805 5503 1906 5572 qui

221 5586 426 5643 alvos
461 5599 692 5651 omnes,
718 5587 778 5637 et
810 5584 1101 5639 neminem
1134 5585 1222 5640 vis
1257 5587 1465 5657 perire,
1497 5585 1632 5642 licet
1665 5589 1907 5660 quidam

2015 3293 2086 3348 ad
2116 3292 2306 3348 virum
2338 3291 2658 3363 perfectum
2694 3291 3028 3362 perductos,
3056 3291 3127 3344 ad
3160 3289 3490 3344 docendum
3521 3289 3670 3348 alios

2013 3379 2365 3447 informavit,
2393 3396 2494 3451 per
2540 3377 2785 3433 Paulum
2817 3379 3038 3444 dicens,
3074 3377 3211 3448 quia
3242 3376 3489 3433 Christus
3516 3380 3670 3436 Iesus

2011 3471 2160 3524 venit
2216 3470 2276 3523 in
2317 3469 2462 3523 hunc
2511 3467 2782 3522 mundum
2836 3473 3136 3537 peccatores
3181 3466 3358 3522 salvos
3404 3469 3586 3538 facere
3625 3468 3674 3540 (ι

2017 3559 2152 3613 Tim.
2187 3574 2226 3623 ι,
2258 3559 2365 3628 15).
2390 3557 2598 3612 Dicant
2629 3544 3150 3620 Prmdestinatiani,
3185 3571 3358 3626 quem
3393 3572 3506 3612 non
3539 3573 3668 3613 esse

2012 3649 2374 3718 peccatorem
2424 3643 2654 3716 possint
2685 3643 2968 3714 excipere,
3003 3642 3102 3697 illo
3142 3647 3376 3714 excepto
3407 3643 3507 3715 qui
3537 3643 3665 3700 sine

2013 3739 2246 3808 peccato
2268 3739 2325 3788 et
2347 3732 2532 3788 alieno
2556 3735 2614 3787 et
2642 3731 2876 3803 proprio
2897 3729 3056 3786 venit
3086 3747 3341 3802 quaerere
3361 3736 3418 3786 et
3439 3731 3664 3811 salvare

2012 3823 2168 3894 quod
2199 3822 2468 3894 perierat.
2494 3821 2702 3876 Dicant
2731 3820 2830 3891 qui
2863 3837 2978 3875 non
3011 3818 3200 3892 periit,
3226 3835 3362 3874 cum
3394 3819 3548 3876 idem
3579 3820 3663 3876 di-

2011 3915 2106 3966 cat
2131 3909 2464 3983 Apostolus,
2497 3926 2566 3964 em
2601 3924 2712 3964 uno
2771 3925 2954 3964 omnes
3000 3925 3115 3964 esse
3161 3909 3220 3963 in
3266 3908 3663 3966 condemnatio-

2009 4017 2135 4055 nem
2163 4001 2336 4070 (Rom.
2360 4017 2414 4064 v,
2442 3999 2548 4065 16).
2574 3997 2632 4051 Si
2665 4014 2868 4051 omnes
2901 3996 3237 4067 perivimus,
3275 4013 3481 4052 omnes
3513 4014 3664 4068 quae-

2011 4105 2136 4143 rere
2166 4087 2323 4143 venit
2353 4105 2365 4142 :
2401 4086 2450 4143 si
2481 4103 2684 4141 omnes
2717 4102 2974 4156 quaerere
3004 4085 3180 4150 venit,
3215 4102 3418 4140 omnes
3450 4085 3662 4140 salvari

2010 4175 2214 4231 voluit.
2240 4177 2309 4230 Et
2337 4173 2479 4230 item
2521 4173 2806 4245 scriptum
2837 4177 2928 4228 est
2961 4189 2972 4226 :
3009 4172 3223 4227 Invidia
3269 4172 3478 4228 diaboli
3517 4189 3665 4229 mors

2013 4265 2261 4320 introivit
2290 4266 2346 4318 in
2373 4263 2552 4319 orbem
2595 4271 2867 4318 terrarum
2897 4261 3046 4332 (Sap.
3083 4279 3142 4327 ιι,
3171 4261 3286 4329 24).
3311 4262 3381 4315 Et
3409 4261 3664 4317 Joannes

2013 4353 2356 4425 apostolus:
2404 4353 2464 4406 In
2515 4351 2612 4405 hoc
2658 4353 2935 4422 apparuit,
2990 4349 3202 4420 inquit,
3238 4349 3412 4404 Filius
3458 4350 3575 4427 Dei,
3607 4358 3671 4406 ut

2011 4442 2269 4498 dissolvat
2317 4456 2480 4511 opera
2526 4438 2733 4493 diaboli
2760 4439 2810 4504 (I
2835 4442 2998 4494 Joan.
3036 4454 3116 4502 III,
3151 4437 3226 4508 8).
3264 4437 3426 4492 Unde
3459 4437 3614 4494 Beda
3647 4456 3660 4494 :

2011 4555 2036 4581 α
2061 4531 2274 4586 Omnes
2297 4531 2626 4600 peccatores
2649 4543 2718 4581 ex
2739 4525 2966 4580 diabolo
2987 4525 3106 4579 nati
3131 4524 3347 4579 suntin
3373 4530 3661 4596 quantum

2011 4622 2360 4692 peccatores.
2383 4616 2514 4671 Ideo
2555 4613 2710 4668 enim
2739 4611 2894 4668 venit
2931 4611 3200 4668 Christus
3241 4612 3418 4670 homo
3451 4616 3515 4669 ut
3545 4613 3663 4670 sol-

2008 4712 2168 4763 veret
2187 4708 2423 4778 peccata
2449 4701 2777 4758 hominum.
2803 4701 3084 4768 Quocirca
3105 4700 3153 4757 si
3175 4700 3305 4783 ideo
3326 4701 3504 4770 venit,
3529 4717 3662 4774 pec-

2011 4799 2234 4852 catores
2273 4792 2463 4848 salvos
2495 4791 2680 4846 facere
2710 4789 2866 4844 venit
2899 4807 2911 4844 :
2946 4793 3003 4843 et
3033 4789 3171 4861 quia
3201 4807 3404 4846 omnes
3449 4806 3662 4846 secun-

2013 4884 2154 4938 dum
2199 4879 2542 4954 Apostolum
2597 4882 2926 4950 peccatores
2981 4882 3171 4945 erant,
3193 4878 3346 4934 sicut
3376 4877 3521 4934 dixit
3565 4894 3663 4950 per

2009 4977 2286 5046 peccatum
2314 4985 2481 5036 mors,
2511 4974 2562 5022 et
2585 4969 2663 5022 ita
2692 4968 2748 5021 in
2793 4963 2976 5021 omnes
3024 4966 3269 5021 homines
3305 4967 3668 5037 pertransivit

2015 5063 2076 5116 in
2132 5075 2236 5132 quo
2284 5074 2468 5115 omnes
2514 5063 2869 5128 peccaverunt
2915 5056 3088 5121 (Rom.
3122 5072 3175 5122 v,
3211 5055 3319 5125 12),
3357 5053 3457 5124 qui
3505 5052 3663 5107 venit

2010 5165 2264 5220 quaerere
2287 5146 2439 5219 quod
2464 5144 2736 5216 perierat,
2755 5159 2958 5198 omnes
2981 5159 3236 5213 quievere
3255 5141 3432 5209 venit,
3458 5155 3661 5194 omnes

2014 5235 2204 5292 salvos
2233 5233 2356 5290 ﬁeri
2384 5232 2584 5297 voluit,
2613 5232 2840 5286 dicente
2872 5231 3082 5284 iterum
3128 5228 3303 5283 Paulo
3342 5244 3446 5298 per
3486 5241 3662 5298 quem

2015 5325 2140 5398 ipse
2171 5325 2400 5380 loeutus
2447 5326 2538 5376 est
2569 5320 2835 5375 Christus
2863 5335 2876 5372 :
2904 5319 3008 5384 Qui
3038 5317 3154 5372 vult
3195 5331 3376 5371 omnes
3420 5315 3665 5370 homines

2013 5415 2189 5468 sal-vos
2218 5412 2340 5483 ﬁeri
2381 5409 2429 5476 (1
2460 5409 2595 5463 Tim.
2630 5423 2692 5473 ιι,
2718 5407 2801 5476 4);
2853 5409 2910 5460 et
2960 5405 3126 5457 Petro
3179 5421 3191 5457 :
3243 5404 3347 5470 Qui
3391 5405 3665 5458 neminem

2017 5503 2134 5557 vult
2179 5502 2380 5572 perire,
2413 5498 2504 5554 sed
2545 5512 2727 5552 omnes
2783 5493 2852 5548 (ut
2905 5493 3280 5563 pcvnitentiu-m
3333 5493 3570 5548 converti
3597 5492 3670 5562 (ΙΙ

2019 5593 2162 5646 Petr.
2196 5606 2279 5657 Ill,
2307 5589 2382 5655 9).
