3970 6182
276 287 394 350 215

1213 279 1596 350 HINCM‘Am
1641 229 2086 346 RHEMENSlS
2105 333 2110 340 .
2131 286 2177 346 A
2192 241 2748 346 RtilllEl’lSCOPI.

3567 284 3684 348 216

345 418 464 476 Cur
491 432 628 494 ergo
663 433 781 476 non
817 433 1022 477 omnes
1061 417 1380 488 salvantur,
1412 417 1542 491 ipsa
1569 417 1796 474 Veritas
1826 435 1930 491 per
1955 419 2012 485 Α
2041 415 2424 486 luminamur,
2440 419 2540 474 sed
2553 416 2928 490 exigentibus
2949 415 3164 473 nostris
3183 414 3408 472 meritis
3423 415 3685 488 adjuvari

271 509 562 568 Joannem
601 507 1017 582 evangelistam
1058 508 1428 582 respondeat.
1459 509 1570 564 Hoc
1607 515 1686 564 est
1727 515 1930 574 autem,

274 595 490 671 inquit,
513 596 818 671 judicium,
851 598 982 668 quia
1020 597 1120 653 tua:
1149 599 1299 654 venit
1345 599 1406 653 in
1450 595 1739 664 mundum,
1771 605 1820 652 et
1849 595 1934 650 di-

271 689 530 746 texerunt
557 686 804 744 homines
835 685 1084 742 tenebras
1123 687 1302 758 magis
1341 702 1505 758 quam
1544 686 1735 741 lucem.
1771 686 1939 740 Erant

271 777 425 836 enim
452 791 644 832 eorum
672 775 822 831 mala
852 790 1015 847 opera
1043 777 1226 842 (Joan.
1250 791 1334 840 ιιι,
1359 774 1468 846 19).
1499 773 1661 830 Unde
1690 779 1933 829 sanctus

274 863 642 938 Augustinus
686 862 830 918 dicit
877 864 1056 935 (tract.
1092 863 1159 918 12
1207 865 1269 918 in.
1313 862 1502 934 Joan.)
1529 879 1542 917 :
1570 885 1598 912 «
1632 863 1934 936 Quomodo

279 953 524 1027 quidam
546 951 768 1008 bonum
791 968 938 1025 opus
961 952 1243 1022 fecerunt,
1259 951 1603 1007 utvenirent
1623 951 1694 1006 ad
1718 949 1932 1020 lucem,

282 1041 345 1100 id
373 1045 465 1099 est
493 1040 566 1098 ad
587 1039 909 1122 Christum,
934 1045 990 1096 et
1012 1040 1304 1112 quomodo
1336 1038 1576 1111 quidam
1607 1038 1938 1096 dilexerunt

278 1129 592 1188 tenebras?
623 1130 683 1187 Si
713 1145 920 1185 omnes
963 1132 1295 1202 peccatores
1325 1127 1564 1194 invenit,
1586 1131 1643 1184 et
1671 1145 1873 1184 omnes
1905 1145 1940 1184 a

278 1223 518 1294 peccato
549 1222 740 1287 sanat,
781 1221 838 1274 et
881 1235 1120 1290 serpens
1167 1216 1285 1286 ille,
1315 1216 1374 1272 in
1407 1233 1521 1289 quo
1572 1217 1824 1290 figurata
1851 1221 1941 1273 est

281 1323 446 1367 mors
475 1306 731 1376 Domini,
755 1323 854 1363 eos
885 1309 1057 1362 sanat
1083 1305 1186 1377 qui
1223 1305 1404 1361 morsi
1443 1307 1694 1372 fuerant,
1718 1309 1774 1361 et
1804 1322 1936 1378 pro-

280 1399 414 1471 pter
441 1413 677 1454 morsus
723 1394 1010 1468 serpentis
1057 1399 1286 1451 erectus
1339 1398 1430 1450 est
1474 1393 1817 1467 serpens,id
1849 1399 1938 1451 est

284 1500 448 1547 mors
461 1483 696 1542 Domini
714 1487 952 1557 propter
971 1481 1247 1540 mortales
1262 1482 1532 1539 homines
1550 1499 1696 1555 quos
1717 1483 1940 1540 invenit

283 1573 566 1646 iniustos,
599 1571 892 1645 quomodo
939 1570 1334 1644 intelligitur:
1375 1572 1483 1627 Hoc
1525 1579 1604 1627 est
1637 1570 1936 1644 judicium,

281 1662 542 1736 quoniam
571 1661 672 1717 lux
698 1661 848 1718 venit
874 1661 936 1717 in
961 1660 1248 1729 mundum,
1272 1667 1324 1716 et
1350 1659 1668 1716 dilexerunt
1694 1659 1939 1717 homines

2041 525 2156 562 non
2190 524 2526 580 possumus.
2556 530 2582 557 ››
2605 508 2690 562 Ab
2721 507 3131 578 Omnipotcnte
3160 503 3448 576 videlicet,
3472 505 3544 560 de
3573 521 3689 578 quo

2041 601 2100 652 et
2133 597 2346 652 Paulus
2378 596 2517 651 dicit
2549 613 2562 650 :
2595 597 2656 651 Si
2682 611 2964 668 negamus,
2985 602 3038 650 et
3079 594 3172 650 ille
3209 593 3426 664 negabit
3463 609 3562 649 nos
3591 611 3610 648 :
3639 594 3692 650 si

2042 702 2153 742 non
2179 687 2473 752 credimus,
2505 687 2600 742 ille
2622 685 2802 756 ﬁdelis
2821 689 3124 757 permanet.
3155 683 3360 754 Negare
3405 699 3462 738 se
3511 685 3691 754 ipsum

2041 790 2150 830 non
2188 783 2359 846 potest
2394 775 2468 844 (II
2501 776 2633 830 Tim.
2669 791 2730 841 ιι,
2767 775 2877 842 12).
2903 775 3039 839 Quae
3077 771 3442 843 impotentia,
3475 775 3540 826 ut
3575 772 3692 827 Au-

2044 864 2320 936 gustinus
2365 863 2748 930 demonstrat,
2783 861 3038 918 maxime
3086 861 3158 915 ad
3209 859 3694 932 omnipotentiam

2045 951 2315 1024 pertinet.
2350 951 2566 1008 Fidelis
2607 951 2765 1007 cnim
2808 951 3130 1022 permanet,
3163 963 3374 1020 negare
3431 947 3696 1020 seipsum

2045 1056 2162 1096 non
2195 1044 2405 1112 potest.
2438 1039 2602 1095 Unde
2626 1039 2782 1094 idem
2815 1038 3019 1094 doctor
3044 1035 3294 1093 eximius
3323 1035 3384 1091 in
3417 1036 3698 1118 Sermpne

2045 1129 2116 1184 de
2147 1128 2412 1202 symbolo
2445 1128 2514 1184 ad
2563 1127 2892 1200 Neophytos
2922 1127 3005 1181 ita
3034 1125 3179 1182 dicit
3211 1141 3225 1180 ε
3251 1147 3279 1176 ‹‹
3312 1124 3698 1197 Omnipotens

2043 1234 2114 1274 ex
2144 1215 2326 1273 nihilo
2377 1215 2654 1288 primitus
2684 1219 2897 1270 cuncta
2944 1214 3099 1280 fecit,
3127 1230 3262 1269 cum
3293 1212 3508 1286 quibus
3565 1213 3702 1269 fecit

2045 1306 2262 1379 pariter
2291 1305 2448 1361 unde
2496 1304 2651 1359 fecit.
2687 1302 2957 1359 Materies
3001 1301 3200 1374 itaque
3227 1301 3356 1358 cceli
3405 1305 3463 1358 et
3506 1305 3697 1370 terras,

2047 1394 2201 1452 sicut
2229 1393 2351 1449 haec
2382 1393 2442 1448 in
2472 1391 2758 1466 principio
2783 1396 2925 1448 sunt
2953 1395 3166 1458 creata,
3191 1389 3368 1446 simul
3389 1407 3525 1446 cum
3552 1389 3702 1462 ipsis

2046 1488 2136 1540 est
2165 1487 2378 1538 creata.
2407 1482 2523 1538 Nec
2553 1481 2664 1536 fuit
2693 1479 2848 1536 unde
2877 1479 3084 1536 ﬁerent
3113 1495 3240 1550 quae
3271 1477 3425 1534 Deus
3451 1476 3510 1532 in
3545 1475 3706 1550 prin-

2047 1571 2198 1645 cipio
2249 1571 2402 1638 fecit,
2463 1576 2518 1626 et
2573 1573 2769 1626 tamen
2831 1569 2982 1624 facta
3037 1572 3180 1623 sunt
3233 1583 3362 1639 quae
3420 1565 3703 1638 Omnipo-

2046 1666 2179 1718 tens
2211 1660 2366 1727 fecit,
2401 1676 2526 1732 quae
2567 1659 2720 1715 facta
2757 1655 3108 1729 composuit,
3139 1653 3420 1728 implevit,
3452 1653 3704 1711 ornavit.

279 1751 460 1823 magis
491 1749 738 1808 tenebras
767 1765 934 1823 quam
970 1749 1165 1807 lucem.
1197 1749 1368 1805 Erant
1390 1749 1540 1804 enim
1581 1749 1731 1805 mala
1778 1765 1940 1821 opera
1967 1787 2020 1829 ρ
2051 1750 2110 1807 Si
2140 1749 2294 1806 enim
2341 1766 2468 1820 quae
2519 1747 2579 1802 in
2618 1746 2905 1820 principio
2936 1744 3072 1801 fecit
3127 1761 3196 1800 ex
3253 1743 3436 1801 nihilo
3497 1743 3708 1815 utique

277 1843 505 1902 eorum?
531 1838 682 1906 Quid
711 1843 802 1897 est
847 1838 1002 1895 hoc?
1045 1841 1303 1905 Quorum
1349 1837 1506 1894 enim
1555 1842 1723 1894 erant
1770 1837 1946 1894 mala-

279 1927 507 2000 opera?
537 1927 744 1984 Nonne
767 1925 978 1982 venisti
1011 1931 1075 1982 ut
1107 1926 1410 1998 justiﬁces
1453 1925 1713 1998 impios?
1743 1927 1858 1983 Sed
1889 1926 1950 1982 di

279 2015 553 2083 texerunt,
586 2013 804 2087 inquit,
828 2015 1010 2086 magis
1041 2014 1278 2071 tecebras
1313 2031 1478 2086 quam
1507 2015 1700 2069 lucem.
1727 2014 1811 2070 lbi
1842 2033 1942 2086 po-

279 2102 406 2161 suit
432 2101 572 2160 vim.
597 2101 764 2158 Multi
807 2101 965 2158 enim
995 2101 1326 2158 dilexerunt
1366 2105 1604 2174 peccata
1637 2119 1762 2158 sua.
1798 2103 1946 2168 Quia

283 2189 388 2265 qui
420 2191 734 2249 conﬁtetur
765 2194 1004 2263 peccata
1033 2208 1162 2259 sua,
1195 2194 1253 2246 et
1281 2195 1519 2246 accusat
1549 2195 1786 2262 peccata
1815 2209 1940 2260 sua,

273 2291 402 2366 jam
433 2295 570 2336 cum
598 2279 715 2337 Deo
744 2277 904 2336 facit.
925 2280 1180 2336 Accusat
1204 2279 1360 2336 Deus
1391 2282 1628 2352 peccata
1659 2283 1782 2348 tua,
1809 2279 1858 2336 si
1889 2284 1946 2336 et

283 2371 642 2437 tuaccusas,
676 2367 1054 2441 conjungeris
1093 2367 1230 2424 Deo.
1255 2367 1432 2434 Quasi
1464 2368 1592 2423 duae
1637 2386 1730 2425 res
1781 2375 1941 2436 sunt,

286 2455 464 2515 homo
491 2459 552 2513 et
595 2460 902 2528 peccator:
935 2457 1091 2527 quod
1132 2455 1303 2512 audis
1344 2455 1539 2522 homo,
1567 2457 1722 2514 Deus
1759 2457 1895 2512 fecit
1927 2475 1940 2512 :

195 2569 212 2600 .
291 2545 448 2618 quod
470 2543 640 2601 audis
669 2547 958 2618 peccator,
984 2544 1108 2616 ipse
1138 2544 1314 2600 homo
1345 2543 1656 2601 fecit.Dele
1679 2546 1831 2617 quod
1865 2546 1944 2601 fc-

285 2632 530 2711 cisti,ut
560 2634 716 2691 Deus
744 2632 927 2690 salvat
947 2633 1101 2706 quod
1135 2633 1548 2706 fecit.0portet
1571 2638 1636 2689 ut
1666 2634 1856 2691 oderis
1886 2635 1945 2690 in

291 2727 356 2782 te
381 2739 534 2796 opus
560 2725 751 2790 tuum,
775 2725 834 2778 et
861 2738 1024 2780 ames
1051 2720 1113 2776 in
1158 2726 1214 2778 te
1251 2739 1400 2794 opus
1429 2721 1551 2778 Dei.
1575 2725 1720 2778 Cum
1751 2727 1946 2779 autem

295 2809 536 2883 emperit
562 2809 669 2867 tibi
697 2807 1008 2883 displicere
1035 2810 1193 2882 quod
1244 2809 1456 2878 fecisti,
1493 2810 1630 2867 inde
1661 2811 1950 2884 incipiunt

293 2899 460 2958 bona
471 2914 647 2972 opera
665 2897 932 2972 tua,quia
951 2915 1194 2955 accusas
1212 2897 1368 2954 mala
1383 2915 1556 2970 opera
1578 2900 1946 2956 tua.lnitium

287 2987 584 3049 bonorum
615 3003 858 3062 operum
885 2988 1177 3045 confessio
1209 2991 1298 3044 est
1335 3005 1578 3060 operum
1633 2988 1945 3046 malorum.

286 3076 460 3138 Facie
490 3075 819 3146 veritatem,
852 3075 1008 3135 152
1037 3080 1094 3132 et
1121 3075 1286 3133 venis
1317 3077 1389 3132 ad
1431 3075 1644 3132 lucem.
1680 3077 1827 3144 Quid
1859 3082 1950 3148 est

286 3270 412 3323 non
438 3257 498 3310 te
527 3252 756 3321 adulas,
788 3269 906 3310 non
950 3251 1100 3309 dicis
1128 3253 1335 3310 Justus
1365 3269 1520 3325 sum,
1545 3270 1680 3310 cum
1719 3255 1800 3310 sis
1831 3255 1941 3311 ini-

285 3356 466 3413 quus,
499 3344 560 3398 et
595 3340 808 3413 incipis
852 3341 1042 3396 facere
1074 3340 1400 3397 veritatem.
1425 3341 1603 3399 Venis
1642 3345 1836 3398 autem
1869 3344 1942 3399 ad

289 3426 504 3498 lucem,
523 3431 591 3489 ut
611 3427 1064 3486 manifestentur
1083 3445 1260 3502 opera
1279 3433 1400 3498 tua,
1417 3429 1554 3502 quia
1573 3429 1633 3485 in
1656 3431 1771 3486 Deo
1794 3431 1945 3487 facta

289 3518 433 3578 sunt
454 3531 467 3571 :
491 3515 632 3588 quia
661 3517 718 3572 et
746 3515 856 3572 hoc
886 3515 1084 3588 ipsum
1115 3516 1270 3587 quod
1297 3514 1404 3571 tibi
1425 3516 1729 3588 dieplicuit
1749 3535 1945 3590 pecca-

289 3607 422 3670 tum
451 3606 646 3676 tuum,
683 3620 802 3662 non
848 3602 955 3660 tibi
987 3602 1342 3676 displiceret,
1367 3603 1482 3660 nisi
1533 3605 1688 3661 Deus
1719 3605 1823 3661 tibi
1853 3605 1940 3660 lu-

291 3697 468 3764 ceret,
489 3697 552 3752 et
573 3693 705 3766 ejus
733 3691 948 3750 veritas
976 3691 1084 3748 tibi
1113 3693 1538 3749 ostenderetur.
1567 3715 1594 3743 ››

358 3783 435 3845 At
459 3779 512 3840 si
541 3781 676 3854 quis
701 3782 773 3838 de
809 3779 1338 3836 Praedestinatianis
1377 3780 1499 3837 haec
1539 3781 1763 3853 legerit,
1797 3783 1943 3840 forte

290 3868 406 3933 θιὼ
433 3885 541 3934 suo
573 3885 751 3928 sensu
783 3867 937 3925 dicet
977 3869 1130 3938 quod
1173 3868 1447 3925 dixerunt
1479 3869 1718 3941 quidam
1751 3871 1811 3926 in
1841 3871 1942 3928 illo

289 3959 571 4030 ωωρωθ.
594 3955 702 4024 Qui
731 3953 960 4029 aperuit
977 3955 1179 4012 oculos
1199 3957 1334 4012 0830i
1367 3957 1509 4024 nati,
1533 3958 1801 4030 nunquid
1825 3978 1942 4017 non

289 4048 518 4119 poterat
545 4044 736 4103 facere
764 4049 833 4101 ut
861 4042 972 4100 iste
1003 4061 1119 4100 non
1151 4045 1520 4101 moreretur?
1548 4049 1605 4102 et
1635 4047 1942 4106 Przedesti-

289 4133 570 4197 Datianus
593 4149 608 4191 :
629 4133 800 4190 Sicut
824 4132 921 4190 isti
949 4131 1140 4189 illuxit
1167 4133 1344 4202 Deus,
1370 4149 1546 4206 quem
1569 4135 1795 4192 salvum
1817 4139 1938 4194 ﬁeri

286 4221 490 4292 voluit,
524 4223 610 4284 sic
634 4226 696 4279 et
723 4221 824 4278 isti
871 4220 1165 4278 illuxisset
1199 4226 1265 4277 ut
1312 4221 1656 4291 salvaretur,
1690 4227 1738 4281 si
1771 4226 1939 4284 illum

287 4309 518 4378 salvum
548 4310 675 4371 ﬁeri
703 4309 1408 4382 voluisset.0mnipotens
1447 4317 1538 4367 est
1574 4313 1731 4368 enim
1761 4315 1936 4384 Deus,

286 4403 356 4456 ut
384 4405 444 4457 et
470 4399 532 4458 in
564 4399 830 4473 symbolo
863 4397 1153 4456 catholica
1192 4400 1502 4456 conﬁtetur
1537 4401 1814 4468 Ecclesia,
1837 4406 1937 4477 qui

1971 1787 2021 1862 Β

2051 1838 2208 1907 fecit,
2241 1839 2418 1894 etiam
2477 1855 2545 1892 ex
2598 1835 2689 1892 his
2737 1852 2865 1907 quae
2921 1834 3058 1890 fecit
3113 1832 3398 1906 quidquid
3456 1831 3711 1889 voluerit

2054 1930 2241 1984 facere
2299 1931 2505 2000 potens
2576 1929 2693 1992 est,
2765 1924 2906 1996 quia
2971 1923 3346 1996 omnipotens
3411 1926 3522 1979 est.
3587 1922 3710 1980 Nec

2052 2017 2182 2074 ideo
2213 2017 2454 2072 credant
2485 2013 2670 2086 iniqui
2701 2014 2885 2070 Deum
2919 2030 3034 2069 non
3065 2030 3192 2069 esse
3220 2009 3707 2084 omnipotentem,

2055 2106 2192 2178 quia
2223 2105 2410 2160 multa
2457 2109 2661 2160 contra
2709 2104 2838 2174 cjus
2883 2102 3106 2158 faciunt
3153 2099 3530 2168 voluntatem,
3565 2099 3713 2172 quia

2053 2200 2110 2251 et
2139 2212 2274 2250 cum
2310 2193 2533 2250 faciunt
2563 2193 2714 2265 quod
2761 2209 2878 2247 non
2905 2191 3048 2263 vult,
3083 2191 3191 2246 hoc
3222 2189 3307 2246 eis
3349 2187 3518 2246 faciet
3545 2189 3709 2262 quod

2055 2283 2179 2356 ipse
2209 2283 2351 2338 vult.
2386 2282 2556 2338 Nullo
2587 2281 2760 2338 modo
2799 2279 2980 2354 igitur
3008 2277 3427 2351 omnipotentis
3455 2276 3542 2334 vel
3572 2291 3712 2334 mu-

2055 2376 2182 2428 tant
2218 2371 2304 2427 vel
2365 2375 2646 2444 superant
2699 2369 3058 2426 voluntatem
3094 2385 3108 2424 :
3144 2366 3264 2424 sive
3320 2366 3495 2424 homo
3541 2366 3713 2436 juste

2056 2462 2386 2528 damnetur,
2436 2460 2554 2516 sive
2603 2457 3056 2514 misericorditer
3102 2455 3401 2526 liberetur,
3433 2454 3715 2512 voluntas

2057 2549 2484 2622 Omnipotcntis
2535 2547 2830 2619 impletur.
2855 2546 3017 2612 Quod
3065 2559 3200 2618 ergo
3251 2561 3369 2600 non
3415 2543 3540 2600 vult
3567 2543 3714 2600 Om-

2057 2639 2329 2712 nipotens
2361 2637 2467 2693 hoc
2499 2637 2689 2692 solum
2732 2653 2848 2692 non
2879 2638 3091 2708 potest.
3127 2633 3322 2691 Utitur
3350 2649 3484 2706 ergo
3507 2632 3712 2702 malis,

2056 2745 2175 2784 non
2197 2727 2522 2784 secundum
2544 2742 2746 2782 eorum
2770 2740 3028 2796 pravam,
3057 2723 3158 2779 sed
3179 2722 3503 2778 secundum
3534 2738 3713 2778 suam

2058 2821 2277 2872 rectam
2317 2815 2697 2872 voluntatem.
2729 2813 2876 2869 Nam
2933 2811 3086 2868 sicut
3138 2809 3278 2867 mali
3339 2815 3545 2867 natura
3598 2825 3718 2867 sua

2059 2906 2230 2972 bona,
2257 2904 2365 2960 hoc
2393 2908 2482 2959 est
2512 2903 2662 2958 bono
2715 2903 2845 2973 ejus
2893 2917 3086 2974 opere,
3119 2899 3272 2957 male
3303 2903 3588 2957 utuntur:
3622 2898 3716 2955 sic

2059 2993 2184 3066 ipse
2212 2994 2402 3048 bonus
2429 2995 2603 3048 etiam
2647 3007 2848 3047 eorum
2888 2989 3061 3045 malis
3099 2989 3378 3062 operibus
3410 2989 3555 3044 bene
3586 2987 3716 3046 uti-

2060 3085 2158 3136 tur
2187 3097 2260 3136 ne
2286 3078 2716 3152 Omnipotentis
2743 3077 3016 3133 voluntas
3046 3076 3244 3150 aliqua
3281 3093 3351 3132 ex
3388 3079 3550 3148 parte
3579 3075 3713 3130 vin-

175 3233 181 3242 ,
286 3164 437 3236 iacis
463 3163 810 3222 veritatem?
838 3163 965 3222 Non
993 3169 1052 3220 te
1081 3163 1306 3237 palpas,
1337 3181 1454 3220 non
1497 3163 1603 3220 tibi
1634 3164 1941 3233 blandiris,
1964 3153 2018 3226 ε
2059 3173 2244 3226 catur.
2279 3169 2432 3225 158
2463 3166 2526 3224 Si
2554 3167 2710 3222 enim
2752 3183 2870 3222 non
2918 3165 3161 3222 haberet
3209 3165 3366 3236 quod
3416 3164 3608 3220 bonus
3637 3163 3717 3220 de

2053 3257 2224 3314 malis
2271 3259 2437 3330 juste
2466 3273 2534 3312 ac
2573 3257 2720 3312 bene
2751 3256 2984 3322 faceret,
3018 3252 3178 3310 nullo
3233 3253 3405 3310 modo
3459 3268 3560 3308 eos
3617 3251 3710 3308 vel

2052 3345 2215 3402 nasci
2244 3345 2330 3401 vel
2363 3344 2549 3400 vivere
2579 3344 2816 3400 sineret.
2837 3345 2992 3409 Quos
3028 3341 3216 3398 malos
3244 3340 3370 3412 ipse
3399 3357 3513 3394 non
3549 3339 3712 3407 fecit,

2053 3433 2191 3504 quia
2219 3430 2488 3487 homines
2530 3431 2666 3487 fecit
2699 3447 2712 3486 :
2748 3429 2886 3502 quia
2937 3447 3053 3486 non
3103 3432 3360 3502 peccata,
3393 3445 3518 3500 quae
3562 3431 3713 3484 sunt

2051 3527 2252 3577 contra
2283 3524 2576 3588 naturam,
2611 3519 2711 3574 sed
2752 3523 2994 3574 naturas
3039 3518 3200 3589 ipsas
3249 3515 3484 3572 creavit.
3518 3515 3711 3572 Malos

2051 3613 2245 3666 tamen
2269 3626 2367 3665 eos
2385 3609 2614 3664 futuros
2637 3607 2916 3680 praescius
2937 3606 3206 3680 ignorare
3229 3622 3341 3661 non
3365 3605 3573 3678 potuit.
3589 3605 3708 3662 Sed

2051 3698 2206 3754 sicut
2233 3702 2470 3753 noverat
2486 3713 2612 3768 qua:
2641 3695 2752 3767 ipsi
2775 3701 2972 3762 essent
2991 3693 3148 3750 mala
3169 3693 3402 3760 facturi,
3419 3692 3506 3748 sic
3525 3691 3709 3750 etiam

2052 3789 2289 3842 noverat
2317 3802 2445 3857 qua:
2477 3784 2631 3840 bona
2662 3784 2732 3839 de
2762 3782 2878 3839 illis
2927 3787 3083 3839 esset
3130 3783 3446 3838 facturus.»
3471 3782 3542 3838 Et
3569 3785 3710 3854 post

2050 3873 2358 3948 paululum
2385 3889 2396 3928 :
2421 3896 2450 3924 «
2475 3873 2588 3929 Sed
2611 3872 2891 3944 quoniam
2913 3871 3032 3927 dixi
3061 3871 3170 3927 hoc
3201 3870 3393 3926 solum
3423 3869 3706 3942 Omnipo-

2047 3965 2268 4019 tcntem
2288 3977 2406 4017 non
2427 3976 2597 4032 posse
2622 3959 2780 4030 quod
2807 3976 2924 4014 non
2942 3957 3086 4024 vult,
3105 3975 3178 4014 ne
3199 3957 3330 4029 quis
3361 3973 3456 4014 me
3484 3960 3712 4014 temere

2051 4049 2265 4107 dixisse
2287 4049 2603 4106 arbitretur
2623 4046 2846 4119 aliquid
2869 4045 3342 4118 Omnipotentem
3365 4061 3481 4100 non
3505 4059 3702 4117 posse,

2049 4139 2158 4196 hoc
2188 4144 2244 4194 et
2273 4139 2479 4195 beatus
2508 4134 2824 4210 Apostolus
2854 4135 3036 4192 dixit:
3059 4135 3122 4192 Si
3149 4150 3261 4192 non
3287 4133 3580 4202 credimus,
3603 4134 3710 4190 ille

2045 4228 2224 4300 ﬁdelis
2247 4234 2550 4299 permanet,
2579 4241 2778 4297 negare
2796 4227 3031 4297 seipsum
3061 4239 3174 4281 non
3196 4231 3385 4296 potest.
3407 4222 3704 4278 Nonenim

2048 4320 2240 4389 potest
2262 4315 2495 4387 justitia
2522 4314 2667 4370 velle
2709 4315 2898 4370 facere
2937 4315 3094 4386 quod
3133 4314 3422 4385 injustam
3453 4315 3562 4380 est,
3595 4315 3706 4368 aut

2047 4404 2334 4477 sapientia
2363 4402 2507 4459 velle
2536 4403 2691 4476 quod
2725 4402 2974 4458 stultum
3025 4405 3134 4470 est,
3159 4405 3261 4458 aut
3307 4399 3522 4456 veritas
3550 4399 3702 4456 velle

285 4487 880 4584 omnip-quaecunque
899 4485 1082 4544 voluit
1112 4487 1663 4584 fecit,_l_tespondeat
1688 4491 1936 4566 Evangc-
1967 4516 2016 4584 Β
2046 4495 2202 4567 quod
2233 4493 2446 4549 falsum
2495 4496 2604 4548 est.
2639 4491 2801 4548 Unde
2831 4492 3220 4548 admonemur
3265 4491 3452 4546 Deum
3498 4487 3698 4544 omni-

285 4574 422 4635 [ista
449 4575 682 4641 Marcus
711 4591 726 4630 :
759 4576 825 4632 Et
847 4592 961 4632 non
995 4583 1204 4648 poterat
1243 4577 1323 4632 ibi
1359 4578 1616 4634 virtutem
1646 4579 1820 4636 ullam
1846 4584 1934 4653 fa-

283 4677 428 4739 cere,
458 4662 578 4728 nisi
599 4678 802 4735 paucos
832 4665 1078 4734 inﬁrmos
1121 4665 1391 4736 impositis
1420 4667 1677 4723 manibus
1705 4673 1936 4728 curavit.

281 4749 350 4806 Et
401 4749 712 4811 curabatur
743 4758 964 4824 propter
1005 4752 1449 4810 incredulitatem
1495 4756 1722 4812 illorum
1750 4758 1933 4826 (Marc.

281 4855 362 4910 vi,
389 4839 468 4912 5).
509 4837 656 4896 Hinc
715 4839 870 4895 Beda
924 4841 1064 4913 (cap.
1117 4841 1169 4911 4)
1230 4841 1289 4896 in
1349 4843 1658 4916 Evangelio
1719 4847 1932 4908 Lucae:

280 4949 309 4983 «ς
341 4927 595 4988 Amabat
623 4927 821 5000 itaque
859 4925 1034 4994 cives,
1059 4929 1161 4986 sed
1197 4929 1311 5001 ipsi
1343 4945 1405 4984 so
1437 4930 1718 4988 charitate
1747 4937 1936 5005 patria

277 5031 386 5075 suo
415 5013 596 5074 livore
624 5015 952 5088 privabant.
971 5038 992 5064 ι
1018 5018 1087 5072 Et
1116 5017 1404 5073 Dominus
1435 5017 1648 5074 dicenti
1681 5021 1791 5076 sibi
1826 5040 1838 5078 :
1872 5024 1935 5080 Si

275 5103 408 5177 quid
431 5113 602 5196 potes,
624 5104 826 5196 adiuva
851 5121 951 5162 nos
990 5107 1252 5196 misertus
1289 5108 1467 5162 nostri
1494 5107 1684 5196 (pltare.
1709 5125 1784 5177 1x,
1815 5113 1928 5196 22),

273 5193 611 5266 respondit:
635 5193 699 5250 Si
711 5201 858 5266 potes
879 5194 1114 5262 credere,
1137 5196 1322 5249 omnia
1353 5194 1637 5265 possibilia
1666 5193 1926 5255 credenti.

271 5279 342 5336 Et
369 5289 611 5342 sanctus
642 5282 956 5356 Gregorius
999 5282 1242 5338 homilia
1271 5283 1336 5337 31
1375 5299 1430 5336 :a
1469 5281 1628 5338 Hanc
1658 5285 1928 5345 videlicet

271 5366 633 5430 inourvatam
664 5369 971 5427 mulierem
992 5387 1128 5426 cum
1149 5369 1396 5428 vidisset
1413 5368 1445 5424 J
1451 5385 1586 5426 esus
1609 5375 1831 5430 vocavit
1852 5378 1924 5433 ad

271 5470 354 5524 se,
385 5475 414 5506 ››
438 5461 498 5520 et
523 5458 772 5531 reliqua.
797 5483 825 5510 «
857 5459 1058 5527 Vocat,
1094 5457 1284 5531 inquit
1315 5459 1554 5514 sanctus
1587 5459 1921 5534 Gregorius,

272 5543 372 5598 sed
404 5560 518 5600 non
551 5547 756 5620 erigit:
780 5547 1254 5620 quandoquidem
1285 5563 1390 5619 per
1419 5547 1546 5618 ejus
1577 5548 1827 5619 gratiam
1859 5552 1924 5608 il-

2045 4587 2338 4656 potentcm
2371 4597 2486 4638 non
2506 4581 2616 4637 hoc
2639 4580 2830 4636 solum
2852 4580 3009 4652 quod
3041 4579 3124 4636 ait
3141 4577 3476 4651 Apostolus,
3496 4593 3704 4648 negare

2045 4673 2285 4744 seipsum
2301 4687 2411 4727 non
2434 4677 2620 4742 potest,
2643 4670 2746 4726 sed
2765 4667 2954 4724 multa
2983 4685 3100 4725 non
3131 4683 3322 4740 posse.
3345 4666 3490 4722 Ecce
3510 4669 3570 4720 et
3587 4681 3700 4737 ego

2045 4761 2194 4830 dico,
2219 4765 2277 4816 et
2305 4761 2433 4832 ejus
2462 4757 2703 4815 veritate
2725 4757 2915 4814 dicere
2943 4758 3129 4814 audeo
3157 4755 3313 4828 quod
3343 4769 3556 4827 negare
3575 4769 3698 4809 non

2043 4850 2250 4905 audeo.
2267 4849 2420 4904 Deus
2437 4847 2806 4918 omnipotens
2824 4863 2938 4901 non
2961 4847 3155 4918 potest
3171 4841 3342 4910 mori,
3361 4858 3478 4897 non
3501 4845 3702 4912 potest

2043 4937 2281 5002 mutari,
2305 4953 2420 4992 non
2451 4939 2641 5006 potest
2664 4933 2805 5004 falli,
2829 4951 2944 4989 non
2976 4937 3166 5006 potest
3194 4930 3378 4988 miser
3399 4929 3546 4998 ﬁeri,
3573 4947 3698 4987 non
3747 4929 3760 4942 ’

2041 5031 2232 5098 potest
2263 5024 2433 5080 vinci.
2467 5024 2596 5079 Haec
2627 5027 2801 5095 atque
2830 5021 3172 5093 hujusmodi
3205 5017 3360 5076 absit
3398 5023 3466 5074 ut
3504 5017 3700 5088 possit

2041 5114 2442 5185 Omnipotens.
2463 5113 2542 5167 Ac
2573 5127 2676 5184 per
2703 5111 2810 5166 hoc
2833 5127 2950 5167 non
2973 5109 3165 5166 solum
3187 5107 3442 5165 ostendit
3460 5104 3700 5164 Veritas

2039 5202 2497 5272 omnipotentem
2529 5215 2656 5254 esse
2687 5215 2834 5270 quos
2863 5197 2978 5253 ista
3004 5213 3120 5253 non
3150 5195 3356 5268 possit,
3381 5193 3481 5249 sed
3507 5191 3696 5250 etiam

2037 5290 2193 5364 cogit
2223 5287 2450 5344 Veritas
2479 5286 2942 5358 omnipotentem
2975 5302 3092 5340 non
3121 5301 3249 5340 esse
3275 5281 3376 5354 qui
3405 5281 3526 5336 haec
3558 5297 3700 5352 pos-

2035 5379 2132 5435 sit.
2162 5377 2374 5433 Volens
2415 5379 2504 5430 est
2549 5375 2705 5430 enim
2755 5374 2911 5430 Deus
2941 5373 3227 5446 quidquid
3277 5375 3386 5428 est.
3421 5374 3697 5427 [Eternus

2033 5484 2191 5538 ergo,
2213 5469 2272 5520 et
2300 5461 2822 5531 incommutabilis,
2857 5467 2914 5518 et
2940 5480 3132 5531 verax,
3167 5467 3225 5518 et
3255 5461 3482 5524 beatus,
3504 5462 3564 5514 et
3595 5458 3695 5514 in-

2035 5551 2384 5626 superabilis
2405 5550 2604 5605 volens
2626 5553 2735 5605 est.
2762 5551 2820 5605 Si
2843 5567 2978 5623 ergo
2999 5556 3189 5625 potest
3220 5565 3347 5606 esse
3379 5546 3534 5618 quod
3567 5563 3693 5602 non
