3970 6182
195 393 306 456 221
908 388 1010 448 DE
1053 385 1824 448 PRIEDl‘lSTINATIONE
1866 383 2387 448 DISSERTATIO
2430 387 2895 451 POSTERIOR.
3495 393 3617 453 222-

195 525 334 600 quia
364 528 422 581 te
453 540 569 580 non
601 520 791 578 vincet
821 523 1034 576 natura
1059 519 1338 592 corporis,
1364 536 1552 592 neque
1590 523 1854 592 strangu-
1881 516 1936 585 Α
1965 520 2074 587 est,
2089 521 2148 575 et
2177 517 2449 575 meretrix
2487 520 2656 576 testis
2685 523 2794 590 est,
2829 538 2954 594 qua
3005 523 3078 579 de
3125 541 3234 580 sua
3265 524 3376 582 fuit
3405 524 3615 584 libera.

196 615 340 672 labit
367 612 640 679 invitum,
673 627 862 683 neque
893 615 948 665 te
976 609 1304 678 obnoxium
1334 609 1508 664 faciet
1555 625 1622 664 ex
1670 607 1854 664 libero
1963 607 2121 664 tione
2151 607 2418 664 sollicita.
2452 609 2579 665 Non
2610 609 2790 683 igitur
2827 610 3077 667 videndo
3127 613 3510 683 meretricem,
3544 615 3617 671 de

195 703 308 760 nisi
339 700 674 758 voluntaria
703 697 1037 755 declinatio.
1075 720 1102 747 ››
1133 698 1204 753 Et
1232 697 1372 753 item
1407 697 1467 752 in
1506 697 1756 754 humilia
1784 699 1854 754 de
1963 699 2067 750 tua
2095 695 2437 752 liberatione
2469 699 2776 770 desperes;
2811 699 2913 755 sed
2945 704 3004 754 et
3046 699 3261 756 Judam
3309 703 3616 774 cogitando

195 798 358 867 patre
386 795 448 847 et
473 789 708 845 duobus
739 787 914 842 ﬁliis:
946 809 974 838 ‹‹
1008 787 1373 842 Describitur
1403 791 1598 842 autem
1619 787 1678 842 in
1702 788 1850 854 istis,
1965 801 2080 840 non
2113 786 2289 841 debes
2321 803 2449 842 esse
2481 803 2744 842 securus.
2767 787 3089 861 Utrumque
3127 787 3285 844 enim
3331 789 3616 860 periculo-

195 889 249 940 et
267 881 570 938 evidenter
589 877 924 934 ostenditur
945 877 1188 932 libertas
1210 893 1389 949 quam
1431 877 1640 932 animae
1670 875 1852 932 ratio-
1965 890 2098 928 sum
2130 879 2236 940 est,
2271 879 2327 930 et
2357 875 2732 944 conﬁdentia,
2765 881 2822 932 et
2867 876 3217 949 desperatio.
3237 877 3383 932 Nam
3433 880 3618 934 conﬁ-

199 969 313 1027 nali
345 967 600 1024 inseruit
648 971 876 1022 creator
927 967 1096 1022 Deus.
1129 965 1274 1021 Vide
1321 967 1500 1034 enim,
1533 969 1698 1038 pater
1745 965 1856 1021 iste
1967 961 2165 1018 dentia
2221 968 2432 1020 etatem
2487 963 2709 1034 evertit,
2744 969 2803 1020 et
2859 965 3072 1022 iterum
3122 965 3448 1039 desperatio
3488 971 3622 1040 post

199 1058 496 1132 quomodo
541 1073 649 1112 nec
702 1054 872 1111 illum
925 1055 1222 1110 discedere
1262 1055 1551 1111 volentem
1586 1055 1850 1122 retineat,
1959 1049 2198 1122 lapsum
2231 1069 2344 1108 non
2377 1052 2638 1109 admittit
2660 1070 2988 1127 exsurgere.
3008 1055 3078 1110 Et
3109 1054 3237 1110 ideo
3270 1054 3485 1114 Paulus
3523 1072 3618 1112 ex-

201 1161 304 1204 nec
331 1145 505 1202 liberi
545 1143 770 1202 arbitrii
801 1144 1028 1200 auferat
1057 1148 1424 1217 potestatem.
1443 1145 1642 1217 Neque
1673 1143 1853 1200 alium
1965 1138 2236 1196 hortatur
2265 1143 2466 1198 dicens
2497 1160 2509 1197 :
2549 1144 2655 1211 Qui
2681 1159 2739 1200 se
2763 1152 2918 1216 putat
2945 1152 3108 1212 stare,
3141 1144 3318 1201 videat
3360 1161 3431 1201 ne
3466 1146 3626 1203 cadat

203 1252 442 1293 manere
464 1234 802 1306 cupientem
825 1237 993 1306 cogat
1015 1234 1424 1300 abscedere,ne
1449 1234 1590 1290 forte
1613 1251 1857 1306 sequen-
1962 1227 2012 1296 (1
2039 1234 2159 1290 Cor.
2191 1249 2247 1300 x,
2285 1233 2390 1300 11).
2418 1231 2606 1287 Habes
2631 1232 2964 1304 exemplum
2987 1232 3294 1305 utriusque
3327 1250 3612 1306 personis.

200 1327 346 1382 tium
380 1325 838 1396 malorum,quae
869 1326 1068 1395 postea
1095 1322 1190 1379 bis
1219 1340 1326 1379 suo
1373 1323 1510 1379 vitio
1557 1325 1854 1394 accedent,
1964 1320 2300 1394 Discipulus
2331 1337 2464 1374 cum
2499 1337 2559 1376 se
2607 1324 2759 1376 stare
2802 1325 3032 1392 putaret
3072 1321 3311 1390 cecidit;
3346 1323 3622 1379 meretrix

203 1415 324 1488 ipse
349 1413 554 1486 potius
584 1417 790 1468 auctor
817 1428 944 1468 esse
975 1411 1262 1478 videatur,
1297 1411 1346 1467 si
1372 1412 1432 1466 in
1469 1411 1586 1467 illis
1616 1411 1855 1468 liberta-
1967 1429 2104 1468 cum
2137 1427 2199 1465 se
2230 1408 2542 1465 cecidissse
2588 1409 2974 1465 arbitraretur
3003 1411 3344 1466 exsurrexit.
3369 1434 3397 1462 »
3431 1412 3500 1468 Et
3521 1411 3621 1468 ite-

204 1509 316 1560 tem
350 1501 604 1576 prepriaa
627 1501 943 1557 voluntatis
973 1499 1306 1556 absciderit.
1332 1501 1532 1573 Itaque
1561 1505 1619 1556 et
1639 1501 1857 1572 petenti
1967 1517 2100 1556 rum
2133 1499 2190 1554 in
2223 1499 2427 1554 eadem
2453 1513 2466 1552 :
2493 1520 2520 1548 «
2551 1498 2663 1553 Sed
2689 1515 2792 1553 nec
2817 1503 3010 1571 aperte
3049 1517 3184 1554 eum
3215 1500 3492 1557 omnibus
3522 1494 3650 1574 pu?

205 1594 319 1662 dat,
343 1591 490 1666 quia
519 1608 590 1648 ex
620 1590 812 1656 nobis,
845 1606 960 1645 non
993 1606 1060 1644 ex
1090 1589 1229 1657 Deo,
1262 1588 1468 1662 inopia:
1500 1594 1558 1645 et
1587 1589 1856 1646 oil'msio-
1967 1587 2244 1654 blicabat,
2277 1603 2350 1642 ne
2395 1586 2886 1657 impudentiorcm
2938 1587 3180 1656 faceret;
3229 1605 3334 1644 nec
3389 1588 3622 1660 penitus

206 1681 292 1738 nis
313 1686 533 1738 nostrae
565 1697 748 1736 causa
777 1677 1187 1752 proficiscitur.
1209 1677 1488 1750 Accipiens
1520 1686 1700 1734 autem
1735 1695 1860 1750 ραν-
1967 1676 2202 1733 silentio
2233 1674 2585 1747 praeteribat,
2602 1691 2672 1730 ne
2695 1674 2881 1731 celare
2907 1675 3230 1733 arbitratus
3252 1678 3531 1734 audacter
3549 1679 3622 1734 ad

207 1780 306 1828 tem
349 1787 516 1827 suam
553 1771 751 1842 junior
795 1784 1038 1842 peregre,
1074 1767 1288 1838 inquit,
1319 1767 1457 1824 abiit
1494 1759 1652 1837 long'e
1705 1768 1856 1838 (Luc.
1967 1765 2362 1839 proditionem
2414 1769 2766 1836 properaret.
2801 1765 2871 1820 Et
2909 1763 3040 1820 ideo
3093 1766 3379 1838 frequenti
3429 1767 3626 1824 admo-

205 1878 293 1930 ιν,
331 1861 442 1932 13).
476 1859 642 1926 Quod
673 1862 871 1914 autem
903 1857 983 1914 ait
1013 1856 1204 1930 longe,
1229 1873 1345 1912 non
1387 1856 1650 1913 locorum
1679 1856 1856 1911 inter-
1887 1853 2188 1953 B-nitione
2229 1853 2456 1953 clamat
2489 1870 2503 1908 :
2543 1855 2689 1910 Unus
2746 1869 2817 1908 ea:
2871 1854 3022 1910 vobis
3071 1854 3252 1910 tradat
3294 1872 3381 1910 me
3418 1855 3622 1927 (Matth.

208 1947 576 2020 capedinem,
620 1948 722 2004 sed
773 1945 1223 2003 declinationem
1283 1945 1497 2002 mentis
1553 1943 1858 2018 expressit.
1887 1941 1935 1953 ⁴“’
1967 1960 2120 2010 xxvr,
2151 1941 2266 2014 2t).
2301 1943 2414 1997 Nec
2437 1945 2631 1996 tamen
2663 1959 2798 1997 eum
2831 1944 3112 2015 magister
3163 1943 3470 2014 piissimus
3518 1963 3625 2018 pu-

209 2037 312 2106 Qui
341 2036 506 2094 enim
541 2035 892 2092 oblivionem
926 2034 1026 2090 Dei
1049 2033 1282 2106 ceperit,
1316 2033 1412 2089 hic
1439 2051 1570 2090 vere
1599 2033 1858 2106 peregri-
1969 2031 2246 2087 blicabat.
2279 2031 2349 2085 Et
2379 2030 2450 2084 de
2471 2029 2740 2101 gehenna
2768 2029 2880 2085 fuit
2911 2029 3236 2102 saepissime
3285 2031 3536 2101 locutus,
3570 2037 3629 2090 et

209 2125 390 2183 naria
421 2127 542 2182 Deo
580 2125 829 2193 dicitur;
863 2123 1016 2180 sicut
1060 2127 1315 2191 econtra,
1349 2123 1709 2180 conversatio
1757 2139 1860 2177 sze-
1973 2120 2043 2176 de
2065 2137 2242 2192 regno
2264 2118 2540 2174 cwlorum
2582 2118 2850 2174 tractavit
2882 2118 3474 2198 assiduc.Utriusque
3507 2139 3628 2178 me-

210 2215 424 2272 cularis
473 2232 594 2270 non
644 2213 836 2270 solum
887 2211 1280 2286 peregrinum,
1313 2213 1412 2268 sed
1463 2212 1718 2268 alienum
1753 2211 1884 2266 Deo'
1974 2209 2151 2265 ritum
2185 2208 2519 2280 frequenter
2547 2207 2872 2278 edocuit,et
2916 2208 3056 2280 quid
3078 2207 3480 2280 peccatoribus
3501 2227 3634 2268 con-

208 2304 512 2362 hominem
543 2301 786 2359 facit.Et
819 2307 882 2358 ut
913 2300 1164 2357 breviter
1191 2301 1406 2368 dicam,
1431 2301 1583 2357 sicut
1611 2301 1863 2375 peregri-

213 2398 418 2450 nantes
447 2411 483 2449 a
511 2391 726 2448 saaculo
749 2395 1172 2464 przesentamur
1198 2391 1270 2446 ad
1305 2391 1643 2456 Dominum,
1678 2389 1760 2447 sic
1811 2395 1868 2446 et

213 2487 626 2554 permanentes
658 2479 716 2535 in
741 2480 916 2536 rebus
939 2479 1183 2534 terrenis
1215 2497 1249 2534 a
1273 2479 1608 2535 cmlestihus
1637 2479 1866 2536 exsula-

213 2589 361 2628 mur.
377 2569 645 2643 Denique
677 2574 731 2624 et
763 2569 901 2624 Cain
937 2569 1077 2624 exiit
1105 2587 1138 2624 ει
1171 2569 1314 2624 faeie
1345 2569 1674 2637 Domini,et
1697 2570 1868 2644 longe

165 2714 175 2724 ,
210 2660 492 2728 efficitur;
527 2676 643 2715 non
677 2657 815 2731 quia
846 2662 902 2714 et
948 2657 1112 2714 locus
1157 2658 1371 2730 aliquis
1421 2658 1562 2715 feris
1609 2663 1766 2716 esset
1809 2659 1870 2714 in

212 2752 532 2820 conspectu
567 2748 692 2815 Dei,
727 2749 829 2803 sed
861 2765 976 2819 quo
1008 2765 1118 2802 sua
1147 2751 1341 2802 mente
1371 2747 1594 2803 divisus
1637 2748 1874 2804 cxiisset

215 2853 250 2892 a
294 2836 534 2892 Domini
580 2840 870 2908 respectu,
896 2853 1000 2908 per
1041 2834 1425 2891 homicidium
1483 2842 1792 2909 separatus
1839 2855 1874 2892 a

216 2925 352 2982 Deo.
389 2948 418 2974 »ι
447 2925 521 2980 Et
548 2924 692 2981 item
725 2923 785 2979 in
817 2924 965 2981 libro
996 2925 1066 2980 de
1112 2923 1450 2980 Eruditione
1501 2924 1822 2997 disciplina
1856 2942 1870 2982 :

218 3037 250 3064 α
282 3013 572 3080 Quoniam
593 3013 835 3086 quidem
867 3013 1064 3070 minus
1093 3017 1182 3068 est
1210 3017 1512 3085 peccatum
1543 3013 1594 3069 ei
1627 3013 1729 3086 qui
1751 3031 1878 3086 pce-

219 3107 313 3158 cat
339 3103 694 3176 priusquam
725 3106 1004 3175 agnoscat
1034 3101 1404 3174 disciplinam
1437 3101 1881 3159 Domini.Nulla

219 3196 412 3248 autem
437 3190 612 3248 venia
637 3196 727 3248 est
752 3191 1012 3264 peccanti
1044 3196 1175 3263 post
1212 3191 1572 3264 agnitionem
1620 3192 1873 3258 Domini,

218 3279 332 3336 nisi
357 3280 1045 3353 pmnitensmevertatur;
1079 3279 1218 3352 quia
1263 3280 1418 3336 Deus
1466 3285 1715 3337 mortem
1759 3298 1874 3337 non
1907 3257 1951 3324 α

218 3367 437 3434 fecit,et
457 3385 579 3424 non
610 3367 737 3424 vult
755 3373 1005 3424 mortem
1029 3368 1356 3436 morientis,
1373 3373 1660 3441 quantum
1691 3373 1756 3426 ut
1785 3387 1873 3425 re-

212 3459 475 3513 vertatur
493 3462 554 3513 et
574 3457 748 3514 vivat.
761 3457 842 3512 Ne
872 3457 950 3512 sit
969 3457 1214 3529 spiritus
1235 3458 1452 3513 vadens
1487 3462 1543 3513 et
1574 3475 1688 3513 non
1721 3462 1762 3514 Ἐ
1776 3459 1874 3516 58

215 3551 804 3618 revertens,quorum
837 3545 1136 3602 damnatio
1159 3547 1325 3617 justa
1353 3551 1498 3601 est.»
1522 3548 1592 3602 Et
1612 3546 1671 3602 in
1693 3547 1877 3604 homi-

209 3631 293 3689 lia
334 3635 604 3690 secunda
653 3633 868 3690 Psalmi
905 3650 976 3690 L:
1013 3657 1041 3684 «
1077 3634 1308 3700 Peristi,
1343 3635 1442 3690 sed
1497 3635 1713 3706 poteris
1761 3637 1875 3693 sal-

208 3723 367 3790 vari;
405 3722 740 3778 fornicatus
799 3740 886 3788 es,
946 3723 1048 3778 sed
1108 3722 1325 3794 poteris
1381 3723 1677 3780 continere
1735 3743 1876 3782 mce-

207 3808 420 3866 chatus
447 3827 535 3879 es,
569 3811 672 3866 sed
704 3809 924 3882 poteris
952 3809 1217 3878 liberari;
1248 3810 1322 3866 ad
1373 3811 1706 3884 spectacula
1750 3831 1878 3884 pro-

209 3899 450 3966 ruebas,
483 3899 591 3955 sed
644 3899 862 3972 poteris
919 3915 1186 3954 revocare
1241 3899 1472 3972 pedem,
1505 3916 1640 3955 cum
1699 3901 1875 3960 malis

207 3985 560 4045 hominibus
615 3987 965 4059 versabaris,
1023 3987 1240 4060 poteris
1298 3989 1564 4044 recedere
1619 3993 1677 4046 et
1740 4007 1874 4046 cum

209 4075 387 4132 bonis
415 4092 569 4132 esse.
605 4075 670 4132 In
702 4080 954 4148 utraque
985 4080 1148 4148 parte
1191 4075 1374 4132 habes
1421 4075 1671 4134 liberum
1721 4080 1874 4136 arbi-

207 4163 420 4220 trium.
455 4186 485 4214 η

279 4253 362 4310 Et.
384 4253 446 4308 in
477 4251 728 4309 homilia
755 4253 827 4309 de
858 4251 1186 4326 proditione
1212 4253 1378 4310 Judaa
1412 4271 1424 4309 :
1460 4277 1487 4304 ‹‹
1515 4255 1661 4320 Quid
1699 4255 1877 4328 igitur

203 4338 313 4410 qui
346 4339 726 4396 meretricum
761 4357 954 4396 mores
985 4339 1168 4396 valuit
1197 4346 1580 4408 commutare,
1616 4342 1874 4417 discipu-

198 4425 338 4484 lum
374 4445 493 4483 non
526 4427 724 4500 potuit
753 4428 1040 4485 retinere?
1069 4427 1271 4494 Valde,
1295 4429 1558 4502 inquam,
1579 4435 1637 4486 et
1667 4431 1873 4488 ineun-

201 4519 446 4572 etanter
473 4515 658 4572 valuit
688 4517 964 4586 retinere;
997 4517 1096 4574 sed
1133 4517 1478 4574 necessitate
1519 4519 1752 4576 nolebat
1782 4523 1877 4578 bo-

1975 2297 2246 2354 stitutum
2270 2301 2380 2362 est,
2404 2299 2462 2351 et
2491 2295 2632 2368 quid
2682 2313 2797 2351 non
2845 2296 3225 2367 peccantibus
3271 2302 3632 2370 praeparatur

1975 2385 2250 2443 ostendit.
2286 2385 2397 2442 Sed
2429 2385 2549 2440 haec
2580 2384 2779 2440 omnia
2805 2383 3059 2440 crudelis
3107 2384 3205 2440 ille
3255 2386 3628 2460 contempsit,

1975 2479 2034 2531 et
2064 2475 2217 2530 Deus
2249 2473 2414 2528 illum
2441 2490 2554 2527 non
2588 2473 2760 2527 traxit
2797 2472 3150 2528 invitum.Et
3171 2473 3446 2546 quoniam
3479 2475 3634 2532 bona

1977 2568 2151 2636 atque
2183 2562 2340 2617 mala
2369 2561 2428 2616 in
2452 2567 2650 2616 nostra
2671 2563 2823 2618 Deus
2855 2563 3050 2634 posuit
3071 2567 3377 2634 potestate,
3399 2562 3632 2620 electio-

1979 2651 2072 2706 nis
2105 2651 2354 2706 liberum
2388 2650 2624 2706 donavit
2654 2648 2988 2717 arbitrium,
3023 2649 3317 2707 etinvitos
3348 2668 3463 2708 non
3497 2653 3632 2708 reti-

1981 2744 2172 2808 net,et
2200 2739 2460 2794 volentes
2491 2737 3050 2810 amplectitur.Nam
3074 2755 3185 2794 non
3219 2743 3424 2812 sponte
3445 2740 3636 2798 bonus

1982 2830 2272 2886 malitiam
2304 2847 2418 2884 non
2451 2827 2688 2884 amittit.
2712 2829 2784 2882 Et
2812 2827 2942 2883 ideo
2973 2827 3386 2896 Judas,nimize
3408 2830 3634 2902 cupidi-

1983 2917 2125 2973 tatis
2164 2917 2562 2990 praecipitatus
2607 2917 2835 2984 ardore,
2871 2933 3022 2972 caeca
3061 2917 3316 2988 quadam
3366 2917 3638 2990 improvi-

1985 3006 2148 3062 sione
2179 3007 2476 3080 deceptus,
2501 3022 2671 3060 suam
2704 3003 2963 3060 vendidit
2991 3004 3272 3072 animam,
3306 3009 3362 3061 et
3393 3023 3512 3061 suae
3543 3023 3636 3062 sa-

1987 3094 2128 3152 lutis
2161 3099 2448 3150 mercator
2483 3093 2724 3161 exstitit,
2745 3098 2802 3148 et
2830 3093 2911 3149 ait
2936 3111 2949 3149 :
2975 3094 3090 3166 Qui
3117 3093 3283 3148 vultis
3311 3093 3457 3149 mihi
3483 3093 3634 3163 (utre,

1987 3191 2039 3241 et
2090 3200 2184 3256 ego
2230 3183 2379 3240 vobis
2426 3199 2551 3240 eum
2599 3181 2846 3238 tradam?
2877 3181 3080 3252 (Matth.
3132 3199 3283 3250 xxvr,
3319 3182 3426 3255 15).
3459 3183 3528 3237 Et
3572 3187 3639 3238 ut

1987 3273 2268 3330 virtutum
2291 3271 2505 3328 Christi
2539 3271 2714 3327 etiam
2748 3270 2806 3324 in
2825 3270 2933 3326 hac
2965 3273 3126 3342 parte
3143 3286 3481 3343 cognoscas,
3501 3287 3637 3327 cum

1985 3362 2058 3417 ad
2089 3361 2439 3434 capiendum
2463 3377 2596 3416 eum
2628 3359 3222 3426 advenissent,vocem
3245 3359 3374 3431 ejus
3395 3358 3640 3416 minime

1987 3449 2234 3506 tolerare
2311 3453 2643 3521 potuerunt,
2715 3447 2814 3503 sed
2883 3463 3088 3502 omnes
3152 3446 3338 3502 territi
3415 3449 3637 3505 cecide-

1986 3531 2144 3604 runt,
2176 3540 2246 3593 Et
2276 3537 2554 3608 quoniam
2587 3535 2972 3591 nihilominus
3015 3533 3075 3590 in
3127 3552 3236 3590 sua
3274 3535 3642 3608 impudentia

1986 3629 2140 3684 I59
2173 3627 2588 3700 pcrdurabant,
2613 3625 2737 3697 ipse
2769 3618 2833 3680 se
2871 3623 3022 3679 ultro
3069 3624 3392 3692 commisit,
3421 3623 3550 3697 ipse
3578 3643 3641 3682 se
3741 3661 3748 3668 -

1986 3716 2248 3772 tradidit.
2279 3717 2350 3771 Et
2377 3715 2498 3771 haec
2529 3713 2888 3785 diximus,ut
2917 3713 3213 3768 Christum
3247 3713 3449 3770 nullus
3467 3731 3638 3770 accu-

1985 3809 2094 3871 set,
2129 3821 2234 3860 cur
2261 3804 2425 3860 Judze
2466 3802 2855 3875 cognitionem
2887 3819 3002 3858 non
3033 3796 3280 3857 mutavit
3310 3803 3637 3860 adversam.
3724 3805 3732 3812 ’

1986 3894 2095 3950 Sed
2116 3893 2162 3948 si
2187 3892 2321 3964 quis
2343 3891 2452 3948 hoc
2474 3889 2962 3960 dixerit,audiet,J
2969 3891 3114 3946 udas
3137 3890 3640 3962 quemadmodum

1985 3983 2222 4056 corrigit
2245 3980 2470 4054 potuit?
2494 3983 2808 4052 sponte,an
2839 3979 3094 4036 invitus?
3116 3979 3174 4035 Si
3224 3979 3644 4047 invitus,nulla

1985 4069 2264 4128 correctio
2293 4073 2399 4137 est,
2435 4085 2571 4124 nam
2605 4067 2818 4124 mentis
2857 4067 3084 4123 malitia
3127 4067 3474 4124 necessitate
3525 4086 3640 4126 non

1940 4170 1946 4174 ’
1984 4160 2231 4216 tollitur.
2267 4157 2328 4214 Si
2361 4161 2586 4230 sponte,
2621 4157 2821 4212 omnia
2848 4173 2974 4229 quze
3025 4154 3333 4212 meliorare
3380 4157 3638 4212 animam

1984 4250 2252 4321 poterant
2283 4245 2484 4302 audire
2516 4245 2908 4317 cognoscitur.
2941 4245 3010 4299 Et
3040 4243 3090 4299 si
3139 4243 3465 4299 remedium
3517 4261 3638 4300 res-

1984 4337 2132 4409 puit,
2166 4353 2282 4391 non
2314 4333 2526 4389 medici
2558 4333 2765 4389 vitium
2799 4337 2908 4398 est,
2942 4332 3042 4388 sed
3093 4331 3448 4404 languentis.
3473 4332 3545 4386 Et
3572 4336 3641 4388 ut

1985 4425 2136 4483 scias
2167 4424 2295 4496 ejus
2316 4421 2537 4479 crimen
2571 4439 2698 4478 esse
2730 4421 2882 4493 quod
2907 4419 3183 4492 prodidit,
3206 4435 3320 4473 non
3347 4419 3638 4492 magistri,

1985 4511 2199 4586 saepius
2233 4516 2380 4567 Deus
2413 4511 2485 4566 de
2513 4509 2841 4582 proditione
2872 4506 3161 4580 praedixit,
3195 4511 3252 4562 et
3291 4505 3472 4564 totius
3503 4525 3638 4565 eum

197 4622 360 4660 num
390 4605 640 4675 efficere,
675 4623 781 4664 nec
809 4607 865 4662 vi
913 4606 1143 4663 trahere
1181 4608 1254 4664 ad
1303 4625 1366 4664 se
1415 4609 1675 4666 curabat.
1711 4613 1876 4668 Tune
1905 4625 1950 4690 Β
1983 4599 2681 4690 Ρὶιίιοδοριξὶωμρνωοθρξο
2711 4601 2769 4652 εί)
2806 4611 3076 4690 sermo“?
3125 4595 3342 4690 409"”:
3366 4597 3640 4690 “fama

197 4692 384 4763 abiit,
417 4693 633 4766 inquit,
665 4713 781 4751 non
813 4695 1094 4752 invitatus
1123 4713 1158 4751 a
1190 4695 1553 4770 principibus
1603 4701 1876 4757 sacerdo-

195 4784 363 4847 tum,
390 4780 556 4839 nulla
583 4784 929 4841 necessitate
955 4783 1549 4858 constrictus,sponte
1571 4790 1875 4860 processit,

193 4873 258 4926 et
285 4871 538 4942 propria
565 4872 930 4946 malignitate
977 4873 1288 4931 consilium
1333 4877 1539 4948 genuit
1585 4876 1876 4936 scelerata:

193 4958 435 5014 mentis
465 4959 629 5016 nullo
660 4961 944 5034 participe
974 4967 1310 5019 convocato.
1344 4986 1372 5013 »
1406 4965 1476 5019 Et
1504 4969 1638 5038 post
1665 4967 1873 5038 paulu-

195 5046 332 5103 lum
373 5065 390 5103 :
425 5071 454 5097 ‹‹
489 5049 574 5104 Ea
603 5051 758 5106 enim
793 5069 922 5124 qua:
953 5050 1351 5124 velinjuriosa
1371 5053 1872 5125 demonstrantur,

190 5137 411 5210 ipsam
433 5137 668 5195 Domini
692 5141 1150 5197 miscricordiam
1175 5139 1663 5216 clementiamque
1685 5145 1873 5202 deela-

190 5230 362 5293 rant,
403 5227 504 5299 qui
565 5229 924 5301 proditorem
977 5247 1148 5286 suum
1192 5229 1479 5287 latronem
1523 5233 1872 5293 sceleratum

191 5315 396 5370 tantis
431 5317 731 5376 beneﬁciis
761 5318 1081 5392 ampliavit,
1105 5323 1162 5374 et
1191 5337 1378 5392 usque
1409 5321 1480 5376 ad
1513 5321 1707 5394 ipsuzn
1739 5342 1870 5396 pro-

189 5405 458 5460 ditionis
505 5411 744 5478 tempus
792 5408 981 5463 solitis
1035 5407 1538 5466 admouitiouihus
1587 5411 1868 5470 toleravit.

189 5492 354 5549 Nam
417 5494 794 5564 admonebat,
827 5496 1131 5565 suadebat,
1165 5501 1223 5552 et
1277 5497 1436 5553 omni
1489 5501 1684 5556 studio
1734 5518 1870 5559 eum

187 5597 425 5638 sanare
455 5585 722 5640 curabat.
758 5587 871 5643 Sed
920 5585 970 5642 si
1018 5584 1117 5641 ille
1162 5601 1491 5642 sermonem
1543 5591 1785 5662 respuit,
1819 5592 1869 5648 si

185 5670 350 5727 tanti
386 5673 658 5744 magistri
687 5676 862 5732 verba
896 5673 1266 5746 contempsit,
1301 5674 1568 5734 Christus
1607 5681 1868 5737 causatio

1985 4689 2260 4747 ostendit.
2275 4687 2524 4744 Dederat
2544 4686 2594 4742 ei
2619 4687 2950 4741 daemonum
2984 4684 3639 4756 potestatem,gehennte

1984 4781 2276 4836 tormenta
2307 4774 2671 4842 monstravit,
2695 4771 2974 4830 caelorum
3006 4788 3187 4845 regna
3225 4772 3518 4845 promisit,
3543 4791 3639 4830 se-

1985 4872 2142 4925 creta
2171 4863 2387 4921 mentis
2414 4864 2543 4936 ejus
2574 4865 2630 4918 et
2659 4861 3008 4935 praedicebat
3036 4865 3094 4917 et
3129 4877 3245 4916 non
3276 4860 3637 4934 publicabat,

1985 4957 2162 5030 pedes
2191 4955 2322 5027 ejus
2351 4969 2484 5008 cum
2517 4951 2650 5007 aliis
2677 4950 2837 5018 lavit,
2859 4967 3076 5006 mensae
3101 4949 3237 5006 fecit
3266 4950 3637 5022 participem,

1985 5046 2128 5120 nihil
2159 5043 2394 5118 penitus
2425 5040 2940 5114 praitermisit,sed
2971 5039 3028 5095 in
3063 5038 3288 5094 malitia
3309 5043 3514 5111 sponte
3537 5038 3638 5092 du-

1985 5137 2152 5204 ravit,
2182 5137 2258 5205 et,
2273 5132 2548 5189 omnibus
2575 5129 3079 5186 admonitionibus
3110 5126 3344 5200 spretis,
3379 5125 3638 5199 proditor

1983 5225 2280 5298 malignus
2327 5220 2586 5277 emersit.
2628 5221 2698 5275 Et
2739 5223 2803 5274 ut
2853 5235 2985 5274 eum
3033 5233 3204 5288 posse
3253 5219 3500 5286 mutare,
3533 5214 3634 5269 sed

1981 5313 2189 5387 corrigi
2226 5309 2485 5366 noluisse
2517 5325 2855 5382 cognoscas,
2873 5311 3182 5380 postquam
3206 5319 3338 5358 eum
3367 5300 3633 5374 tradidit,

1974 5403 2220 5479 jactavit
2267 5399 2507 5472 triginta
2553 5398 2843 5462 denarios,
2876 5399 2932 5450 et
2963 5393 3043 5448 ait
3075 5410 3088 5448 :
3121 5390 3353 5479 Peccavi
3399 5389 3635 5447 tradens

1981 5478 2328 5568 sanguinem
2361 5487 2706 5544 innocentis.
2743 5484 2890 5552 Quid
2922 5481 3046 5538 est?
3071 5478 3411 5568 quandogab
3442 5479 3637 5568 comi-

1980 5566 2189 5642 rabilia
2247 5578 2618 5652 gerebantur,
2656 5593 2768 5630 non
2818 5569 3013 5628 dixisti
3050 5584 3062 5622 :
3099 5566 3334 5624 Peccavi
3393 5567 3634 5626 tradens

1979 5671 2326 5746 sanguinem
2350 5667 2604 5736 justum,
2637 5662 2736 5719 sed
2772 5677 2785 5716 :
2820 5656 2967 5726 Quid
3002 5655 3184 5712 vultis
3232 5656 3376 5714 mihi
3405 5657 3544 5714 dare
3575 5661 3636 5715 et
