3970 6182
307 369 425 432 223

1243 364 1632 427 HINCMARI
1681 363 2124 426 BHEMENSIS
2169 365 2786 428 ARCHIEPISGOPI.

3593 370 3713 430 224

308 517 414 576 ego
435 500 596 557 vobis
625 498 856 557 tradam
877 498 1054 555 eum?
1083 501 1139 554 et
1168 503 1297 571 post
1328 499 1546 554 factum
1580 497 1791 566 scelus,
1820 500 1949 569 post
1978 499 2031 564 Α
2059 499 2328 569 apertum
2356 502 2462 554 est.
2492 499 2638 556 Cum
2670 501 2826 556 enim
2859 499 3095 573 signum
3145 499 3326 568 dedit,
3362 517 3461 556 ore
3507 501 3714 560 doloso

309 589 691 648 commissum
741 589 1042 656 delictum,
1089 591 1221 658 post
1277 587 1627 660 completam
1681 586 1952 660 proditio-

308 684 604 752 nem,post
616 679 932 750 perfectum
951 683 1252 749 peceatum
1283 676 1599 748 cognovisti
1623 681 1946 749 peccatum.

306 771 388 826 Ex
435 769 565 836 hoc,
598 764 963 822 dilectissimi
1015 767 1241 830 fratres,
1271 766 1581 820 edocemur
1637 766 1791 837 quod
1852 782 1950 820 nc-

305 857 660 932 gligentibus
691 859 748 911 et
778 853 1085 911 desidiosis
1120 855 1284 910 facile
1325 855 1645 910 admonitio
1678 855 1950 926 prodesse

306 964 423 1003 non
471 943 1018 1018 poterit;studiosis
1067 947 1284 1009 autem,
1327 944 1504 998 etiam
1554 943 1952 1006 admonitione

305 1039 590 1102 cessante,
607 1032 858 1088 multum
878 1031 1310 1087 commoditatis
1331 1033 1569 1088 accedit.
1587 1033 1732 1086 Nam
1754 1037 1810 1086 et
1843 1031 1952 1087 iste

306 1125 540 1198 quando
601 1121 878 1194 magister
924 1121 1276 1176 admonebat
1329 1139 1444 1176 non
1505 1122 1862 1188 flectebatur,
1896 1125 1953 1176 et

305 1213 540 1287 quando
571 1209 776 1267 nullus.
789 1210 1110 1277 admonuit,
1127 1208 1372 1264 excitata
1391 1208 1744 1264 conscientia
1761 1209 1952 1264 scelus

304 1301 574 1376 cognovit
603 1299 950 1367 admissum,
973 1303 1032 1354 et
1059 1297 1300 1370 projecit
1331 1298 1571 1370 triginta
1600 1299 1888 1353 denarios.
1921 1321 1950 1347 »

305 1393 374 1448 Et
402 1391 542 1447 item
565 1388 624 1444 in
651 1389 797 1444 libro
833 1405 844 1442 :
883 1387 1032 1455 Quod
1059 1403 1216 1442 nemo
1247 1387 1472 1443 lavdimr
1516 1389 1630 1443 nisi
1673 1405 1709 1442 [ι
1753 1396 1950 1443 semct-

305 1483 440 1552 ipso,
475 1483 606 1551 post
631 1480 1001 1533 enumeratos
1034 1473 1193 1530 Pauli
1228 1475 1455 1531 labores
1487 1493 1498 1531 :
1534 1499 1560 1524 «
1599 1477 1799 1532 Nonne
1822 1495 1948 1549 per-

305 1567 542 1638 mansit,
567 1566 1028 1639 inquit,sempcr
1057 1563 1211 1620 idem
1245 1565 1479 1631 Paulus,
1513 1571 1569 1620 et
1599 1564 1752 1622 idem
1781 1583 1949 1621 voca-

305 1662 402 1715 tus
430 1655 774 1730 apostolus?
805 1656 1056 1710 Econtra
1085 1659 1306 1722 autem,
1337 1655 1522 1710 Judas
1555 1673 1708 1710 unus
1747 1655 1857 1710 fuit
1895 1661 1952 1711 et

301 1746 427 1819 ipse
457 1747 529 1804 de
574 1744 906 1810 duodecim,
941 1749 997 1800 et
1044 1748 1283 1800 vocatus
1329 1744 1627 1816 apostolus
1677 1743 1806 1800 fuit.
1837 1746 1947 1800 Sed

301 1851 489 1908 neque
518 1833 672 1906 quod
724 1851 878 1889 unus
929 1850 999 1889 ex
1047 1832 1354 1888 duodecim
1401 1833 1530 1902 fuit,
1561 1851 1749 1906 neque
1793 1835 1944 1905 quod
1977 1867 2028 1933 Β

299 1927 538 1980 vocatus
569 1921 870 1993 apostolus
901 1923 1097 1977 dictus
1125 1927 1232 1989 est,
1250 1922 1525 1994 prodesse
1547 1923 1597 1978 ei
1621 1921 1944 1994 quidquam

301 2011 490 2084 potuit
509 2028 624 2066 non
645 2009 881 2066 habenti
905 2010 1168 2066 animum
1189 2009 1505 2066 virtutibus
1527 2010 1810 2066 deditum.
1834 2011 1946 2066 Sed

301 2099 516 2158 Paulus
545 2099 783 2171 quidem
815 2116 950 2154 cum
981 2099 1228 2171 penuria
1255 2103 1310 2152 et
1341 2099 1530 2171 plagis
1548 2099 1805 2155 cucurrit
1825 2117 1951 2156 cur-

301 2207 434 2247 sum
475 2189 580 2261 qui
623 2188 785 2244 ducit
829 2187 900 2243 ad
949 2187 1192 2256 coelum;
1225 2186 1324 2242 ille
1353 2205 1504 2254 vero,
1537 2205 1672 2244 cum
1703 2194 1760 2244 et
1791 2189 1950 2261 prior

299 2283 538 2334 vocatus
558 2280 714 2333 esset
743 2275 802 2331 in
824 2276 1315 2348 apostolatum,et
1346 2275 1524 2332 simili
1557 2294 1694 2332 eum
1725 2278 1948 2334 caeteris

299 2367 490 2440 gratia
517 2363 1217 2437 donatus,eoelestemque
1247 2365 1486 2420 edoctus
1518 2371 1671 2422 esset
1696 2365 1950 2438 philoso-

299 2455 592 2530 phiam,et
621 2471 796 2510 sacrae
821 2452 1031 2509 Christi
1058 2470 1270 2509 mensae
1291 2455 1722 2527 venerandiqne
1753 2473 1946 2512 sacra-

301 2544 484 2600 menti
513 2542 807 2616 particeps
837 2541 1174 2608 exstitisset,
1191 2541 1498 2598 habuisset
1519 2543 1697 2598 etiam
1728 2546 1948 2600 donum

299 2631 555 2706 Spiritus
584 2629 794 2698 sancti,
821 2629 902 2685 ita
929 2635 993 2684 ut
1023 2639 1284 2686 mortuos
1317 2631 1645 2702 suscitaret,
1677 2637 1734 2688 et
1761 2631 1948 2706 lepro-

300 2739 397 2788 sos
427 2725 762 2788 curaret,ac
791 2719 1080 2774 daemonia
1109 2719 1414 2792 effugaret,
1446 2737 1697 2793 eumque
1729 2722 1797 2778 de
1821 2739 1953 2777 con-

299 2814 524 2883 temptu
546 2825 740 2865 rerum
763 2807 1130 2863 saecularium
1152 2807 1357 2864 fuisset
1378 2809 1951 2877 cdoctus,adha3rens

298 2897 581 2956 lateribus
612 2895 1034 2968 Christi,atque
1063 2895 1451 2968 indigentium
1473 2897 1584 2954 sibi
1615 2903 1770 2955 esset
1792 2916 1948 2954 eom-

298 2987 482 3044 missa
533 2985 1054 3058 dispensatio,quo
1111 2984 1334 3041 scilicet
1381 2987 1632 3043 avaritiae
1691 3005 1794 3060 per
1841 2989 1950 3044 hoc

295 3076 486 3133 latens
514 3075 575 3131 in
605 3092 671 3131 eo
699 3075 908 3130 vitium
957 3079 1282 3143 sanaretur,
1315 3080 1438 3132 erat
1491 3077 1649 3132 enim
1700 3077 1826 3134 fur:
1862 3081 1948 3132 ta-

297 3183 431 3222 men
454 3181 559 3222 nee
580 3164 664 3222 sic
685 3163 924 3236 quidem
947 3163 1227 3235 proﬁcere
1249 3163 1307 3219 in
1343 3164 1553 3220 melius
1588 3167 1947 3238 potuit,cnm

2059 586 2286 658 aperuit
2327 605 2500 660 quem
2550 593 2834 644 tenerent.
2868 589 3051 645 Judaei
3105 606 3358 662 quoque,
3393 597 3526 646 enm
3577 609 3714 648 eum

2059 671 2316 732 volentes
2357 677 2488 733 dolo
2522 679 2781 748 perdere,
2816 683 2879 733 ut
2911 678 3287 750 Evangelium
3337 678 3563 752 pandit,
3597 679 3716 736 cla-

2060 771 2365 821 maverunt
2394 766 2652 822 dicentes
2681 783 2694 822 :
2725 767 3010 838 Cr-uciﬁge,
3039 769 3329 839 cruci/iga!
3365 790 3392 817 ››

2132 855 2274 909 llinc
2299 859 2353 910 et
2371 857 2647 927 praefatus
2666 856 2922 912 Joannes
2944 857 3002 910 in
3021 860 3342 912 memorato
3363 855 3508 912 libro
3531 856 3673 912 dicit
3698 874 3713 914 :

2061 965 2087 990 ‹‹
2119 942 2280 996 Sicut
2302 947 2356 997 et
2377 943 2919 1014 Judas,inquit,ille
2947 961 3058 998 non
3082 943 3273 999 solum
3305 943 3468 1000 nullo
3503 944 3715 1000 intrin-

2061 1048 2229 1086 secus
2263 1031 2598 1102 impellente
2624 1033 2888 1104 dilapsus
2910 1039 3017 1102 est,
3034 1035 3134 1088 sed
3157 1051 3189 1088 e
3218 1033 3507 1090 contrario
3529 1034 3715 1107 pluri-

2062 1119 2172 1174 bus
2201 1120 2441 1189 adjutus
2476 1121 2748 1176 remediis
2778 1126 2933 1178 stare
2964 1140 3080 1177 non
3111 1122 3320 1194 potuit.
3352 1122 3454 1178 Vis
3486 1126 3551 1178 ut
3591 1123 3715 1180 haec

2061 1225 2175 1266 non
2195 1208 2384 1264 solum
2409 1226 2510 1280 per
2530 1209 2762 1281 singula
2783 1215 2965 1283 gesta,
2983 1212 3082 1266 sed
3113 1211 3288 1267 etiam
3323 1229 3426 1284 per
3462 1212 3716 1286 pepulos

2061 1297 2339 1352 doceam?
2369 1301 2595 1364 Quanta
2641 1316 2778 1371 erga
2831 1299 3166 1356 Judreorum
3223 1300 3506 1372 populum
3569 1318 3717 1358 cura

2060 1385 2280 1441 exstitit
2317 1386 2524 1442 divina:
2581 1387 2992 1459 providentiae?
3023 1390 3223 1444 Nonne
3271 1407 3498 1461 omnes,
3533 1394 3599 1445 ut
3632 1391 3715 1446 ita

2060 1475 2272 1542 dicam,
2299 1479 2576 1531 creaturae
2607 1476 3034 1534 emendationis
3064 1495 3266 1534 eorum
3315 1477 3714 1534 ministerium

2059 1569 2393 1637 praeparatae
2425 1565 2602 1620 sunt?
2632 1565 2834 1620 Nonne
2862 1583 2978 1638 prae
3023 1566 3247 1623 caeteris
3291 1565 3566 1622 omnibus
3604 1567 3714 1624 ho-

2061 1653 2319 1708 minibus
2353 1671 2500 1709 nova
2527 1655 2796 1726 quaedam
2823 1659 2880 1710 et
2908 1655 3220 1728 magniﬁca
3254 1656 3339 1712 eis
3372 1655 3502 1711 vitae
3532 1654 3711 1711 insti-

2060 1747 2188 1798 tuta
2209 1746 2348 1796 sunt
2362 1743 2612 1797 tradita?
2636 1767 2662 1792 «
2690 1748 2747 1798 et
2768 1747 2900 1815 post
2919 1743 3119 1800 omnia
3139 1743 3224 1800 eis
3244 1744 3442 1802 divina
3463 1761 3714 1800 munera

2059 1831 2341 1887 attributa
2389 1831 2530 1886 dicit
2563 1849 2576 1886 :
2611 1855 2639 1881 ‹‹
2673 1832 2744 1886 Et
2793 1837 2987 1888 tamen
3031 1837 3164 1904 post
3205 1834 3404 1890 omnia
3433 1834 3554 1890 haec
3585 1837 3712 1890 tam

2057 1921 2346 1977 evidentia
2362 1921 2566 1976 divinae
2588 1920 2819 1978 virtutis
2849 1921 3122 1994 insignia,
3147 1925 3204 1977 et
3223 1925 3356 1994 post
3376 1923 3712 1978 universam

2057 2009 2304 2082 gloriam
2336 2027 2464 2081 quae
2497 2009 2580 2066 eis
2610 2027 2790 2081 supra
2815 2014 3057 2066 cunctos
3102 2009 3377 2067 mortales
3419 2011 3554 2067 data
3597 2015 3710 2080 est,

2059 2098 2322 2154 inﬁdeles
2343 2099 2688 2154 exstiterunt
2716 2104 2772 2154 et
2792 2098 3225 2172 ingrati.Caput
3255 2117 3512 2173 namque
3539 2099 3715 2156 vituli

2057 2189 2534 2267 adoraverunt,.et
2555 2188 2696 2243 deos
2718 2187 3076 2260 quaesierunt
3107 2187 3217 2244 sibi
3251 2188 3396 2246 alios
3421 2189 3714 2258 ﬁeri,cum

2058 2280 2219 2332 tanta
2268 2274 2532 2348 talesque
2581 2275 2682 2330 Dei
2729 2275 2972 2332 virtutes
3023 2275 3148 2332 alia
3198 2276 3389 2334 adhuc
3436 2277 3495 2332 in
3526 2276 3717 2334 oculis

2059 2365 2430 2432 haberentur,
2465 2363 2590 2419 aliae
2615 2381 2749 2420 vero
2800 2369 3094 2421 recentem
3143 2371 3202 2422 et
3253 2383 3440 2439 nuper
3484 2372 3716 2439 gestam

2059 2458 2357 2510 servarent
2387 2454 2446 2508 in
2475 2455 2647 2510 corde
2668 2453 3034 2510 memoriam.
3055 2457 3125 2510 At
3155 2471 3287 2511 vero
3319 2454 3712 2511 Ninivitarum

2060 2542 2334 2615 populus,
2357 2541 2682 2614 alienigena
2701 2548 2758 2598 et
2779 2543 3086 2612 barbarus,
3104 2543 3284 2600 nullis
3313 2543 3477 2616 prius
3501 2542 3716 2599 divinae

2059 2629 2434 2704 providentiae
2482 2631 2782 2687 beneficiis
2827 2636 3118 2702 assuetus,
3153 2649 3270 2689 non
3314 2631 3564 2706 legibus,
3595 2649 3720 2688 non

2061 2719 2456 2788 mirabilibus,
2489 2738 2602 2776 non
2634 2721 2938 2793 praeceptis
2960 2719 3098 2777 ullis
3128 2725 3229 2778 aut
3260 2720 3534 2794 operibus
3580 2719 3720 2776 illu-

2062 2811 2341 2878 minatus,
2375 2809 2674 2866 hominem
2703 2809 2849 2866 vidit
2891 2809 3094 2866 habitu
3146 2811 3518 2883 naufragum,
3549 2809 3722 2866 vultu

2060 2900 2458 2972 peregrinum,
2516 2915 2622 2955 nec
2681 2914 2942 2972 unquam
3000 2899 3111 2956 sibi
3168 2899 3332 2972 prius
3389 2898 3724 2974 cognitum,

2061 2989 2250 3062 primo
2305 2988 2504 3044 statim
2563 2989 2832 3062 ingressu
2892 2987 3463 3044 dicentemzAdhuc
3521 2987 3726 3044 triduo

2059 3083 2115 3134 et
2161 3077 2364 3133 Ninive
2411 3077 2801 3133 subvertetur.
2833 3077 2915 3133 Ex
2952 3077 3085 3133 istis
3140 3076 3280 3133 solis
3339 3075 3717 3133 sermonibus

2061 3167 2321 3224 conversi
2371 3171 2510 3223 sunt
2565 3167 2638 3222 ad
2685 3168 2956 3222 timorem
3006 3167 3129 3234 Dei,
3165 3167 3526 3239 abjectisque
3577 3183 3722 3223 con-

297 3271 436 3328 erga
484 3270 620 3310 eum
674 3255 761 3308 tot
818 3252 1116 3324 tantisque
1172 3237 1603 3323 provisionibus
1663 3259 1946 3310 uteretur.
1980 3237 2024 3304 (ἶ
2061 3257 2228 3312 tinuo
2284 3255 2496 3328 prioris
2553 3254 2681 3310 vitae
2736 3254 2927 3326 malis,
2963 3255 3034 3311 ad
3079 3237 3355 3311 virtutem
3403 3237 3466 3312 se
3511 3260 3571 3312 et
3614 3257 3724 3327 ju-

299 3343 532 3400 Sciebat
557 3341 715 3398 enim
747 3339 1019 3396 Christus
1053 3341 1210 3412 quod
1241 3357 1450 3396 avarus
1479 3347 1634 3398 esset
1661 3343 1865 3409 Judas,
1893 3347 1952 3399 et

299 3446 404 3504 pro
434 3447 632 3490 amore
661 3429 920 3502 pecuniae
971 3428 1304 3500 periturus;
1339 3433 1395 3484 et
1433 3448 1547 3486 non
1601 3431 1792 3487 solum
1833 3449 1948 3488 non

300 3519 493 3592 arguit
521 3536 656 3576 eum
705 3535 809 3590 pro
858 3517 966 3572 hoc
1014 3516 1172 3584 vitio,
1207 3519 1308 3573 sed
1359 3523 1416 3572 et
1447 3521 1602 3574 160
1634 3520 1949 3580 latentibus

301 3605 744 3664 medicamentis
765 3604 1210 3672 curarovoluiti
1219 3605 1307 3676 psi
1329 3607 1701 3663 committens
1724 3609 1953 3682 dispen-

302 3697 590 3754 sationem
613 3695 894 3770 pecuniae,
918 3699 982 3750 ut
999 3695 1223 3750 habens
1246 3693 1304 3749 in
1329 3695 1605 3751 manibus
1627 3699 1782 3768 quod
1807 3699 1954 3753 desi-

301 3786 562 3854 derabat,
582 3783 910 3857 perniciosa
930 3783 1146 3855 passio,
1161 3783 1388 3856 expleta
1403 3784 1743 3856 cupiditate,
1759 3803 1950 3843 cessa-

303 3877 409 3941 ret,
425 3891 497 3930 ne
526 3871 815 3928 decideret
843 3871 904 3926 in
934 3869 1096 3926 illam
1129 3871 1337 3927 mortis
1369 3872 1613 3940 foveam,
1640 3875 1738 3930 sed
1763 3875 1951 3931 mino-

302 3961 467 4018 ribus
498 3960 669 4017 malis
698 3960 923 4032 majora
952 3960 1308 4031 reprimeret.
1335 3961 1430 4016 Sic
1459 3960 1518 4016 in
1550 3962 1824 4019 omnibus
1852 3964 1953 4036 qui

304 4049 684 4123 semetipsum
711 4067 826 4106 non
859 4048 1091 4120 laeserit,
1112 4050 1184 4105 ab
1205 4049 1474 4106 aliis-non
1495 4057 1685 4124 potest
1705 4052 1864 4122 laedi;
1899 4059 1955 4110 et

305 4155 510 4197 rursus
532 4137 632 4212 qui
651 4138 1034 4210 semetipsum
1058 4137 1346 4212 corrigere
1357 4143 1415 4194 et
1435 4141 1746 4198 emendare
1760 4141 1956 4198 nolue-

306 4231 400 4300 rit,
415 4233 472 4286 et
501 4229 656 4302 quod
687 4227 746 4283 in
777 4228 906 4300 ipso
937 4231 1025 4284 est
1055 4231 1232 4299 atque
1279 4227 1340 4282 in
1389 4233 1675 4300 potestate
1707 4232 1836 4302 ejus
1867 4249 1957 4288 ex-

307 4318 484 4394 plere,
516 4317 718 4374 nullus
747 4317 798 4374 ei
829 4316 1190 4374 extrinsecus
1213 4316 1524 4389 proderit.»
1548 4318 1710 4374 Unde
1733 4324 1790 4376 et
1821 4337 1954 4376 san-

307 4413 438 4466 ctus
463 4405 830 4480 Augustinus
859 4406 918 4460 in
950 4404 1099 4460 libro
1135 4406 1622 4478 llypomnesticon
1657 4409 1727 4464 ad
1761 4407 1954 4466 locum

309 4495 452 4555 dicit
481 4511 495 4552 :
529 4519 556 4546 ‹‹
589 4496 749 4563 Quod
783 4499 849 4551 ut
878 4495 1125 4567 probare
1153 4493 1475 4564 valeamus,
1510 4495 1699 4552 solum
1733 4515 1862 4554 reor
1882 4499 1954 4554 ad

2057 3344 2281 3401 stitiam
2314 3360 2418 3415 per
2464 3344 2870 3415 paenitentiam
2919 3343 3315 3403 contulerunt.
3339 3344 3516 3400 Vides
3563 3361 3722 3417 quo-

2059 3433 2217 3490 niam
2271 3431 2370 3504 qui
2427 3431 2590 3487 intus
2637 3436 2727 3487 est
2775 3437 2833 3487 et
2887 3431 3107 3505 vigilat,
3151 3432 3362 3505 suique
3419 3433 3736 3500 meminit,-

2059 3539 2174 3577 non
2226 3521 2417 3576 solum
2474 3521 2546 3575 ab
2599 3520 2939 3577 hominibus
2994 3538 3112 3578 non
3161 3525 3352 3594 potest
3409 3521 3563 3592 laedi,
3614 3523 3723 3578 sed

2060 3613 2204 3667 16]
2243 3610 2650 3665 imminentem
2683 3609 2911 3665 caelitus
2958 3609 3107 3664 iram
3140 3609 3402 3682 repellit?
3434 3609 3537 3682 qui
3581 3627 3721 3666 vero

2060 3697 2443 3770 semetipsum
2477 3696 2671 3770 prodit
2698 3701 2756 3753 et
2786 3697 2964 3765 laedit,
2997 3697 3230 3754 etiamsi
3263 3697 3422 3754 mille
3444 3697 3721 3754 intrinse-

2060 3805 2164 3844 cus
2193 3787 2404 3842 divinis
2429 3787 2728 3842 beneﬁciis
2779 3785 3076 3856 fulciatur,
3097 3805 3212 3844 non
3261 3787 3311 3842 ei
3363 3787 3615 3844 sufﬁciet
3643 3787 3722 3844 ad

2061 3875 2310 3934 salutem
2347 3893 2360 3931 ε
2391 3875 2530 3946 quia
2560 3892 2748 3946 neque
2777 3875 2996 3930 Jurlaeis
3034 3880 3198 3931 tanta
3248 3875 3560 3944 mirabilia,
3587 3893 3723 3947 quae

2061 3965 2122 4021 in
2171 3982 2270 4021 eos
2300 3964 2508 4020 collata
2547 3969 2686 4020 sunt
2735 3965 3100 4036 profuerunt,
3139 3982 3325 4037 neque
3373 3963 3726 4038 alienigenis

2064 4054 2218 4127 quod
2251 4052 2396 4108 nihil
2425 4048 2636 4109 horum
2670 4051 2862 4124 adepti
2896 4053 3127 4108 fuerant
3163 4053 3381 4122 obfuit;
3413 4055 3514 4110 sed
3567 4071 3725 4126 quo-

2013 4159 2018 4164 ·
2064 4142 2222 4198 niam
2273 4142 2470 4197 animo
2521 4141 2935 4213 propositoque
2991 4145 3166 4209 recto,
3205 4159 3340 4197 cum
3393 4147 3449 4198 et
3492 4141 3728 4214 seipsos

2065 4233 2352 4288 dederunt
2386 4230 2516 4295 Deo,
2551 4247 2728 4302 parva
2757 4230 3062 4286 occasione
3111 4235 3352 4304 sumpta
3395 4231 3728 4304 plurimum

2065 4321 2502 4394 profecerunt.»
2535 4319 2917 4390 Quapropter,
2952 4323 3016 4373 ut
3045 4325 3287 4375 sanctus
3318 4319 3632 4392 Gregorius
3666 4320 3732 4376 in

2065 4407 2310 4465 homilia
2338 4405 2633 4478 Evangelii
2688 4407 2772 4474 13,
2808 4407 2951 4462 dicit
2985 4424 2996 4462 :
3034 4431 3060 4458 «
3095 4407 3252 4464 Deus
3295 4407 3618 4479 despicitur
3667 4413 3732 4465 et

2065 4499 2383 4570 exspectat,
2401 4495 2694 4552 contemni
2727 4513 2789 4550 se
2810 4497 2968 4552 videt
2998 4501 3054 4552 et
3084 4497 3626 4570 revocat,injuriam
3659 4499 3738 4554 de

309 4583 640 4656 exemplum
665 4585 933 4640 sufﬁcere
961 4584 1200 4640 Judam.
1235 4585 1400 4640 Hunc
1431 4585 1588 4642 enim
1620 4588 1772 4644 Deus
1817 4605 1949 4644 cum
2062 4589 2398 4658 contemptu
2431 4599 2538 4640 suo
2572 4583 2837 4655 suscipit,
2857 4589 2915 4640 et
2937 4589 3135 4640 tamen
3163 4586 3516 4658 quandoque
3536 4601 3736 4641 rever-

311 4671 641 4746 praescisset
669 4673 730 4728 in
767 4671 923 4729 vitiis
971 4672 1216 4745 propriae
1263 4673 1580 4731 voluntatis
1629 4678 1953 4748 pessimum

312 4761 456 4828 fore,
473 4761 531 4816 id
563 4765 653 4817 est
680 4759 960 4816 electione
977 4761 1364 4833 discipulatus
1385 4763 1476 4818 sui
1501 4765 1646 4820 bene
1673 4783 1707 4820 a
1727 4767 1958 4824 Christo

312 4849 660 4909 conferenda
679 4848 829 4905 male
847 4856 1178 4916 usurum,et
1198 4850 1439 4907 avaritia
1451 4853 1749 4909 ardentem
1775 4857 1958 4927 pretio

311 4939 533 4999 Judaeis
565 4938 874 4994 Dominum
897 4937 1274 5006 traditurum,
1308 4957 1538 5012 paenam
1570 4943 1621 4997 ei
1663 4945 1958 5014 praedesti-

313 5027 476 5086 navit
503 5043 572 5084 ex
601 5025 828 5093 merito,
862 5025 1090 5082 dicente
1120 5044 1221 5099 per
1249 5027 1428 5083 David
1460 5027 1677 5101 Spiritu
1708 5039 1908 5088 sancto
1943 5051 1956 5090 :

311 5119 475 5184 Deus,
508 5113 723 5170 laudem
767 5130 946 5169 meam
999 5129 1068 5170 ne
1115 5116 1368 5183 tacueris,
1403 5117 1535 5186 quia
1582 5133 1642 5174 os
1666 5123 1961 5190 peccatoris

313 5214 366 5264 et
392 5221 450 5262 os
479 5203 656 5261 dolosi
684 5219 848 5271 super
874 5218 960 5258 me
1001 5210 1250 5274 apertum
1295 5211 1373 5258 est
1402 5205 1572 5272 (Psat.
1607 5223 1762 5277 cvm,
1799 5211 1872 5278 1),
1905 5211 1965 5265 id

316 5299 407 5352 est
435 5294 620 5364 Judae,
643 5292 733 5350 vel
783 5291 1144 5357 Judaeorum,
1168 5291 1225 5345 in
1279 5290 1575 5348 Christum
1621 5294 1806 5365 Judae,
1833 5316 1967 5354 cum

317 5381 460 5437 dicit
495 5399 508 5438 :
543 5382 694 5454 Quid
713 5382 878 5437 vultis
909 5380 1049 5434 mihi
1069 5378 1278 5446 (ἔτη-ιε,ίί
1295 5395 1390 5448 ego
1413 5378 1556 5434 rob‘is
1577 5397 1697 5436 cum
1722 5385 1972 5441 tradam?

317 5469 522 5539 (Μιιιιιι.
554 5488 706 5536 xxvr,
743 5471 830 5539 15)
860 5473 917 5524 et
946 5471 1078 5539 post
1107 5466 1366 5538 pecuniae
1397 5469 1772 5538 sponsionem
1821 5473 1970 5531 dans

321 5555 555 5628 signum
580 5557 908 5613 traditionis
934 5573 945 5610 :
975 5559 1412 5625 Quemcunque,
1437 5553 1644 5626 inquit,
1671 5561 1972 5621 osculatus

320 5659 454 5703 vero
513 5645 637 5718 ipse
683 5649 790 5713 est,
842 5649 1031 5702 tenete
1079 5660 1235 5699 eum.
1289 5643 1420 5698 Ideo
1471 5661 1648 5716 super
1706 5667 1818 5719 me,
1869 5653 1968 5722 ait,

2068 4675 2326 4732 tantibus
2357 4673 2534 4728 etiam
2583 4673 2824 4745 praemia
2875 4673 3184 4744 promittit.
3216 4696 3244 4724 ››
3278 4673 3386 4739 Qui
3435 4673 3636 4741 etiam,
3666 4677 3742 4728 ut

2065 4763 2433 4836 Augustinus
2461 4761 2522 4817 in
2553 4761 2702 4817 libro
2734 4763 2804 4817 de
2837 4761 3346 4818 Praedestinatione
3389 4765 3740 4818 sanctorum

2071 4853 2212 4910 dicit
2243 4869 2256 4908 :
2291 4853 2361 4906 Et
2389 4850 2504 4922 ipsi
2533 4851 2672 4923 quia
2712 4850 3018 4906 voluerunt
3061 4852 3455 4908 crediderunt.
3486 4852 3556 4906 Et
3587 4851 3739 4908 item

2071 4941 2386 5014 Gregorius
2419 4957 2431 4996 :
2467 4962 2494 4989 «
2530 4939 2712 4996 Nemo
2743 4939 2893 4995 hanc
2925 4940 3053 5011 ejus
3093 4939 3600 5013 longanimitatem
3634 4955 3742 4994 ne-

2070 5029 2289 5102 gligat:
2317 5027 2456 5100 quia
2477 5031 2638 5083 tanto
2663 5027 3076 5084 districtiorem
3093 5027 3390 5100 justitiam
3417 5027 3477 5082 in
3501 5025 3742 5098 judicio

2071 5117 2270 5185 exerit,
2305 5121 2526 5188 quanto
2557 5115 2879 5188 longiorem
2901 5116 3245 5187 patientiam
3277 5121 3413 5172 ante
3432 5113 3742 5187 judicium

2076 5203 2436 5280 praerogavit.
2475 5226 2501 5252 υ
2556 5203 2701 5258 llinc
2749 5205 2966 5260 etenim
3017 5205 3231 5260 Paulus
3284 5205 3470 5261 dicit:
3505 5205 3748 5272 Ignora:

2077 5297 2337 5370 quoniam
2386 5293 2693 5360 benignitas
2745 5295 2846 5348 Dei
2890 5293 2960 5348 ad
3001 5296 3377 5370 paenitentiam
3415 5301 3464 5349 te
3488 5292 3744 5349 adducit.

2077 5383 2386 5440 Secundum
2417 5381 2681 5437 duritiam
2723 5393 2900 5436 «auem
2951 5394 3105 5439 Luam
3144 5392 3196 5438 et
3231 5399 3324 5439 cor
3369 5383 3748 5455 impositurus,

2079 5472 2416 5530 thesaurizas
2455 5470 2556 5524 tibi
2580 5472 2724 5525 iram
2755 5471 2815 5526 in
2843 5471 2933 5528 die
2979 5473 3084 5531 irae
3112 5479 3164 5528 et
3211 5472 3556 5528 revelationis
3591 5471 3760 5542 justi

2071 5563 2276 5637 judicii
2321 5561 2426 5616 Dei
2466 5560 2638 5627 (Rom.
2675 5576 2735 5628 ιι,
2772 5559 2846 5629 4).
2881 5561 2952 5616 Et
3003 5560 3107 5632 illi,
3140 5565 3204 5616 ut
3261 5559 3628 5632 Augustinus
3673 5559 3754 5618 in

2083 5652 2316 5725 praefato
2347 5647 2493 5704 libro
2517 5645 2675 5716 dicit,
2701 5648 2838 5720 quia
2856 5649 3172 5708 noluerunt
3191 5666 3308 5705 non
3339 5649 3751 5725 crediderunt.
