  <div class='ocr_page' id='page_1' title='image "/cluster/home/n/w/nwhite01/storage/ocr_20150623/125/hvd.32044054759873/118.png"; bbox 0 0 3970 6182; ppageno 0'>
   <div class='ocr_carea' id='block_1_1' title="bbox 198 292 321 353">
    <p class='ocr_par' dir='ltr' id='par_1_1' title="bbox 198 292 321 353">
     <span class='ocr_line' id='line_1_1' title="bbox 198 292 321 353; baseline 0 0"><span class='ocrx_word' id='word_1_1' title='bbox 198 292 321 353; x_wconf 76' lang='grc'>225</span> 
     </span>
    </p>
   </div>
   <div class='ocr_carea' id='block_1_2' title="bbox 933 293 2918 391">
    <p class='ocr_par' dir='ltr' id='par_1_2' title="bbox 933 293 2918 391">
     <span class='ocr_line' id='line_1_2' title="bbox 933 293 2918 391; baseline 0.005 -35"><span class='ocrx_word' id='word_1_2' title='bbox 933 297 1037 356; x_wconf 88' lang='lat' dir='ltr'>DE</span> <span class='ocrx_word' id='word_1_3' title='bbox 1081 293 1842 391; x_wconf 48' lang='lat' dir='ltr'>PREDESTI‘XATIONE</span> <span class='ocrx_word' id='word_1_4' title='bbox 1887 295 2409 358; x_wconf 71' lang='lat' dir='ltr'>DISSERTATIO</span> <span class='ocrx_word' id='word_1_5' title='bbox 2453 302 2918 368; x_wconf 68' lang='lat' dir='ltr'>POSTERIOH.</span> 
     </span>
    </p>
   </div>
   <div class='ocr_carea' id='block_1_3' title="bbox 3511 311 3634 372">
    <p class='ocr_par' dir='ltr' id='par_1_3' title="bbox 3511 311 3634 372">
     <span class='ocr_line' id='line_1_3' title="bbox 3511 311 3634 372; baseline 0.016 -2"><span class='ocrx_word' id='word_1_6' title='bbox 3511 311 3634 372; x_wconf 74' lang='grc'><strong>226</strong></span> 
     </span>
    </p>
   </div>
   <div class='ocr_carea' id='block_1_4' title="bbox 199 423 3636 521">
    <p class='ocr_par' dir='ltr' id='par_1_4' title="bbox 199 423 3636 521">
     <span class='ocr_line' id='line_1_4' title="bbox 199 423 3636 521; baseline 0.006 -41"><span class='ocrx_word' id='word_1_7' title='bbox 199 423 276 480; x_wconf 87' lang='lat' dir='ltr'>Et</span> <span class='ocrx_word' id='word_1_8' title='bbox 305 423 356 479; x_wconf 90' lang='lat' dir='ltr'>si</span> <span class='ocrx_word' id='word_1_9' title='bbox 391 423 541 480; x_wconf 84' lang='lat' dir='ltr'>forte</span> <span class='ocrx_word' id='word_1_10' title='bbox 571 427 966 498; x_wconf 89' lang='lat' dir='ltr'>crediderunt,</span> <span class='ocrx_word' id='word_1_11' title='bbox 993 429 1064 484; x_wconf 92' lang='lat' dir='ltr'>de</span> <span class='ocrx_word' id='word_1_12' title='bbox 1092 428 1327 485; x_wconf 90' lang='lat' dir='ltr'>illorum</span> <span class='ocrx_word' id='word_1_13' title='bbox 1361 444 1608 484; x_wconf 86' lang='lat' dir='ltr'>numero</span> <span class='ocrx_word' id='word_1_14' title='bbox 1638 428 1872 484; x_wconf 81' lang='lat' dir='ltr'>exstite-</span> <span class='ocrx_word' id='word_1_15' title='bbox 1901 426 1958 496; x_wconf 73' lang='grc' dir='ltr'><strong>Α</strong></span> <span class='ocrx_word' id='word_1_16' title='bbox 1987 427 2269 484; x_wconf 84' lang='lat' dir='ltr'>innocens</span> <span class='ocrx_word' id='word_1_17' title='bbox 2299 436 2388 486; x_wconf 89' lang='lat' dir='ltr'>est</span> <span class='ocrx_word' id='word_1_18' title='bbox 2416 437 2472 488; x_wconf 86' lang='lat' dir='ltr'>et</span> <span class='ocrx_word' id='word_1_19' title='bbox 2501 433 2859 508; x_wconf 88' lang='lat' dir='ltr'>misericors,</span> <span class='ocrx_word' id='word_1_20' title='bbox 2890 443 2948 494; x_wconf 91' lang='lat' dir='ltr'>et</span> <span class='ocrx_word' id='word_1_21' title='bbox 2977 455 3091 495; x_wconf 90' lang='lat' dir='ltr'>non</span> <span class='ocrx_word' id='word_1_22' title='bbox 3137 445 3406 514; x_wconf 80' lang='lat' dir='ltr'><strong>erumpet</strong></span> <span class='ocrx_word' id='word_1_23' title='bbox 3445 459 3636 521; x_wconf 83' lang='lat' dir='ltr'>neque</span> 
     </span>
    </p>
   </div>
   <div class='ocr_carea' id='block_1_5' title="bbox 199 513 1878 589">
    <p class='ocr_par' dir='ltr' id='par_1_5' title="bbox 199 513 1878 589">
     <span class='ocr_line' id='line_1_5' title="bbox 199 513 1878 589; baseline 0.002 -23"><span class='ocrx_word' id='word_1_24' title='bbox 199 517 368 581; x_wconf 63' lang='lat' dir='ltr'>runt,</span> <span class='ocrx_word' id='word_1_25' title='bbox 392 513 466 568; x_wconf 92' lang='lat' dir='ltr'>de</span> <span class='ocrx_word' id='word_1_26' title='bbox 497 514 716 585; x_wconf 90' lang='lat' dir='ltr'>quibus</span> <span class='ocrx_word' id='word_1_27' title='bbox 747 514 888 572; x_wconf 91' lang='lat' dir='ltr'>item</span> <span class='ocrx_word' id='word_1_28' title='bbox 921 517 1064 572; x_wconf 86' lang='lat' dir='ltr'>dicit</span> <span class='ocrx_word' id='word_1_29' title='bbox 1089 517 1404 589; x_wconf 80' lang='lat' dir='ltr'>Apostolus</span> <span class='ocrx_word' id='word_1_30' title='bbox 1440 535 1452 572; x_wconf 93' lang='lat'>:</span> <span class='ocrx_word' id='word_1_31' title='bbox 1489 517 1596 585; x_wconf 80' lang='lat' dir='ltr'>Qui</span> <span class='ocrx_word' id='word_1_32' title='bbox 1622 533 1679 573; x_wconf 85' lang='lat' dir='ltr'>se</span> <span class='ocrx_word' id='word_1_33' title='bbox 1711 517 1878 588; x_wconf 81' lang='lat' dir='ltr'>conﬁ—</span> 
     </span>
    </p>
   </div>
   <div class='ocr_carea' id='block_1_6' title="bbox 202 603 1878 678">
    <p class='ocr_par' dir='ltr' id='par_1_6' title="bbox 202 603 1878 678">
     <span class='ocr_line' id='line_1_6' title="bbox 202 603 1878 678; baseline 0.002 -22"><span class='ocrx_word' id='word_1_34' title='bbox 202 607 392 657; x_wconf 77' lang='lat' dir='ltr'>tentur</span> <span class='ocrx_word' id='word_1_35' title='bbox 441 619 602 659; x_wconf 80' lang='lat' dir='ltr'>nosse</span> <span class='ocrx_word' id='word_1_36' title='bbox 647 604 842 676; x_wconf 82' lang='lat' dir='ltr'>Deum,</span> <span class='ocrx_word' id='word_1_37' title='bbox 893 608 1059 676; x_wconf 76' lang='lat' dir='ltr'>[actis</span> <span class='ocrx_word' id='word_1_38' title='bbox 1107 615 1291 662; x_wconf 83' lang='lat' dir='ltr'>autem</span> <span class='ocrx_word' id='word_1_39' title='bbox 1341 613 1540 678; x_wconf 80' lang='lat' dir='ltr'>negant</span> <span class='ocrx_word' id='word_1_40' title='bbox 1567 607 1697 674; x_wconf 85' lang='lat' dir='ltr'>(Tit.</span> <span class='ocrx_word' id='word_1_41' title='bbox 1731 623 1769 671; x_wconf 84' lang='grc' dir='ltr'>ι,</span> <span class='ocrx_word' id='word_1_42' title='bbox 1801 603 1878 673; x_wconf 80' lang='grc'>6).</span> 
     </span>
    </p>
   </div>
   <div class='ocr_carea' id='block_1_7' title="bbox 203 689 1883 766">
    <p class='ocr_par' dir='ltr' id='par_1_7' title="bbox 203 689 1883 766">
     <span class='ocr_line' id='line_1_7' title="bbox 203 689 1883 766; baseline 0.001 -20"><span class='ocrx_word' id='word_1_43' title='bbox 203 689 478 762; x_wconf 83' lang='lat' dir='ltr'>Denique</span> <span class='ocrx_word' id='word_1_44' title='bbox 507 708 800 763; x_wconf 85' lang='lat' dir='ltr'>ponamus</span> <span class='ocrx_word' id='word_1_45' title='bbox 829 695 1290 750; x_wconf 79' lang='lat' dir='ltr'>orthodoxorum</span> <span class='ocrx_word' id='word_1_46' title='bbox 1323 699 1497 766; x_wconf 88' lang='lat' dir='ltr'>atque</span> <span class='ocrx_word' id='word_1_47' title='bbox 1528 694 1586 748; x_wconf 90' lang='lat' dir='ltr'>in</span> <span class='ocrx_word' id='word_1_48' title='bbox 1619 691 1883 749; x_wconf 82' lang='lat' dir='ltr'>Ecclesia</span> 
     </span>
    </p>
   </div>
   <div class='ocr_carea' id='block_1_8' title="bbox 196 778 1880 851">
    <p class='ocr_par' dir='ltr' id='par_1_8' title="bbox 196 778 1880 851">
     <span class='ocr_line' id='line_1_8' title="bbox 196 778 1880 851; baseline 0.001 -17"><span class='ocrx_word' id='word_1_49' title='bbox 196 778 764 850; x_wconf 84' lang='lat' dir='ltr'>probatissimorum</span> <span class='ocrx_word' id='word_1_50' title='bbox 777 781 1034 838; x_wconf 85' lang='lat' dir='ltr'>virorum</span> <span class='ocrx_word' id='word_1_51' title='bbox 1048 782 1474 851; x_wconf 85' lang='lat' dir='ltr'>testimonia,et</span> <span class='ocrx_word' id='word_1_52' title='bbox 1493 782 1683 838; x_wconf 80' lang='lat' dir='ltr'>videat</span> <span class='ocrx_word' id='word_1_53' title='bbox 1696 781 1880 837; x_wconf 77' lang='lat' dir='ltr'>lector</span> 
     </span>
    </p>
   </div>
   <div class='ocr_carea' id='block_1_9' title="bbox 203 868 1870 944">
    <p class='ocr_par' dir='ltr' id='par_1_9' title="bbox 203 868 1870 944">
     <span class='ocr_line' id='line_1_9' title="bbox 203 868 1870 944; baseline 0.002 -22"><span class='ocrx_word' id='word_1_54' title='bbox 203 868 527 940; x_wconf 80' lang='lat' dir='ltr'>devotus,si</span> <span class='ocrx_word' id='word_1_55' title='bbox 545 870 794 927; x_wconf 88' lang='lat' dir='ltr'>reddant</span> <span class='ocrx_word' id='word_1_56' title='bbox 807 871 974 927; x_wconf 87' lang='lat' dir='ltr'>nobis</span> <span class='ocrx_word' id='word_1_57' title='bbox 997 876 1173 944; x_wconf 78' lang='lat' dir='ltr'>atque</span> <span class='ocrx_word' id='word_1_58' title='bbox 1191 870 1447 944; x_wconf 87' lang='lat' dir='ltr'>capitulo</span> <span class='ocrx_word' id='word_1_59' title='bbox 1462 871 1870 928; x_wconf 87' lang='lat' dir='ltr'>testimonium</span> 
     </span>
    </p>
   </div>
   <div class='ocr_carea' id='block_1_10' title="bbox 202 955 1874 1032">
    <p class='ocr_par' dir='ltr' id='par_1_10' title="bbox 202 955 1874 1032">
     <span class='ocr_line' id='line_1_10' title="bbox 202 955 1874 1032; baseline 0.001 -20"><span class='ocrx_word' id='word_1_60' title='bbox 202 955 346 1013; x_wconf 87' lang='lat' dir='ltr'>hinc</span> <span class='ocrx_word' id='word_1_61' title='bbox 378 974 446 1014; x_wconf 81' lang='lat' dir='ltr'>ex</span> <span class='ocrx_word' id='word_1_62' title='bbox 483 957 719 1014; x_wconf 89' lang='lat' dir='ltr'>illorum</span> <span class='ocrx_word' id='word_1_63' title='bbox 750 960 1024 1016; x_wconf 86' lang='lat' dir='ltr'>sensibus</span> <span class='ocrx_word' id='word_1_64' title='bbox 1065 964 1121 1016; x_wconf 89' lang='lat' dir='ltr'>et</span> <span class='ocrx_word' id='word_1_65' title='bbox 1169 961 1344 1016; x_wconf 88' lang='lat' dir='ltr'>dictis</span> <span class='ocrx_word' id='word_1_66' title='bbox 1393 965 1686 1032; x_wconf 76' lang='lat' dir='ltr'>excerpto,</span> <span class='ocrx_word' id='word_1_67' title='bbox 1718 959 1874 1031; x_wconf 90' lang='lat' dir='ltr'>quod</span> 
     </span>
    </p>
   </div>
   <div class='ocr_carea' id='block_1_11' title="bbox 205 1046 1878 1122">
    <p class='ocr_par' dir='ltr' id='par_1_11' title="bbox 205 1046 1878 1122">
     <span class='ocr_line' id='line_1_11' title="bbox 205 1046 1878 1122; baseline 0.002 -21"><span class='ocrx_word' id='word_1_68' title='bbox 205 1046 401 1102; x_wconf 88' lang='lat' dir='ltr'>simus</span> <span class='ocrx_word' id='word_1_69' title='bbox 433 1047 732 1104; x_wconf 65' lang='lat' dir='ltr'>catholica:</span> <span class='ocrx_word' id='word_1_70' title='bbox 771 1047 1043 1104; x_wconf 74' lang='lat' dir='ltr'>Ecclesiae</span> <span class='ocrx_word' id='word_1_71' title='bbox 1078 1048 1204 1116; x_wconf 91' lang='lat' dir='ltr'>ﬁlii,</span> <span class='ocrx_word' id='word_1_72' title='bbox 1229 1053 1286 1105; x_wconf 91' lang='lat' dir='ltr'>et</span> <span class='ocrx_word' id='word_1_73' title='bbox 1316 1049 1510 1122; x_wconf 88' lang='lat' dir='ltr'>gratia</span> <span class='ocrx_word' id='word_1_74' title='bbox 1540 1049 1642 1106; x_wconf 87' lang='lat' dir='ltr'>Dei</span> <span class='ocrx_word' id='word_1_75' title='bbox 1675 1047 1878 1104; x_wconf 89' lang='lat' dir='ltr'>ﬁdeles</span> 
     </span>
    </p>
   </div>
   <div class='ocr_carea' id='block_1_12' title="bbox 205 1133 1077 1210">
    <p class='ocr_par' dir='ltr' id='par_1_12' title="bbox 205 1133 1077 1210">
     <span class='ocr_line' id='line_1_12' title="bbox 205 1133 1077 1210; baseline 0.002 -20"><span class='ocrx_word' id='word_1_76' title='bbox 205 1133 370 1191; x_wconf 78' lang='lat' dir='ltr'>verbi</span> <span class='ocrx_word' id='word_1_77' title='bbox 401 1136 592 1207; x_wconf 86' lang='lat' dir='ltr'>ipsius</span> <span class='ocrx_word' id='word_1_78' title='bbox 622 1136 1077 1210; x_wconf 90' lang='lat' dir='ltr'>dispensatores.</span> 
     </span>
    </p>
   </div>
   <div class='ocr_carea' id='block_1_13' title="bbox 835 1261 1266 1319">
    <p class='ocr_par' dir='ltr' id='par_1_13' title="bbox 835 1261 1266 1319">
     <span class='ocr_line' id='line_1_13' title="bbox 835 1261 1266 1319; baseline -0.002 -1"><span class='ocrx_word' id='word_1_79' title='bbox 835 1261 1066 1318; x_wconf 84' lang='lat' dir='ltr'>CAPUT</span> <span class='ocrx_word' id='word_1_80' title='bbox 1105 1263 1266 1319; x_wconf 77' lang='lat' dir='ltr'>XXV.</span> 
     </span>
    </p>
   </div>
   <div class='ocr_carea' id='block_1_14' title="bbox 207 1348 1876 1416">
    <p class='ocr_par' dir='ltr' id='par_1_14' title="bbox 207 1348 1876 1416">
     <span class='ocr_line' id='line_1_14' title="bbox 207 1348 1876 1416; baseline 0.001 -19"><span class='ocrx_word' id='word_1_81' title='bbox 207 1349 510 1413; x_wconf 75' lang='lat' dir='ltr'>Sequuntur</span> <span class='ocrx_word' id='word_1_82' title='bbox 554 1349 958 1400; x_wconf 71' lang='lat' dir='ltr'>orthodoxorum</span> <span class='ocrx_word' id='word_1_83' title='bbox 1005 1349 1178 1410; x_wconf 79' lang='lat' dir='ltr'>verba,</span> <span class='ocrx_word' id='word_1_84' title='bbox 1212 1350 1394 1416; x_wconf 81' lang='lat' dir='ltr'>quibus</span> <span class='ocrx_word' id='word_1_85' title='bbox 1429 1351 1661 1416; x_wconf 76' lang='lat' dir='ltr'>cognosci</span> <span class='ocrx_word' id='word_1_86' title='bbox 1707 1348 1876 1406; x_wconf 80' lang='lat' dir='ltr'>valeat</span> 
     </span>
    </p>
   </div>
   <div class='ocr_carea' id='block_1_15' title="bbox 272 1421 1876 1485">
    <p class='ocr_par' dir='ltr' id='par_1_15' title="bbox 272 1421 1876 1485">
     <span class='ocr_line' id='line_1_15' title="bbox 272 1421 1876 1485; baseline 0.003 -18"><span class='ocrx_word' id='word_1_87' title='bbox 272 1421 506 1485; x_wconf 75' lang='lat' dir='ltr'>qualiter</span> <span class='ocrx_word' id='word_1_88' title='bbox 531 1421 725 1472; x_wconf 73' lang='lat' dir='ltr'>exinde</span> <span class='ocrx_word' id='word_1_89' title='bbox 751 1425 938 1474; x_wconf 72' lang='lat' dir='ltr'>sanctae</span> <span class='ocrx_word' id='word_1_90' title='bbox 966 1423 1202 1473; x_wconf 59' lang='lat' dir='ltr'>Ecclesia</span> <span class='ocrx_word' id='word_1_91' title='bbox 1250 1423 1490 1474; x_wconf 76' lang='lat' dir='ltr'>catholici</span> <span class='ocrx_word' id='word_1_92' title='bbox 1528 1437 1728 1474; x_wconf 75' lang='lat' dir='ltr'>sensere</span> <span class='ocrx_word' id='word_1_93' title='bbox 1757 1423 1876 1472; x_wconf 81' lang='lat' dir='ltr'>doc-</span> 
     </span>
    </p>
   </div>
   <div class='ocr_carea' id='block_1_16' title="bbox 273 1502 428 1541">
    <p class='ocr_par' dir='ltr' id='par_1_16' title="bbox 273 1502 428 1541">
     <span class='ocr_line' id='line_1_16' title="bbox 273 1502 428 1541; baseline 0.006 -1"><span class='ocrx_word' id='word_1_94' title='bbox 273 1502 428 1541; x_wconf 76' lang='lat' dir='ltr'>tores.</span> 
     </span>
    </p>
   </div>
   <div class='ocr_carea' id='block_1_17' title="bbox 280 1589 1875 1666">
    <p class='ocr_par' dir='ltr' id='par_1_17' title="bbox 280 1589 1875 1666">
     <span class='ocr_line' id='line_1_17' title="bbox 280 1589 1875 1666; baseline 0.002 -21"><span class='ocrx_word' id='word_1_95' title='bbox 280 1589 600 1663; x_wconf 79' lang='lat' dir='ltr'>Dionysius</span> <span class='ocrx_word' id='word_1_96' title='bbox 661 1607 915 1664; x_wconf 88' lang='lat' dir='ltr'>quoque,</span> <span class='ocrx_word' id='word_1_97' title='bbox 975 1597 1040 1648; x_wconf 88' lang='lat' dir='ltr'>ut</span> <span class='ocrx_word' id='word_1_98' title='bbox 1099 1593 1304 1649; x_wconf 88' lang='lat' dir='ltr'>beatus</span> <span class='ocrx_word' id='word_1_99' title='bbox 1363 1592 1676 1666; x_wconf 85' lang='lat' dir='ltr'>Gregorius</span> <span class='ocrx_word' id='word_1_100' title='bbox 1734 1593 1875 1648; x_wconf 87' lang='lat' dir='ltr'>dicit</span> 
     </span>
    </p>
   </div>
   <div class='ocr_carea' id='block_1_18' title="bbox 209 1677 1872 1752">
    <p class='ocr_par' dir='ltr' id='par_1_18' title="bbox 209 1677 1872 1752">
     <span class='ocr_line' id='line_1_18' title="bbox 209 1677 1872 1752; baseline 0.002 -18"><span class='ocrx_word' id='word_1_101' title='bbox 209 1677 586 1751; x_wconf 82' lang='lat' dir='ltr'>Areopagita,</span> <span class='ocrx_word' id='word_1_102' title='bbox 609 1679 890 1752; x_wconf 88' lang='lat' dir='ltr'>antiquus</span> <span class='ocrx_word' id='word_1_103' title='bbox 921 1685 978 1736; x_wconf 91' lang='lat' dir='ltr'>et</span> <span class='ocrx_word' id='word_1_104' title='bbox 1007 1681 1358 1737; x_wconf 84' lang='lat' dir='ltr'>venerabilis</span> <span class='ocrx_word' id='word_1_105' title='bbox 1390 1681 1577 1747; x_wconf 85' lang='lat' dir='ltr'>Pater,</span> <span class='ocrx_word' id='word_1_106' title='bbox 1607 1681 1760 1736; x_wconf 88' lang='lat' dir='ltr'>sicut</span> <span class='ocrx_word' id='word_1_107' title='bbox 1787 1681 1872 1737; x_wconf 83' lang='lat' dir='ltr'>le-</span> 
     </span>
    </p>
   </div>
   <div class='ocr_carea' id='block_1_19' title="bbox 207 1767 1954 1862">
    <p class='ocr_par' dir='ltr' id='par_1_19' title="bbox 207 1767 1954 1862">
     <span class='ocr_line' id='line_1_19' title="bbox 207 1767 1954 1862; baseline 0 -39"><span class='ocrx_word' id='word_1_108' title='bbox 207 1767 368 1840; x_wconf 81' lang='lat' dir='ltr'>gitur</span> <span class='ocrx_word' id='word_1_109' title='bbox 391 1783 502 1862; x_wconf 69' lang='lat' dir='ltr'>per</span> <span class='ocrx_word' id='word_1_110' title='bbox 525 1768 772 1862; x_wconf 73' lang='lat' dir='ltr'>Paulum</span> <span class='ocrx_word' id='word_1_111' title='bbox 804 1769 1134 1862; x_wconf 81' lang='lat' dir='ltr'>apostolum</span> <span class='ocrx_word' id='word_1_112' title='bbox 1165 1771 1355 1862; x_wconf 87' lang='lat' dir='ltr'>gratia</span> <span class='ocrx_word' id='word_1_113' title='bbox 1373 1770 1485 1862; x_wconf 67' lang='lat' dir='ltr'>_Dei</span> <span class='ocrx_word' id='word_1_114' title='bbox 1517 1771 1629 1826; x_wconf 88' lang='lat' dir='ltr'>ﬁde</span> <span class='ocrx_word' id='word_1_115' title='bbox 1659 1770 1873 1862; x_wconf 73' lang='lat' dir='ltr'>illumi-</span> <span class='ocrx_word' id='word_1_116' title='bbox 1904 1796 1954 1862; x_wconf 80' lang='grc' dir='ltr'><strong>Β</strong></span> 
     </span>
    </p>
   </div>
   <div class='ocr_carea' id='block_1_20' title="bbox 209 1855 1874 1930">
    <p class='ocr_par' dir='ltr' id='par_1_20' title="bbox 209 1855 1874 1930">
     <span class='ocr_line' id='line_1_20' title="bbox 209 1855 1874 1930; baseline 0.002 -19"><span class='ocrx_word' id='word_1_117' title='bbox 209 1860 388 1912; x_wconf 84' lang='lat' dir='ltr'>natus</span> <span class='ocrx_word' id='word_1_118' title='bbox 409 1861 467 1911; x_wconf 87' lang='lat' dir='ltr'>et</span> <span class='ocrx_word' id='word_1_119' title='bbox 487 1855 844 1928; x_wconf 90' lang='lat' dir='ltr'>baptizatus,</span> <span class='ocrx_word' id='word_1_120' title='bbox 868 1858 967 1930; x_wconf 87' lang='lat' dir='ltr'>qui</span> <span class='ocrx_word' id='word_1_121' title='bbox 1002 1875 1138 1915; x_wconf 88' lang='lat' dir='ltr'>cum</span> <span class='ocrx_word' id='word_1_122' title='bbox 1171 1859 1340 1914; x_wconf 82' lang='lat' dir='ltr'>beato</span> <span class='ocrx_word' id='word_1_123' title='bbox 1373 1859 1540 1915; x_wconf 90' lang='lat' dir='ltr'>Petro</span> <span class='ocrx_word' id='word_1_124' title='bbox 1573 1863 1630 1914; x_wconf 89' lang='lat' dir='ltr'>et</span> <span class='ocrx_word' id='word_1_125' title='bbox 1657 1859 1874 1916; x_wconf 89' lang='lat' dir='ltr'>Jacobo</span> 
     </span>
    </p>
   </div>
   <div class='ocr_carea' id='block_1_21' title="bbox 209 1945 1872 2020">
    <p class='ocr_par' dir='ltr' id='par_1_21' title="bbox 209 1945 1872 2020">
     <span class='ocr_line' id='line_1_21' title="bbox 209 1945 1872 2020; baseline 0.002 -19"><span class='ocrx_word' id='word_1_126' title='bbox 209 1945 390 2002; x_wconf 77' lang='lat' dir='ltr'>fratre</span> <span class='ocrx_word' id='word_1_127' title='bbox 420 1945 676 2014; x_wconf 89' lang='lat' dir='ltr'>Domini,</span> <span class='ocrx_word' id='word_1_128' title='bbox 712 1946 960 2019; x_wconf 90' lang='lat' dir='ltr'>aliisque</span> <span class='ocrx_word' id='word_1_129' title='bbox 993 1948 1451 2020; x_wconf 79' lang='lat' dir='ltr'>quamplurimis</span> <span class='ocrx_word' id='word_1_130' title='bbox 1481 1948 1872 2005; x_wconf 82' lang='lat' dir='ltr'>sanctissimis</span> 
     </span>
    </p>
   </div>
   <div class='ocr_carea' id='block_1_22' title="bbox 211 2035 1872 2111">
    <p class='ocr_par' dir='ltr' id='par_1_22' title="bbox 211 2035 1872 2111">
     <span class='ocr_line' id='line_1_22' title="bbox 211 2035 1872 2111; baseline 0.003 -21"><span class='ocrx_word' id='word_1_131' title='bbox 211 2035 430 2092; x_wconf 83' lang='lat' dir='ltr'>Christi</span> <span class='ocrx_word' id='word_1_132' title='bbox 478 2035 812 2108; x_wconf 87' lang='lat' dir='ltr'>discipulis,</span> <span class='ocrx_word' id='word_1_133' title='bbox 866 2036 1280 2110; x_wconf 79' lang='lat' dir='ltr'>Hierosolymis</span> <span class='ocrx_word' id='word_1_134' title='bbox 1332 2039 1486 2110; x_wconf 88' lang='lat' dir='ltr'>apud</span> <span class='ocrx_word' id='word_1_135' title='bbox 1536 2039 1872 2111; x_wconf 88' lang='lat' dir='ltr'>sepulcrum</span> 
     </span>
    </p>
   </div>
   <div class='ocr_carea' id='block_1_23' title="bbox 213 2124 1870 2198">
    <p class='ocr_par' dir='ltr' id='par_1_23' title="bbox 213 2124 1870 2198">
     <span class='ocr_line' id='line_1_23' title="bbox 213 2124 1870 2198; baseline 0.002 -18"><span class='ocrx_word' id='word_1_136' title='bbox 213 2125 348 2180; x_wconf 77' lang='lat' dir='ltr'>vita:</span> <span class='ocrx_word' id='word_1_137' title='bbox 379 2124 686 2197; x_wconf 84' lang='lat' dir='ltr'>principis,</span> <span class='ocrx_word' id='word_1_138' title='bbox 720 2125 878 2181; x_wconf 88' lang='lat' dir='ltr'>velut</span> <span class='ocrx_word' id='word_1_139' title='bbox 907 2125 1032 2198; x_wconf 91' lang='lat' dir='ltr'>ipse</span> <span class='ocrx_word' id='word_1_140' title='bbox 1061 2127 1118 2182; x_wconf 90' lang='lat' dir='ltr'>in</span> <span class='ocrx_word' id='word_1_141' title='bbox 1153 2127 1300 2182; x_wconf 90' lang='lat' dir='ltr'>libro</span> <span class='ocrx_word' id='word_1_142' title='bbox 1329 2129 1401 2184; x_wconf 88' lang='lat' dir='ltr'>de</span> <span class='ocrx_word' id='word_1_143' title='bbox 1430 2127 1652 2184; x_wconf 87' lang='lat' dir='ltr'>Divinis</span> <span class='ocrx_word' id='word_1_144' title='bbox 1683 2128 1870 2183; x_wconf 86' lang='lat' dir='ltr'>nomi-</span> 
     </span>
    </p>
   </div>
   <div class='ocr_carea' id='block_1_24' title="bbox 217 2213 1872 2293">
    <p class='ocr_par' dir='ltr' id='par_1_24' title="bbox 217 2213 1872 2293">
     <span class='ocr_line' id='line_1_24' title="bbox 217 2213 1872 2293; baseline 0.004 -26"><span class='ocrx_word' id='word_1_145' title='bbox 217 2213 396 2270; x_wconf 86' lang='lat' dir='ltr'>nibus</span> <span class='ocrx_word' id='word_1_146' title='bbox 429 2213 714 2284; x_wconf 87' lang='lat' dir='ltr'>narrat,in</span> <span class='ocrx_word' id='word_1_147' title='bbox 745 2215 968 2287; x_wconf 77' lang='lat' dir='ltr'>synodo</span> <span class='ocrx_word' id='word_1_148' title='bbox 999 2233 1180 2288; x_wconf 89' lang='lat' dir='ltr'>agens</span> <span class='ocrx_word' id='word_1_149' title='bbox 1215 2216 1341 2285; x_wconf 87' lang='lat' dir='ltr'>fuit,</span> <span class='ocrx_word' id='word_1_150' title='bbox 1359 2221 1415 2271; x_wconf 93' lang='lat' dir='ltr'>et</span> <span class='ocrx_word' id='word_1_151' title='bbox 1446 2217 1872 2293; x_wconf 74' lang='lat' dir='ltr'>disputationes</span> 
     </span>
    </p>
   </div>
   <div class='ocr_carea' id='block_1_25' title="bbox 217 2301 1870 2370">
    <p class='ocr_par' dir='ltr' id='par_1_25' title="bbox 217 2301 1870 2370">
     <span class='ocr_line' id='line_1_25' title="bbox 217 2301 1870 2370; baseline 0.001 -13"><span class='ocrx_word' id='word_1_152' title='bbox 217 2319 422 2358; x_wconf 86' lang='lat' dir='ltr'>eorum</span> <span class='ocrx_word' id='word_1_153' title='bbox 439 2303 513 2358; x_wconf 89' lang='lat' dir='ltr'>de</span> <span class='ocrx_word' id='word_1_154' title='bbox 535 2301 939 2359; x_wconf 78' lang='lat' dir='ltr'>incarnatione</span> <span class='ocrx_word' id='word_1_155' title='bbox 962 2305 1062 2359; x_wconf 88' lang='lat' dir='ltr'>Dei</span> <span class='ocrx_word' id='word_1_156' title='bbox 1086 2304 1212 2360; x_wconf 86' lang='lat' dir='ltr'>Filii</span> <span class='ocrx_word' id='word_1_157' title='bbox 1237 2309 1295 2360; x_wconf 90' lang='lat' dir='ltr'>et</span> <span class='ocrx_word' id='word_1_158' title='bbox 1317 2305 1555 2370; x_wconf 81' lang='lat' dir='ltr'>audivit,</span> <span class='ocrx_word' id='word_1_159' title='bbox 1588 2310 1645 2362; x_wconf 88' lang='lat' dir='ltr'>et</span> <span class='ocrx_word' id='word_1_160' title='bbox 1676 2321 1870 2360; x_wconf 88' lang='lat' dir='ltr'>coram</span> 
     </span>
    </p>
   </div>
   <div class='ocr_carea' id='block_1_26' title="bbox 215 2389 1868 2464">
    <p class='ocr_par' dir='ltr' id='par_1_26' title="bbox 215 2389 1868 2464">
     <span class='ocr_line' id='line_1_26' title="bbox 215 2389 1868 2464; baseline 0 -18"><span class='ocrx_word' id='word_1_161' title='bbox 215 2390 300 2446; x_wconf 89' lang='lat' dir='ltr'>eis</span> <span class='ocrx_word' id='word_1_162' title='bbox 323 2389 672 2464; x_wconf 81' lang='lat' dir='ltr'>regulariter</span> <span class='ocrx_word' id='word_1_163' title='bbox 699 2391 962 2464; x_wconf 85' lang='lat' dir='ltr'>protulit,</span> <span class='ocrx_word' id='word_1_164' title='bbox 988 2393 1046 2451; x_wconf 56' lang='grc' dir='ltr'>ῆι</span> <span class='ocrx_word' id='word_1_165' title='bbox 1068 2391 1316 2464; x_wconf 88' lang='lat' dir='ltr'>cpistola</span> <span class='ocrx_word' id='word_1_166' title='bbox 1337 2394 1408 2447; x_wconf 93' lang='lat' dir='ltr'>ad</span> <span class='ocrx_word' id='word_1_167' title='bbox 1437 2391 1868 2464; x_wconf 87' lang='lat' dir='ltr'>Demophilum,</span> 
     </span>
    </p>
   </div>
   <div class='ocr_carea' id='block_1_27' title="bbox 217 2479 1867 2552">
    <p class='ocr_par' dir='ltr' id='par_1_27' title="bbox 217 2479 1867 2552">
     <span class='ocr_line' id='line_1_27' title="bbox 217 2479 1867 2552; baseline 0.001 -18"><span class='ocrx_word' id='word_1_168' title='bbox 217 2480 354 2552; x_wconf 83' lang='lat' dir='ltr'>quia</span> <span class='ocrx_word' id='word_1_169' title='bbox 373 2496 580 2536; x_wconf 91' lang='lat' dir='ltr'>omnes</span> <span class='ocrx_word' id='word_1_170' title='bbox 603 2479 872 2536; x_wconf 88' lang='lat' dir='ltr'>homines</span> <span class='ocrx_word' id='word_1_171' title='bbox 893 2479 1016 2536; x_wconf 84' lang='lat' dir='ltr'>vult</span> <span class='ocrx_word' id='word_1_172' title='bbox 1037 2481 1191 2536; x_wconf 91' lang='lat' dir='ltr'>Deus</span> <span class='ocrx_word' id='word_1_173' title='bbox 1213 2479 1404 2538; x_wconf 87' lang='lat' dir='ltr'>salvos</span> <span class='ocrx_word' id='word_1_174' title='bbox 1430 2481 1664 2547; x_wconf 88' lang='lat' dir='ltr'>ﬁeri,ita</span> <span class='ocrx_word' id='word_1_175' title='bbox 1687 2481 1829 2536; x_wconf 87' lang='lat' dir='ltr'>dicit</span> <span class='ocrx_word' id='word_1_176' title='bbox 1854 2499 1867 2536; x_wconf 92' lang='lat'>:</span> 
     </span>
    </p>
   </div>
   <div class='ocr_carea' id='block_1_28' title="bbox 215 2568 1869 2642">
    <p class='ocr_par' dir='ltr' id='par_1_28' title="bbox 215 2568 1869 2642">
     <span class='ocr_line' id='line_1_28' title="bbox 215 2568 1869 2642; baseline 0 -18"><span class='ocrx_word' id='word_1_177' title='bbox 215 2592 243 2618; x_wconf 77' lang='grc' dir='ltr'><strong>ι(</strong></span> <span class='ocrx_word' id='word_1_178' title='bbox 269 2568 480 2642; x_wconf 83' lang='lat' dir='ltr'>Utique</span> <span class='ocrx_word' id='word_1_179' title='bbox 499 2573 591 2625; x_wconf 87' lang='lat' dir='ltr'>est</span> <span class='ocrx_word' id='word_1_180' title='bbox 618 2569 798 2638; x_wconf 89' lang='lat' dir='ltr'>enim,</span> <span class='ocrx_word' id='word_1_181' title='bbox 825 2569 966 2642; x_wconf 86' lang='lat' dir='ltr'>quin</span> <span class='ocrx_word' id='word_1_182' title='bbox 987 2569 1254 2625; x_wconf 85' lang='lat' dir='ltr'>Christus</span> <span class='ocrx_word' id='word_1_183' title='bbox 1278 2571 1450 2626; x_wconf 87' lang='lat' dir='ltr'>Jesus</span> <span class='ocrx_word' id='word_1_184' title='bbox 1474 2569 1574 2626; x_wconf 92' lang='lat' dir='ltr'>Dei</span> <span class='ocrx_word' id='word_1_185' title='bbox 1598 2569 1869 2636; x_wconf 83' lang='lat' dir='ltr'>Filius,in</span> 
     </span>
    </p>
   </div>
   <div class='ocr_carea' id='block_1_29' title="bbox 215 2658 1874 2732">
    <p class='ocr_par' dir='ltr' id='par_1_29' title="bbox 215 2658 1874 2732">
     <span class='ocr_line' id='line_1_29' title="bbox 215 2658 1874 2732; baseline 0 -19"><span class='ocrx_word' id='word_1_186' title='bbox 215 2658 498 2730; x_wconf 86' lang='lat' dir='ltr'>parentis,</span> <span class='ocrx_word' id='word_1_187' title='bbox 533 2664 589 2714; x_wconf 91' lang='lat' dir='ltr'>ct</span> <span class='ocrx_word' id='word_1_188' title='bbox 620 2675 800 2730; x_wconf 88' lang='lat' dir='ltr'>super</span> <span class='ocrx_word' id='word_1_189' title='bbox 828 2659 1136 2714; x_wconf 84' lang='lat' dir='ltr'>scientiam</span> <span class='ocrx_word' id='word_1_190' title='bbox 1181 2659 1583 2732; x_wconf 81' lang='lat' dir='ltr'>benignitatis,</span> <span class='ocrx_word' id='word_1_191' title='bbox 1618 2677 1735 2732; x_wconf 88' lang='lat' dir='ltr'>qua</span> <span class='ocrx_word' id='word_1_192' title='bbox 1761 2659 1874 2714; x_wconf 76' lang='lat' dir='ltr'>exi-</span> 
     </span>
    </p>
   </div>
   <div class='ocr_carea' id='block_1_30' title="bbox 212 2747 1870 2820">
    <p class='ocr_par' dir='ltr' id='par_1_30' title="bbox 212 2747 1870 2820">
     <span class='ocr_line' id='line_1_30' title="bbox 212 2747 1870 2820; baseline -0.001 -17"><span class='ocrx_word' id='word_1_193' title='bbox 212 2747 429 2803; x_wconf 86' lang='lat' dir='ltr'>stentia</span> <span class='ocrx_word' id='word_1_194' title='bbox 455 2764 585 2804; x_wconf 89' lang='lat' dir='ltr'>esse</span> <span class='ocrx_word' id='word_1_195' title='bbox 617 2747 780 2815; x_wconf 84' lang='lat' dir='ltr'>facit,</span> <span class='ocrx_word' id='word_1_196' title='bbox 812 2753 870 2803; x_wconf 91' lang='lat' dir='ltr'>et</span> <span class='ocrx_word' id='word_1_197' title='bbox 900 2765 1017 2820; x_wconf 88' lang='lat' dir='ltr'>qua</span> <span class='ocrx_word' id='word_1_198' title='bbox 1059 2747 1188 2819; x_wconf 90' lang='lat' dir='ltr'>ipsa</span> <span class='ocrx_word' id='word_1_199' title='bbox 1231 2747 1429 2803; x_wconf 87' lang='lat' dir='ltr'>omnia</span> <span class='ocrx_word' id='word_1_200' title='bbox 1459 2749 1530 2803; x_wconf 87' lang='lat' dir='ltr'>ad</span> <span class='ocrx_word' id='word_1_201' title='bbox 1565 2765 1695 2803; x_wconf 84' lang='lat' dir='ltr'>esse</span> <span class='ocrx_word' id='word_1_202' title='bbox 1741 2764 1870 2820; x_wconf 88' lang='lat' dir='ltr'>per-</span> 
     </span>
    </p>
   </div>
   <div class='ocr_carea' id='block_1_31' title="bbox 219 2835 1873 2909">
    <p class='ocr_par' dir='ltr' id='par_1_31' title="bbox 219 2835 1873 2909">
     <span class='ocr_line' id='line_1_31' title="bbox 219 2835 1873 2909; baseline 0.001 -19"><span class='ocrx_word' id='word_1_203' title='bbox 219 2836 406 2902; x_wconf 84' lang='lat' dir='ltr'>duxit,</span> <span class='ocrx_word' id='word_1_204' title='bbox 437 2840 496 2891; x_wconf 89' lang='lat' dir='ltr'>et</span> <span class='ocrx_word' id='word_1_205' title='bbox 527 2852 732 2892; x_wconf 90' lang='lat' dir='ltr'>omnes</span> <span class='ocrx_word' id='word_1_206' title='bbox 781 2835 1052 2892; x_wconf 86' lang='lat' dir='ltr'>homines</span> <span class='ocrx_word' id='word_1_207' title='bbox 1081 2835 1206 2892; x_wconf 91' lang='lat' dir='ltr'>vult</span> <span class='ocrx_word' id='word_1_208' title='bbox 1235 2853 1470 2909; x_wconf 89' lang='lat' dir='ltr'>semper</span> <span class='ocrx_word' id='word_1_209' title='bbox 1493 2837 1616 2892; x_wconf 88' lang='lat' dir='ltr'>ﬁeri</span> <span class='ocrx_word' id='word_1_210' title='bbox 1649 2835 1873 2893; x_wconf 89' lang='lat' dir='ltr'>similes</span> 
     </span>
    </p>
   </div>
   <div class='ocr_carea' id='block_1_32' title="bbox 215 2924 1870 2996">
    <p class='ocr_par' dir='ltr' id='par_1_32' title="bbox 215 2924 1870 2996">
     <span class='ocr_line' id='line_1_32' title="bbox 215 2924 1870 2996; baseline 0.001 -16"><span class='ocrx_word' id='word_1_211' title='bbox 215 2924 328 2980; x_wconf 84' lang='lat' dir='ltr'>sibi</span> <span class='ocrx_word' id='word_1_212' title='bbox 360 2924 496 2996; x_wconf 88' lang='lat' dir='ltr'>ipsi,</span> <span class='ocrx_word' id='word_1_213' title='bbox 530 2928 589 2980; x_wconf 87' lang='lat' dir='ltr'>et</span> <span class='ocrx_word' id='word_1_214' title='bbox 619 2925 1048 2996; x_wconf 81' lang='lat' dir='ltr'>communiales</span> <span class='ocrx_word' id='word_1_215' title='bbox 1094 2942 1359 2992; x_wconf 90' lang='lat' dir='ltr'>suorum,</span> <span class='ocrx_word' id='word_1_216' title='bbox 1394 2927 1719 2981; x_wconf 89' lang='lat' dir='ltr'>secundum</span> <span class='ocrx_word' id='word_1_217' title='bbox 1751 2927 1870 2982; x_wconf 87' lang='lat' dir='ltr'>sin-</span> 
     </span>
    </p>
   </div>
   <div class='ocr_carea' id='block_1_33' title="bbox 215 2994 1872 3086">
    <p class='ocr_par' dir='ltr' id='par_1_33' title="bbox 215 2994 1872 3086">
     <span class='ocr_line' id='line_1_33' title="bbox 215 2994 1872 3086; baseline 0.002 -20"><span class='ocrx_word' id='word_1_218' title='bbox 215 3011 490 3085; x_wconf 84' lang='lat' dir='ltr'>gulorum</span> <span class='ocrx_word' id='word_1_219' title='bbox 503 2994 999 3086; x_wconf 78' lang='lat' dir='ltr'>quorumcunque</span> <span class='ocrx_word' id='word_1_220' title='bbox 1020 3014 1662 3080; x_wconf 88' lang='lat' dir='ltr'>convenientiam.Quid</span> <span class='ocrx_word' id='word_1_221' title='bbox 1675 3019 1872 3070; x_wconf 88' lang='lat' dir='ltr'>autem</span> 
     </span>
    </p>
   </div>
   <div class='ocr_carea' id='block_1_34' title="bbox 215 3101 1868 3176">
    <p class='ocr_par' dir='ltr' id='par_1_34' title="bbox 215 3101 1868 3176">
     <span class='ocr_line' id='line_1_34' title="bbox 215 3101 1868 3176; baseline 0.002 -20"><span class='ocrx_word' id='word_1_222' title='bbox 215 3101 352 3175; x_wconf 87' lang='lat' dir='ltr'>quia</span> <span class='ocrx_word' id='word_1_223' title='bbox 373 3105 433 3157; x_wconf 86' lang='lat' dir='ltr'>et</span> <span class='ocrx_word' id='word_1_224' title='bbox 451 3102 885 3176; x_wconf 81' lang='lat' dir='ltr'>refugientibus</span> <span class='ocrx_word' id='word_1_225' title='bbox 915 3103 1127 3176; x_wconf 89' lang='lat' dir='ltr'>cupide</span> <span class='ocrx_word' id='word_1_226' title='bbox 1150 3103 1442 3176; x_wconf 83' lang='lat' dir='ltr'>jungitur,</span> <span class='ocrx_word' id='word_1_227' title='bbox 1463 3108 1520 3158; x_wconf 90' lang='lat' dir='ltr'>et</span> <span class='ocrx_word' id='word_1_228' title='bbox 1550 3103 1868 3173; x_wconf 87' lang='lat' dir='ltr'>contendit,</span> 
     </span>
    </p>
   </div>
   <div class='ocr_carea' id='block_1_35' title="bbox 1987 516 3634 602">
    <p class='ocr_par' dir='ltr' id='par_1_35' title="bbox 1987 516 3634 602">
     <span class='ocr_line' id='line_1_35' title="bbox 1987 516 3634 602; baseline 0.012 -33"><span class='ocrx_word' id='word_1_229' title='bbox 1987 516 2283 586; x_wconf 79' lang='lat' dir='ltr'>clamabit,</span> <span class='ocrx_word' id='word_1_230' title='bbox 2319 525 2375 576; x_wconf 87' lang='lat' dir='ltr'>et</span> <span class='ocrx_word' id='word_1_231' title='bbox 2398 522 2522 594; x_wconf 85' lang='lat' dir='ltr'>ipse</span> <span class='ocrx_word' id='word_1_232' title='bbox 2544 525 2706 580; x_wconf 91' lang='lat' dir='ltr'>mitis</span> <span class='ocrx_word' id='word_1_233' title='bbox 2727 529 2784 580; x_wconf 90' lang='lat' dir='ltr'>et</span> <span class='ocrx_word' id='word_1_234' title='bbox 2804 527 3136 599; x_wconf 88' lang='lat' dir='ltr'>propitiatio</span> <span class='ocrx_word' id='word_1_235' title='bbox 3157 533 3244 584; x_wconf 85' lang='lat' dir='ltr'>est</span> <span class='ocrx_word' id='word_1_236' title='bbox 3262 516 3634 602; x_wconf 84' lang='lat' dir='ltr'>peccatorum</span> 
     </span>
    </p>
   </div>
   <div class='ocr_carea' id='block_1_36' title="bbox 1988 610 3636 687">
    <p class='ocr_par' dir='ltr' id='par_1_36' title="bbox 1988 610 3636 687">
     <span class='ocr_line' id='line_1_36' title="bbox 1988 610 3636 687; baseline 0.012 -29"><span class='ocrx_word' id='word_1_237' title='bbox 1988 610 2712 683; x_wconf 81' lang='lat' dir='ltr'>nostrorum.Quapmpter</span> <span class='ocrx_word' id='word_1_238' title='bbox 2732 630 2850 668; x_wconf 90' lang='lat' dir='ltr'>non</span> <span class='ocrx_word' id='word_1_239' title='bbox 2877 614 3369 687; x_wconf 89' lang='lat' dir='ltr'>recipiemustuos</span> <span class='ocrx_word' id='word_1_240' title='bbox 3383 619 3636 678; x_wconf 86' lang='lat' dir='ltr'>zelantes</span> 
     </span>
    </p>
   </div>
   <div class='ocr_carea' id='block_1_37' title="bbox 1984 691 3634 776">
    <p class='ocr_par' dir='ltr' id='par_1_37' title="bbox 1984 691 3634 776">
     <span class='ocr_line' id='line_1_37' title="bbox 1984 691 3634 776; baseline 0.011 -29"><span class='ocrx_word' id='word_1_241' title='bbox 1984 691 2261 766; x_wconf 88' lang='lat' dir='ltr'>impetus,</span> <span class='ocrx_word' id='word_1_242' title='bbox 2287 697 2516 754; x_wconf 88' lang='lat' dir='ltr'>etiamsi</span> <span class='ocrx_word' id='word_1_243' title='bbox 2549 700 2741 756; x_wconf 87' lang='lat' dir='ltr'>decies</span> <span class='ocrx_word' id='word_1_244' title='bbox 2773 700 2987 757; x_wconf 86' lang='lat' dir='ltr'>millies</span> <span class='ocrx_word' id='word_1_245' title='bbox 3017 703 3330 776; x_wconf 88' lang='lat' dir='ltr'>reaccipies</span> <span class='ocrx_word' id='word_1_246' title='bbox 3361 705 3634 764; x_wconf 87' lang='lat' dir='ltr'>Phineem</span> 
     </span>
    </p>
   </div>
   <div class='ocr_carea' id='block_1_38' title="bbox 1985 782 3634 864">
    <p class='ocr_par' dir='ltr' id='par_1_38' title="bbox 1985 782 3634 864">
     <span class='ocr_line' id='line_1_38' title="bbox 1985 782 3634 864; baseline 0.008 -27"><span class='ocrx_word' id='word_1_247' title='bbox 1985 787 2042 838; x_wconf 91' lang='lat' dir='ltr'>et</span> <span class='ocrx_word' id='word_1_248' title='bbox 2069 782 2279 852; x_wconf 89' lang='lat' dir='ltr'>Eliam,</span> <span class='ocrx_word' id='word_1_249' title='bbox 2310 785 2438 859; x_wconf 87' lang='lat' dir='ltr'>ipsa</span> <span class='ocrx_word' id='word_1_250' title='bbox 2468 789 2773 846; x_wconf 87' lang='lat' dir='ltr'>audientes</span> <span class='ocrx_word' id='word_1_251' title='bbox 2822 807 2948 862; x_wconf 59' lang='lat' dir='ltr'>quas</span> <span class='ocrx_word' id='word_1_252' title='bbox 2981 808 3097 846; x_wconf 90' lang='lat' dir='ltr'>non</span> <span class='ocrx_word' id='word_1_253' title='bbox 3130 791 3440 864; x_wconf 85' lang='lat' dir='ltr'>placebant</span> <span class='ocrx_word' id='word_1_254' title='bbox 3470 796 3634 864; x_wconf 87' lang='lat' dir='ltr'>Jesn,</span> 
     </span>
    </p>
   </div>
   <div class='ocr_carea' id='block_1_39' title="bbox 1985 872 3640 956">
    <p class='ocr_par' dir='ltr' id='par_1_39' title="bbox 1985 872 3640 956">
     <span class='ocr_line' id='line_1_39' title="bbox 1985 872 3640 956; baseline 0.008 -30"><span class='ocrx_word' id='word_1_255' title='bbox 1985 888 2018 926; x_wconf 88' lang='lat' dir='ltr'>a</span> <span class='ocrx_word' id='word_1_256' title='bbox 2049 872 2358 944; x_wconf 85' lang='lat' dir='ltr'>discipulis</span> <span class='ocrx_word' id='word_1_257' title='bbox 2381 875 2480 948; x_wconf 90' lang='lat' dir='ltr'>qui</span> <span class='ocrx_word' id='word_1_258' title='bbox 2506 881 2646 932; x_wconf 90' lang='lat' dir='ltr'>tunc</span> <span class='ocrx_word' id='word_1_259' title='bbox 2667 882 2833 934; x_wconf 87' lang='lat' dir='ltr'>erant</span> <span class='ocrx_word' id='word_1_260' title='bbox 2862 879 3154 936; x_wconf 86' lang='lat' dir='ltr'>mansueti</span> <span class='ocrx_word' id='word_1_261' title='bbox 3185 884 3242 936; x_wconf 90' lang='lat' dir='ltr'>et</span> <span class='ocrx_word' id='word_1_262' title='bbox 3269 881 3505 954; x_wconf 88' lang='lat' dir='ltr'>benigni</span> <span class='ocrx_word' id='word_1_263' title='bbox 3525 883 3640 956; x_wconf 89' lang='lat' dir='ltr'>spi-</span> 
     </span>
    </p>
   </div>
   <div class='ocr_carea' id='block_1_40' title="bbox 1985 960 3635 1042">
    <p class='ocr_par' dir='ltr' id='par_1_40' title="bbox 1985 960 3635 1042">
     <span class='ocr_line' id='line_1_40' title="bbox 1985 960 3635 1042; baseline 0.006 -26"><span class='ocrx_word' id='word_1_264' title='bbox 1985 960 2136 1016; x_wconf 77' lang='lat' dir='ltr'>rit-us</span> <span class='ocrx_word' id='word_1_265' title='bbox 2165 962 2504 1036; x_wconf 86' lang='lat' dir='ltr'>participes,</span> <span class='ocrx_word' id='word_1_266' title='bbox 2528 966 2798 1023; x_wconf 89' lang='lat' dir='ltr'>Christus</span> <span class='ocrx_word' id='word_1_267' title='bbox 2817 966 2878 1022; x_wconf 91' lang='lat' dir='ltr'>in</span> <span class='ocrx_word' id='word_1_268' title='bbox 2901 968 3198 1024; x_wconf 86' lang='lat' dir='ltr'>mentibus</span> <span class='ocrx_word' id='word_1_269' title='bbox 3228 969 3517 1042; x_wconf 85' lang='lat' dir='ltr'>benignus</span> <span class='ocrx_word' id='word_1_270' title='bbox 3539 970 3635 1040; x_wconf 86' lang='lat' dir='ltr'>sit,</span> 
     </span>
    </p>
   </div>
   <div class='ocr_carea' id='block_1_41' title="bbox 1985 1052 3641 1129">
    <p class='ocr_par' dir='ltr' id='par_1_41' title="bbox 1985 1052 3641 1129">
     <span class='ocr_line' id='line_1_41' title="bbox 1985 1052 3641 1129; baseline 0.005 -26"><span class='ocrx_word' id='word_1_271' title='bbox 1985 1055 2279 1106; x_wconf 86' lang='lat' dir='ltr'>errantem</span> <span class='ocrx_word' id='word_1_272' title='bbox 2312 1052 2595 1124; x_wconf 85' lang='lat' dir='ltr'>inquirat,</span> <span class='ocrx_word' id='word_1_273' title='bbox 2631 1058 2689 1111; x_wconf 90' lang='lat' dir='ltr'>et</span> <span class='ocrx_word' id='word_1_274' title='bbox 2735 1056 3120 1129; x_wconf 81' lang='lat' dir='ltr'>refugientem</span> <span class='ocrx_word' id='word_1_275' title='bbox 3167 1059 3426 1126; x_wconf 88' lang='lat' dir='ltr'>advocet,</span> <span class='ocrx_word' id='word_1_276' title='bbox 3459 1063 3518 1115; x_wconf 88' lang='lat' dir='ltr'>et</span> <span class='ocrx_word' id='word_1_277' title='bbox 3545 1055 3641 1114; x_wconf 70' lang='lat' dir='ltr'>vix</span> 
     </span>
    </p>
   </div>
   <div class='ocr_carea' id='block_1_42' title="bbox 1982 1135 3640 1218">
    <p class='ocr_par' dir='ltr' id='par_1_42' title="bbox 1982 1135 3640 1218">
     <span class='ocr_line' id='line_1_42' title="bbox 1982 1135 3640 1218; baseline 0.006 -25"><span class='ocrx_word' id='word_1_278' title='bbox 1982 1135 2284 1195; x_wconf 59' lang='lat' dir='ltr'>intentum</span> <span class='ocrx_word' id='word_1_279' title='bbox 2309 1141 2369 1196; x_wconf 89' lang='lat' dir='ltr'>in</span> <span class='ocrx_word' id='word_1_280' title='bbox 2392 1142 2657 1200; x_wconf 90' lang='lat' dir='ltr'>humeris</span> <span class='ocrx_word' id='word_1_281' title='bbox 2687 1144 3006 1201; x_wconf 87' lang='lat' dir='ltr'>tollat.Non</span> <span class='ocrx_word' id='word_1_282' title='bbox 3039 1147 3458 1218; x_wconf 90' lang='lat' dir='ltr'>dcprecor,non</span> <span class='ocrx_word' id='word_1_283' title='bbox 3486 1144 3640 1203; x_wconf 83' lang='lat' dir='ltr'>male</span> 
     </span>
    </p>
   </div>
   <div class='ocr_carea' id='block_1_43' title="bbox 1985 1227 3638 1308">
    <p class='ocr_par' dir='ltr' id='par_1_43' title="bbox 1985 1227 3638 1308">
     <span class='ocr_line' id='line_1_43' title="bbox 1985 1227 3638 1308; baseline 0.007 -26"><span class='ocrx_word' id='word_1_284' title='bbox 1985 1227 2142 1284; x_wconf 85' lang='lat' dir='ltr'>istud</span> <span class='ocrx_word' id='word_1_285' title='bbox 2165 1229 2236 1284; x_wconf 89' lang='lat' dir='ltr'>de</span> <span class='ocrx_word' id='word_1_286' title='bbox 2258 1231 2426 1287; x_wconf 88' lang='lat' dir='ltr'>nobis</span> <span class='ocrx_word' id='word_1_287' title='bbox 2451 1231 2595 1304; x_wconf 88' lang='lat' dir='ltr'>ipsis</span> <span class='ocrx_word' id='word_1_288' title='bbox 2626 1233 3220 1306; x_wconf 89' lang='lat' dir='ltr'>consiliemur,neque</span> <span class='ocrx_word' id='word_1_289' title='bbox 3250 1235 3308 1290; x_wconf 89' lang='lat' dir='ltr'>in</span> <span class='ocrx_word' id='word_1_290' title='bbox 3341 1251 3448 1292; x_wconf 91' lang='lat' dir='ltr'>nos</span> <span class='ocrx_word' id='word_1_291' title='bbox 3478 1235 3638 1308; x_wconf 68' lang='lat' dir='ltr'>ipso:</span> 
     </span>
    </p>
   </div>
   <div class='ocr_carea' id='block_1_44' title="bbox 1983 1315 3636 1399">
    <p class='ocr_par' dir='ltr' id='par_1_44' title="bbox 1983 1315 3636 1399">
     <span class='ocr_line' id='line_1_44' title="bbox 1983 1315 3636 1399; baseline 0.007 -28"><span class='ocrx_word' id='word_1_292' title='bbox 1983 1315 2357 1390; x_wconf 85' lang='lat' dir='ltr'>impellamus</span> <span class='ocrx_word' id='word_1_293' title='bbox 2388 1321 3024 1396; x_wconf 88' lang='lat' dir='ltr'>gladium.Quicunque</span> <span class='ocrx_word' id='word_1_294' title='bbox 3045 1323 3202 1380; x_wconf 91' lang='lat' dir='ltr'>enim</span> <span class='ocrx_word' id='word_1_295' title='bbox 3224 1324 3424 1398; x_wconf 87' lang='lat' dir='ltr'>inique</span> <span class='ocrx_word' id='word_1_296' title='bbox 3445 1341 3636 1399; x_wconf 85' lang='lat' dir='ltr'>agere,</span> 
     </span>
    </p>
   </div>
   <div class='ocr_carea' id='block_1_45' title="bbox 1984 1407 3640 1486">
    <p class='ocr_par' dir='ltr' id='par_1_45' title="bbox 1984 1407 3640 1486">
     <span class='ocr_line' id='line_1_45' title="bbox 1984 1407 3640 1486; baseline 0.007 -26"><span class='ocrx_word' id='word_1_297' title='bbox 1984 1409 2086 1461; x_wconf 90' lang='lat' dir='ltr'>aut</span> <span class='ocrx_word' id='word_1_298' title='bbox 2113 1407 2451 1480; x_wconf 89' lang='lat' dir='ltr'>quicunque</span> <span class='ocrx_word' id='word_1_299' title='bbox 2473 1427 2504 1466; x_wconf 93' lang='lat' dir='ltr'>e</span> <span class='ocrx_word' id='word_1_300' title='bbox 2527 1411 2817 1467; x_wconf 88' lang='lat' dir='ltr'>contrario</span> <span class='ocrx_word' id='word_1_301' title='bbox 2843 1413 2989 1468; x_wconf 89' lang='lat' dir='ltr'>bene</span> <span class='ocrx_word' id='word_1_302' title='bbox 3011 1428 3182 1486; x_wconf 87' lang='lat' dir='ltr'>agere</span> <span class='ocrx_word' id='word_1_303' title='bbox 3203 1412 3640 1483; x_wconf 83' lang='lat' dir='ltr'>inchoant,illos</span> 
     </span>
    </p>
   </div>
   <div class='ocr_carea' id='block_1_46' title="bbox 1983 1495 3633 1570">
    <p class='ocr_par' dir='ltr' id='par_1_46' title="bbox 1983 1495 3633 1570">
     <span class='ocr_line' id='line_1_46' title="bbox 1983 1495 3633 1570; baseline 0.005 -20"><span class='ocrx_word' id='word_1_304' title='bbox 1983 1495 2242 1568; x_wconf 90' lang='lat' dir='ltr'>angelos,</span> <span class='ocrx_word' id='word_1_305' title='bbox 2277 1515 2528 1570; x_wconf 88' lang='lat' dir='ltr'>quorum</span> <span class='ocrx_word' id='word_1_306' title='bbox 2561 1499 2922 1556; x_wconf 86' lang='lat' dir='ltr'>voluntatem</span> <span class='ocrx_word' id='word_1_307' title='bbox 2955 1500 3198 1569; x_wconf 87' lang='lat' dir='ltr'>faciunt,</span> <span class='ocrx_word' id='word_1_308' title='bbox 3233 1501 3345 1558; x_wconf 87' lang='lat' dir='ltr'>sibi</span> <span class='ocrx_word' id='word_1_309' title='bbox 3378 1506 3480 1558; x_wconf 88' lang='lat' dir='ltr'>aut</span> <span class='ocrx_word' id='word_1_310' title='bbox 3508 1519 3633 1558; x_wconf 87' lang='lat' dir='ltr'>ma-</span> 
     </span>
    </p>
   </div>
   <div class='ocr_carea' id='block_1_47' title="bbox 1983 1583 3640 1662">
    <p class='ocr_par' dir='ltr' id='par_1_47' title="bbox 1983 1583 3640 1662">
     <span class='ocr_line' id='line_1_47' title="bbox 1983 1583 3640 1662; baseline 0.005 -24"><span class='ocrx_word' id='word_1_311' title='bbox 1983 1583 2108 1640; x_wconf 86' lang='lat' dir='ltr'>litia</span> <span class='ocrx_word' id='word_1_312' title='bbox 2139 1589 2240 1641; x_wconf 86' lang='lat' dir='ltr'>aut</span> <span class='ocrx_word' id='word_1_313' title='bbox 2271 1587 2632 1660; x_wconf 89' lang='lat' dir='ltr'>benignitate</span> <span class='ocrx_word' id='word_1_314' title='bbox 2665 1588 3024 1645; x_wconf 88' lang='lat' dir='ltr'>consociant.</span> <span class='ocrx_word' id='word_1_315' title='bbox 3059 1590 3128 1644; x_wconf 91' lang='lat' dir='ltr'>Et</span> <span class='ocrx_word' id='word_1_316' title='bbox 3160 1589 3244 1644; x_wconf 88' lang='lat' dir='ltr'>illi</span> <span class='ocrx_word' id='word_1_317' title='bbox 3279 1591 3516 1662; x_wconf 91' lang='lat' dir='ltr'>quidem</span> <span class='ocrx_word' id='word_1_318' title='bbox 3545 1591 3640 1647; x_wconf 88' lang='lat' dir='ltr'>be-</span> 
     </span>
    </p>
   </div>
   <div class='ocr_carea' id='block_1_48' title="bbox 1983 1673 3640 1748">
    <p class='ocr_par' dir='ltr' id='par_1_48' title="bbox 1983 1673 3640 1748">
     <span class='ocr_line' id='line_1_48' title="bbox 1983 1673 3640 1748; baseline 0.005 -21"><span class='ocrx_word' id='word_1_319' title='bbox 1983 1673 2294 1746; x_wconf 88' lang='lat' dir='ltr'>nignorum</span> <span class='ocrx_word' id='word_1_320' title='bbox 2330 1676 2674 1748; x_wconf 88' lang='lat' dir='ltr'>angelorum</span> <span class='ocrx_word' id='word_1_321' title='bbox 2706 1676 2978 1748; x_wconf 90' lang='lat' dir='ltr'>discipuli</span> <span class='ocrx_word' id='word_1_322' title='bbox 3011 1682 3067 1733; x_wconf 92' lang='lat' dir='ltr'>et</span> <span class='ocrx_word' id='word_1_323' title='bbox 3096 1677 3358 1747; x_wconf 88' lang='lat' dir='ltr'>comites,</span> <span class='ocrx_word' id='word_1_324' title='bbox 3379 1683 3435 1735; x_wconf 90' lang='lat' dir='ltr'>et</span> <span class='ocrx_word' id='word_1_325' title='bbox 3464 1679 3560 1736; x_wconf 90' lang='lat' dir='ltr'>hic</span> <span class='ocrx_word' id='word_1_326' title='bbox 3583 1684 3640 1736; x_wconf 88' lang='lat' dir='ltr'>et</span> 
     </span>
    </p>
   </div>
   <div class='ocr_carea' id='block_1_49' title="bbox 1985 1761 3639 1824">
    <p class='ocr_par' dir='ltr' id='par_1_49' title="bbox 1985 1761 3639 1824">
     <span class='ocr_line' id='line_1_49' title="bbox 1985 1761 3639 1824; baseline 0.004 -6"><span class='ocrx_word' id='word_1_327' title='bbox 1985 1761 2106 1818; x_wconf 88' lang='lat' dir='ltr'>illic</span> <span class='ocrx_word' id='word_1_328' title='bbox 2137 1780 2270 1818; x_wconf 89' lang='lat' dir='ltr'>cum</span> <span class='ocrx_word' id='word_1_329' title='bbox 2303 1765 2462 1820; x_wconf 88' lang='lat' dir='ltr'>omni</span> <span class='ocrx_word' id='word_1_330' title='bbox 2504 1782 2672 1821; x_wconf 89' lang='lat' dir='ltr'>sacra</span> <span class='ocrx_word' id='word_1_331' title='bbox 2703 1764 2937 1821; x_wconf 87' lang='lat' dir='ltr'>datione</span> <span class='ocrx_word' id='word_1_332' title='bbox 2967 1770 3024 1821; x_wconf 93' lang='lat' dir='ltr'>et</span> <span class='ocrx_word' id='word_1_333' title='bbox 3054 1765 3324 1822; x_wconf 84' lang='lat' dir='ltr'>libertate</span> <span class='ocrx_word' id='word_1_334' title='bbox 3371 1768 3639 1824; x_wconf 85' lang='lat' dir='ltr'>omnium</span> 
     </span>
    </p>
   </div>
   <div class='ocr_carea' id='block_1_50' title="bbox 1984 1851 3638 1927">
    <p class='ocr_par' dir='ltr' id='par_1_50' title="bbox 1984 1851 3638 1927">
     <span class='ocr_line' id='line_1_50' title="bbox 1984 1851 3638 1927; baseline 0.004 -21"><span class='ocrx_word' id='word_1_335' title='bbox 1984 1851 2272 1909; x_wconf 87' lang='lat' dir='ltr'>malorum</span> <span class='ocrx_word' id='word_1_336' title='bbox 2300 1855 2373 1909; x_wconf 88' lang='lat' dir='ltr'>ad</span> <span class='ocrx_word' id='word_1_337' title='bbox 2405 1871 2638 1927; x_wconf 90' lang='lat' dir='ltr'>semper</span> <span class='ocrx_word' id='word_1_338' title='bbox 2667 1854 2921 1910; x_wconf 78' lang='lat' dir='ltr'>existens</span> <span class='ocrx_word' id='word_1_339' title='bbox 2951 1854 3230 1910; x_wconf 73' lang='lat' dir='ltr'>szeculum</span> <span class='ocrx_word' id='word_1_340' title='bbox 3262 1855 3638 1914; x_wconf 77' lang='lat' dir='ltr'>beatissimus</span> 
     </span>
    </p>
   </div>
   <div class='ocr_carea' id='block_1_51' title="bbox 1983 1941 3638 2016">
    <p class='ocr_par' dir='ltr' id='par_1_51' title="bbox 1983 1941 3638 2016">
     <span class='ocr_line' id='line_1_51' title="bbox 1983 1941 3638 2016; baseline 0.004 -21"><span class='ocrx_word' id='word_1_341' title='bbox 1983 1941 2315 2014; x_wconf 88' lang='lat' dir='ltr'>delegantcs</span> <span class='ocrx_word' id='word_1_342' title='bbox 2359 1941 2822 2012; x_wconf 86' lang='lat' dir='ltr'>terminationes,</span> <span class='ocrx_word' id='word_1_343' title='bbox 2853 1959 2987 1998; x_wconf 91' lang='lat' dir='ltr'>cum</span> <span class='ocrx_word' id='word_1_344' title='bbox 3036 1943 3152 1999; x_wconf 89' lang='lat' dir='ltr'>Deo</span> <span class='ocrx_word' id='word_1_345' title='bbox 3194 1959 3446 2016; x_wconf 88' lang='lat' dir='ltr'>semper,</span> <span class='ocrx_word' id='word_1_346' title='bbox 3480 1946 3638 2016; x_wconf 88' lang='lat' dir='ltr'>quod</span> 
     </span>
    </p>
   </div>
   <div class='ocr_carea' id='block_1_52' title="bbox 1980 2031 3639 2101">
    <p class='ocr_par' dir='ltr' id='par_1_52' title="bbox 1980 2031 3639 2101">
     <span class='ocr_line' id='line_1_52' title="bbox 1980 2031 3639 2101; baseline 0.004 -17"><span class='ocrx_word' id='word_1_347' title='bbox 1980 2035 2070 2086; x_wconf 90' lang='lat' dir='ltr'>est</span> <span class='ocrx_word' id='word_1_348' title='bbox 2099 2031 2384 2086; x_wconf 91' lang='lat' dir='ltr'>bonorum</span> <span class='ocrx_word' id='word_1_349' title='bbox 2430 2031 2694 2088; x_wconf 90' lang='lat' dir='ltr'>omnium</span> <span class='ocrx_word' id='word_1_350' title='bbox 2729 2031 3053 2087; x_wconf 82' lang='lat' dir='ltr'>maximum</span> <span class='ocrx_word' id='word_1_351' title='bbox 3081 2049 3094 2101; x_wconf 91' lang='lat'><strong>;</strong></span> <span class='ocrx_word' id='word_1_352' title='bbox 3126 2031 3225 2088; x_wconf 91' lang='lat' dir='ltr'>isti</span> <span class='ocrx_word' id='word_1_353' title='bbox 3255 2037 3452 2090; x_wconf 87' lang='lat' dir='ltr'>autem</span> <span class='ocrx_word' id='word_1_354' title='bbox 3481 2033 3639 2090; x_wconf 89' lang='lat' dir='ltr'>deci-</span> 
     </span>
    </p>
   </div>
   <div class='ocr_carea' id='block_1_53' title="bbox 1981 2119 3642 2194">
    <p class='ocr_par' dir='ltr' id='par_1_53' title="bbox 1981 2119 3642 2194">
     <span class='ocr_line' id='line_1_53' title="bbox 1981 2119 3642 2194; baseline 0.003 -20"><span class='ocrx_word' id='word_1_355' title='bbox 1981 2119 2121 2174; x_wconf 90' lang='lat' dir='ltr'>dent</span> <span class='ocrx_word' id='word_1_356' title='bbox 2141 2137 2175 2175; x_wconf 91' lang='lat' dir='ltr'>a</span> <span class='ocrx_word' id='word_1_357' title='bbox 2197 2119 2392 2175; x_wconf 88' lang='lat' dir='ltr'>divina</span> <span class='ocrx_word' id='word_1_358' title='bbox 2421 2120 2598 2176; x_wconf 89' lang='lat' dir='ltr'>simul</span> <span class='ocrx_word' id='word_1_359' title='bbox 2631 2125 2688 2176; x_wconf 90' lang='lat' dir='ltr'>et</span> <span class='ocrx_word' id='word_1_360' title='bbox 2719 2125 3002 2192; x_wconf 88' lang='lat' dir='ltr'>perpetua</span> <span class='ocrx_word' id='word_1_361' title='bbox 3031 2137 3196 2193; x_wconf 89' lang='lat' dir='ltr'>pace,</span> <span class='ocrx_word' id='word_1_362' title='bbox 3220 2125 3276 2176; x_wconf 92' lang='lat' dir='ltr'>et</span> <span class='ocrx_word' id='word_1_363' title='bbox 3307 2120 3402 2178; x_wconf 90' lang='lat' dir='ltr'>hic</span> <span class='ocrx_word' id='word_1_364' title='bbox 3422 2127 3481 2179; x_wconf 90' lang='lat' dir='ltr'>et</span> <span class='ocrx_word' id='word_1_365' title='bbox 3508 2126 3642 2194; x_wconf 90' lang='lat' dir='ltr'>post</span> 
     </span>
    </p>
   </div>
   <div class='ocr_carea' id='block_1_54' title="bbox 1982 2207 3640 2268">
    <p class='ocr_par' dir='ltr' id='par_1_54' title="bbox 1982 2207 3640 2268">
     <span class='ocr_line' id='line_1_54' title="bbox 1982 2207 3640 2268; baseline 0.002 -5"><span class='ocrx_word' id='word_1_366' title='bbox 1982 2213 2228 2263; x_wconf 91' lang='lat' dir='ltr'>mortem</span> <span class='ocrx_word' id='word_1_367' title='bbox 2260 2207 2437 2264; x_wconf 90' lang='lat' dir='ltr'>simul</span> <span class='ocrx_word' id='word_1_368' title='bbox 2468 2225 2601 2264; x_wconf 91' lang='lat' dir='ltr'>cum</span> <span class='ocrx_word' id='word_1_369' title='bbox 2631 2209 2970 2265; x_wconf 87' lang='lat' dir='ltr'>domesticis</span> <span class='ocrx_word' id='word_1_370' title='bbox 3001 2209 3127 2265; x_wconf 90' lang='lat' dir='ltr'>suis</span> <span class='ocrx_word' id='word_1_371' title='bbox 3157 2215 3328 2266; x_wconf 89' lang='lat' dir='ltr'>erunt</span> <span class='ocrx_word' id='word_1_372' title='bbox 3357 2211 3640 2268; x_wconf 75' lang='lat' dir='ltr'>daemoni—</span> 
     </span>
    </p>
   </div>
   <div class='ocr_carea' id='block_1_55' title="bbox 1983 2297 3639 2370">
    <p class='ocr_par' dir='ltr' id='par_1_55' title="bbox 1983 2297 3639 2370">
     <span class='ocr_line' id='line_1_55' title="bbox 1983 2297 3639 2370; baseline 0.004 -20"><span class='ocrx_word' id='word_1_373' title='bbox 1983 2297 2114 2352; x_wconf 87' lang='lat' dir='ltr'>bus.</span> <span class='ocrx_word' id='word_1_374' title='bbox 2150 2298 2273 2353; x_wconf 89' lang='lat' dir='ltr'>Non</span> <span class='ocrx_word' id='word_1_375' title='bbox 2307 2315 2444 2370; x_wconf 86' lang='lat' dir='ltr'>ergo</span> <span class='ocrx_word' id='word_1_376' title='bbox 2483 2300 2711 2369; x_wconf 86' lang='lat' dir='ltr'>oportet</span> <span class='ocrx_word' id='word_1_377' title='bbox 2743 2315 2849 2354; x_wconf 88' lang='lat' dir='ltr'>nos</span> <span class='ocrx_word' id='word_1_378' title='bbox 2882 2298 3073 2354; x_wconf 87' lang='lat' dir='ltr'>multa</span> <span class='ocrx_word' id='word_1_379' title='bbox 3102 2298 3474 2356; x_wconf 82' lang='lat' dir='ltr'>festinatione</span> <span class='ocrx_word' id='word_1_380' title='bbox 3503 2318 3639 2357; x_wconf 90' lang='lat' dir='ltr'>cum</span> 
     </span>
    </p>
   </div>
   <div class='ocr_carea' id='block_1_56' title="bbox 1981 2386 3642 2462">
    <p class='ocr_par' dir='ltr' id='par_1_56' title="bbox 1981 2386 3642 2462">
     <span class='ocr_line' id='line_1_56' title="bbox 1981 2386 3642 2462; baseline 0.005 -22"><span class='ocrx_word' id='word_1_381' title='bbox 1981 2386 2097 2441; x_wconf 93' lang='lat' dir='ltr'>Deo</span> <span class='ocrx_word' id='word_1_382' title='bbox 2129 2387 2382 2459; x_wconf 87' lang='lat' dir='ltr'>benigno</span> <span class='ocrx_word' id='word_1_383' title='bbox 2415 2387 2560 2456; x_wconf 85' lang='lat' dir='ltr'>ﬁeri,</span> <span class='ocrx_word' id='word_1_384' title='bbox 2595 2391 2650 2442; x_wconf 88' lang='lat' dir='ltr'>et</span> <span class='ocrx_word' id='word_1_385' title='bbox 2679 2404 2807 2443; x_wconf 89' lang='lat' dir='ltr'>esse</span> <span class='ocrx_word' id='word_1_386' title='bbox 2851 2403 2986 2442; x_wconf 91' lang='lat' dir='ltr'>cum</span> <span class='ocrx_word' id='word_1_387' title='bbox 3019 2387 3266 2444; x_wconf 88' lang='lat' dir='ltr'>Domino</span> <span class='ocrx_word' id='word_1_388' title='bbox 3297 2405 3550 2462; x_wconf 89' lang='lat' dir='ltr'>semper,</span> <span class='ocrx_word' id='word_1_389' title='bbox 3581 2395 3642 2448; x_wconf 83' lang='lat' dir='ltr'>et</span> 
     </span>
    </p>
   </div>
   <div class='ocr_carea' id='block_1_57' title="bbox 1981 2475 3635 2548">
    <p class='ocr_par' dir='ltr' id='par_1_57' title="bbox 1981 2475 3635 2548">
     <span class='ocr_line' id='line_1_57' title="bbox 1981 2475 3635 2548; baseline 0.004 -19"><span class='ocrx_word' id='word_1_390' title='bbox 1981 2491 2288 2547; x_wconf 84' lang='lat' dir='ltr'>segregare</span> <span class='ocrx_word' id='word_1_391' title='bbox 2307 2477 2378 2532; x_wconf 90' lang='lat' dir='ltr'>de</span> <span class='ocrx_word' id='word_1_392' title='bbox 2401 2475 2654 2532; x_wconf 91' lang='lat' dir='ltr'>malisin</span> <span class='ocrx_word' id='word_1_393' title='bbox 2670 2475 3276 2548; x_wconf 87' lang='lat' dir='ltr'>justiﬁcantibus,nos</span> <span class='ocrx_word' id='word_1_394' title='bbox 3306 2479 3635 2535; x_wconf 88' lang='lat' dir='ltr'>secundum</span> 
     </span>
    </p>
   </div>
   <div class='ocr_carea' id='block_1_58' title="bbox 1981 2563 3632 2636">
    <p class='ocr_par' dir='ltr' id='par_1_58' title="bbox 1981 2563 3632 2636">
     <span class='ocr_line' id='line_1_58' title="bbox 1981 2563 3632 2636; baseline 0.003 -18"><span class='ocrx_word' id='word_1_395' title='bbox 1981 2564 2322 2636; x_wconf 86' lang='lat' dir='ltr'>dignitatem</span> <span class='ocrx_word' id='word_1_396' title='bbox 2352 2581 2420 2619; x_wconf 82' lang='lat' dir='ltr'>ex</span> <span class='ocrx_word' id='word_1_397' title='bbox 2446 2564 2616 2620; x_wconf 91' lang='lat' dir='ltr'>nobis</span> <span class='ocrx_word' id='word_1_398' title='bbox 2646 2563 2791 2635; x_wconf 89' lang='lat' dir='ltr'>ipsis</span> <span class='ocrx_word' id='word_1_399' title='bbox 2823 2563 3228 2620; x_wconf 83' lang='lat' dir='ltr'>sustinentes?</span> <span class='ocrx_word' id='word_1_400' title='bbox 3248 2587 3277 2614; x_wconf 84' lang='lat'><strong>»</strong></span> <span class='ocrx_word' id='word_1_401' title='bbox 3301 2567 3370 2621; x_wconf 90' lang='lat' dir='ltr'>Et</span> <span class='ocrx_word' id='word_1_402' title='bbox 3389 2567 3449 2622; x_wconf 91' lang='lat' dir='ltr'>in</span> <span class='ocrx_word' id='word_1_403' title='bbox 3481 2566 3632 2623; x_wconf 91' lang='lat' dir='ltr'>libro</span> 
     </span>
    </p>
   </div>
   <div class='ocr_carea' id='block_1_59' title="bbox 1981 2652 3637 2726">
    <p class='ocr_par' dir='ltr' id='par_1_59' title="bbox 1981 2652 3637 2726">
     <span class='ocr_line' id='line_1_59' title="bbox 1981 2652 3637 2726; baseline 0.002 -18"><span class='ocrx_word' id='word_1_404' title='bbox 1981 2654 2052 2708; x_wconf 92' lang='lat' dir='ltr'>de</span> <span class='ocrx_word' id='word_1_405' title='bbox 2099 2653 2507 2709; x_wconf 85' lang='lat' dir='ltr'>Eeclesiastico</span> <span class='ocrx_word' id='word_1_406' title='bbox 2558 2652 2910 2725; x_wconf 87' lang='lat' dir='ltr'>principatu,</span> <span class='ocrx_word' id='word_1_407' title='bbox 2945 2671 3072 2726; x_wconf 90' lang='lat' dir='ltr'>cap.</span> <span class='ocrx_word' id='word_1_408' title='bbox 3109 2655 3366 2710; x_wconf 91' lang='lat' dir='ltr'>secundo</span> <span class='ocrx_word' id='word_1_409' title='bbox 3398 2673 3411 2711; x_wconf 86' lang='lat'><strong>:</strong></span> <span class='ocrx_word' id='word_1_410' title='bbox 3446 2679 3473 2706; x_wconf 85' lang='grc'>‹‹</span> <span class='ocrx_word' id='word_1_411' title='bbox 3511 2655 3637 2712; x_wconf 70' lang='grc' dir='ltr'>Ηίοο</span> 
     </span>
    </p>
   </div>
   <div class='ocr_carea' id='block_1_60' title="bbox 1981 2742 3638 2815">
    <p class='ocr_par' dir='ltr' id='par_1_60' title="bbox 1981 2742 3638 2815">
     <span class='ocr_line' id='line_1_60' title="bbox 1981 2742 3638 2815; baseline 0.002 -19"><span class='ocrx_word' id='word_1_412' title='bbox 1981 2742 2220 2797; x_wconf 88' lang='lat' dir='ltr'>rarcbas</span> <span class='ocrx_word' id='word_1_413' title='bbox 2269 2742 2508 2813; x_wconf 85' lang='lat' dir='ltr'>quidem</span> <span class='ocrx_word' id='word_1_414' title='bbox 2568 2758 2722 2797; x_wconf 89' lang='lat' dir='ltr'>unus</span> <span class='ocrx_word' id='word_1_415' title='bbox 2771 2742 3043 2815; x_wconf 85' lang='lat' dir='ltr'>quisque,</span> <span class='ocrx_word' id='word_1_416' title='bbox 3078 2742 3179 2798; x_wconf 88' lang='lat' dir='ltr'>Dei</span> <span class='ocrx_word' id='word_1_417' title='bbox 3211 2742 3638 2800; x_wconf 85' lang='lat' dir='ltr'>assimilatione</span> 
     </span>
    </p>
   </div>
   <div class='ocr_carea' id='block_1_61' title="bbox 1981 2829 3638 2905">
    <p class='ocr_par' dir='ltr' id='par_1_61' title="bbox 1981 2829 3638 2905">
     <span class='ocr_line' id='line_1_61' title="bbox 1981 2829 3638 2905; baseline 0.002 -20"><span class='ocrx_word' id='word_1_418' title='bbox 1981 2847 2184 2885; x_wconf 88' lang='lat' dir='ltr'>omnes</span> <span class='ocrx_word' id='word_1_419' title='bbox 2233 2829 2500 2886; x_wconf 88' lang='lat' dir='ltr'>homines</span> <span class='ocrx_word' id='word_1_420' title='bbox 2545 2829 2745 2885; x_wconf 90' lang='lat' dir='ltr'>volens</span> <span class='ocrx_word' id='word_1_421' title='bbox 2796 2829 3040 2900; x_wconf 77' lang='lat' dir='ltr'>salvere,</span> <span class='ocrx_word' id='word_1_422' title='bbox 3072 2836 3130 2887; x_wconf 88' lang='lat' dir='ltr'>et</span> <span class='ocrx_word' id='word_1_423' title='bbox 3158 2833 3231 2887; x_wconf 91' lang='lat' dir='ltr'>ad</span> <span class='ocrx_word' id='word_1_424' title='bbox 3276 2831 3638 2905; x_wconf 85' lang='lat' dir='ltr'>agnitionem</span> 
     </span>
    </p>
   </div>
   <div class='ocr_carea' id='block_1_62' title="bbox 1977 2919 3632 2994">
    <p class='ocr_par' dir='ltr' id='par_1_62' title="bbox 1977 2919 3632 2994">
     <span class='ocr_line' id='line_1_62' title="bbox 1977 2919 3632 2994; baseline 0.002 -19"><span class='ocrx_word' id='word_1_425' title='bbox 1977 2919 2237 2975; x_wconf 87' lang='lat' dir='ltr'>veritatis</span> <span class='ocrx_word' id='word_1_426' title='bbox 2267 2920 2482 2988; x_wconf 88' lang='lat' dir='ltr'>venire,</span> <span class='ocrx_word' id='word_1_427' title='bbox 2515 2919 2794 2992; x_wconf 67' lang='lat' dir='ltr'>praidicat</span> <span class='ocrx_word' id='word_1_428' title='bbox 2831 2919 3109 2976; x_wconf 90' lang='lat' dir='ltr'>omnibus</span> <span class='ocrx_word' id='word_1_429' title='bbox 3136 2937 3272 2975; x_wconf 87' lang='lat' dir='ltr'>vera</span> <span class='ocrx_word' id='word_1_430' title='bbox 3299 2921 3632 2994; x_wconf 86' lang='lat' dir='ltr'>Evangelia.</span> 
     </span>
    </p>
   </div>
   <div class='ocr_carea' id='block_1_63' title="bbox 1983 3007 3638 3082">
    <p class='ocr_par' dir='ltr' id='par_1_63' title="bbox 1983 3007 3638 3082">
     <span class='ocr_line' id='line_1_63' title="bbox 1983 3007 3638 3082; baseline 0.003 -19"><span class='ocrx_word' id='word_1_431' title='bbox 1983 3009 2202 3076; x_wconf 76' lang='lat' dir='ltr'>Qumzti,</span> <span class='ocrx_word' id='word_1_432' title='bbox 2237 3007 2431 3080; x_wconf 89' lang='lat' dir='ltr'>inquit</span> <span class='ocrx_word' id='word_1_433' title='bbox 2478 3007 2656 3074; x_wconf 73' lang='lat' dir='ltr'>enim,</span> <span class='ocrx_word' id='word_1_434' title='bbox 2689 3015 3010 3079; x_wconf 78' lang='lat' dir='ltr'>acceperunt</span> <span class='ocrx_word' id='word_1_435' title='bbox 3035 3024 3178 3076; x_wconf 81' lang='lat' dir='ltr'>eum,</span> <span class='ocrx_word' id='word_1_436' title='bbox 3211 3007 3358 3064; x_wconf 83' lang='lat' dir='ltr'>dedit</span> <span class='ocrx_word' id='word_1_437' title='bbox 3383 3011 3463 3065; x_wconf 78' lang='lat' dir='ltr'>eis</span> <span class='ocrx_word' id='word_1_438' title='bbox 3486 3019 3638 3082; x_wconf 80' lang='lat' dir='ltr'>pote-</span> 
     </span>
    </p>
   </div>
   <div class='ocr_carea' id='block_1_64' title="bbox 1982 3096 3638 3172">
    <p class='ocr_par' dir='ltr' id='par_1_64' title="bbox 1982 3096 3638 3172">
     <span class='ocr_line' id='line_1_64' title="bbox 1982 3096 3638 3172; baseline 0.001 -19"><span class='ocrx_word' id='word_1_439' title='bbox 1982 3105 2172 3153; x_wconf 63' lang='lat' dir='ltr'>statam</span> <span class='ocrx_word' id='word_1_440' title='bbox 2217 3099 2362 3168; x_wconf 77' lang='lat' dir='ltr'>ﬁlios</span> <span class='ocrx_word' id='word_1_441' title='bbox 2403 3097 2503 3152; x_wconf 82' lang='lat' dir='ltr'>Dei</span> <span class='ocrx_word' id='word_1_442' title='bbox 2546 3098 2674 3167; x_wconf 86' lang='lat' dir='ltr'>ﬁeri</span> <span class='ocrx_word' id='word_1_443' title='bbox 2727 3096 3072 3152; x_wconf 79' lang='lat' dir='ltr'>credentibus</span> <span class='ocrx_word' id='word_1_444' title='bbox 3129 3099 3192 3151; x_wconf 78' lang='lat' dir='ltr'>in</span> <span class='ocrx_word' id='word_1_445' title='bbox 3245 3099 3468 3154; x_wconf 80' lang='lat' dir='ltr'>nomine</span> <span class='ocrx_word' id='word_1_446' title='bbox 3520 3101 3638 3172; x_wconf 75' lang='lat' dir='ltr'>ejus</span> 
     </span>
    </p>
   </div>
   <div class='ocr_carea' id='block_1_65' title="bbox 218 3167 3637 3266">
    <p class='ocr_par' dir='ltr' id='par_1_65' title="bbox 218 3167 3637 3266">
     <span class='ocr_line' id='line_1_65' title="bbox 218 3167 3637 3266; baseline -0.001 -20"><span class='ocrx_word' id='word_1_447' title='bbox 218 3167 274 3246; x_wconf 73' lang='lat' dir='ltr'>et</span> <span class='ocrx_word' id='word_1_448' title='bbox 303 3208 420 3246; x_wconf 90' lang='lat' dir='ltr'>non</span> <span class='ocrx_word' id='word_1_449' title='bbox 453 3167 617 3248; x_wconf 70' lang='grc' dir='ltr'><strong>1θὶ</strong></span> <span class='ocrx_word' id='word_1_450' title='bbox 641 3167 1012 3265; x_wconf 41' lang='lat' dir='ltr'>dedignatur.</span> <span class='ocrx_word' id='word_1_451' title='bbox 1037 3167 1338 3266; x_wconf 60' lang='lat' dir='ltr'>dedignari</span> <span class='ocrx_word' id='word_1_452' title='bbox 1373 3167 1786 3264; x_wconf 86' lang='lat' dir='ltr'>aconcupitis,</span> <span class='ocrx_word' id='word_1_453' title='bbox 1818 3167 1875 3248; x_wconf 87' lang='lat' dir='ltr'>et</span> <span class='ocrx_word' id='word_1_454' title='bbox 1903 3167 1946 3233; x_wconf 64' lang='grc' dir='ltr'>Ε</span> <span class='ocrx_word' id='word_1_455' title='bbox 1986 3187 2166 3259; x_wconf 82' lang='lat' dir='ltr'>(Joan.</span> <span class='ocrx_word' id='word_1_456' title='bbox 2200 3167 2238 3252; x_wconf 79' lang='lat' dir='ltr'>r,</span> <span class='ocrx_word' id='word_1_457' title='bbox 2288 3188 2396 3257; x_wconf 79' lang='lat' dir='ltr'>i2).</span> <span class='ocrx_word' id='word_1_458' title='bbox 2449 3185 2514 3241; x_wconf 86' lang='lat' dir='ltr'>Si</span> <span class='ocrx_word' id='word_1_459' title='bbox 2558 3185 2694 3257; x_wconf 89' lang='lat' dir='ltr'>quis</span> <span class='ocrx_word' id='word_1_460' title='bbox 2745 3187 2900 3241; x_wconf 73' lang='lat'>163</span> <span class='ocrx_word' id='word_1_461' title='bbox 2945 3201 3082 3258; x_wconf 88' lang='lat' dir='ltr'>ergo</span> <span class='ocrx_word' id='word_1_462' title='bbox 3129 3185 3380 3242; x_wconf 86' lang='lat' dir='ltr'>discedit</span> <span class='ocrx_word' id='word_1_463' title='bbox 3425 3204 3458 3243; x_wconf 90' lang='lat' dir='ltr'>a</span> <span class='ocrx_word' id='word_1_464' title='bbox 3502 3167 3637 3244; x_wconf 81' lang='lat' dir='ltr'>vero</span> 
     </span>
    </p>
   </div>
   <div class='ocr_carea' id='block_1_66' title="bbox 218 3279 1878 3354">
    <p class='ocr_par' dir='ltr' id='par_1_66' title="bbox 218 3279 1878 3354">
     <span class='ocr_line' id='line_1_66' title="bbox 218 3279 1878 3354; baseline 0.001 -19"><span class='ocrx_word' id='word_1_465' title='bbox 218 3297 280 3337; x_wconf 88' lang='lat' dir='ltr'>se</span> <span class='ocrx_word' id='word_1_466' title='bbox 307 3279 735 3354; x_wconf 86' lang='lat' dir='ltr'>rejicientibus,</span> <span class='ocrx_word' id='word_1_467' title='bbox 769 3285 828 3336; x_wconf 87' lang='lat' dir='ltr'>et</span> <span class='ocrx_word' id='word_1_468' title='bbox 856 3282 983 3338; x_wconf 89' lang='lat' dir='ltr'>sine</span> <span class='ocrx_word' id='word_1_469' title='bbox 1031 3298 1210 3337; x_wconf 89' lang='lat' dir='ltr'>causa</span> <span class='ocrx_word' id='word_1_470' title='bbox 1256 3285 1603 3337; x_wconf 87' lang='lat' dir='ltr'>accusantes</span> <span class='ocrx_word' id='word_1_471' title='bbox 1650 3281 1878 3348; x_wconf 88' lang='lat' dir='ltr'>tolerat,</span> 
     </span>
    </p>
   </div>
   <div class='ocr_carea' id='block_1_67' title="bbox 219 3369 1877 3442">
    <p class='ocr_par' dir='ltr' id='par_1_67' title="bbox 219 3369 1877 3442">
     <span class='ocr_line' id='line_1_67' title="bbox 219 3369 1877 3442; baseline 0.001 -19"><span class='ocrx_word' id='word_1_472' title='bbox 219 3373 274 3424; x_wconf 88' lang='lat' dir='ltr'>et</span> <span class='ocrx_word' id='word_1_473' title='bbox 292 3369 418 3441; x_wconf 88' lang='lat' dir='ltr'>ipse</span> <span class='ocrx_word' id='word_1_474' title='bbox 441 3373 724 3437; x_wconf 81' lang='lat' dir='ltr'>excusat;</span> <span class='ocrx_word' id='word_1_475' title='bbox 749 3370 893 3442; x_wconf 89' lang='lat' dir='ltr'>quin</span> <span class='ocrx_word' id='word_1_476' title='bbox 929 3371 1117 3442; x_wconf 86' lang='lat' dir='ltr'>magis</span> <span class='ocrx_word' id='word_1_477' title='bbox 1148 3370 1441 3442; x_wconf 89' lang='lat' dir='ltr'>promittit</span> <span class='ocrx_word' id='word_1_478' title='bbox 1472 3369 1714 3442; x_wconf 88' lang='lat' dir='ltr'>mederi,</span> <span class='ocrx_word' id='word_1_479' title='bbox 1733 3374 1789 3426; x_wconf 89' lang='lat' dir='ltr'>et</span> <span class='ocrx_word' id='word_1_480' title='bbox 1817 3371 1877 3424; x_wconf 90' lang='lat' dir='ltr'>in</span> 
     </span>
    </p>
   </div>
   <div class='ocr_carea' id='block_1_68' title="bbox 217 3457 1878 3532">
    <p class='ocr_par' dir='ltr' id='par_1_68' title="bbox 217 3457 1878 3532">
     <span class='ocr_line' id='line_1_68' title="bbox 217 3457 1878 3532; baseline 0 -19"><span class='ocrx_word' id='word_1_481' title='bbox 217 3457 308 3513; x_wconf 84' lang='lat' dir='ltr'>his</span> <span class='ocrx_word' id='word_1_482' title='bbox 333 3458 450 3531; x_wconf 85' lang='lat' dir='ltr'>ipsi</span> <span class='ocrx_word' id='word_1_483' title='bbox 484 3459 809 3515; x_wconf 87' lang='lat' dir='ltr'>abstinent.</span> <span class='ocrx_word' id='word_1_484' title='bbox 842 3460 1065 3514; x_wconf 88' lang='lat' dir='ltr'>Tamen</span> <span class='ocrx_word' id='word_1_485' title='bbox 1098 3458 1711 3531; x_wconf 86' lang='lat' dir='ltr'>appropinquantibus</span> <span class='ocrx_word' id='word_1_486' title='bbox 1735 3477 1878 3532; x_wconf 68' lang='lat' dir='ltr'>pra}-</span> 
     </span>
    </p>
   </div>
   <div class='ocr_carea' id='block_1_69' title="bbox 217 3547 1882 3620">
    <p class='ocr_par' dir='ltr' id='par_1_69' title="bbox 217 3547 1882 3620">
     <span class='ocr_line' id='line_1_69' title="bbox 217 3547 1882 3620; baseline 0.001 -19"><span class='ocrx_word' id='word_1_487' title='bbox 217 3547 780 3620; x_wconf 81' lang='lat' dir='ltr'>oecurritetobviat,</span> <span class='ocrx_word' id='word_1_488' title='bbox 813 3553 871 3604; x_wconf 89' lang='lat' dir='ltr'>et</span> <span class='ocrx_word' id='word_1_489' title='bbox 905 3552 1063 3604; x_wconf 90' lang='lat' dir='ltr'>totus</span> <span class='ocrx_word' id='word_1_490' title='bbox 1107 3552 1256 3603; x_wconf 82' lang='lat' dir='ltr'>totos</span> <span class='ocrx_word' id='word_1_491' title='bbox 1297 3547 1688 3618; x_wconf 89' lang='lat' dir='ltr'>complectens</span> <span class='ocrx_word' id='word_1_492' title='bbox 1719 3565 1882 3602; x_wconf 90' lang='lat' dir='ltr'>oscu-</span> 
     </span>
    </p>
   </div>
   <div class='ocr_carea' id='block_1_70' title="bbox 214 3634 1878 3708">
    <p class='ocr_par' dir='ltr' id='par_1_70' title="bbox 214 3634 1878 3708">
     <span class='ocr_line' id='line_1_70' title="bbox 214 3634 1878 3708; baseline 0 -18"><span class='ocrx_word' id='word_1_493' title='bbox 214 3634 382 3703; x_wconf 86' lang='lat' dir='ltr'>latur,</span> <span class='ocrx_word' id='word_1_494' title='bbox 417 3640 476 3693; x_wconf 87' lang='lat' dir='ltr'>et</span> <span class='ocrx_word' id='word_1_495' title='bbox 508 3653 626 3691; x_wconf 89' lang='lat' dir='ltr'>non</span> <span class='ocrx_word' id='word_1_496' title='bbox 664 3641 904 3692; x_wconf 89' lang='lat' dir='ltr'>accusat</span> <span class='ocrx_word' id='word_1_497' title='bbox 933 3637 1004 3692; x_wconf 88' lang='lat' dir='ltr'>de</span> <span class='ocrx_word' id='word_1_498' title='bbox 1031 3636 1348 3708; x_wconf 87' lang='lat' dir='ltr'>prioribus,</span> <span class='ocrx_word' id='word_1_499' title='bbox 1384 3635 1484 3690; x_wconf 88' lang='lat' dir='ltr'>sed</span> <span class='ocrx_word' id='word_1_500' title='bbox 1516 3634 1707 3707; x_wconf 87' lang='lat' dir='ltr'>diligit</span> <span class='ocrx_word' id='word_1_501' title='bbox 1736 3653 1878 3707; x_wconf 59' lang='lat' dir='ltr'>prae-</span> 
     </span>
    </p>
   </div>
   <div class='ocr_carea' id='block_1_71' title="bbox 217 3725 1876 3798">
    <p class='ocr_par' dir='ltr' id='par_1_71' title="bbox 217 3725 1876 3798">
     <span class='ocr_line' id='line_1_71' title="bbox 217 3725 1876 3798; baseline 0 -18"><span class='ocrx_word' id='word_1_502' title='bbox 217 3725 416 3791; x_wconf 87' lang='lat' dir='ltr'>sentia,</span> <span class='ocrx_word' id='word_1_503' title='bbox 451 3729 510 3780; x_wconf 89' lang='lat' dir='ltr'>et</span> <span class='ocrx_word' id='word_1_504' title='bbox 551 3725 708 3780; x_wconf 91' lang='lat' dir='ltr'>diem</span> <span class='ocrx_word' id='word_1_505' title='bbox 761 3725 977 3781; x_wconf 86' lang='lat' dir='ltr'>festum</span> <span class='ocrx_word' id='word_1_506' title='bbox 1031 3725 1172 3798; x_wconf 82' lang='lat' dir='ltr'>agit,</span> <span class='ocrx_word' id='word_1_507' title='bbox 1207 3729 1265 3778; x_wconf 88' lang='lat' dir='ltr'>et</span> <span class='ocrx_word' id='word_1_508' title='bbox 1313 3729 1586 3796; x_wconf 85' lang='lat' dir='ltr'>provocat</span> <span class='ocrx_word' id='word_1_509' title='bbox 1636 3725 1876 3793; x_wconf 89' lang='lat' dir='ltr'>amicos,</span> 
     </span>
    </p>
   </div>
   <div class='ocr_carea' id='block_1_72' title="bbox 211 3812 1880 3888">
    <p class='ocr_par' dir='ltr' id='par_1_72' title="bbox 211 3812 1880 3888">
     <span class='ocr_line' id='line_1_72' title="bbox 211 3812 1880 3888; baseline 0 -20"><span class='ocrx_word' id='word_1_510' title='bbox 211 3813 480 3870; x_wconf 80' lang='lat' dir='ltr'>videlicet</span> <span class='ocrx_word' id='word_1_511' title='bbox 501 3813 792 3888; x_wconf 85' lang='lat' dir='ltr'>benignos</span> <span class='ocrx_word' id='word_1_512' title='bbox 813 3813 1073 3886; x_wconf 86' lang='lat' dir='ltr'>angelos,</span> <span class='ocrx_word' id='word_1_513' title='bbox 1100 3818 1166 3868; x_wconf 88' lang='lat' dir='ltr'>ut</span> <span class='ocrx_word' id='word_1_514' title='bbox 1188 3813 1263 3869; x_wconf 90' lang='lat' dir='ltr'>sit</span> <span class='ocrx_word' id='word_1_515' title='bbox 1285 3813 1552 3869; x_wconf 89' lang='lat' dir='ltr'>omnium</span> <span class='ocrx_word' id='word_1_516' title='bbox 1587 3812 1880 3869; x_wconf 87' lang='lat' dir='ltr'>delectan-</span> 
     </span>
    </p>
   </div>
   <div class='ocr_carea' id='block_1_73' title="bbox 217 3902 1876 3975">
    <p class='ocr_par' dir='ltr' id='par_1_73' title="bbox 217 3902 1876 3975">
     <span class='ocr_line' id='line_1_73' title="bbox 217 3902 1876 3975; baseline 0.001 -19"><span class='ocrx_word' id='word_1_517' title='bbox 217 3902 355 3958; x_wconf 89' lang='lat' dir='ltr'>tium</span> <span class='ocrx_word' id='word_1_518' title='bbox 389 3902 700 3958; x_wconf 86' lang='lat' dir='ltr'>habitatio.</span> <span class='ocrx_word' id='word_1_519' title='bbox 739 3925 768 3952; x_wconf 85' lang='lat'>»</span> <span class='ocrx_word' id='word_1_520' title='bbox 798 3904 868 3958; x_wconf 88' lang='lat' dir='ltr'>Et</span> <span class='ocrx_word' id='word_1_521' title='bbox 899 3903 1072 3974; x_wconf 90' lang='lat' dir='ltr'>paulo</span> <span class='ocrx_word' id='word_1_522' title='bbox 1121 3906 1252 3975; x_wconf 90' lang='lat' dir='ltr'>post</span> <span class='ocrx_word' id='word_1_523' title='bbox 1285 3919 1298 3958; x_wconf 92' lang='lat'><strong>:</strong></span> <span class='ocrx_word' id='word_1_524' title='bbox 1338 3925 1366 3952; x_wconf 84' lang='lat'>«</span> <span class='ocrx_word' id='word_1_525' title='bbox 1397 3903 1521 3958; x_wconf 92' lang='lat' dir='ltr'>Non</span> <span class='ocrx_word' id='word_1_526' title='bbox 1555 3903 1876 3974; x_wconf 84' lang='lat' dir='ltr'>oportebat,</span> 
     </span>
    </p>
   </div>
   <div class='ocr_carea' id='block_1_74' title="bbox 218 3989 1880 4064">
    <p class='ocr_par' dir='ltr' id='par_1_74' title="bbox 218 3989 1880 4064">
     <span class='ocr_line' id='line_1_74' title="bbox 218 3989 1880 4064; baseline 0.001 -20"><span class='ocrx_word' id='word_1_527' title='bbox 218 3989 480 4062; x_wconf 87' lang='lat' dir='ltr'>inquam,</span> <span class='ocrx_word' id='word_1_528' title='bbox 504 3990 830 4064; x_wconf 88' lang='lat' dir='ltr'>benignum</span> <span class='ocrx_word' id='word_1_529' title='bbox 862 3990 923 4046; x_wconf 88' lang='lat' dir='ltr'>in</span> <span class='ocrx_word' id='word_1_530' title='bbox 957 3991 1144 4047; x_wconf 89' lang='lat' dir='ltr'>salute</span> <span class='ocrx_word' id='word_1_531' title='bbox 1176 3991 1564 4064; x_wconf 87' lang='lat' dir='ltr'>perditorum,</span> <span class='ocrx_word' id='word_1_532' title='bbox 1585 3996 1644 4045; x_wconf 87' lang='lat' dir='ltr'>et</span> <span class='ocrx_word' id='word_1_533' title='bbox 1673 3992 1729 4045; x_wconf 92' lang='lat' dir='ltr'>in</span> <span class='ocrx_word' id='word_1_534' title='bbox 1761 3991 1880 4046; x_wconf 88' lang='lat' dir='ltr'>vita</span> 
     </span>
    </p>
   </div>
   <div class='ocr_carea' id='block_1_75' title="bbox 216 4079 1876 4150">
    <p class='ocr_par' dir='ltr' id='par_1_75' title="bbox 216 4079 1876 4150">
     <span class='ocr_line' id='line_1_75' title="bbox 216 4079 1876 4150; baseline 0.001 -17"><span class='ocrx_word' id='word_1_535' title='bbox 216 4080 699 4136; x_wconf 85' lang='lat' dir='ltr'>mortiﬁcatorum</span> <span class='ocrx_word' id='word_1_536' title='bbox 723 4079 1019 4150; x_wconf 85' lang='lat' dir='ltr'>delectari,</span> <span class='ocrx_word' id='word_1_537' title='bbox 1044 4085 1102 4135; x_wconf 90' lang='lat' dir='ltr'>et</span> <span class='ocrx_word' id='word_1_538' title='bbox 1124 4080 1250 4135; x_wconf 90' lang='lat' dir='ltr'>sine</span> <span class='ocrx_word' id='word_1_539' title='bbox 1281 4079 1562 4136; x_wconf 84' lang='lat' dir='ltr'>dilatione</span> <span class='ocrx_word' id='word_1_540' title='bbox 1594 4079 1652 4134; x_wconf 90' lang='lat' dir='ltr'>in</span> <span class='ocrx_word' id='word_1_541' title='bbox 1676 4079 1876 4135; x_wconf 76' lang='lat' dir='ltr'>hume&#39;</span> 
     </span>
    </p>
   </div>
   <div class='ocr_carea' id='block_1_76' title="bbox 217 4167 1877 4240">
    <p class='ocr_par' dir='ltr' id='par_1_76' title="bbox 217 4167 1877 4240">
     <span class='ocr_line' id='line_1_76' title="bbox 217 4167 1877 4240; baseline 0.001 -18"><span class='ocrx_word' id='word_1_542' title='bbox 217 4168 292 4223; x_wconf 88' lang='lat' dir='ltr'>ris</span> <span class='ocrx_word' id='word_1_543' title='bbox 323 4168 448 4223; x_wconf 89' lang='lat' dir='ltr'>tolli</span> <span class='ocrx_word' id='word_1_544' title='bbox 494 4169 592 4224; x_wconf 79' lang='lat' dir='ltr'>vix</span> <span class='ocrx_word' id='word_1_545' title='bbox 640 4169 714 4224; x_wconf 90' lang='lat' dir='ltr'>ab</span> <span class='ocrx_word' id='word_1_546' title='bbox 763 4185 961 4224; x_wconf 86' lang='lat' dir='ltr'>errore</span> <span class='ocrx_word' id='word_1_547' title='bbox 1011 4171 1466 4233; x_wconf 87' lang='lat' dir='ltr'>convertentem,</span> <span class='ocrx_word' id='word_1_548' title='bbox 1499 4171 1558 4222; x_wconf 91' lang='lat' dir='ltr'>et</span> <span class='ocrx_word' id='word_1_549' title='bbox 1593 4167 1877 4240; x_wconf 88' lang='lat' dir='ltr'>benignos</span> 
     </span>
    </p>
   </div>
   <div class='ocr_carea' id='block_1_77' title="bbox 217 4256 1877 4329">
    <p class='ocr_par' dir='ltr' id='par_1_77' title="bbox 217 4256 1877 4329">
     <span class='ocr_line' id='line_1_77' title="bbox 217 4256 1877 4329; baseline 0.002 -18"><span class='ocrx_word' id='word_1_550' title='bbox 217 4257 450 4329; x_wconf 86' lang='lat' dir='ltr'>angelos</span> <span class='ocrx_word' id='word_1_551' title='bbox 497 4258 572 4313; x_wconf 88' lang='lat' dir='ltr'>ad</span> <span class='ocrx_word' id='word_1_552' title='bbox 623 4257 1022 4329; x_wconf 88' lang='lat' dir='ltr'>epulationem</span> <span class='ocrx_word' id='word_1_553' title='bbox 1095 4257 1368 4322; x_wconf 80' lang='lat' dir='ltr'>excitare,</span> <span class='ocrx_word' id='word_1_554' title='bbox 1421 4256 1520 4329; x_wconf 89' lang='lat' dir='ltr'>qui</span> <span class='ocrx_word' id='word_1_555' title='bbox 1587 4257 1877 4329; x_wconf 87' lang='lat' dir='ltr'>benignus</span> 
     </span>
    </p>
   </div>
   <div class='ocr_carea' id='block_1_78' title="bbox 218 4345 1878 4420">
    <p class='ocr_par' dir='ltr' id='par_1_78' title="bbox 218 4345 1878 4420">
     <span class='ocr_line' id='line_1_78' title="bbox 218 4345 1878 4420; baseline 0 -20"><span class='ocrx_word' id='word_1_556' title='bbox 218 4351 301 4401; x_wconf 89' lang='lat' dir='ltr'>est</span> <span class='ocrx_word' id='word_1_557' title='bbox 327 4363 511 4420; x_wconf 87' lang='lat' dir='ltr'>super</span> <span class='ocrx_word' id='word_1_558' title='bbox 541 4347 826 4419; x_wconf 89' lang='lat' dir='ltr'>ingratos,</span> <span class='ocrx_word' id='word_1_559' title='bbox 845 4351 904 4402; x_wconf 88' lang='lat' dir='ltr'>et</span> <span class='ocrx_word' id='word_1_560' title='bbox 934 4346 1073 4401; x_wconf 90' lang='lat' dir='ltr'>oriri</span> <span class='ocrx_word' id='word_1_561' title='bbox 1107 4346 1245 4401; x_wconf 83' lang='lat' dir='ltr'>facit</span> <span class='ocrx_word' id='word_1_562' title='bbox 1275 4345 1458 4402; x_wconf 89' lang='lat' dir='ltr'>solem</span> <span class='ocrx_word' id='word_1_563' title='bbox 1491 4361 1668 4400; x_wconf 90' lang='lat' dir='ltr'>suum</span> <span class='ocrx_word' id='word_1_564' title='bbox 1701 4363 1878 4418; x_wconf 88' lang='lat' dir='ltr'>super</span> 
     </span>
    </p>
   </div>
   <div class='ocr_carea' id='block_1_79' title="bbox 223 4433 1876 4507">
    <p class='ocr_par' dir='ltr' id='par_1_79' title="bbox 223 4433 1876 4507">
     <span class='ocr_line' id='line_1_79' title="bbox 223 4433 1876 4507; baseline 0.001 -18"><span class='ocrx_word' id='word_1_565' title='bbox 223 4434 402 4490; x_wconf 85' lang='lat' dir='ltr'>malos</span> <span class='ocrx_word' id='word_1_566' title='bbox 431 4439 492 4490; x_wconf 89' lang='lat' dir='ltr'>et</span> <span class='ocrx_word' id='word_1_567' title='bbox 523 4435 732 4501; x_wconf 86' lang='lat' dir='ltr'>bonos,</span> <span class='ocrx_word' id='word_1_568' title='bbox 767 4439 825 4490; x_wconf 90' lang='lat' dir='ltr'>et</span> <span class='ocrx_word' id='word_1_569' title='bbox 855 4435 1045 4506; x_wconf 86' lang='lat' dir='ltr'>ipsam</span> <span class='ocrx_word' id='word_1_570' title='bbox 1089 4434 1347 4490; x_wconf 81' lang='lat' dir='ltr'>animum</span> <span class='ocrx_word' id='word_1_571' title='bbox 1379 4451 1548 4489; x_wconf 90' lang='lat' dir='ltr'>suam</span> <span class='ocrx_word' id='word_1_572' title='bbox 1581 4433 1744 4506; x_wconf 87' lang='lat' dir='ltr'>ponit</span> <span class='ocrx_word' id='word_1_573' title='bbox 1773 4451 1876 4507; x_wconf 91' lang='lat' dir='ltr'>pro</span> 
     </span>
    </p>
   </div>
   <div class='ocr_carea' id='block_1_80' title="bbox 1985 3273 3638 3347">
    <p class='ocr_par' dir='ltr' id='par_1_80' title="bbox 1985 3273 3638 3347">
     <span class='ocr_line' id='line_1_80' title="bbox 1985 3273 3638 3347; baseline 0 -17"><span class='ocrx_word' id='word_1_574' title='bbox 1985 3275 2227 3343; x_wconf 87' lang='lat' dir='ltr'>lumine,</span> <span class='ocrx_word' id='word_1_575' title='bbox 2262 3279 2362 3329; x_wconf 88' lang='lat' dir='ltr'>aut</span> <span class='ocrx_word' id='word_1_576' title='bbox 2417 3275 2488 3331; x_wconf 88' lang='lat' dir='ltr'>de</span> <span class='ocrx_word' id='word_1_577' title='bbox 2545 3273 3042 3330; x_wconf 88' lang='lat' dir='ltr'>intellectualibus</span> <span class='ocrx_word' id='word_1_578' title='bbox 3102 3278 3428 3347; x_wconf 86' lang='lat' dir='ltr'>spontaneo</span> <span class='ocrx_word' id='word_1_579' title='bbox 3482 3275 3638 3332; x_wconf 88' lang='lat' dir='ltr'>arbi-</span> 
     </span>
    </p>
   </div>
   <div class='ocr_carea' id='block_1_81' title="bbox 1984 3362 3636 3436">
    <p class='ocr_par' dir='ltr' id='par_1_81' title="bbox 1984 3362 3636 3436">
     <span class='ocr_line' id='line_1_81' title="bbox 1984 3362 3636 3436; baseline 0 -16"><span class='ocrx_word' id='word_1_580' title='bbox 1984 3365 2096 3420; x_wconf 88' lang='lat' dir='ltr'>trio</span> <span class='ocrx_word' id='word_1_581' title='bbox 2127 3365 2364 3420; x_wconf 72' lang='lat' dir='ltr'>malitiae</span> <span class='ocrx_word' id='word_1_582' title='bbox 2411 3363 2729 3436; x_wconf 87' lang='lat' dir='ltr'>cupiditate</span> <span class='ocrx_word' id='word_1_583' title='bbox 2775 3362 3132 3420; x_wconf 86' lang='lat' dir='ltr'>concludens</span> <span class='ocrx_word' id='word_1_584' title='bbox 3171 3364 3518 3420; x_wconf 86' lang='lat' dir='ltr'>naturaliter</span> <span class='ocrx_word' id='word_1_585' title='bbox 3546 3365 3636 3420; x_wconf 82' lang='lat' dir='ltr'>iu-</span> 
     </span>
    </p>
   </div>
   <div class='ocr_carea' id='block_1_82' title="bbox 1985 3451 3638 3527">
    <p class='ocr_par' dir='ltr' id='par_1_82' title="bbox 1985 3451 3638 3527">
     <span class='ocr_line' id='line_1_82' title="bbox 1985 3451 3638 3527; baseline 0.002 -19"><span class='ocrx_word' id='word_1_586' title='bbox 1985 3472 2218 3526; x_wconf 87' lang='lat' dir='ltr'>spersas</span> <span class='ocrx_word' id='word_1_587' title='bbox 2247 3453 2358 3508; x_wconf 88' lang='lat' dir='ltr'>sibi</span> <span class='ocrx_word' id='word_1_588' title='bbox 2402 3451 2802 3509; x_wconf 83' lang='lat' dir='ltr'>adilluminari</span> <span class='ocrx_word' id='word_1_589' title='bbox 2851 3451 3095 3508; x_wconf 89' lang='lat' dir='ltr'>virtutes</span> <span class='ocrx_word' id='word_1_590' title='bbox 3145 3469 3251 3525; x_wconf 91' lang='lat' dir='ltr'>per</span> <span class='ocrx_word' id='word_1_591' title='bbox 3279 3453 3542 3527; x_wconf 86' lang='lat' dir='ltr'>scipsum</span> <span class='ocrx_word' id='word_1_592' title='bbox 3575 3469 3638 3512; x_wconf 84' lang='lat' dir='ltr'>se</span> 
     </span>
    </p>
   </div>
   <div class='ocr_carea' id='block_1_83' title="bbox 1985 3545 3644 3606">
    <p class='ocr_par' dir='ltr' id='par_1_83' title="bbox 1985 3545 3644 3606">
     <span class='ocr_line' id='line_1_83' title="bbox 1985 3545 3644 3606; baseline -0.001 -8"><span class='ocrx_word' id='word_1_593' title='bbox 1985 3545 2270 3598; x_wconf 81' lang='lat' dir='ltr'>destruet.</span> <span class='ocrx_word' id='word_1_594' title='bbox 3638 3601 3644 3606; x_wconf 94' lang='lat'>_</span> 
     </span>
    </p>
   </div>
   <div class='ocr_carea' id='block_1_84' title="bbox 2056 3630 3640 3706">
    <p class='ocr_par' dir='ltr' id='par_1_84' title="bbox 2056 3630 3640 3706">
     <span class='ocr_line' id='line_1_84' title="bbox 2056 3630 3640 3706; baseline 0.001 -19"><span class='ocrx_word' id='word_1_595' title='bbox 2056 3631 2377 3703; x_wconf 67' lang='lat' dir='ltr'>Cyprianus</span> <span class='ocrx_word' id='word_1_596' title='bbox 2425 3648 2676 3702; x_wconf 85' lang='lat' dir='ltr'>quoque,</span> <span class='ocrx_word' id='word_1_597' title='bbox 2711 3631 2912 3685; x_wconf 86' lang='lat' dir='ltr'>doctor</span> <span class='ocrx_word' id='word_1_598' title='bbox 2966 3630 3251 3686; x_wconf 90' lang='lat' dir='ltr'>miriﬁcus</span> <span class='ocrx_word' id='word_1_599' title='bbox 3305 3635 3366 3688; x_wconf 87' lang='lat' dir='ltr'>et</span> <span class='ocrx_word' id='word_1_600' title='bbox 3416 3637 3640 3706; x_wconf 87' lang='lat' dir='ltr'>martyr</span> 
     </span>
    </p>
   </div>
   <div class='ocr_carea' id='block_1_85' title="bbox 1986 3719 3634 3794">
    <p class='ocr_par' dir='ltr' id='par_1_85' title="bbox 1986 3719 3634 3794">
     <span class='ocr_line' id='line_1_85' title="bbox 1986 3719 3634 3794; baseline 0.002 -19"><span class='ocrx_word' id='word_1_601' title='bbox 1986 3721 2355 3794; x_wconf 80' lang='lat' dir='ltr'>magniﬁcus,</span> <span class='ocrx_word' id='word_1_602' title='bbox 2393 3721 2449 3774; x_wconf 84' lang='lat' dir='ltr'>in</span> <span class='ocrx_word' id='word_1_603' title='bbox 2480 3721 2625 3774; x_wconf 89' lang='lat' dir='ltr'>libro</span> <span class='ocrx_word' id='word_1_604' title='bbox 2656 3720 2725 3774; x_wconf 89' lang='lat' dir='ltr'>de</span> <span class='ocrx_word' id='word_1_605' title='bbox 2757 3719 3029 3775; x_wconf 84' lang='lat' dir='ltr'>Oratione</span> <span class='ocrx_word' id='word_1_606' title='bbox 3060 3719 3402 3776; x_wconf 87' lang='lat' dir='ltr'>Dominica:</span> <span class='ocrx_word' id='word_1_607' title='bbox 3436 3743 3463 3770; x_wconf 84' lang='grc'>‹‹</span> <span class='ocrx_word' id='word_1_608' title='bbox 3489 3722 3634 3778; x_wconf 86' lang='lat' dir='ltr'>Nam</span> 
     </span>
    </p>
   </div>
   <div class='ocr_carea' id='block_1_86' title="bbox 1984 3807 3632 3881">
    <p class='ocr_par' dir='ltr' id='par_1_86' title="bbox 1984 3807 3632 3881">
     <span class='ocr_line' id='line_1_86' title="bbox 1984 3807 3632 3881; baseline -0.001 -16"><span class='ocrx_word' id='word_1_609' title='bbox 1984 3828 2117 3866; x_wconf 89' lang='lat' dir='ltr'>cum</span> <span class='ocrx_word' id='word_1_610' title='bbox 2152 3809 2425 3881; x_wconf 86' lang='lat' dir='ltr'>discipuli</span> <span class='ocrx_word' id='word_1_611' title='bbox 2457 3809 2528 3864; x_wconf 87' lang='lat' dir='ltr'>ab</span> <span class='ocrx_word' id='word_1_612' title='bbox 2561 3826 2627 3863; x_wconf 83' lang='lat' dir='ltr'>co</span> <span class='ocrx_word' id='word_1_613' title='bbox 2655 3825 2770 3863; x_wconf 88' lang='lat' dir='ltr'>non</span> <span class='ocrx_word' id='word_1_614' title='bbox 2804 3809 2930 3878; x_wconf 87' lang='lat' dir='ltr'>jam</span> <span class='ocrx_word' id='word_1_615' title='bbox 2980 3807 3194 3863; x_wconf 89' lang='lat' dir='ltr'>terreni</span> <span class='ocrx_word' id='word_1_616' title='bbox 3244 3807 3632 3880; x_wconf 88' lang='lat' dir='ltr'>appellentur,</span> 
     </span>
    </p>
   </div>
   <div class='ocr_carea' id='block_1_87' title="bbox 1985 3895 3634 3970">
    <p class='ocr_par' dir='ltr' id='par_1_87' title="bbox 1985 3895 3634 3970">
     <span class='ocr_line' id='line_1_87' title="bbox 1985 3895 3634 3970; baseline -0.001 -15"><span class='ocrx_word' id='word_1_617' title='bbox 1985 3899 2086 3955; x_wconf 88' lang='lat' dir='ltr'>sed</span> <span class='ocrx_word' id='word_1_618' title='bbox 2119 3899 2204 3954; x_wconf 87' lang='lat' dir='ltr'>sal</span> <span class='ocrx_word' id='word_1_619' title='bbox 2239 3903 2400 3953; x_wconf 61' lang='lat' dir='ltr'>terra;</span> <span class='ocrx_word' id='word_1_620' title='bbox 2430 3897 2636 3964; x_wconf 78' lang='lat' dir='ltr'>(Matth.</span> <span class='ocrx_word' id='word_1_621' title='bbox 2669 3915 2760 3964; x_wconf 86' lang='lat' dir='ltr'>xv,</span> <span class='ocrx_word' id='word_1_622' title='bbox 2797 3898 2906 3965; x_wconf 86' lang='grc'>13),</span> <span class='ocrx_word' id='word_1_623' title='bbox 2939 3901 2996 3951; x_wconf 89' lang='lat' dir='ltr'>et</span> <span class='ocrx_word' id='word_1_624' title='bbox 3022 3895 3334 3968; x_wconf 88' lang='lat' dir='ltr'>Apostolus</span> <span class='ocrx_word' id='word_1_625' title='bbox 3376 3898 3634 3970; x_wconf 87' lang='lat' dir='ltr'>primum</span> 
     </span>
    </p>
   </div>
   <div class='ocr_carea' id='block_1_88' title="bbox 1985 3984 3636 4054">
    <p class='ocr_par' dir='ltr' id='par_1_88' title="bbox 1985 3984 3636 4054">
     <span class='ocr_line' id='line_1_88' title="bbox 1985 3984 3636 4054; baseline -0.001 -11"><span class='ocrx_word' id='word_1_626' title='bbox 1985 3984 2283 4043; x_wconf 86' lang='lat' dir='ltr'>hominem</span> <span class='ocrx_word' id='word_1_627' title='bbox 2300 3991 2464 4041; x_wconf 88' lang='lat' dir='ltr'>vocet</span> <span class='ocrx_word' id='word_1_628' title='bbox 2482 3987 2552 4042; x_wconf 89' lang='lat' dir='ltr'>de</span> <span class='ocrx_word' id='word_1_629' title='bbox 2573 3991 2736 4040; x_wconf 62' lang='lat' dir='ltr'>terrae</span> <span class='ocrx_word' id='word_1_630' title='bbox 2751 3985 3252 4054; x_wconf 84' lang='lat' dir='ltr'>limo,sccundum</span> <span class='ocrx_word' id='word_1_631' title='bbox 3265 4003 3398 4042; x_wconf 89' lang='lat' dir='ltr'>vero</span> <span class='ocrx_word' id='word_1_632' title='bbox 3411 3987 3481 4042; x_wconf 86' lang='lat' dir='ltr'>de</span> <span class='ocrx_word' id='word_1_633' title='bbox 3493 3986 3636 4043; x_wconf 75' lang='lat' dir='ltr'>cmlo</span> 
     </span>
    </p>
   </div>
   <div class='ocr_carea' id='block_1_89' title="bbox 1984 4072 3632 4150">
    <p class='ocr_par' dir='ltr' id='par_1_89' title="bbox 1984 4072 3632 4150">
     <span class='ocr_line' id='line_1_89' title="bbox 1984 4072 3632 4150; baseline 0 -18"><span class='ocrx_word' id='word_1_634' title='bbox 1984 4079 2032 4150; x_wconf 88' lang='grc' dir='ltr'>(Ι</span> <span class='ocrx_word' id='word_1_635' title='bbox 2061 4078 2181 4132; x_wconf 83' lang='lat' dir='ltr'>Cor.</span> <span class='ocrx_word' id='word_1_636' title='bbox 2215 4094 2307 4140; x_wconf 83' lang='lat' dir='ltr'>xv,</span> <span class='ocrx_word' id='word_1_637' title='bbox 2342 4075 2469 4146; x_wconf 78' lang='lat'>4-7);</span> <span class='ocrx_word' id='word_1_638' title='bbox 2511 4078 2570 4129; x_wconf 89' lang='lat' dir='ltr'>et</span> <span class='ocrx_word' id='word_1_639' title='bbox 2619 4091 2747 4141; x_wconf 91' lang='lat' dir='ltr'>nos,</span> <span class='ocrx_word' id='word_1_640' title='bbox 2801 4072 2901 4145; x_wconf 92' lang='lat' dir='ltr'>qui</span> <span class='ocrx_word' id='word_1_641' title='bbox 2960 4090 3088 4129; x_wconf 89' lang='lat' dir='ltr'>esse</span> <span class='ocrx_word' id='word_1_642' title='bbox 3149 4075 3429 4132; x_wconf 89' lang='lat' dir='ltr'>debemus</span> <span class='ocrx_word' id='word_1_643' title='bbox 3478 4075 3632 4132; x_wconf 85' lang='lat' dir='ltr'>Patri</span> 
     </span>
    </p>
   </div>
   <div class='ocr_carea' id='block_1_90' title="bbox 1983 4161 3632 4236">
    <p class='ocr_par' dir='ltr' id='par_1_90' title="bbox 1983 4161 3632 4236">
     <span class='ocr_line' id='line_1_90' title="bbox 1983 4161 3632 4236; baseline -0.002 -12"><span class='ocrx_word' id='word_1_644' title='bbox 1983 4168 2100 4224; x_wconf 87' lang='lat' dir='ltr'>Deo</span> <span class='ocrx_word' id='word_1_645' title='bbox 2122 4165 2368 4232; x_wconf 90' lang='lat' dir='ltr'>similes,</span> <span class='ocrx_word' id='word_1_646' title='bbox 2394 4163 2496 4236; x_wconf 90' lang='lat' dir='ltr'>qui</span> <span class='ocrx_word' id='word_1_647' title='bbox 2519 4161 2702 4218; x_wconf 91' lang='lat' dir='ltr'>solem</span> <span class='ocrx_word' id='word_1_648' title='bbox 2725 4179 2900 4217; x_wconf 90' lang='lat' dir='ltr'>suum</span> <span class='ocrx_word' id='word_1_649' title='bbox 2922 4162 3060 4217; x_wconf 91' lang='lat' dir='ltr'>oriri</span> <span class='ocrx_word' id='word_1_650' title='bbox 3086 4161 3224 4218; x_wconf 86' lang='lat' dir='ltr'>facit</span> <span class='ocrx_word' id='word_1_651' title='bbox 3244 4180 3420 4236; x_wconf 90' lang='lat' dir='ltr'>super</span> <span class='ocrx_word' id='word_1_652' title='bbox 3449 4165 3632 4220; x_wconf 88' lang='lat' dir='ltr'>bonos</span> 
     </span>
    </p>
   </div>
   <div class='ocr_carea' id='block_1_91' title="bbox 1983 4251 3633 4326">
    <p class='ocr_par' dir='ltr' id='par_1_91' title="bbox 1983 4251 3633 4326">
     <span class='ocr_line' id='line_1_91' title="bbox 1983 4251 3633 4326; baseline -0.004 -12"><span class='ocrx_word' id='word_1_653' title='bbox 1983 4261 2040 4314; x_wconf 91' lang='lat' dir='ltr'>et</span> <span class='ocrx_word' id='word_1_654' title='bbox 2061 4255 2333 4323; x_wconf 88' lang='lat' dir='ltr'>malos,et</span> <span class='ocrx_word' id='word_1_655' title='bbox 2354 4251 2503 4326; x_wconf 89' lang='lat' dir='ltr'>pluit</span> <span class='ocrx_word' id='word_1_656' title='bbox 2525 4269 2701 4324; x_wconf 90' lang='lat' dir='ltr'>super</span> <span class='ocrx_word' id='word_1_657' title='bbox 2711 4251 2906 4322; x_wconf 88' lang='lat' dir='ltr'>justos</span> <span class='ocrx_word' id='word_1_658' title='bbox 2931 4255 2988 4306; x_wconf 91' lang='lat' dir='ltr'>et</span> <span class='ocrx_word' id='word_1_659' title='bbox 3011 4251 3372 4323; x_wconf 85' lang='lat' dir='ltr'>injustos,sic</span> <span class='ocrx_word' id='word_1_660' title='bbox 3403 4252 3633 4308; x_wconf 86' lang='lat' dir='ltr'>Christo</span> 
     </span>
    </p>
   </div>
   <div class='ocr_carea' id='block_1_92' title="bbox 1983 4337 3629 4412">
    <p class='ocr_par' dir='ltr' id='par_1_92' title="bbox 1983 4337 3629 4412">
     <span class='ocr_line' id='line_1_92' title="bbox 1983 4337 3629 4412; baseline -0.004 -11"><span class='ocrx_word' id='word_1_661' title='bbox 1983 4348 2520 4408; x_wconf 86' lang='lat' dir='ltr'>monente,oramus</span> <span class='ocrx_word' id='word_1_662' title='bbox 2541 4345 2599 4396; x_wconf 91' lang='lat' dir='ltr'>ct</span> <span class='ocrx_word' id='word_1_663' title='bbox 2619 4340 2967 4412; x_wconf 87' lang='lat' dir='ltr'>petimus,ut</span> <span class='ocrx_word' id='word_1_664' title='bbox 2987 4353 3216 4410; x_wconf 89' lang='lat' dir='ltr'>precem</span> <span class='ocrx_word' id='word_1_665' title='bbox 3238 4354 3342 4408; x_wconf 90' lang='lat' dir='ltr'>pro</span> <span class='ocrx_word' id='word_1_666' title='bbox 3363 4337 3629 4394; x_wconf 87' lang='lat' dir='ltr'>omnium</span> 
     </span>
    </p>
   </div>
   <div class='ocr_carea' id='block_1_93' title="bbox 1982 4424 3632 4499">
    <p class='ocr_par' dir='ltr' id='par_1_93' title="bbox 1982 4424 3632 4499">
     <span class='ocr_line' id='line_1_93' title="bbox 1982 4424 3632 4499; baseline -0.005 -9"><span class='ocrx_word' id='word_1_667' title='bbox 1982 4435 2170 4490; x_wconf 86' lang='lat' dir='ltr'>salute</span> <span class='ocrx_word' id='word_1_668' title='bbox 2220 4432 2504 4487; x_wconf 85' lang='lat' dir='ltr'>faciamus</span> <span class='ocrx_word' id='word_1_669' title='bbox 2537 4445 2551 4483; x_wconf 89' lang='lat'><strong>:</strong></span> <span class='ocrx_word' id='word_1_670' title='bbox 2585 4433 2650 4484; x_wconf 90' lang='lat' dir='ltr'>ut</span> <span class='ocrx_word' id='word_1_671' title='bbox 2699 4426 2991 4499; x_wconf 88' lang='lat' dir='ltr'>quomodo</span> <span class='ocrx_word' id='word_1_672' title='bbox 3045 4425 3107 4480; x_wconf 90' lang='lat' dir='ltr'>in</span> <span class='ocrx_word' id='word_1_673' title='bbox 3166 4424 3328 4494; x_wconf 63' lang='lat' dir='ltr'>caelo,</span> <span class='ocrx_word' id='word_1_674' title='bbox 3361 4424 3421 4480; x_wconf 90' lang='lat' dir='ltr'>id</span> <span class='ocrx_word' id='word_1_675' title='bbox 3449 4430 3538 4482; x_wconf 90' lang='lat' dir='ltr'>est</span> <span class='ocrx_word' id='word_1_676' title='bbox 3569 4427 3632 4482; x_wconf 79' lang='lat' dir='ltr'>in</span> 
     </span>
    </p>
   </div>
   <div class='ocr_carea' id='block_1_94' title="bbox 219 4512 3632 4603">
    <p class='ocr_par' dir='ltr' id='par_1_94' title="bbox 219 4512 3632 4603">
     <span class='ocr_line' id='line_1_94' title="bbox 219 4512 3632 4603; baseline -0.001 -25"><span class='ocrx_word' id='word_1_677' title='bbox 219 4523 704 4596; x_wconf 81' lang='lat' dir='ltr'>refugientibus.»</span> <span class='ocrx_word' id='word_1_678' title='bbox 725 4524 797 4579; x_wconf 92' lang='lat' dir='ltr'>Et</span> <span class='ocrx_word' id='word_1_679' title='bbox 816 4523 954 4579; x_wconf 90' lang='lat' dir='ltr'>item</span> <span class='ocrx_word' id='word_1_680' title='bbox 987 4524 1060 4578; x_wconf 88' lang='lat' dir='ltr'>ad</span> <span class='ocrx_word' id='word_1_681' title='bbox 1091 4523 1303 4589; x_wconf 90' lang='lat' dir='ltr'>locum,</span> <span class='ocrx_word' id='word_1_682' title='bbox 1334 4524 1566 4594; x_wconf 66' lang='lat' dir='ltr'>Expavit</span> <span class='ocrx_word' id='word_1_683' title='bbox 1592 4523 1783 4578; x_wconf 65' lang='lat' dir='ltr'>caelum</span> <span class='ocrx_word' id='word_1_684' title='bbox 1812 4526 1872 4579; x_wconf 84' lang='lat' dir='ltr'>in</span> <span class='ocrx_word' id='word_1_685' title='bbox 1903 4538 1948 4603; x_wconf 85' lang='lat' dir='ltr'><strong>D</strong></span> <span class='ocrx_word' id='word_1_686' title='bbox 1984 4523 2285 4594; x_wconf 88' lang='lat' dir='ltr'>nobis,pcr</span> <span class='ocrx_word' id='word_1_687' title='bbox 2315 4519 2490 4573; x_wconf 85' lang='lat' dir='ltr'>ﬁdem</span> <span class='ocrx_word' id='word_1_688' title='bbox 2524 4520 2783 4572; x_wconf 83' lang='lat' dir='ltr'>nostram</span> <span class='ocrx_word' id='word_1_689' title='bbox 2816 4513 3086 4603; x_wconf 83' lang='lat' dir='ltr'>voluntas</span> <span class='ocrx_word' id='word_1_690' title='bbox 3117 4512 3220 4570; x_wconf 89' lang='lat' dir='ltr'>Dei</span> <span class='ocrx_word' id='word_1_691' title='bbox 3251 4513 3538 4603; x_wconf 85' lang='lat' dir='ltr'>factaest,</span> <span class='ocrx_word' id='word_1_692' title='bbox 3565 4521 3632 4574; x_wconf 72' lang='lat' dir='ltr'>ut</span> 
     </span>
    </p>
   </div>
   <div class='ocr_carea' id='block_1_95' title="bbox 218 4602 3633 4686">
    <p class='ocr_par' dir='ltr' id='par_1_95' title="bbox 218 4602 3633 4686">
     <span class='ocr_line' id='line_1_95' title="bbox 218 4602 3633 4686; baseline -0.001 -20"><span class='ocrx_word' id='word_1_693' title='bbox 218 4612 360 4667; x_wconf 75' lang='lat' dir='ltr'>istud</span> <span class='ocrx_word' id='word_1_694' title='bbox 382 4631 401 4666; x_wconf 93' lang='lat'><strong><em>:</em></strong></span> <span class='ocrx_word' id='word_1_695' title='bbox 435 4635 464 4661; x_wconf 86' lang='grc'><em>‹‹</em></span> <span class='ocrx_word' id='word_1_696' title='bbox 497 4613 572 4668; x_wconf 87' lang='lat' dir='ltr'>Et</span> <span class='ocrx_word' id='word_1_697' title='bbox 601 4612 806 4668; x_wconf 88' lang='lat' dir='ltr'>horrui</span> <span class='ocrx_word' id='word_1_698' title='bbox 852 4629 981 4686; x_wconf 88' lang='lat' dir='ltr'>ego,</span> <span class='ocrx_word' id='word_1_699' title='bbox 1013 4611 1152 4685; x_wconf 86' lang='lat' dir='ltr'>quia</span> <span class='ocrx_word' id='word_1_700' title='bbox 1183 4610 1566 4682; x_wconf 87' lang='lat' dir='ltr'>Demophilus</span> <span class='ocrx_word' id='word_1_701' title='bbox 1597 4611 1872 4683; x_wconf 88' lang='lat' dir='ltr'>opinatur</span> <span class='ocrx_word' id='word_1_702' title='bbox 1981 4628 2247 4668; x_wconf 89' lang='lat' dir='ltr'>essemus</span> <span class='ocrx_word' id='word_1_703' title='bbox 2269 4626 2300 4663; x_wconf 93' lang='lat' dir='ltr'>e</span> <span class='ocrx_word' id='word_1_704' title='bbox 2322 4606 2462 4662; x_wconf 83' lang='lat' dir='ltr'>coelo</span> <span class='ocrx_word' id='word_1_705' title='bbox 2489 4623 2501 4672; x_wconf 94' lang='lat'><strong>;</strong></span> <span class='ocrx_word' id='word_1_706' title='bbox 2526 4603 2608 4660; x_wconf 89' lang='lat' dir='ltr'>ita</span> <span class='ocrx_word' id='word_1_707' title='bbox 2637 4607 2694 4660; x_wconf 90' lang='lat' dir='ltr'>et</span> <span class='ocrx_word' id='word_1_708' title='bbox 2723 4603 2782 4657; x_wconf 90' lang='lat' dir='ltr'>in</span> <span class='ocrx_word' id='word_1_709' title='bbox 2813 4607 2986 4671; x_wconf 87' lang='lat' dir='ltr'>terra,</span> <span class='ocrx_word' id='word_1_710' title='bbox 3019 4602 3128 4658; x_wconf 92' lang='lat' dir='ltr'>hoc</span> <span class='ocrx_word' id='word_1_711' title='bbox 3157 4607 3248 4658; x_wconf 89' lang='lat' dir='ltr'>est</span> <span class='ocrx_word' id='word_1_712' title='bbox 3277 4603 3337 4658; x_wconf 91' lang='lat' dir='ltr'>in</span> <span class='ocrx_word' id='word_1_713' title='bbox 3367 4602 3487 4661; x_wconf 89' lang='lat' dir='ltr'>illis</span> <span class='ocrx_word' id='word_1_714' title='bbox 3513 4621 3633 4661; x_wconf 87' lang='lat' dir='ltr'>cre-</span> 
     </span>
    </p>
   </div>
   <div class='ocr_carea' id='block_1_96' title="bbox 219 4699 1875 4773">
    <p class='ocr_par' dir='ltr' id='par_1_96' title="bbox 219 4699 1875 4773">
     <span class='ocr_line' id='line_1_96' title="bbox 219 4699 1875 4773; baseline 0.001 -19"><span class='ocrx_word' id='word_1_715' title='bbox 219 4699 540 4773; x_wconf 86' lang='lat' dir='ltr'>benignum</span> <span class='ocrx_word' id='word_1_716' title='bbox 572 4701 632 4756; x_wconf 89' lang='lat' dir='ltr'>in</span> <span class='ocrx_word' id='word_1_717' title='bbox 665 4718 871 4757; x_wconf 90' lang='lat' dir='ltr'>omnes</span> <span class='ocrx_word' id='word_1_718' title='bbox 891 4701 1163 4758; x_wconf 89' lang='lat' dir='ltr'>homines</span> <span class='ocrx_word' id='word_1_719' title='bbox 1195 4701 1376 4756; x_wconf 89' lang='lat' dir='ltr'>Deum</span> <span class='ocrx_word' id='word_1_720' title='bbox 1401 4717 1514 4756; x_wconf 91' lang='lat' dir='ltr'>non</span> <span class='ocrx_word' id='word_1_721' title='bbox 1537 4717 1665 4756; x_wconf 90' lang='lat' dir='ltr'>esse</span> <span class='ocrx_word' id='word_1_722' title='bbox 1686 4705 1742 4756; x_wconf 89' lang='lat' dir='ltr'>et</span> <span class='ocrx_word' id='word_1_723' title='bbox 1771 4702 1875 4756; x_wconf 91' lang='lat' dir='ltr'>hu-</span> 
     </span>
    </p>
   </div>
   <div class='ocr_carea' id='block_1_97' title="bbox 221 4789 1870 4863">
    <p class='ocr_par' dir='ltr' id='par_1_97' title="bbox 221 4789 1870 4863">
     <span class='ocr_line' id='line_1_97' title="bbox 221 4789 1870 4863; baseline 0.002 -20"><span class='ocrx_word' id='word_1_724' title='bbox 221 4805 482 4857; x_wconf 83' lang='lat' dir='ltr'>manum,</span> <span class='ocrx_word' id='word_1_725' title='bbox 509 4807 701 4862; x_wconf 85' lang='lat' dir='ltr'>neque</span> <span class='ocrx_word' id='word_1_726' title='bbox 726 4807 787 4847; x_wconf 90' lang='lat' dir='ltr'>se</span> <span class='ocrx_word' id='word_1_727' title='bbox 807 4790 1070 4863; x_wconf 89' lang='lat' dir='ltr'>indigere</span> <span class='ocrx_word' id='word_1_728' title='bbox 1097 4789 1428 4845; x_wconf 79' lang='lat' dir='ltr'>miserantis</span> <span class='ocrx_word' id='word_1_729' title='bbox 1449 4793 1550 4845; x_wconf 90' lang='lat' dir='ltr'>aut</span> <span class='ocrx_word' id='word_1_730' title='bbox 1570 4789 1870 4858; x_wconf 87' lang='lat' dir='ltr'>salvantis,</span> 
     </span>
    </p>
   </div>
   <div class='ocr_carea' id='block_1_98' title="bbox 222 4877 1870 4951">
    <p class='ocr_par' dir='ltr' id='par_1_98' title="bbox 222 4877 1870 4951">
     <span class='ocr_line' id='line_1_98' title="bbox 222 4877 1870 4951; baseline 0.004 -21"><span class='ocrx_word' id='word_1_731' title='bbox 222 4891 350 4932; x_wconf 86' lang='lat' dir='ltr'>cum</span> <span class='ocrx_word' id='word_1_732' title='bbox 379 4879 718 4934; x_wconf 87' lang='lat' dir='ltr'>sacerdotes</span> <span class='ocrx_word' id='word_1_733' title='bbox 747 4879 1115 4934; x_wconf 88' lang='lat' dir='ltr'>ordinatione</span> <span class='ocrx_word' id='word_1_734' title='bbox 1163 4877 1328 4950; x_wconf 86' lang='lat' dir='ltr'>digni</span> <span class='ocrx_word' id='word_1_735' title='bbox 1359 4878 1703 4951; x_wconf 86' lang='lat' dir='ltr'>benignitati</span> <span class='ocrx_word' id='word_1_736' title='bbox 1734 4881 1870 4936; x_wconf 79' lang='lat' dir='ltr'>olfe-</span> 
     </span>
    </p>
   </div>
   <div class='ocr_carea' id='block_1_99' title="bbox 220 4965 1873 5040">
    <p class='ocr_par' dir='ltr' id='par_1_99' title="bbox 220 4965 1873 5040">
     <span class='ocr_line' id='line_1_99' title="bbox 220 4965 1873 5040; baseline 0.003 -21"><span class='ocrx_word' id='word_1_737' title='bbox 220 4971 354 5020; x_wconf 85' lang='lat' dir='ltr'>runt</span> <span class='ocrx_word' id='word_1_738' title='bbox 381 4966 752 5038; x_wconf 76' lang='lat' dir='ltr'>ignorantiae</span> <span class='ocrx_word' id='word_1_739' title='bbox 782 4967 1004 5040; x_wconf 89' lang='lat' dir='ltr'>populi,</span> <span class='ocrx_word' id='word_1_740' title='bbox 1037 4967 1182 5023; x_wconf 88' lang='lat' dir='ltr'>bene</span> <span class='ocrx_word' id='word_1_741' title='bbox 1221 4965 1617 5038; x_wconf 88' lang='lat' dir='ltr'>intelligentes</span> <span class='ocrx_word' id='word_1_742' title='bbox 1646 4968 1786 5038; x_wconf 87' lang='lat' dir='ltr'>quia</span> <span class='ocrx_word' id='word_1_743' title='bbox 1816 4973 1873 5024; x_wconf 88' lang='lat' dir='ltr'>et</span> 
     </span>
    </p>
   </div>
   <div class='ocr_carea' id='block_1_100' title="bbox 219 5053 1872 5129">
    <p class='ocr_par' dir='ltr' id='par_1_100' title="bbox 219 5053 1872 5129">
     <span class='ocr_line' id='line_1_100' title="bbox 219 5053 1872 5129; baseline 0.004 -23"><span class='ocrx_word' id='word_1_744' title='bbox 219 5053 326 5124; x_wconf 87' lang='lat' dir='ltr'>ipsi</span> <span class='ocrx_word' id='word_1_745' title='bbox 353 5055 666 5128; x_wconf 84' lang='lat' dir='ltr'>subjacent</span> <span class='ocrx_word' id='word_1_746' title='bbox 687 5055 1072 5112; x_wconf 81' lang='lat' dir='ltr'>inﬁrmitati.»</span> <span class='ocrx_word' id='word_1_747' title='bbox 1095 5057 1166 5112; x_wconf 85' lang='lat' dir='ltr'>Et</span> <span class='ocrx_word' id='word_1_748' title='bbox 1183 5055 1355 5128; x_wconf 88' lang='lat' dir='ltr'>paulo</span> <span class='ocrx_word' id='word_1_749' title='bbox 1373 5061 1534 5128; x_wconf 90' lang='lat' dir='ltr'>post:</span> <span class='ocrx_word' id='word_1_750' title='bbox 1560 5058 1872 5129; x_wconf 86' lang='lat' dir='ltr'>«Increpat</span> 
     </span>
    </p>
   </div>
   <div class='ocr_carea' id='block_1_101' title="bbox 219 5143 1870 5217">
    <p class='ocr_par' dir='ltr' id='par_1_101' title="bbox 219 5143 1870 5217">
     <span class='ocr_line' id='line_1_101' title="bbox 219 5143 1870 5217; baseline 0.003 -21"><span class='ocrx_word' id='word_1_751' title='bbox 219 5147 410 5199; x_wconf 83' lang='lat' dir='ltr'>autem</span> <span class='ocrx_word' id='word_1_752' title='bbox 469 5149 529 5200; x_wconf 91' lang='lat' dir='ltr'>et</span> <span class='ocrx_word' id='word_1_753' title='bbox 586 5143 910 5216; x_wconf 88' lang='lat' dir='ltr'>discipulos</span> <span class='ocrx_word' id='word_1_754' title='bbox 941 5146 1091 5214; x_wconf 84' lang='lat' dir='ltr'>(Luc.</span> <span class='ocrx_word' id='word_1_755' title='bbox 1122 5162 1196 5213; x_wconf 74' lang='lat' dir='ltr'>1x,</span> <span class='ocrx_word' id='word_1_756' title='bbox 1229 5145 1340 5213; x_wconf 86' lang='lat'>55),</span> <span class='ocrx_word' id='word_1_757' title='bbox 1375 5144 1518 5216; x_wconf 88' lang='lat' dir='ltr'>quia</span> <span class='ocrx_word' id='word_1_758' title='bbox 1549 5145 1870 5217; x_wconf 88' lang='lat' dir='ltr'>impietatis</span> 
     </span>
    </p>
   </div>
   <div class='ocr_carea' id='block_1_102' title="bbox 217 5229 1870 5306">
    <p class='ocr_par' dir='ltr' id='par_1_102' title="bbox 217 5229 1870 5306">
     <span class='ocr_line' id='line_1_102' title="bbox 217 5229 1870 5306; baseline 0.003 -22"><span class='ocrx_word' id='word_1_759' title='bbox 217 5229 763 5289; x_wconf 86' lang='lat' dir='ltr'>immisericorditer</span> <span class='ocrx_word' id='word_1_760' title='bbox 809 5234 1054 5306; x_wconf 88' lang='lat' dir='ltr'>dignum</span> <span class='ocrx_word' id='word_1_761' title='bbox 1121 5236 1330 5305; x_wconf 88' lang='lat' dir='ltr'>putant</span> <span class='ocrx_word' id='word_1_762' title='bbox 1368 5231 1637 5303; x_wconf 87' lang='lat' dir='ltr'>judicare</span> <span class='ocrx_word' id='word_1_763' title='bbox 1680 5251 1870 5306; x_wconf 72' lang='lat' dir='ltr'>perse~</span> 
     </span>
    </p>
   </div>
   <div class='ocr_carea' id='block_1_103' title="bbox 219 5321 1867 5390">
    <p class='ocr_par' dir='ltr' id='par_1_103' title="bbox 219 5321 1867 5390">
     <span class='ocr_line' id='line_1_103' title="bbox 219 5321 1867 5390; baseline 0.002 -14"><span class='ocrx_word' id='word_1_764' title='bbox 219 5327 458 5390; x_wconf 85' lang='lat' dir='ltr'>quentes</span> <span class='ocrx_word' id='word_1_765' title='bbox 487 5338 626 5378; x_wconf 89' lang='lat' dir='ltr'>eum</span> <span class='ocrx_word' id='word_1_766' title='bbox 658 5321 1177 5384; x_wconf 58' lang='lat' dir='ltr'>Samaritasdstud</span> <span class='ocrx_word' id='word_1_767' title='bbox 1206 5326 1402 5377; x_wconf 86' lang='lat' dir='ltr'>autem</span> <span class='ocrx_word' id='word_1_768' title='bbox 1433 5322 1626 5378; x_wconf 90' lang='lat' dir='ltr'>decies</span> <span class='ocrx_word' id='word_1_769' title='bbox 1656 5322 1867 5379; x_wconf 89' lang='lat' dir='ltr'>millies</span> 
     </span>
    </p>
   </div>
   <div class='ocr_carea' id='block_1_104' title="bbox 217 5405 1864 5482">
    <p class='ocr_par' dir='ltr' id='par_1_104' title="bbox 217 5405 1864 5482">
     <span class='ocr_line' id='line_1_104' title="bbox 217 5405 1864 5482; baseline 0 -16"><span class='ocrx_word' id='word_1_770' title='bbox 217 5405 426 5466; x_wconf 74' lang='lat' dir='ltr'>lectum</span> <span class='ocrx_word' id='word_1_771' title='bbox 451 5416 543 5467; x_wconf 89' lang='lat' dir='ltr'>est</span> <span class='ocrx_word' id='word_1_772' title='bbox 571 5427 688 5467; x_wconf 89' lang='lat' dir='ltr'>non</span> <span class='ocrx_word' id='word_1_773' title='bbox 721 5411 1034 5466; x_wconf 86' lang='lat' dir='ltr'>temeraria</span> <span class='ocrx_word' id='word_1_774' title='bbox 1081 5409 1327 5482; x_wconf 89' lang='lat' dir='ltr'>epistola</span> <span class='ocrx_word' id='word_1_775' title='bbox 1378 5414 1576 5465; x_wconf 89' lang='lat' dir='ltr'>nostra</span> <span class='ocrx_word' id='word_1_776' title='bbox 1621 5412 1864 5480; x_wconf 88' lang='lat' dir='ltr'>dictum,</span> 
     </span>
    </p>
   </div>
   <div class='ocr_carea' id='block_1_105' title="bbox 215 5495 1872 5572">
    <p class='ocr_par' dir='ltr' id='par_1_105' title="bbox 215 5495 1872 5572">
     <span class='ocr_line' id='line_1_105' title="bbox 215 5495 1872 5572; baseline 0.002 -18"><span class='ocrx_word' id='word_1_777' title='bbox 215 5495 333 5554; x_wconf 72' lang='lat' dir='ltr'>Non</span> <span class='ocrx_word' id='word_1_778' title='bbox 374 5499 637 5558; x_wconf 80' lang='lat' dir='ltr'>habemus</span> <span class='ocrx_word' id='word_1_779' title='bbox 691 5516 928 5572; x_wconf 80' lang='lat' dir='ltr'>namque</span> <span class='ocrx_word' id='word_1_780' title='bbox 994 5500 1326 5572; x_wconf 77' lang='lat' dir='ltr'>pontiﬁcem,</span> <span class='ocrx_word' id='word_1_781' title='bbox 1393 5501 1488 5570; x_wconf 87' lang='lat' dir='ltr'>qui</span> <span class='ocrx_word' id='word_1_782' title='bbox 1534 5514 1647 5554; x_wconf 78' lang='lat' dir='ltr'>non</span> <span class='ocrx_word' id='word_1_783' title='bbox 1697 5503 1872 5572; x_wconf 82' lang='lat' dir='ltr'>possit</span> 
     </span>
    </p>
   </div>
   <div class='ocr_carea' id='block_1_106' title="bbox 217 5584 1869 5664">
    <p class='ocr_par' dir='ltr' id='par_1_106' title="bbox 217 5584 1869 5664">
     <span class='ocr_line' id='line_1_106' title="bbox 217 5584 1869 5664; baseline 0.001 -17"><span class='ocrx_word' id='word_1_784' title='bbox 217 5591 442 5664; x_wconf 64' lang='lat' dir='ltr'>compati</span> <span class='ocrx_word' id='word_1_785' title='bbox 484 5589 908 5664; x_wconf 71' lang='lat' dir='ltr'>inﬁrmitatibus</span> <span class='ocrx_word' id='word_1_786' title='bbox 963 5584 1168 5648; x_wconf 71' lang='lat' dir='ltr'>nostris</span> <span class='ocrx_word' id='word_1_787' title='bbox 1197 5587 1378 5661; x_wconf 84' lang='lat' dir='ltr'>(Hebr.</span> <span class='ocrx_word' id='word_1_788' title='bbox 1413 5605 1488 5658; x_wconf 83' lang='grc' dir='ltr'>ιν,</span> <span class='ocrx_word' id='word_1_789' title='bbox 1524 5587 1632 5664; x_wconf 89' lang='grc'>15).</span> <span class='ocrx_word' id='word_1_790' title='bbox 1667 5588 1780 5646; x_wconf 88' lang='lat' dir='ltr'>Sed</span> <span class='ocrx_word' id='word_1_791' title='bbox 1812 5595 1869 5648; x_wconf 90' lang='lat' dir='ltr'>et</span> 
     </span>
    </p>
   </div>
   <div class='ocr_carea' id='block_1_107' title="bbox 1982 4689 3632 4766">
    <p class='ocr_par' dir='ltr' id='par_1_107' title="bbox 1982 4689 3632 4766">
     <span class='ocr_line' id='line_1_107' title="bbox 1982 4689 3632 4766; baseline -0.004 -8"><span class='ocrx_word' id='word_1_792' title='bbox 1982 4699 2389 4764; x_wconf 85' lang='lat' dir='ltr'>dcutibus,liat</span> <span class='ocrx_word' id='word_1_793' title='bbox 2415 4694 2686 4750; x_wconf 86' lang='lat' dir='ltr'>voluntas</span> <span class='ocrx_word' id='word_1_794' title='bbox 2710 4693 2826 4759; x_wconf 88' lang='lat' dir='ltr'>Dei,</span> <span class='ocrx_word' id='word_1_795' title='bbox 2847 4696 2911 4748; x_wconf 90' lang='lat' dir='ltr'>ut</span> <span class='ocrx_word' id='word_1_796' title='bbox 2929 4689 3243 4764; x_wconf 78' lang='lat' dir='ltr'>qui&#39;adbuc</span> <span class='ocrx_word' id='word_1_797' title='bbox 3272 4697 3411 4750; x_wconf 90' lang='lat' dir='ltr'>sunt</span> <span class='ocrx_word' id='word_1_798' title='bbox 3439 4695 3632 4766; x_wconf 78' lang='lat' dir='ltr'>prima</span> 
     </span>
    </p>
   </div>
   <div class='ocr_carea' id='block_1_108' title="bbox 1982 4780 3630 4856">
    <p class='ocr_par' dir='ltr' id='par_1_108' title="bbox 1982 4780 3630 4856">
     <span class='ocr_line' id='line_1_108' title="bbox 1982 4780 3630 4856; baseline -0.003 -10"><span class='ocrx_word' id='word_1_799' title='bbox 1982 4788 2280 4846; x_wconf 85' lang='lat' dir='ltr'>nativitate</span> <span class='ocrx_word' id='word_1_800' title='bbox 2318 4782 2554 4854; x_wconf 87' lang='lat' dir='ltr'>terreni,</span> <span class='ocrx_word' id='word_1_801' title='bbox 2593 4782 2877 4855; x_wconf 88' lang='lat' dir='ltr'>incipiant</span> <span class='ocrx_word' id='word_1_802' title='bbox 2905 4798 3034 4838; x_wconf 89' lang='lat' dir='ltr'>esse</span> <span class='ocrx_word' id='word_1_803' title='bbox 3061 4780 3346 4854; x_wconf 71' lang='lat' dir='ltr'>cmlestes,</span> <span class='ocrx_word' id='word_1_804' title='bbox 3376 4799 3446 4839; x_wconf 83' lang='lat' dir='ltr'>ex</span> <span class='ocrx_word' id='word_1_805' title='bbox 3476 4800 3630 4856; x_wconf 86' lang='lat' dir='ltr'>aqua</span> 
     </span>
    </p>
   </div>
   <div class='ocr_carea' id='block_1_109' title="bbox 1980 4870 3626 4950">
    <p class='ocr_par' dir='ltr' id='par_1_109' title="bbox 1980 4870 3626 4950">
     <span class='ocr_line' id='line_1_109' title="bbox 1980 4870 3626 4950; baseline -0.002 -15"><span class='ocrx_word' id='word_1_806' title='bbox 1980 4885 2036 4936; x_wconf 88' lang='lat' dir='ltr'>et</span> <span class='ocrx_word' id='word_1_807' title='bbox 2062 4877 2274 4950; x_wconf 90' lang='lat' dir='ltr'>spiritu</span> <span class='ocrx_word' id='word_1_808' title='bbox 2323 4873 2466 4929; x_wconf 88' lang='lat' dir='ltr'>nati.</span> <span class='ocrx_word' id='word_1_809' title='bbox 2503 4895 2531 4922; x_wconf 85' lang='lat'>»</span> <span class='ocrx_word' id='word_1_810' title='bbox 2563 4873 2632 4928; x_wconf 86' lang='lat' dir='ltr'>Et</span> <span class='ocrx_word' id='word_1_811' title='bbox 2671 4870 2812 4927; x_wconf 90' lang='lat' dir='ltr'>item</span> <span class='ocrx_word' id='word_1_812' title='bbox 2847 4887 2860 4926; x_wconf 90' lang='lat'><strong>:</strong></span> <span class='ocrx_word' id='word_1_813' title='bbox 2899 4891 2926 4922; x_wconf 87' lang='grc'><strong>‹‹</strong></span> <span class='ocrx_word' id='word_1_814' title='bbox 2958 4870 3162 4926; x_wconf 91' lang='lat' dir='ltr'>Petrus</span> <span class='ocrx_word' id='word_1_815' title='bbox 3203 4871 3347 4929; x_wconf 84' lang='lat' dir='ltr'>hora</span> <span class='ocrx_word' id='word_1_816' title='bbox 3375 4878 3537 4930; x_wconf 84' lang='lat' dir='ltr'>sexta</span> <span class='ocrx_word' id='word_1_817' title='bbox 3565 4874 3626 4932; x_wconf 90' lang='lat' dir='ltr'>in</span> 
     </span>
    </p>
   </div>
   <div class='ocr_carea' id='block_1_110' title="bbox 1979 4959 3626 5036">
    <p class='ocr_par' dir='ltr' id='par_1_110' title="bbox 1979 4959 3626 5036">
     <span class='ocr_line' id='line_1_110' title="bbox 1979 4959 3626 5036; baseline -0.01 -12"><span class='ocrx_word' id='word_1_818' title='bbox 1979 4973 2200 5024; x_wconf 90' lang='lat' dir='ltr'>tectum</span> <span class='ocrx_word' id='word_1_819' title='bbox 2233 4963 2504 5036; x_wconf 86' lang='lat' dir='ltr'>superius</span> <span class='ocrx_word' id='word_1_820' title='bbox 2551 4961 2873 5018; x_wconf 89' lang='lat' dir='ltr'>ascendens</span> <span class='ocrx_word' id='word_1_821' title='bbox 2903 4959 3036 5029; x_wconf 88' lang='lat' dir='ltr'>(Act.</span> <span class='ocrx_word' id='word_1_822' title='bbox 3072 4977 3150 5028; x_wconf 84' lang='lat' dir='ltr'>1x,</span> <span class='ocrx_word' id='word_1_823' title='bbox 3184 4961 3293 5034; x_wconf 88' lang='grc'>10),</span> <span class='ocrx_word' id='word_1_824' title='bbox 3326 4962 3494 5036; x_wconf 89' lang='lat' dir='ltr'>signo</span> <span class='ocrx_word' id='word_1_825' title='bbox 3526 4980 3626 5036; x_wconf 75' lang='lat' dir='ltr'>pa.</span> 
     </span>
    </p>
   </div>
   <div class='ocr_carea' id='block_1_111' title="bbox 1980 5049 3626 5116">
    <p class='ocr_par' dir='ltr' id='par_1_111' title="bbox 1980 5049 3626 5116">
     <span class='ocr_line' id='line_1_111' title="bbox 1980 5049 3626 5116; baseline -0.004 -3"><span class='ocrx_word' id='word_1_826' title='bbox 1980 5057 2120 5114; x_wconf 90' lang='lat' dir='ltr'>riter</span> <span class='ocrx_word' id='word_1_827' title='bbox 2145 5061 2202 5112; x_wconf 88' lang='lat' dir='ltr'>et</span> <span class='ocrx_word' id='word_1_828' title='bbox 2230 5069 2367 5110; x_wconf 90' lang='lat' dir='ltr'>voce</span> <span class='ocrx_word' id='word_1_829' title='bbox 2398 5051 2498 5107; x_wconf 92' lang='lat' dir='ltr'>Dei</span> <span class='ocrx_word' id='word_1_830' title='bbox 2531 5055 2824 5116; x_wconf 88' lang='lat' dir='ltr'>monente,</span> <span class='ocrx_word' id='word_1_831' title='bbox 2856 5049 3184 5106; x_wconf 89' lang='lat' dir='ltr'>instructus</span> <span class='ocrx_word' id='word_1_832' title='bbox 3212 5057 3301 5107; x_wconf 90' lang='lat' dir='ltr'>est</span> <span class='ocrx_word' id='word_1_833' title='bbox 3328 5057 3392 5106; x_wconf 91' lang='lat' dir='ltr'>ut</span> <span class='ocrx_word' id='word_1_834' title='bbox 3423 5068 3626 5108; x_wconf 88' lang='lat' dir='ltr'>omnes</span> 
     </span>
    </p>
   </div>
   <div class='ocr_carea' id='block_1_112' title="bbox 1979 5139 3624 5218">
    <p class='ocr_par' dir='ltr' id='par_1_112' title="bbox 1979 5139 3624 5218">
     <span class='ocr_line' id='line_1_112' title="bbox 1979 5139 3624 5218; baseline -0.003 -16"><span class='ocrx_word' id='word_1_835' title='bbox 1979 5147 2050 5202; x_wconf 88' lang='lat' dir='ltr'>ad</span> <span class='ocrx_word' id='word_1_836' title='bbox 2081 5145 2332 5218; x_wconf 87' lang='lat' dir='ltr'>gratiam</span> <span class='ocrx_word' id='word_1_837' title='bbox 2365 5140 2574 5198; x_wconf 86' lang='lat' dir='ltr'>salutis</span> <span class='ocrx_word' id='word_1_838' title='bbox 2613 5139 2967 5206; x_wconf 85' lang='lat' dir='ltr'>admitteret,</span> <span class='ocrx_word' id='word_1_839' title='bbox 3003 5156 3138 5194; x_wconf 91' lang='lat' dir='ltr'>cum</span> <span class='ocrx_word' id='word_1_840' title='bbox 3171 5140 3240 5196; x_wconf 91' lang='lat' dir='ltr'>de</span> <span class='ocrx_word' id='word_1_841' title='bbox 3269 5140 3624 5197; x_wconf 81' lang='lat' dir='ltr'>mandandis</span> 
     </span>
    </p>
   </div>
   <div class='ocr_carea' id='block_1_113' title="bbox 1977 5225 3624 5308">
    <p class='ocr_par' dir='ltr' id='par_1_113' title="bbox 1977 5225 3624 5308">
     <span class='ocr_line' id='line_1_113' title="bbox 1977 5225 3624 5308; baseline -0.005 -17"><span class='ocrx_word' id='word_1_842' title='bbox 1977 5235 2295 5308; x_wconf 87' lang='lat' dir='ltr'>gentilibus</span> <span class='ocrx_word' id='word_1_843' title='bbox 2321 5235 2456 5286; x_wconf 89' lang='lat' dir='ltr'>ante</span> <span class='ocrx_word' id='word_1_844' title='bbox 2485 5227 2842 5285; x_wconf 73' lang='lat' dir='ltr'>dubitaret.»</span> <span class='ocrx_word' id='word_1_845' title='bbox 2873 5229 2941 5283; x_wconf 86' lang='lat' dir='ltr'>Et</span> <span class='ocrx_word' id='word_1_846' title='bbox 2971 5227 3028 5282; x_wconf 90' lang='lat' dir='ltr'>in</span> <span class='ocrx_word' id='word_1_847' title='bbox 3062 5225 3310 5300; x_wconf 86' lang='lat' dir='ltr'>epistola</span> <span class='ocrx_word' id='word_1_848' title='bbox 3337 5228 3409 5284; x_wconf 86' lang='lat' dir='ltr'>ad</span> <span class='ocrx_word' id='word_1_849' title='bbox 3440 5229 3624 5284; x_wconf 82' lang='lat' dir='ltr'>Anto-</span> 
     </span>
    </p>
   </div>
   <div class='ocr_carea' id='block_1_114' title="bbox 1977 5315 3625 5390">
    <p class='ocr_par' dir='ltr' id='par_1_114' title="bbox 1977 5315 3625 5390">
     <span class='ocr_line' id='line_1_114' title="bbox 1977 5315 3625 5390; baseline -0.004 -11"><span class='ocrx_word' id='word_1_850' title='bbox 1977 5323 2250 5379; x_wconf 89' lang='lat' dir='ltr'>nianum:</span> <span class='ocrx_word' id='word_1_851' title='bbox 2272 5319 2548 5390; x_wconf 79' lang='lat' dir='ltr'>«Utique,</span> <span class='ocrx_word' id='word_1_852' title='bbox 2574 5316 2784 5389; x_wconf 88' lang='lat' dir='ltr'>inquit,</span> <span class='ocrx_word' id='word_1_853' title='bbox 2809 5317 2880 5372; x_wconf 90' lang='lat' dir='ltr'>ad</span> <span class='ocrx_word' id='word_1_854' title='bbox 2909 5315 3308 5388; x_wconf 83' lang='lat' dir='ltr'>pcenitenliam</span> <span class='ocrx_word' id='word_1_855' title='bbox 3338 5315 3625 5374; x_wconf 86' lang='lat' dir='ltr'>Dominus</span> 
     </span>
    </p>
   </div>
   <div class='ocr_carea' id='block_1_115' title="bbox 1977 5403 3622 5478">
    <p class='ocr_par' dir='ltr' id='par_1_115' title="bbox 1977 5403 3622 5478">
     <span class='ocr_line' id='line_1_115' title="bbox 1977 5403 3622 5478; baseline -0.004 -10"><span class='ocrx_word' id='word_1_856' title='bbox 1977 5430 2093 5468; x_wconf 90' lang='lat' dir='ltr'>non</span> <span class='ocrx_word' id='word_1_857' title='bbox 2108 5407 2576 5475; x_wconf 87' lang='lat' dir='ltr'>hortaretur,nisi</span> <span class='ocrx_word' id='word_1_858' title='bbox 2595 5406 2735 5478; x_wconf 89' lang='lat' dir='ltr'>quia</span> <span class='ocrx_word' id='word_1_859' title='bbox 2760 5405 3173 5478; x_wconf 73' lang='lat' dir='ltr'>pmnitentibus</span> <span class='ocrx_word' id='word_1_860' title='bbox 3195 5403 3622 5477; x_wconf 87' lang='lat' dir='ltr'>indulgentiam</span> 
     </span>
    </p>
   </div>
   <div class='ocr_carea' id='block_1_116' title="bbox 1977 5493 3626 5574">
    <p class='ocr_par' dir='ltr' id='par_1_116' title="bbox 1977 5493 3626 5574">
     <span class='ocr_line' id='line_1_116' title="bbox 1977 5493 3626 5574; baseline -0.003 -17"><span class='ocrx_word' id='word_1_861' title='bbox 1977 5498 2463 5574; x_wconf 87' lang='lat' dir='ltr'>pollicetur.Nam</span> <span class='ocrx_word' id='word_1_862' title='bbox 2495 5512 2630 5551; x_wconf 90' lang='lat' dir='ltr'>cum</span> <span class='ocrx_word' id='word_1_863' title='bbox 2662 5495 2946 5567; x_wconf 89' lang='lat' dir='ltr'>scriptum</span> <span class='ocrx_word' id='word_1_864' title='bbox 2972 5493 3049 5550; x_wconf 89' lang='lat' dir='ltr'>sit</span> <span class='ocrx_word' id='word_1_865' title='bbox 3071 5509 3085 5548; x_wconf 89' lang='lat'><strong>:</strong></span> <span class='ocrx_word' id='word_1_866' title='bbox 3107 5494 3369 5551; x_wconf 85' lang='lat' dir='ltr'>Dominus</span> <span class='ocrx_word' id='word_1_867' title='bbox 3397 5501 3626 5552; x_wconf 83' lang='lat' dir='ltr'>mortem</span> 
     </span>
    </p>
   </div>
   <div class='ocr_carea' id='block_1_117' title="bbox 1975 5583 3625 5666">
    <p class='ocr_par' dir='ltr' id='par_1_117' title="bbox 1975 5583 3625 5666">
     <span class='ocr_line' id='line_1_117' title="bbox 1975 5583 3625 5666; baseline -0.004 -16"><span class='ocrx_word' id='word_1_868' title='bbox 1975 5608 2086 5651; x_wconf 81' lang='lat' dir='ltr'>non</span> <span class='ocrx_word' id='word_1_869' title='bbox 2112 5592 2259 5666; x_wconf 80' lang='lat' dir='ltr'>fecit,</span> <span class='ocrx_word' id='word_1_870' title='bbox 2290 5604 2390 5646; x_wconf 87' lang='lat' dir='ltr'>nec</span> <span class='ocrx_word' id='word_1_871' title='bbox 2421 5587 2640 5646; x_wconf 58' lang='lat' dir='ltr'>laetatur</span> <span class='ocrx_word' id='word_1_872' title='bbox 2669 5586 2730 5642; x_wconf 82' lang='lat' dir='ltr'>in</span> <span class='ocrx_word' id='word_1_873' title='bbox 2772 5583 3078 5659; x_wconf 76' lang='lat' dir='ltr'>perditione</span> <span class='ocrx_word' id='word_1_874' title='bbox 3118 5585 3370 5644; x_wconf 82' lang='lat' dir='ltr'>vivorum</span> <span class='ocrx_word' id='word_1_875' title='bbox 3398 5586 3546 5664; x_wconf 65' lang='grc' dir='ltr'>(δίῳ.</span> <span class='ocrx_word' id='word_1_876' title='bbox 3580 5602 3625 5660; x_wconf 78' lang='grc' dir='ltr'>ι,</span> 
     </span>
    </p>
   </div>
  </div>
