3970 6182
347 288 466 346 227

1285 287 1670 350 lllNCMARl
1723 286 2169 350 RHEMENSIS
2217 287 2832 348 AltCHlEPlSCOPl.

3637 287 3757 348 228

351 419 458 490 13),
495 418 694 489 utique
725 417 826 490 qui
859 418 1153 476 neminem
1185 419 1309 476 vult
1339 421 1546 492 perire,
1581 420 1744 493 cupit
1788 436 1990 492 pecca-
2019 420 2074 488 Α
2107 419 2380 492 Legimus
2412 419 2698 490 scriptum
2732 419 2790 474 in
2821 417 3074 476 Jcremia
3107 435 3120 473 :
3156 417 3468 474 Maledicta:
3500 419 3597 490 qui
3622 419 3763 490 facit

347 513 502 563 tores
523 506 926 579 pcenitentiam
949 525 1140 580 agerc,
1165 513 1220 564 et
1243 527 1344 581 per
1369 509 1768 580 prnnitentiam
1803 510 1995 564 denuo

345 596 417 652 ad
437 595 617 652 vitam
639 595 883 652 redire.»
907 597 1051 654 Item
1084 598 1141 652 in
1174 598 1423 671 epistola
1452 599 1732 654 adversus
1761 598 1995 654 Judaeos

343 684 427 740 ita
479 685 666 741 dicit:
723 709 749 736 «
783 687 1068 758 Surrexit,
1130 686 1424 760 inquiens,
1485 686 1770 742 Dominus
1824 687 1993 743 tertio

343 772 456 841 die,
491 773 720 846 aperuit
750 777 1167 831 testamentum
1215 792 1450 842 novum,
1482 779 1658 847 atque
1689 774 1770 830 ita
1799 774 1944 830 dixit
1976 791 1990 830 :

340 861 776 930 Venite,exterae
799 867 1000 936 gentes
1031 863 1288 920 hazrcdes
1320 863 1455 935 mei,
1477 863 1653 920 Israel
1687 864 1846 920 enim
1875 881 1993 919 non

343 951 663 1008 obaudivit.
714 953 1078 1025 Quapropter
1122 952 1220 1017 ite,
1270 951 1564 1024 discipuli,
1615 951 1673 1008 in
1723 952 1992 1008 ultimam

344 1058 531 1114 usque
563 1044 800 1107 terram,
833 1045 888 1096 et
919 1041 1227 1114 praedicata
1267 1058 1371 1114 per
1399 1041 1598 1096 orbem
1627 1041 1721 1097 his
1751 1041 1942 1098 verbis
1975 1060 1988 1098 :

340 1130 546 1186 Venite
604 1131 865 1202 undique
918 1129 1116 1202 patriae
1177 1130 1464 1203 gentium,
1499 1129 1574 1185 ite
1605 1129 1664 1184 in
1714 1135 1989 1188 aeternam

341 1219 762 1285 hzereditatem,
797 1217 970 1274 Israel
996 1219 1152 1274 enim
1174 1218 1382 1276 noluit.
1406 1219 1520 1274 Nec
1551 1218 1780 1288 dubitet
1809 1220 1941 1292 quis
1974 1237 1987 1277 :

340 1307 502 1364 nulla
530 1307 625 1363 hic
655 1307 915 1379 exceptio
947 1312 1168 1375 est,nec
1199 1306 1553 1376 ingenuitas,
1575 1323 1679 1364 nec
1709 1308 1986 1380 dignitas,

339 1414 445 1452 nec
502 1394 876 1460 conditionis,
924 1411 1029 1453 nec
1079 1393 1410 1467 positionis,
1460 1411 1566 1450 nec
1616 1395 1835 1460 formae,
1885 1411 1990 1451 nec

339 1485 544 1541 (etatis.
580 1483 738 1540 Licet
767 1483 1052 1557 dignitate
1084 1482 1402 1555 magniﬁci,
1421 1483 1556 1538 licet
1583 1482 1830 1550 nobiles,
1857 1483 1993 1540 licet

339 1591 527 1642 senes,
561 1574 695 1628 licet
717 1573 984 1645 juvenes,
1025 1589 1329 1644 pauperes,
1373 1571 1600 1642 divites,
1634 1571 1792 1641 boni,
1823 1572 1988 1628 mali-

336 1681 472 1736 que,
517 1661 740 1719 domini
791 1667 966 1734 atque
1018 1661 1190 1728 servi,
1243 1660 1642 1716 indifferenter
1690 1660 1991 1734 aaqualiter

2104 526 2267 580 opera
2314 509 2413 563 Dei
2459 509 2800 577 negligenter
2845 512 2986 576 (Jer.
3019 525 3214 575 xevm,
3250 506 3355 578 10).
3393 507 3671 579 Legimus
3700 512 3762 564 et

2104 596 2163 652 in
2189 596 2515 670 Evangeliis
2547 597 2834 668 scriptum
2859 613 2872 652 :
2907 595 3071 652 Omni
3098 597 3245 652 enim
3265 595 3484 652 habenti
3512 595 3756 664 dabitur,

2102 693 2155 742 et
2182 686 2484 742 abundabit
2512 704 2531 740 :
2572 693 2624 742 et
2665 687 2762 758 qui
2809 702 2920 742 non
2973 685 3152 751 habet,
3199 686 3366 740 etimn
3414 683 3552 757 quod
3601 684 3766 742 habet

2104 777 2392 847 auferetur
2421 776 2488 830 ab
2517 791 2578 830 eo
2611 774 2808 847 (Matth.
2833 791 2962 842 xxv,
2985 773 3096 846 29).
3131 773 3280 846 Ergo
3310 772 3534 830 habens
3565 772 3761 828 abun-

2104 862 2585 936 dabit.Propbeta
2606 880 2720 919 non
2742 865 2833 919 est
2851 861 3137 919 obnoxius
3167 861 3597 918 maledictienis
3617 878 3760 919 con-

2105 951 2337 1018 ditioni,
2371 952 2512 1024 quia
2537 969 2653 1008 non
2703 950 3068 1024 negligenter
3112 968 3290 1024 opera
3317 951 3418 1008 Dei
3448 952 3586 1025 egit,
3619 967 3758 1008 eum

2103 1045 2221 1096 toto
2250 1042 2421 1096 corde
2454 1039 2822 1112 perquirens.
2855 1039 3076 1096 Deinde
3106 1039 3466 1096 confidenter
3508 1040 3657 1113 petit
3686 1057 3758 1097 ne

2102 1147 2136 1185 a
2159 1129 2454 1185 mandatis
2475 1129 2576 1185 Dei
2609 1128 2945 1202 repellatur,
2962 1127 3102 1200 quia
3119 1145 3256 1184 eum
3275 1131 3397 1186 toto
3419 1129 3591 1185 corde
3623 1145 3760 1202 per-

2103 1217 2313 1290 quirat.
2333 1217 2670 1273 Secundum
2701 1215 3010 1290 Evangelia
3039 1215 3196 1272 enim
3227 1215 3463 1273 habenti
3493 1215 3758 1286 dabitur,

2101 1311 2158 1363 et
2188 1306 2239 1362 ci
2271 1305 2370 1379 qui
2403 1323 2517 1362 non
2552 1306 2728 1362 habet
2786 1303 2963 1361 etiam
2988 1303 3046 1360 id
3079 1305 3233 1378 quod
3265 1304 3440 1362 habet
3468 1305 3756 1362 aufertur.

2105 1398 2254 1453 Deus
2283 1395 2466 1469 igitur
2495 1412 2610 1450 non
2643 1395 2835 1451 aufert
2863 1393 2978 1452 nisi
3011 1412 3124 1450 non
3159 1393 3755 1466 babenti,secundum

2100 1485 2256 1557 quod
2287 1499 2475 1556 neque
2507 1482 2734 1556 repellit
2764 1483 2878 1540 nisi
2910 1481 3324 1556 negligentem.
3356 1483 3512 1539 Adeo
3552 1487 3754 1540 autem

2100 1573 2360 1628 bonitate
2380 1571 2590 1644 plenus
2610 1576 2719 1637 est,
2743 1574 2808 1626 ut
2827 1571 3140 1627 habentem
3162 1570 3524 1627 abundantia
3545 1589 3753 1628 mune-

2101 1665 2260 1720 retur
2293 1679 2305 1717 :
2340 1661 2483 1717 adeo
2514 1677 2646 1716 vero
2678 1677 2795 1716 non
2823 1659 2950 1715 vult
2979 1677 3335 1732 quemquam
3367 1677 3482 1716 non
3513 1659 3753 1734 habere,

335 1752 571 1809 introite
601 1751 660 1806 in
695 1750 1114 1806 baereditalem.
1149 1749 1268 1804 Etsi
1319 1748 1530 1805 debilis
1579 1754 1785 1821 captus
1816 1765 1898 1816 es,
1931 1753 1990 1804 et
2015 1793 2062 1821 η
2100 1754 2299 1806 utnon
2323 1749 2560 1805 habenti
2595 1750 2788 1821 ipsum
2821 1749 2974 1820 quod
2999 1748 3176 1804 habet
3195 1748 3752 1806 adimat.Neminem

2015 1793 2064 1858 B

333 1858 571 1915 corpore
601 1839 897 1906 deformis,
931 1838 1040 1896 etsi
1075 1838 1309 1894 macula
1333 1837 1544 1912 turpis,
1578 1843 1635 1894 et
1665 1837 1854 1910 capite
1884 1839 1987 1893 de-
2015 1837 2064 1858 ”
2097 1839 2280 1912 igitur
2306 1839 2419 1894 nisi
2449 1837 2811 1894 obnitentem
2843 1837 3392 1910 repellit,ncminem
3424 1837 3539 1894 nisi
3569 1837 3754 1910 negli-

331 1933 540 1998 fcctus,
575 1929 683 1984 etsi
743 1928 928 1983 oculis
987 1929 1282 1994 viduatus,
1310 1927 1600 1984 universis
1642 1927 1821 1983 libere
1853 1926 1989 1982 licet

331 2018 704 2074 discumbere
736 2017 796 2072 in
827 2015 1109 2082 convivio,
1140 2020 1197 2071 et
1227 2015 1450 2088 epulari
1483 2017 1720 2087 nuptias
1751 2015 1982 2088 Sponsi.

333 2107 638 2162 Neminem
675 2106 910 2178 pudeat,
944 2121 1050 2160 nec
1095 2104 1302 2173 mtatis,
1339 2122 1442 2160 nec
1473 2104 1845 2172 humilitatis,
1881 2121 1986 2159 nec

329 2194 704 2262 valetudinis,
741 2210 844 2250 nec
876 2193 1248 2249 conditionis.
1273 2193 1582 2250 Consucvit
1609 2193 1764 2249 enim
1789 2193 1984 2248 Domi-

333 2301 446 2341 nus
477 2281 818 2354 hujusmodi
871 2281 1138 2338 homines
1188 2281 1475 2337 sustinere
1505 2300 1518 2337 :
1552 2299 1687 2337 nam
1719 2286 1776 2338 et
1819 2281 1986 2337 caecis

330 2371 528 2428 oculos
557 2370 830 2437 restituit,
861 2375 918 2426 et
938 2369 1179 2426 claudos
1199 2369 1502 2426 ambulare
1533 2369 1684 2438 fecit,
1719 2375 1777 2424 et
1805 2369 1986 2425 mutis

331 2477 660 2517 sermonem
690 2459 1026 2528 reddidit,et
1047 2459 1378 2515 maculosos
1410 2459 1732 2525 mundavit,
1751 2463 1808 2514 et
1835 2476 1985 2514 mor-

332 2554 464 2604 tuos
497 2548 824 2604 suscitavit.
849 2548 964 2603 Nec
987 2547 1188 2602 timete
1225 2547 1320 2619 qui
1360 2548 1632 2620 peccatis,
1658 2547 1878 2620 priores
1908 2548 1980 2602 ad

327 2637 508 2693 vitam
526 2637 716 2694 venite
740 2654 754 2704 ;
777 2654 882 2692 nec
900 2635 1001 2708 qui
1017 2635 1397 2691 homicidium
1413 2637 1824 2709 feceritpaveat
1844 2635 1984 2708 quia

331 2726 564 2794 fecerat,
581 2743 686 2780 nec
706 2725 765 2780 fu
775 2729 934 2780 ratus
957 2723 1150 2780 aliena
1168 2725 1434 2796 desperet
1451 2725 1590 2797 quia
1608 2724 1978 2794 involaverat,

331 2831 436 2870 nec
465 2813 816 2888 publicanus
847 2813 1050 2869 timeat
1080 2813 1220 2886 quia
1249 2818 1626 2870 concusserat
1659 2831 1672 2870 :
1703 2815 1981 2871 omnibus

328 2903 486 2959 enim
512 2901 780 2959 remissio
803 2905 1168 2974 peccatorum
1188 2906 1402 2957 statuta
1422 2905 1566 2958 est.»
1599 2903 1669 2958 Et
1685 2908 1816 2974 post
1835 2919 1978 2974 pau-

295 2979 302 2986 δ
329 3009 426 3049 ca:
457 2991 794 3048 «Dominus
815 3007 914 3046 eos
936 2989 1161 3062 placide
1197 2990 1604 3064 alloquebatur
1623 2991 1715 3047 his
1737 2991 1930 3047 verbis
1962 3007 1975 3048 :

331 3081 512 3138 Venite
539 3080 610 3138 ad
637 3097 745 3149 me,
776 3096 960 3136 omnes
999 3082 1096 3152 qui
1139 3080 1240 3136 sub
1287 3097 1447 3137 onere
1503 3080 1782 3152 laboratis,
1815 3087 1865 3136 et
1885 3095 1980 3152 ego

2095 1933 2325 2000 gentem
2349 1926 2723 1998 rejicit.llanc
2741 1927 2899 1983 enim
2917 1925 3202 1998 propheta
3221 1926 3462 1999 protulit
3481 1943 3749 1997 causam,

2095 2034 2200 2073 cur
2230 2034 2292 2072 se
2317 2033 2431 2072 non
2465 2015 2665 2087 repelli
2695 2034 2730 2072 a
2755 2015 3048 2072 mandatis
3089 2015 3190 2071 Dei
3223 2019 3574 2087 precaretur,
3607 2015 3752 2088 quia

2096 2123 2211 2161 non
2245 2123 2308 2160 ex
2343 2110 2526 2177 parte,
2561 2122 2750 2177 neque
2781 2121 2884 2177 per
2931 2104 3218 2160 desidiam
3277 2104 3614 2173 Dominum,
3643 2106 3749 2161 sed

2099 2199 2216 2250 toto
2249 2194 2420 2248 corde
2447 2192 2772 2266 quaesisset.
2801 2193 2908 2248 Per
2936 2193 3092 2265 quod
3124 2191 3514 2264 intelligimus
3542 2209 3676 2249 eum
3713 2210 3752 2248 a

2094 2282 2390 2339 mandatis
2422 2281 2643 2354 repelli,
2677 2282 2777 2355 qui
2810 2300 2914 2355 per
2942 2282 3185 2337 multam
3236 2281 3526 2337 incuriam
3569 2282 3752 2337 fuerit

2091 2371 2371 2444 indignus
2399 2371 2631 2426 admitti
2657 2389 2670 2440 ;
2703 2377 2760 2426 et
2788 2375 2951 2426 extra
2978 2370 3300 2426 inhibentis
3343 2369 3620 2426 invidiam
3651 2376 3751 2426 est

2093 2462 2247 2534 quod
2273 2461 2342 2515 de
2363 2459 2536 2532 culpa
2565 2459 2955 2536 proficiscitur
2984 2477 3098 2515 non
3134 2459 3470 2516 merentis.»
3503 2460 3571 2515 Et
3601 2459 3748 2514 item

2094 2551 2249 2606 idem
2282 2550 2342 2604 in
2394 2550 2598 2604 eodem
2659 2549 2885 2621 psalmo
2917 2550 2995 2620 (in
3028 2550 3171 2616 heth,
3199 2549 3342 2620 psal.
3377 2565 3567 2613 cxvm,
3598 2550 3691 2619 64)
3730 2567 3745 2604 :

2092 2665 2118 2690 α
2154 2639 2527 2694 Misericordia
2578 2649 2691 2706 tua,
2743 2639 2988 2705 Domine,
3035 2639 3201 2710 plena
3238 2646 3317 2693 est
3343 2647 3510 2694 terra.
3539 2637 3746 2704 Terra,

2089 2727 2304 2800 inquit,
2335 2726 2736 2782 misericordia
2783 2727 2882 2782 Dei
2937 2725 3109 2798 plena
3155 2730 3265 2794 est,
3298 2742 3425 2798 qua:
3456 2724 3748 2781 contami-

2090 2822 2246 2884 nata,
2266 2834 2393 2888 qua:
2415 2821 2710 2888 corrupta,
2733 2834 2860 2888 quae
2883 2815 3226 2888 irreligiosa,
3252 2832 3380 2887 qua}
3401 2813 3746 2886 infida,qua3

2089 2905 2319 2978 perdita
2348 2908 2456 2962 est.
2481 2905 2549 2960 Et
2579 2905 2627 2960 si
2657 2903 2793 2976 quis
2823 2905 2968 2960 forte
2995 2903 3235 2960 audebit
3265 2901 3445 2976 impio
3477 2919 3575 2959 ore
3605 2919 3746 2974 pro-

2087 2995 2328 3067 phetam
2359 2992 2647 3049 mendacii
2679 3009 2941 3066 arguere,
2961 2997 3243 3066 tanquam
3275 2991 3472 3048 nonin
3503 3007 3743 3047 omnem

2087 3087 2302 3140 terram
2317 3081 2418 3138 Dei
2431 3081 2893 3138 misericordiam
2908 3086 3070 3155 putet
3089 3099 3217 3138 esse
3238 3081 3534 3146 diffusam,
3551 3079 3743 3136 Deum

328 3188 420 3227 vos
448 3172 710 3242 reficiam.
743 3171 838 3226 Est
886 3171 1035 3226 enim
1080 3171 1281 3242 jugum
1339 3187 1518 3226 meum
1569 3169 1868 3242 placidum,
1926 3177 1978 3224 et
2006 3161 2048 3228 C
2087 3173 2145 3228 in
2179 3171 2505 3245 Evangeliis
2548 3169 2765 3227 recolat
2809 3170 3023 3226 dixisse
3056 3187 3069 3224 :
3101 3171 3276 3226 Estote
3305 3170 3434 3226 boni
3458 3173 3601 3226 sicut
3627 3169 3743 3223 Pa-

327 3277 466 3316 onus
514 3260 853 3315 levissimum
900 3257 1106 3326 (Matth.
1135 3275 1211 3326 x1,
1252 3259 1366 3326 28).
1401 3259 1556 3314 164
1613 3259 1680 3312 Et
1738 3274 1979 3329 respon-

331 3349 578 3404 derunt:
605 3347 730 3402 Non
771 3345 1101 3401 audiemus.
1135 3346 1246 3401 Sed
1279 3351 1480 3416 gentes
1510 3347 1895 3400 exaudierunt
1924 3351 1982 3400 et

330 3435 704 3493 crediderunt
731 3435 904 3490 verbo
936 3433 1248 3490 salutari.»
1273 3435 1343 3489 Et
1365 3438 1496 3507 post
1516 3451 1702 3505 pauca
1727 3451 1738 3490 :
1768 3459 1794 3484 ‹‹
1830 3434 1982 3489 Vivit

333 3543 508 3599 quem
533 3523 898 3590 interfecisti,
923 3523 1106 3596 impia
1139 3522 1520 3594 Hierusalem,
1551 3527 1608 3578 et
1635 3526 1828 3578 tamen
1863 3540 1982 3579 non

331 3619 513 3670 totam
545 3630 710 3687 spem
735 3611 1042 3685 denegavit
1065 3611 1368 3667 Dominus.
1385 3611 1553 3666 Dedit
1573 3611 1727 3667 enim
1749 3611 1978 3667 veniam

336 3701 712 3776 pmnitentiaa,
765 3701 814 3756 si
847 3701 1257 3774 quoquomodo
1287 3700 1479 3772 possis
1509 3701 1806 3771 pmniterc.
1841 3701 1982 3768 Quis

331 3798 452 3848 tam
486 3792 678 3846 bonus
698 3790 726 3844 ?
756 3789 890 3860 quis
921 3792 1041 3843 tam
1075 3787 1206 3859 pius
1227 3788 1254 3843 ?
1285 3788 1420 3860 quis
1450 3793 1570 3844 tam
1605 3789 1983 3848 misericors?

329 3879 561 3950 Accipe,
589 3877 802 3949 inquit,
847 3875 1118 3944 salutem,
1152 3875 1287 3932 licet
1317 3893 1411 3933 me
1442 3877 1725 3935 occideris
1751 3897 1765 3948 ;
1797 3879 1983 3934 haeres

333 3971 458 4023 esto
497 3983 634 4022 cum
682 3963 924 4037 virgine.
960 3965 1120 4021 Licet
1169 3983 1279 4020 non
1331 3967 1632 4036 mercaris,
1663 3967 1901 4041 ignosco
1933 3967 1982 4023 si

334 4054 602 4128 pmnites.
637 4076 666 4103 »

404 4144 617 4200 Beatus
674 4142 930 4199 Hilarius
983 4143 1186 4200 doctor
1236 4143 1584 4211 catholicus,
1618 4145 1718 4217 qui
1750 4150 1986 4218 propter

331 4231 708 4290 excellentem
729 4232 1056 4288 doctrinam
1086 4233 1480 4288 Romanorum
1500 4233 1708 4289 lucifer
1727 4233 1982 4306 appella-

333 4327 451 4396 tur,
481 4338 776 4394 exponens
806 4339 1040 4378 versum
1083 4321 1297 4378 Psalmi
1329 4339 1524 4392 cxvm,
1560 4340 1674 4397 quo
1719 4323 1934 4380 dicitur
1965 4340 1981 4380 :

331 4411 396 4468 In
415 4420 519 4469 toto
545 4411 705 4469 corde
732 4427 849 4469 meo
885 4413 1162 4484 exquisivi
1191 4419 1258 4480 te,
1289 4429 1359 4469 ne
1389 4413 1619 4485 repellas
1643 4429 1730 4469 me
1758 4430 1792 4468 a
1819 4430 1985 4468 man-

2087 3270 2168 3317 ter
2187 3269 2373 3326 vester,
2399 3261 2496 3332 qui
2521 3261 2690 3316 solem
2717 3276 2880 3315 suum
2909 3261 3050 3316 oriri
3087 3260 3222 3330 facit
3267 3275 3432 3330 super
3482 3259 3648 3314 bonos
3683 3265 3742 3314 et

2084 3351 2278 3418 malos,
2310 3357 2362 3405 et
2385 3350 2530 3421 pluit
2559 3366 2722 3421 super
2738 3351 2916 3422 justos
2945 3357 2996 3405 et
3025 3351 3253 3422 injustas
3283 3347 3500 3421 (Matth.
3531 3363 3588 3419 ν,
3621 3348 3740 3418 45).

2088 3438 2238 3495 185
2265 3437 2494 3494 Patiens
2525 3437 2681 3493 enim
2715 3442 2772 3493 et
2801 3437 3132 3494 misericors
3162 3437 3485 3504 Deus,dum
3515 3435 3746 3492 mavult

2087 3527 2491 3601 pceuitentiam
2523 3530 2893 3600 peccatorum
2933 3543 3111 3599 quam
3144 3530 3413 3593 mortem,
3447 3525 3601 3581 dona
3633 3541 3749 3582 sua

2089 3623 2209 3672 tam
2225 3616 2408 3688 justis
2438 3633 2617 3688 quam
2639 3615 2694 3670 in
2694 3616 2878 3688 justis
2906 3605 3496 3688 largitur,unicuique
3516 3630 3621 3686 per
3640 3630 3748 3686 pa-

2089 3705 2356 3761 tientiam
2379 3704 2564 3775 longa:
2587 3703 3625 3776 aequanimitatispomitenditempus
3641 3701 3751 3758 im-

2091 3794 2367 3868 pertiens.
2391 3816 2417 3842 »
2441 3795 2511 3849 Et
2533 3793 2671 3848 item
2702 3793 2856 3850 idem
2879 3794 2961 3865 (in
2989 3793 3184 3859 lamed,
3213 3792 3358 3866 psal.
3381 3807 3576 3859 cxvm,
3598 3792 3698 3862 89)
3732 3807 3749 3846 :

2095 3907 2121 3934 «
2143 3884 2202 3938 In
2224 3891 2510 3954 retentum,
2531 3883 2776 3948 Domine,
2788 3891 3072 3955 permanet
3091 3882 3314 3938 verbum
3333 3889 3488 3936 tuum
3515 3881 3575 3936 in
3593 3879 3754 3936 creto.

2092 3973 2153 4030 In
2177 3971 2272 4028 bis
2288 3971 2443 4028 enim
2465 3976 2746 4042 tanquam
2763 3971 2823 4026 in
2845 3970 2988 4026 c0310
3009 3971 3251 4027 verbum
3283 3969 3385 4025 Dei
3416 3973 3752 4042 permanet,

2090 4061 2150 4116 in
2173 4061 2390 4133 quibus
2420 4059 2528 4114 hoc
2556 4059 2800 4114 verbum
2831 4076 2948 4115 non
2980 4060 3295 4115 offenditur
3320 4057 3752 4128 ira,ebrietate,

2092 4147 2898 4218 odio,infidelitate,lasciviis.
2922 4149 3067 4204 Nam
3098 4153 3156 4203 ct
3185 4148 3234 4204 si
3267 4146 3588 4219 aliquando
3621 4163 3755 4200 ma-

2093 4244 2192 4294 net
2223 4239 2282 4293 in
2311 4237 2500 4304 nobis,
2527 4241 2726 4293 tamen
2754 4237 2860 4293 has
2889 4235 3342 4293 cohabitationis
3386 4252 3504 4290 sua:
3537 4238 3752 4290 contu-

2093 4327 2298 4384 melias
2330 4343 2446 4381 non
2492 4325 2622 4394 fert,
2656 4330 2723 4380 ut
2771 4342 3006 4400 semper
3053 4325 3246 4382 inesse
3291 4326 3654 4397 permaneat.
3688 4321 3756 4378 Si

2092 4433 2224 4474 vero
2247 4416 2369 4471 haec
2399 4419 2857 4472 commemorata
2871 4415 3011 4472 vitia
3025 4431 3257 4488 semper
3275 4415 3336 4470 in
3356 4413 3528 4470 nobis
3549 4415 3754 4480 erunt,

333 4500 474 4599 datis
530 4503 641 4557 tuis
693 4501 778 4599 (in
831 4499 990 4599 beth,.
1013 4501 1154 4599 psal.
1223 4517 1416 4599 cxvnr,
1474 4502 1582 4572 10),
1637 4501 1720 4556 ita
1791 4501 1980 4599 dicit:
2013 4533 2062 4599 Β
2095 4522 2200 4562 nec
2230 4503 2472 4560 introire
2501 4502 2740 4575 quidem
2771 4503 2994 4577 polluta
3013 4520 3324 4577 corporum
3346 4499 3648 4599 domicilia
3669 4501 3762 4556 di-

334 4612 363 4640 ‹‹
387 4589 728 4660 Competere
748 4589 993 4646 bonitati
1017 4589 1116 4646 Dei
1139 4607 1255 4646 non
1277 4589 1523 4658 videtur,
1544 4595 1611 4647 ut
1635 4609 1667 4647 a
1690 4591 1983 4647 mandatis

335 4675 461 4733 suis
490 4693 848 4748 quemquam
878 4676 1145 4749 repellat;
1171 4679 1270 4734 sed
1289 4695 1627 4734 sermonum
1661 4679 1908 4751 adjectio
1929 4684 1988 4736 et

332 4763 518 4820 virtus
540 4764 876 4830 verborum,
909 4781 1034 4836 quas
1064 4783 1132 4822 ex
1163 4767 1424 4838 perfectas
1447 4766 1818 4840 coelestisque
1845 4768 1986 4825 doc-

334 4851 500 4909 trinae
523 4851 744 4909 ratione
765 4852 1052 4925 disposita
1071 4858 1180 4920 est,
1218 4854 1364 4909 nihil
1398 4855 1666 4924 dubium,
1685 4855 1828 4912 nihil
1857 4874 1988 4913 con-

333 4939 582 4996 trarium
605 4940 664 4996 in
687 4957 750 4997 se
781 4939 1090 5008 habet.Qui
1117 4959 1252 5015 ergo
1285 4944 1610 4999 secundum
1642 4944 1985 5017 prophetam

335 5028 557 5085 mavult
568 5034 938 5100 peccatorum
960 5029 1356 5102 pmnitentiam
1375 5048 1550 5104 quam
1565 5037 1987 5102 mortem,nun-

334 5117 476 5190 quid
506 5116 935 5174 existimandus
971 5123 1061 5174 est
1090 5137 1124 5176 a
1155 5111 1448 5176 mandaﬁs
1478 5119 1604 5176 suis
1629 5136 1986 5194 quemquam

335 5205 664 5280 repellere?
695 5206 899 5263 Procul
949 5209 1028 5262 sit
1073 5207 1232 5264 istud
1271 5208 1624 5265 existimare.
1656 5209 1766 5266 Sed
1801 5229 1987 5285 neque

337 5294 446 5352 hoc
467 5311 623 5352 nunc
647 5295 930 5368 propheta
959 5295 1162 5363 sensit,
1188 5296 1437 5352 maxime
1461 5296 1560 5368 qui
1583 5296 1641 5352 in
1665 5301 1784 5354 toto
1817 5301 1987 5358 corde

337 5383 523 5439 Deum
553 5383 949 5456 perquisierit.
982 5383 1094 5440 Sed
1143 5384 1436 5441 absolutio
1483 5385 1894 5445 difﬁcultatum
1925 5391 1986 5447 in

338 5468 432 5526 his
455 5470 598 5543 ipsis
617 5471 968 5544 requirenda
988 5477 1097 5540 est,
1120 5489 1189 5528 ex
1209 5473 1425 5546 quibus
1457 5472 1690 5530 videtur
1717 5477 1983 5537 existere.

339 5557 628 5644 Propheta
642 5559 799 5622 enim
821 5559 962 5640 quid
978 5560 1230 5624 senserit
1245 5561 1305 5622 in
1322 5564 1598 5640 promptu
1615 5567 1705 5625 est
1725 5581 1984 5632 noscere.

2096 4593 2394 4670 gnabitur.
2426 4593 2608 4648 Adest
2663 4598 2862 4650 autem
2920 4593 3242 4666 unicuique
3298 4590 3656 4666 proximum,
3690 4593 3762 4646 ut

2096 4683 2317 4740 dictum
2350 4687 2458 4738 est.
2492 4681 2620 4738 Stat
2669 4682 2826 4738 enim
2875 4683 2947 4738 ad
2995 4681 3215 4738 ostium
3261 4680 3504 4738 verbum
3535 4677 3663 4746 Dei,
3696 4683 3762 4736 et

2096 4772 2295 4846 pulsat
2315 4769 2533 4828 ostium
2557 4770 2766 4826 anima:
2789 4775 3020 4838 nostra},
3047 4775 3105 4826 et
3134 4769 3278 4826 dicit
3308 4785 3322 4824 :
3353 4769 3485 4826 Ecce
3508 4775 3665 4824 stans
3683 4765 3762 4822 ad

2095 4864 2294 4919 ostium
2318 4861 2498 4934 pulso.
2531 4860 2594 4915 Si
2637 4861 2758 4932 quis
2801 4861 3010 4932 aperiet
3041 4861 3186 4915 mihi
3212 4860 3432 4926 ostium,
3465 4855 3764 4928 ingrediar

2095 4951 2165 5008 ad
2195 4968 2318 5008 eum
2353 4951 2533 5024 (Apoc.
2566 4963 2652 5016 III,
2685 4949 2798 5018 20).
2832 4947 2970 5004 Vult
3017 4964 3154 5020 ergo
3204 4963 3436 5019 semper
3482 4944 3760 5014 introire,

2097 5042 2199 5097 sed
2225 5058 2258 5096 a
2283 5039 2452 5096 nobis
2478 5055 2550 5094 ne
2581 5037 2831 5094 introeat
2859 5037 3208 5094 excluditur.
3228 5034 3572 5092 Claudimus
3589 5031 3763 5090 enim

2096 5147 2199 5202 per
2218 5128 2340 5184 hinc
2370 5125 2629 5200 corporis
2649 5125 2788 5181 vitia
2810 5125 3018 5181 animae
3050 5130 3260 5182 nostra;
3287 5123 3685 5188 aditum.Quae
3705 5121 3764 5178 si

2096 5217 2335 5291 coeperit
2363 5214 2699 5272 emundatis
2728 5215 3004 5270 omnibus
3035 5219 3251 5288 patere,
3275 5211 3542 5270 introibit
3572 5211 3766 5268 modo

2097 5305 2366 5378 solis,qui
2387 5303 2604 5360 clausis
2635 5303 2897 5374 fenestrae.
2919 5303 3100 5360 valvis
3125 5302 3362 5359 introire
3384 5297 3765 5374 prohibetur,

2096 5394 2433 5468 patentibus
2456 5409 2588 5448 vero
2619 5396 2776 5448 totus
2807 5390 3300 5466 immittitur.lpse
3330 5389 3571 5464 quidem
3601 5404 3772 5446 sem-

2096 5501 2201 5559 per
2222 5488 2286 5540 ut
2309 5481 2601 5538 illuminat
2620 5485 2926 5555 promptus
2943 5482 3160 5551 est,sed
3176 5481 3373 5540 lumen
3399 5477 3512 5536 sibi
3535 5477 3772 5537 domus

2095 5573 2226 5652 ipsa
2255 5568 2541 5633 obseratis
2580 5567 2837 5633 aditibus
2884 5569 3157 5635 excludit.
3189 5571 3292 5634 Est
3317 5566 3477 5632 enim
3505 5565 3774 5639 verbum
