3970 6182
247 331 367 392 229

967 327 1067 390 DE
1109 326 1871 389 PltzEDESTINA'l‘lONE
1914 323 2433 396 DISSERTATIO
2479 327 2940 390 PilS'l‘EllIOll.

3550 335 3673 397 230

249 435 348 493 Dei
380 435 470 492 sol
517 435 789 507 justitite,
825 434 1112 492 assistens
1159 435 1476 507 unicuique
1525 438 1589 488 ut
1644 435 1910 500 introeat,
1942 434 1996 502 Α
2029 433 2142 487 culi
2169 433 2446 505 indignus
2473 433 2838 502 habitaculo;
2863 437 3017 508 quod
3040 437 3370 510 signiﬁcare
3391 441 3674 500 Dominus

249 540 358 582 nec
381 528 650 581 moratur
668 522 859 580 lucem
887 541 1055 580 suam
1083 523 1330 596 repertis
1355 523 1668 578 aditibus.»
1685 523 1751 577 Et
1776 523 1911 577 item

247 612 378 686 ipse
408 613 470 668 in
500 613 706 669 eodem
737 611 966 685 psalmo
997 613 1078 684 (in
1107 613 1323 668 samech
1359 612 1503 683 psal.
1527 629 1719 679 CXVIII,
1746 613 1908 679 115):

247 701 555 769 Declinate,
588 719 620 757 a
668 718 756 758 me
810 701 1065 773 nulligni.
1094 723 1120 750 ‹‹
1151 701 1427 756 Nostrum
1469 705 1578 768 est,
1612 699 1822 772 inquit,
1857 703 1915 754 ct

249 789 440 846 malos
470 806 672 846 amare
703 794 761 846 et
789 790 994 860 bonos,
1018 794 1075 846 et
1104 789 1390 846 bonos‘ad
1432 789 1776 856 bonitatem,
1804 790 1910 844 do—

253 895 404 946 cere,
429 879 758 934 secundum
789 895 925 934 eum
949 879 1048 952 qui
1077 878 1380 935 universos
1406 879 1476 934 ad
1509 896 1571 934 se
1602 878 1800 950 potius
1831 878 1914 932 in-

255 967 424 1034 vitat,
443 967 681 1024 dicens:
707 968 886 1024 Venite
903 968 972 1023 ad
992 984 1098 1036 me,
1121 984 1303 1024 omnes
1326 969 1422 1040 qui
1442 967 1699 1024 laboratis
1724 975 1775 1023 et
1794 984 1916 1023 one-

247 1058 366 1111 rati
384 1058 538 1123 estis,
563 1065 616 1112 et
631 1072 727 1128 ego
749 1073 840 1112 vos
869 1058 1112 1128 reﬁciam
1133 1057 1335 1129 (Matth.
1359 1075 1436 1123 x1,
1458 1060 1608 1126 28).»
1631 1058 1702 1112 Et
1731 1057 1872 1112 item
1897 1072 1910 1111 :

247 1147 520 1216 Sprevisti
565 1161 751 1202 omnes
796 1145 1124 1202 discedentes
1182 1163 1217 1202 a
1260 1146 1744 1218 justi/lectionibus
1803 1147 1913 1201 tuis

251 1235 425 1304 (Psal.
448 1251 648 1300 cxvm,
676 1235 820 1303 118).
846 1257 874 1284 ‹‹
899 1236 970 1290 Et
1000 1235 1116 1301 hic,
1158 1234 1368 1307 inquit,
1397 1239 1623 1290 servata
1661 1252 1729 1290 ea
1767 1235 1912 1290 ratio

251 1327 362 1387 est,
397 1328 464 1378 ut
493 1340 609 1379 non
645 1323 868 1379 dictum
902 1323 998 1392 sit,
1019 1323 1300 1396 Sprevisti
1327 1340 1532 1380 omnes
1557 1329 1912 1397 peccatores,

250 1412 354 1468 sed
379 1410 650 1484 sprevisti
673 1427 879 1468 omnes
901 1413 1288 1469 discedentes.
1309 1412 1368 1469 Si
1391 1413 1548 1468 enim
1582 1416 1914 1486 peccatores

251 1500 410 1556 Deus
440 1505 762 1572 sperneret,
795 1516 999 1557 omnes
1033 1500 1238 1582 utique
1270 1505 1592 1573 sperneret,
1621 1501 1759 1574 quia
1789 1502 1916 1558 sine

251 1594 495 1662 peccato
519 1605 690 1645 nemo
713 1587 822 1658 sit;
847 1591 945 1646 sed
972 1591 1196 1662 spernit
1216 1590 1582 1646 discedentes
1605 1609 1636 1646 a
1660 1609 1740 1659 se,
1766 1608 1914 1663 quos

252 1680 555 1751 apostatas
584 1681 815 1733 vocant.
840 1678 1039 1750 Neque
1072 1677 1315 1734 interest
1347 1696 1420 1735 an
1454 1679 1512 1734 in
1538 1679 1912 1751 justiﬁcatio-

252 1767 430 1823 nibus
453 1766 554 1822 Dei
585 1767 721 1838 quis
741 1766 1060 1840 aliquando
1085 1768 1279 1824 fuerit.
1305 1769 1683 1841 Spernendus
1705 1769 1859 1826 enim
1882 1786 1916 1826 a

250 1855 366 1912 Deo
381 1859 474 1912 est
491 1855 764 1928 quisquis
783 1856 1286 1930 discesserit,quia
1308 1859 1604 1914 manentis
1635 1858 1910 1915 meritum

251 1949 561 2000 conservat
587 1945 1020 2002 consummatio
1054 1947 1454 2018 permanendi.
1485 1947 1688 2004 Diﬁ‘ert
1716 1965 1848 2004 vero
1879 1966 1914 2005 a

251 2038 556 2104 peccatore
587 2031 1046 2106 discessio,quia
1076 2035 1364 2106 peccatori
1395 2035 1562 2092 venia
1591 2054 1694 2108 per
1724 2038 1911 2109 pumi-

249 2121 498 2176 tentiam
533 2125 895 2190 reservatur;
929 2122 1208 2180 discessio
1238 2140 1370 2180 vero
1402 2140 1537 2179 cum
1568 2125 1698 2198 ipsa
1727 2127 1909 2198 pcnni-

215 2233 220 2237 ι
249 2209 434 2264 tentia
463 2210 830 2266 discessione
861 2228 922 2268 se
944 2213 1350 2284 damnatque:
1380 2213 1515 2269 hinc
1545 2213 1751 2286 oritur,
1775 2233 1910 2270 cum

251 2297 530 2354 voluntas
560 2316 763 2355 eorum
788 2301 888 2372 qui
911 2299 1226 2356 discessuri
1253 2306 1391 2357 sunt
1421 2307 1511 2358 est
1540 2303 1816 2376 iniquis.»
1845 2305 1913 2359 Et

249 2383 386 2440 item
436 2385 500 2440 in
553 2386 760 2440 eodem
811 2385 1040 2458 psalmo
1072 2388 1154 2458 (in
1200 2396 1314 2454 tau,
1343 2391 1485 2462 psal.
1509 2407 1702 2458 CXVIII,
1739 2391 1860 2464 174)
1895 2407 1907 2446 :

249 2497 276 2521 α
300 2473 608 2546 Concupivi
636 2475 878 2532 salutare
908 2483 1078 2544 tuam,
1112 2478 1356 2547 Domine,
1379 2487 1430 2534 et
1452 2480 1542 2534 lea:
1569 2487 1663 2535 tua
1691 2480 1915 2537 medita-

249 2565 322 2618 tio
348 2581 474 2618 mea
507 2573 610 2620 est.
637 2565 850 2619 Totum
884 2581 945 2620 se
976 2563 1084 2621 iste
1117 2565 1174 2621 in
1207 2567 1522 2622 adventum
1548 2568 1708 2637 Jesu,
1735 2569 1790 2624 id
1825 2573 1916 2624 est

249 2650 596 2720 Salvatoris,
621 2653 902 2721 extendit,
939 2656 1000 2708 ut
1031 2671 1134 2726 per
1164 2654 1510 2712 salvatorem
1542 2675 1716 2713 suum
1747 2662 1911 2714 aiter-

248 2757 516 2812 numque
551 2744 847 2814 pastorem
879 2741 938 2796 in
971 2741 1112 2798 cmlo
1135 2743 1357 2817 angelis
1378 2743 1436 2799 in
1460 2749 1674 2801 aeterna
1697 2746 1916 2819 gaudia

249 2827 562 2900 perhibeat
592 2845 656 2885 se
697 2835 1018 2903 receptum.
1046 2830 1227 2888 Filius
1267 2833 1424 2888 enim
1463 2833 1720 2890 hominis
1756 2836 1915 2892 venit

250 2917 478 2975 salvare
491 2919 652 2991 quod
670 2919 941 2992 perierat,
957 2920 1177 2976 missus
1194 2921 1265 2976 ad
1281 2927 1414 2978 dves
1432 2923 1688 2995 perditas
1703 2924 1916 2980 domus

252 3005 433 3063 Israel
455 3007 750 3065 Dominus
771 3007 944 3065 Jesus
965 3007 1361 3082 Christus,qui
1382 3015 1471 3067 est
1491 3012 1830 3068 benedictus
1853 3013 1913 3068 in

251 3095 490 3152 saecula.
524 3098 736 3152 Amen.
764 3119 792 3147 ››
817 3097 958 3154 Item
1008 3097 1162 3154 idem
1208 3099 1268 3153 in
1309 3102 1558 3157 tractatu
1589 3101 1805 3158 Psalmi
1839 3119 1912 3170 LI,

246 3184 386 3241 dicit
413 3185 489 3242 de
532 3184 753 3258 populo
784 3185 962 3243 Israel
997 3203 1064 3241 :«
1100 3187 1356 3260 Moysem
1389 3179 1708 3262 maledixit,
1731 3192 1915 3248 Deum

255 3275 642 3330 abominatus
670 3278 780 3342 est,
803 3274 955 3332 ﬁlios
987 3293 1126 3333 suos
1151 3276 1485 3352 daemonum
1507 3277 1717 3336 hostiis
1737 3281 1914 3350 vovit,

253 3362 576 3436 prophetas
593 3363 1038 3436 oecidit,ipsum
1061 3382 1295 3438 quoque
1316 3367 1496 3422 Deum
1515 3385 1581 3424 ac
1598 3369 1914 3425 Dominum

249 3469 448 3520 suum,
469 3451 568 3508 sui
592 3469 773 3509 causa
792 3457 998 3508 natum
1022 3453 1343 3526 hominem,
1363 3456 1658 3528 proditum
1684 3459 1913 3530 praetori

249 3541 304 3596 in
327 3558 570 3598 crucem
593 3541 856 3609 sustulit,
877 3559 942 3598 ac
965 3542 1051 3598 sic
1071 3545 1192 3599 toto
1208 3543 1336 3600 vitae
1359 3563 1478 3601 sua:
1495 3547 1586 3602 die
1607 3547 1916 3620 iniquitate

249 3631 401 3686 100
431 3629 702 3704 glorians
730 3647 864 3687 cum
911 3635 1118 3704 potens
1149 3636 1322 3701 esset,
1356 3637 1562 3706 potens
1611 3641 1804 3692 tamen
1853 3639 1913 3694 in

252 3719 480 3774 malitia
527 3720 877 3790 permansit.
909 3742 935 3767 η
966 3722 1108 3776 Item
1141 3721 1200 3775 in
1235 3721 1437 3778 eodem
1472 3739 1538 3777 ;‹‹
1583 3724 1747 3780 Hunc
1783 3743 1912 3798 pro-

253 3824 445 3878 pensa:
466 3807 716 3864 malitia:
741 3807 1013 3864 affectum
1047 3808 1330 3865 Dominus
1355 3809 1414 3865 in
1438 3810 1746 3885 Evangelio
1777 3831 1912 3870 con-

253 3897 516 3964 demnat,
569 3896 772 3953 dicens
806 3913 819 3953 :
853 3899 961 3954 Hoc
1003 3905 1083 3955 est
1123 3907 1305 3955 autem
1340 3900 1620 3972 judicium
1667 3905 1766 3975 qui
1815 3903 1916 3960 lux

252 3988 397 4041 venit
427 3988 486 4040 in
520 3985 672 4040 hunc
705 3986 996 4056 mundum,
1019 3996 1072 4044 et
1106 3987 1422 4045 dilexerunt
1457 3989 1701 4048 homines
1739 3995 1914 4065 magis

246 4075 495 4130 tenebras
525 4091 696 4147 quam
725 4075 901 4132 lucem
931 4077 1108 4148 (Joan.
1142 4095 1227 4146 111,
1265 4078 1372 4148 19).
1401 4079 1656 4152 Populus
1689 4081 1911 4155 itaque,

245 4162 334 4216 cui
365 4164 437 4218 ad
473 4163 948 4236 redemptionem
981 4170 1353 4237 peccatorum
1377 4167 1634 4224 Verbum
1667 4186 1801 4225 caro
1833 4171 1910 4228 fa-

245 4242 398 4308 ctum
427 4257 545 4322 est,
567 4257 625 4308 et
645 4252 801 4310 Deus
823 4253 998 4310 homo
1027 4259 1202 4311 natus
1223 4260 1334 4323 est,
1359 4259 1425 4312 ut
1455 4274 1558 4329 per
1587 4257 1720 4314 ﬁdei
1741 4259 1915 4330 justi-

245 4339 580 4396 ﬁcationem
603 4340 918 4398 maledicto
939 4342 1086 4417 legis
1106 4343 1256 4400 liber
1276 4349 1454 4412 esset,
1480 4347 1621 4402 dum
1645 4345 1704 4400 in
1729 4351 1916 4408 trans.

243 4429 546 4501 gressione
591 4429 740 4504 legis
798 4431 1025 4487 mavult
1083 4432 1301 4489 servire
1352 4432 1685 4503 maledicto,
1717 4435 1912 4508 ipsum

2027 521 2374 592 intelligitur
2403 540 2538 577 cum
2571 523 2712 578 dicit
2736 540 2748 577 :
2777 525 2926 596 Ergo
2953 532 3075 580 sum
3104 529 3230 582 vitis
3261 545 3405 596 vera,
3431 547 3520 586 vos
3545 533 3673 588 estis

2013 613 2362 682 propagines.
2399 613 2561 668 Pater
2605 629 2758 668 meus
2805 615 3046 684 agricola
3077 623 3172 670 est.
3209 615 3396 674 Omnis
3437 637 3674 692 propago

2019 700 2080 753 in
2110 715 2196 754 me
2225 716 2330 754 non
2378 716 2625 767 manens,
2652 717 2824 772 neque
2869 703 3049 772 ferens
3094 703 3357 773 fluctum,
3377 708 3671 764 eradicabi-

2019 795 2128 843 tur.
2158 789 2218 842 Et
2245 805 2460 843 omnem
2493 791 2854 860 propaginem
2902 790 2960 844 in
3011 807 3098 845 me
3138 801 3445 848 numentem
3489 811 3676 851 emun-

2019 875 2170 931 dabit
2201 881 2365 930 Pater
2393 893 2564 941 meus,
2597 885 2658 932 ut
2693 879 2937 948 fructum
2965 879 3288 950 ampliorem
3323 883 3467 952 ferat
3493 883 3670 951 (Joan.

2018 981 2113 1030 xv,
2142 966 2215 1033 1).
2239 964 2299 1021 Si
2331 965 2430 1036 qui
2464 966 2645 1038 igitur
2667 983 2771 1039 per
2795 967 2969 1022 ﬁdem
2990 967 3275 1040 corporali
3307 969 3407 1026 Dei
3440 987 3674 1028 manere

2021 1052 2082 1108 in
2114 1057 2325 1108 natura
2354 1054 2647 1127 assumpti
2679 1071 2713 1109 a
2742 1055 2857 1110 Deo
2889 1055 3148 1127 corporis
3174 1057 3578 1128 merebuntur,
3613 1059 3670 1114 hi

2021 1143 2422 1198 emundantur
2451 1143 2510 1198 in
2553 1144 2780 1199 fructus
2819 1148 3063 1200 aeternos
3101 1161 3170 1201 ex
3209 1162 3272 1202 se
3309 1147 3669 1217 atl‘erendos;

2021 1231 2162 1302 quia
2184 1248 2418 1288 necesse
2440 1235 2530 1287 est
2552 1236 2616 1286 ut
2638 1236 2909 1288 naturam
2926 1249 3070 1288 verae
3087 1233 3221 1291 vitis
3241 1252 3498 1310 propago
3519 1236 3674 1293 intra

2019 1319 2194 1374 vitem
2229 1337 2475 1376 manens
2502 1325 2714 1380 teneat.
2738 1322 2810 1376 At
2837 1337 2972 1377 vero
2999 1322 3099 1395 qui
3129 1321 3467 1382 incredulus
3497 1330 3673 1382 natus

2020 1406 2079 1463 in
2122 1425 2362 1481 corpore
2408 1409 2508 1464 Dei
2560 1410 2756 1479 fuerit,
2789 1409 2877 1466 vel
2925 1409 2973 1466 si
3022 1415 3079 1467 et
3127 1413 3369 1470 credens
3416 1420 3672 1484 maneat,

2022 1497 2314 1554 fructibus
2343 1502 2540 1554 tamen
2575 1498 2708 1555 ﬁdei
2739 1516 2857 1555 suae
2889 1503 3100 1569 careat,
3127 1500 3539 1573 eradicabitur,
3574 1508 3676 1561 aut

2021 1587 2094 1641 ob
2118 1585 2545 1658 infidelitatem,
2561 1592 2661 1642 aut
2680 1587 2752 1643 ob
2776 1587 3153 1644 inutilitatem
3177 1590 3472 1647 fructuum
3496 1609 3672 1666 nega-

2023 1679 2238 1730 torum.
2266 1675 2451 1731 Natus
2482 1677 2639 1731 enim
2670 1693 2740 1732 ex
2769 1675 3005 1748 Virgine
3036 1677 3136 1732 Dei
3172 1677 3375 1744 Filius,
3399 1697 3514 1736 non
3545 1686 3672 1736 tum

2024 1764 2281 1836 primum
2313 1763 2415 1820 Dei
2451 1763 2632 1820 Filius
2661 1782 2796 1820 cum
2829 1764 2987 1821 ﬁlius
3019 1765 3295 1833 hominis,
3315 1767 3414 1822 sed
3438 1767 3497 1822 in
3531 1769 3673 1826 Filio

2023 1852 2122 1907 Dei
2157 1853 2332 1909 etiam
2364 1851 2520 1910 ﬁlius
2551 1853 2831 1922 hominis,
2862 1858 2927 1908 ut
2955 1857 3011 1909 et
3043 1852 3202 1910 ﬁlius
3231 1854 3490 1913 hominis
3519 1862 3676 1914 esset

2023 1941 2205 1998 Filius
2236 1941 2362 2013 Dei,
2385 1947 2656 1998 naturam
2701 1942 2761 1998 in
2794 1959 2856 1998 se
2887 1943 3169 1998 universae
3209 1944 3402 2001 carnis
3437 1963 3674 2003 assum-

2021 2029 2158 2102 psit,
2183 2047 2285 2102 per
2313 2049 2492 2102 quam
2524 2032 2766 2087 eil'ectus
2815 2047 2948 2086 vera
2982 2030 3114 2086 vitis
3145 2047 3330 2103 genus
3360 2033 3420 2088 in
3451 2051 3512 2089 se
3543 2036 3673 2090 uni-

2020 2136 2198 2175 versa:
2221 2120 2560 2192 propaginis
2583 2124 2758 2176 tenet.
2775 2121 2834 2176 Si
2851 2136 2969 2192 qua
2987 2136 3124 2192 ergo
3147 2137 3402 2194 propago
3423 2122 3676 2180 inﬁdelis

2021 2212 2124 2263 aut
2153 2207 2519 2264 infructuosa
2549 2213 2658 2276 est,
2691 2208 3104 2264 eradicandum
3147 2209 3277 2282 ipsa
3325 2227 3387 2266 se
3436 2212 3672 2284 prmbet,

2022 2315 2126 2369 per
2156 2302 2426 2354 naturam
2459 2299 2699 2370 quidem
2723 2315 2988 2366 manens,
3014 2298 3113 2354 sed
3149 2315 3252 2370 per
3272 2297 3675 2357 inﬁdelitatem

2023 2390 2124 2442 aut
2145 2385 2524 2443 inutilitatem
2548 2386 2862 2442 revellitur.
2883 2387 2964 2441 Ex
2985 2386 3094 2441 hoc
3115 2403 3250 2458 ergo
3273 2387 3672 2458 tabernaculo,

2021 2481 2304 2547 tanquam
2331 2493 2400 2531 ex
2419 2493 2552 2532 vera
2575 2475 2708 2542 vite,
2734 2475 2828 2530 hic
2860 2475 3080 2548 impius
3109 2475 3293 2531 Doech
3324 2481 3382 2532 et
3411 2477 3678 2533 evellitur

2022 2568 2078 2620 et
2098 2564 2440 2638 emigratur,
2457 2581 2702 2621 manens
2725 2581 2829 2637 per
2851 2568 3121 2620 naturam
3139 2568 3196 2620 et
3217 2565 3274 2620 in
3298 2566 3674 2622 tabernaculo

2023 2657 2079 2708 et
2109 2653 2166 2708 in
2199 2654 2332 2719 vite,
2357 2654 2456 2709 sed
2480 2670 2583 2725 per
2618 2653 3024 2709 inﬁdelitatem
3047 2653 3262 2726 dignus
3284 2653 3447 2710 avelli
3476 2671 3490 2710 :
3514 2655 3673 2711 avul-

2024 2759 2127 2798 sus
2156 2746 2353 2797 autem
2385 2743 2455 2798 de
2491 2741 2866 2798 tabernaculo
2896 2742 3292 2798 eradicabitur
3311 2747 3368 2798 et
3385 2743 3457 2799 de
3481 2745 3674 2802 viven-

2023 2829 2173 2886 tium
2194 2836 2368 2886 terra.
2394 2831 2501 2897 Qui
2531 2831 2690 2886 enim
2725 2849 2837 2887 non
2869 2831 3129 2886 manebit
3157 2831 3217 2887 in
3238 2831 3488 2901 Christo,
3511 2834 3674 2906 regni

2023 2918 2236 2974 Christi
2270 2919 2461 2975 incola.
2495 2936 2612 2974 non
2650 2919 2780 2975 erit.
2810 2920 2935 2974 Non
2967 2920 3078 2974 erit
3118 2924 3337 2988 autem,
3362 2937 3476 2977 non
3515 2922 3673 2994 quod

2025 3007 2135 3063 sibi
2159 3025 2271 3062 non
2294 3007 2547 3080 patuerit
2577 3007 2886 3064 incolatus.
2913 3007 3208 3064 Universis
3234 3007 3391 3065 enim
3422 3014 3584 3081 patet
3611 3013 3676 3066 ut

2023 3101 2322 3152 consortes
2353 3096 2473 3152 sint
2510 3095 2769 3169 corporis
2808 3095 2910 3152 Dei
2950 3100 3124 3168 atque
3155 3096 3336 3168 regni,
3361 3096 3501 3168 quia
3529 3097 3675 3153 Ver-

1945 3172 1996 3244 α
2029 3186 2168 3242 bum
2193 3203 2326 3241 caro
2346 3185 2564 3240 factum
2589 3188 2698 3256 est,
2717 3188 2775 3240 et
2793 3183 3078 3240 habitavit
3100 3184 3159 3239 in
3185 3183 3375 3253 nobis,
3397 3189 3670 3242 naturam

2023 3273 2244 3331 scilicet
2275 3275 2334 3329 in
2367 3291 2438 3330 se
2459 3273 2640 3329 totius
2661 3272 2904 3329 humani
2933 3273 3164 3345 generis
3195 3290 3530 3332 assumens.
3556 3275 3670 3332 Sed

2024 3365 2433 3436 unusquisque
2463 3379 2567 3436 pro
2591 3362 2818 3430 merito,
2841 3365 2898 3417 et
2918 3361 3283 3418 evellendum
3308 3380 3372 3419 se
3395 3364 3466 3420 de
3490 3364 3676 3421 taber-

2023 3453 2254 3520 naculo,
2279 3457 2336 3508 et
2361 3452 2778 3507 eradicandum
2811 3452 2881 3506 de
2911 3455 3066 3506 terra
3087 3450 3404 3507 viventium
3437 3453 3672 3525 praebet,

2025 3560 2139 3598 non
2174 3541 2512 3614 prohibitus
2529 3557 2791 3612 unquam
2813 3541 3028 3609 inesse,
3050 3539 3190 3612 quia
3206 3557 3310 3612 per
3329 3545 3549 3596 natura:
3580 3559 3674 3599 as-

2024 3649 2153 3686 sum
2162 3630 2420 3702 ptionem
2444 3629 2635 3685 incola
2654 3629 2731 3684 sit
2753 3632 3044 3700 receptus,
3067 3629 3168 3684 sed
3192 3627 3583 3683 eradicabitur
3598 3630 3673 3686 ob

2024 3721 2170 3775 167
2204 3718 2568 3774 inﬁdelitatis
2591 3718 2810 3774 crimen
2837 3721 3057 3773 naturae
3081 3716 3372 3772 consortio
3395 3715 3673 3790 indignus

2023 3808 2335 3863 exsistens.
2359 3806 2704 3862 Eradicatur
2731 3823 2867 3878 ergo
2897 3806 2968 3862 de
2995 3804 3312 3861 viventium
3341 3808 3512 3871 terra,
3546 3822 3672 3878 quas

2020 3895 2081 3952 in
2131 3895 2306 3952 beata
2349 3895 2584 3968 regione
2624 3893 2843 3951 sanctis
2887 3893 3136 3949 Domino
3180 3893 3672 3967 congregantibus

2020 3989 2408 4058 praeparatur;
2441 3983 2612 4054 cujus
2657 3983 2781 4055 ipse
2821 3983 2879 4037 in
2910 3981 3218 4055 Evangelio
3267 3981 3536 4037 meminit
3583 3982 3670 4037 di-

2022 4089 2160 4129 cens
2184 4091 2200 4130 :
2222 4074 2373 4128 Beati
2394 4073 2688 4140 mansueti,
2712 4072 2972 4144 quoniam
3003 4073 3110 4144 ipsi
3141 4071 3544 4128 haereditabunt
3571 4079 3674 4128 ter-

2020 4179 2142 4217 ram
2170 4161 2377 4232 (Matth.
2401 4178 2456 4230 v,
2480 4143 2558 4231 Ἀ).
2590 4161 2659 4215 Et
2690 4143 2786 4216 hic
2840 4159 2996 4214 idem
3026 4143 3330 4231 prepheta
3381 4175 3394 4213 :
3445 4159 3672 4216 Placebo

2019 4253 2246 4307 Domino
2275 4253 2334 4306 in
2363 4257 2508 4306 terra
2545 4251 2845 4305 viventium
2874 4249 3048 4320 (Psal.
3073 4264 3221 4315 cxxv,
3245 4247 3359 4319 9).»
3381 4247 3452 4302 Et
3479 4248 3618 4302 item
3653 4265 3668 4305 :

2021 4363 2050 4391 ‹‹
2083 4340 2207 4395 Νοη
2237 4339 2394 4395 enim
2417 4337 2705 4394 confessio
2725 4341 3097 4410 peccatorum
3121 4333 3232 4391 nisi
3261 4334 3444 4406 hujus
3474 4337 3669 4392 saeculi

2020 4433 2136 4485 tem
2143 4446 2279 4500 pore
2294 4411 2551 4499 cst,d'um
2564 4426 2850 4482 voluntati
2868 4443 2986 4480 suae
3008 4422 3414 4495 unusquisque
3430 4425 3672 4496 permis-

241 4517 408 4574 illum
441 4519 634 4576 Deum
668 4537 845 4576 suum
877 4520 1121 4577 tradidit
1149 4522 1725 4596 pmnze,'sanguinem
1757 4527 1906 4598 ejus,
1936 4543 1985 4609 ι)
2020 4522 2262 4609 8048,03},
2293 4521 2349 4571 et
2372 4534 2496 4609 ~P3P
2539 4515 2667 4609 Ῡίίεὲ
2716 4513 3012 4569 licentiam
3051 4511 3238 4609 Pabft
3284 4511 3669 4609 οίῖητθξδίίῗυξε

242 4613 308 4665 ut
337 4613 555 4680 prator
586 4614 744 4666 esset
785 4609 1088 4680 innocens,
1121 4609 1181 4666 in
1221 4629 1284 4668 se
1321 4610 1447 4684 ipse
1477 4613 1825 4686 suscipiens,
1849 4621 1907 4674 et

1985 4619 1992 4626 ‘
2017 4606 2347 4666 arbitrium.
2371 4605 2726 4660 Decedentes
2756 4618 3013 4674 namque
3034 4602 3107 4658 de
3135 4601 3276 4669 vita,
3301 4601 3480 4658 simul
3511 4607 3570 4659 et
3597 4604 3670 4660 de

241 4697 366 4753 hac
379 4714 565 4770 agens
577 4698 845 4755 demutat
861 4703 1082 4754 natura:
1097 4700 1603 4757 consuetudinem.
1620 4703 1904 4760 Malitiam

2017 4698 2142 4768 jure
2182 4693 2520 4750 decedimus
2566 4691 2906 4748 voluntatis.
2941 4692 3105 4748 'l‘unc
3136 4690 3293 4748 enim
3347 4706 3416 4746 ex
3457 4693 3668 4750 merito

239 4787 398 4848 enim
429 4787 630 4860 diligit
659 4805 840 4861 super
881 4788 1329 4860 benignitatem,
1361 4794 1418 4846 et
1445 4808 1513 4845 ex
1543 4791 1713 4848 bonis
1743 4811 1903 4850 amo-

240 4892 366 4930 rem
397 4876 691 4931 convertit
717 4878 778 4930 in
812 4876 1090 4949 pessima.
1124 4876 1372 4950 Diligere
1403 4895 1634 4952 quoque
1665 4880 1904 4953 injusti-

245 4965 389 5019 tiam
421 4981 607 5037 super
636 4982 815 5037 quam
847 4963 1008 5037 loqui
1032 4965 1328 5038 justitiam
1360 4966 1588 5023 maluit.
1614 4992 1642 5018 ››

321 5053 464 5108 Item
485 5053 546 5108 in
573 5054 800 5109 eodem.
825 5078 852 5103 ‹‹
876 5054 1110 5111 Elevabo
1130 5054 1303 5110 David
1335 5055 1744 5114 tabernaculum
1767 5059 1906 5132 quod

244 5142 441 5198 cecidit
458 5143 644 5214 (Amos
665 5159 742 5210 IX,
768 5144 876 5210 11).
901 5145 1185 5200 Sanctum
1218 5143 1361 5199 illud
1391 5144 1634 5214 scilicet,
1659 5152 1715 5202 et
1735 5166 1902 5204 vene-

239 5231 427 5286 rabile
457 5230 582 5286 nati
620 5248 692 5286 ex
717 5230 954 5304 Virgine
996 5231 1097 5286 Dei
1139 5248 1352 5305 corpus
1401 5236 1458 5288 et
1503 5235 1810 5308 templum,
1843 5237 1905 5292 in

238 5337 359 5393 quo
379 5319 478 5392 qui
503 5319 840 5388 crediderit,
870 5325 1154 5392 tanquam
1179 5338 1418 5378 consors
1440 5322 1753 5380 Dominicce
1778 5343 1902 5382 car-

236 5408 338 5464 nis
370 5407 688 5465 habitabit.
713 5409 919 5465 Omnis
968 5415 1164 5465 autem
1214 5409 1470 5467 inﬁdelis
1499 5430 1533 5468 a
1561 5415 1904 5486 cognatione

235 5497 366 5554 hac
395 5513 512 5553 non
560 5497 772 5554 crediti
811 5497 1091 5571 corporis,
1126 5497 1184 5554 id
1217 5502 1307 5555 est
1354 5499 1452 5557 Dei
1503 5501 1900 5570 tabernaculo,

235 5584 555 5646 revellatur
586 5592 646 5645 et
674 5586 1081 5661 emigrabitur,
1114 5587 1396 5662 spiritalis
1422 5587 1605 5664 hujus
1633 5591 1900 5651 taberna-

2014 4783 2315 4858 prmtcritm
2346 4781 2664 4838 voluntatis
2696 4780 2786 4836 lex
2808 4781 2935 4852 jam
2960 4779 3302 4849 constituta,
3325 4785 3428 4836 aut
3452 4781 3667 4854 quietis

2015 4879 2116 4930 aut
2147 4890 2326 4946 poenae
2348 4870 2751 4927 excedentium
2772 4887 2840 4926 ex
2860 4885 3099 4942 corpore
3129 4868 3379 4942 suscipit
3409 4869 3670 4926 volunta-

2014 4968 2154 5019 tem.
2179 4962 2360 5032 Cujus
2381 4959 2662 5032 temporis
2696 4977 2811 5015 non
2835 4959 2962 5031 jam
2995 4958 3238 5014 liberam
3271 4957 3372 5014 sed
3406 4976 3665 5015 necessa-

2016 5053 2164 5108 riam
2185 5049 2544 5106 voluntatem
2566 5049 2824 5104 ostendit
2856 5047 3161 5121 Propheta,
3187 5064 3319 5104 cum
3344 5047 3520 5102 dicit:
3545 5047 3662 5102 Non

2013 5143 2161 5198 enim
2187 5138 2330 5194 mihi
2359 5139 2418 5193 in
2448 5137 2636 5194 diebus
2668 5138 2782 5193 illis
2813 5137 3082 5204 voluntas,
3117 5139 3348 5192 cessant
3377 5133 3533 5189 enim
3561 5149 3660 5187 vo-

2013 5232 2268 5286 luntates
2289 5227 2504 5294 liberae,
2528 5226 2703 5282 etiam
2727 5225 3044 5282 voluntatis
3067 5225 3114 5279 si
3137 5241 3254 5296 qua
3277 5222 3388 5278 erit
3407 5219 3662 5277 cessabit

2013 5321 2272 5376 eﬁ‘ectus.
2297 5314 2571 5371 Transire
2595 5331 2849 5388 namque
2872 5315 2942 5370 ad
2965 5312 3257 5368 Abraham
3282 5308 3480 5365 volens
3501 5310 3660 5366 dives

2012 5409 2157 5465 chao
2188 5405 2382 5462 medio
2404 5421 2518 5459 non
2551 5403 2791 5472 sinitur;
2816 5420 2948 5458 cum
2974 5407 3168 5457 tamen
3199 5415 3301 5471 per
3329 5397 3658 5456 libertatem

2009 5493 2332 5554 voluntatis
2360 5492 2420 5548 in
2450 5491 2692 5547 Abrahae
2723 5491 2950 5547 sinibus
2979 5504 3106 5545 esse
3135 5487 3443 5560 potuisset.
3476 5488 3658 5545 Inter-

2011 5589 2177 5650 clusa
2187 5590 2275 5645 est
2291 5598 2427 5658 ergo
2444 5581 2683 5640 libertas
2693 5575 3178 5652 voluntatis,quia
3193 5576 3480 5638 confessio
3495 5577 3662 5642 nulla
