3970 6182
183 337 298 398 233

907 339 1007 398 DE
1050 337 1806 398 PB/EDESTINATIONE
1849 334 2366 400 DISSERTATIO
2411 341 2874 403 POSTEIIIOR.

3471 343 3592 403 234

183 467 372 541 magis
402 473 642 542 optatur
655 473 712 525 et
732 469 930 526 minus
955 469 1493 536 crediturVerbum
1526 469 1680 524 Deus
1700 484 1833 524 caro
1862 467 1916 534 Α
1947 467 2184 524 sciebat.
2209 469 2378 536 Quim
2409 472 2458 526 si
2491 489 2593 544 per
2622 473 3047 546 impudentiam
3077 475 3327 532 electum
3359 477 3590 546 putant,

181 557 403 614 factum
433 562 545 624 est,
577 562 642 612 ut
688 575 791 630 per
837 558 1023 614 Deum
1063 559 1319 614 Verbum
1353 575 1587 612 carnem
1621 559 1836 612 factum

180 663 316 702 cam
363 647 674 719 proficeret
722 647 780 701 in
825 647 1011 702 Deum
1058 647 1338 702 Verbum.
1371 650 1448 702 Ac
1481 664 1552 702 ne
1582 647 1836 702 Verbum

177 752 312 791 caro
338 733 938 807 factum,aut.aliquid
963 733 1120 790 aliud
1147 739 1300 790 esset
1321 752 1498 807 quam
1523 736 1678 790 Deus
1699 734 1836 790 Ver-

178 825 456 890 hum,aut
487 840 604 878 non
637 823 821 879 nostri
853 824 1110 896 corporis
1132 841 1266 878 caro
1293 821 1837 890 esset,habitavitin

177 911 467 968 nobiszut
496 913 642 969 dum
673 911 900 968 habitat
928 929 1044 967 non
1076 911 1236 967 aliud
1271 929 1447 984 quam
1471 913 1624 967 Deus
1647 927 1838 966 mane-

177 1005 265 1056 ret
296 1017 311 1054 :
342 1001 487 1056 dum
519 1004 718 1056 autem
750 999 982 1056 habitat.
1030 1001 1088 1055 in
1124 1000 1438 1062 nobis.non
1465 999 1622 1056 aliud
1659 1016 1837 1072 quam

176 1094 390 1144 nostra:
425 1089 621 1145 carnis
653 1088 808 1144 Deus
841 1105 973 1144 caro
1005 1089 1195 1144 factus
1227 1094 1400 1154 esset,
1425 1105 1527 1162 per
1555 1088 1834 1160 dignatio-

182 1194 316 1233 nem
339 1183 662 1250 assumptze
703 1176 898 1233 carnis
942 1194 1058 1232 non
1105 1177 1273 1250 inops
1297 1195 1539 1233 suorum
1557 1177 1694 1249 quia
1717 1181 1840 1232 tan-

180 1283 362 1338 quam
389 1265 738 1339 unigenitus
759 1283 793 1320 a
817 1265 985 1321 Patre
1006 1265 1214 1338 plenus
1245 1267 1443 1338 gratia:
1470 1271 1526 1322 et
1552 1265 1837 1332 veritatis,

181 1361 236 1412 et
261 1356 324 1411 in
356 1357 486 1412 suis
515 1355 818 1428 perfectus
849 1356 947 1423 sit,
981 1361 1038 1411 et
1067 1373 1238 1411 verus
1267 1355 1328 1410 in
1358 1356 1594 1412 nostris.
1632 1378 1660 1404 »
1692 1357 1838 1412 Item

182 1445 238 1504 in
269 1445 536 1502 secundo
568 1443 719 1500 libro
746 1444 867 1517 (lib.
903 1462 942 1500 ιι
973 1445 1043 1500 de
1093 1447 1286 1511 Trin,
1335 1453 1462 1515 post
1508 1445 1785 1516 medium)
1819 1461 1834 1500 :

185 1557 212 1584 α
239 1533 496 1590 Humani
526 1533 684 1590 enim
715 1533 946 1606 generis
975 1550 1156 1588 causa
1184 1533 1286 1588 Dei
1336 1533 1517 1590 Filius
1565 1539 1740 1589 natus
1769 1549 1838 1588 ex

181 1622 418 1696 Virgine
451 1628 545 1678 est
567 1626 626 1680 et
656 1621 878 1695 Spiritu
908 1625 1133 1687 sancto,
1165 1622 1290 1692 ipso
1322 1621 1433 1676 sibi
1472 1621 1532 1676 in
1564 1621 1673 1677 hac
1703 1639 1836 1694 ope-

183 1712 405 1768 ratione
431 1710 776 1778 famulante,
809 1716 867 1766 et
899 1727 1006 1766 sua
1035 1711 1136 1766 Dei
1166 1710 1434 1766 videlicet
1462 1711 1838 1767 inumbrante

183 1799 415 1866 virtute,
480 1799 742 1872 corporis
789 1799 900 1854 sibi
949 1799 1119 1854 initia
1167 1799 1444 1864 consevit,
1496 1804 1552 1854 et
1603 1799 1838 1855 exordia

184 1889 374 1944 carnis
404 1887 684 1954 instituit,
710 1893 777 1944 ut
797 1887 973 1944 homo
1005 1888 1191 1961 factus
1213 1905 1277 1943 ex
1297 1887 1536 1960 Virgine
1567 1893 1838 1942 naturam

185 1977 240 2032 in
268 1993 332 2034 se
359 1976 561 2032 carnis
593 1975 1122 2048 acciperet,perque
1147 1976 1324 2048 hujus
1351 1975 1732 2032 admissionis
1753 1993 1840 2032 so-

187 2066 454 2122 cietatem
485 2064 917 2121 sanctiﬁcatum
939 2065 998 2118 in
1017 2081 1083 2120 eo
1105 2064 1362 2120 universi
1386 2064 1614 2138 generis
1637 2065 1840 2120 huma-

187 2155 240 2210 ni
268 2171 488 2226 corpus
518 2153 822 2209 existeret:
846 2157 912 2208 ut
937 2153 1437 2224 quemadmodum
1469 2170 1673 2209 omnes
1693 2153 1753 2208 in
1777 2170 1840 2210 se

187 2259 282 2314 per
309 2243 366 2298 id
400 2242 560 2314 quod
591 2257 934 2312 corporeum
965 2257 1028 2296 se
1057 2259 1186 2298 esse
1214 2241 1398 2302 voluit
1426 2243 1834 2310 conderentur,

189 2332 266 2387 ita
289 2347 535 2386 rursum
563 2329 626 2384 in
658 2347 864 2385 omnes
893 2329 1016 2402 ipse
1047 2347 1150 2402 per
1177 2329 1235 2384 id
1259 2331 1414 2402 quod
1437 2331 1564 2402 ejus
1581 2333 1671 2386 est
1691 2331 1836 2384 invi-

187 2419 346 2476 sibile
375 2419 715 2476 referretur.
751 2441 778 2468 »
809 2419 880 2473 Et
907 2422 1040 2491 post
1069 2435 1254 2490 pauca
1288 2435 1301 2472 :
1333 2442 1360 2468 ‹‹
1395 2419 1518 2472 Non
1549 2418 1647 2473 ille
1677 2419 1838 2491 eguit

188 2508 356 2566 homo
386 2507 564 2576 efﬁci,
620 2523 724 2579 per
769 2523 940 2579 quem
987 2507 1164 2563 homo
1222 2509 1412 2562 factus
1460 2511 1566 2574 est,
1598 2508 1697 2562 sed
1723 2522 1838 2562 nos

189 2597 457 2670 eguimus
491 2600 556 2650 ut
586 2595 741 2651 Deus
769 2612 904 2651 caro
935 2595 1118 2663 ﬁeret,
1151 2598 1208 2651 et
1237 2595 1526 2650 habitaret
1553 2595 1612 2649 in
1643 2595 1834 2664 nobis,

186 2685 243 2741 id
271 2691 358 2741 est
385 2683 794 2756 assumptione
819 2682 1012 2740 carnis
1043 2683 1220 2739 unius
1252 2685 1517 2739 membra
1554 2683 1836 2740 universze

187 2774 376 2830 carnis
405 2771 709 2829 incoleret.
744 2795 772 2822 »
805 2772 875 2828 Et
905 2772 1044 2828 item
1081 2789 1093 2827 :
1129 2796 1158 2822 «
1199 2771 1456 2844 Angelus
1504 2773 1836 2844 pastoribus

187 2863 416 2918 nuntiat
445 2865 658 2918 natum
688 2859 984 2917 Christum
1005 2861 1322 2916 Dominum
1343 2859 1590 2916 salutem
1613 2861 1838 2916 univer-

186 2951 522 3008 sorum.»Et
547 2949 691 3006 item
726 2967 740 3004 :
773 2972 802 3000 ι(
837 2949 982 3004 Cum
1013 2949 1382 3006 Samaritana
1430 2948 1675 3004 Domino
1715 2953 1837 3005 erat

185 3056 379 3096 sermo
411 3056 426 3094 :
457 3042 700 3094 venerat
726 3037 883 3094 enim
914 3037 1233 3109 redemptio
1266 3037 1730 3092 universorum.»
1765 3039 1835 3094 Et

183 3128 322 3183 item
347 3129 627 3184 :«Munus
647 3131 843 3182 autem
861 3127 1016 3199 quod
1039 3126 1098 3180 in
1121 3126 1348 3181 Christo
1388 3131 1476 3182 est
1507 3142 1678 3182 omne
1710 3143 1832 3182 orn-

187 3217 359 3274 nibus
389 3221 554 3289 patet
585 3231 792 3283 unum,
841 3195 899 3270 et
940 3215 1097 3286 quod
1144 3213 1362 3286 ubique
1411 3232 1526 3271 non
1559 3215 1741 3280 deest,
1775 3215 1834 3270 in
1867 3195 1910 3260 (ἶ

183 3310 416 3362 tantum
445 3306 626 3360 datur
651 3305 712 3359 in
730 3307 1017 3376 quantum
1040 3303 1172 3375 quis
1191 3303 1343 3358 volet
1363 3303 1695 3370 numere,in
1714 3309 1840 3359 tan-

185 3399 315 3450 tum
341 3393 586 3461 residet,
619 3392 680 3447 in
714 3398 1003 3464 quantum
1053 3391 1186 3464 quis
1235 3391 1386 3447 volet
1434 3392 1772 3464 promereri.
1807 3415 1835 3444 ››

183 3483 326 3538 Item
358 3483 419 3537 in
447 3481 626 3537 tertio
657 3481 805 3537 libro
835 3482 1008 3551 (libro
1039 3497 1099 3535 IIl
1127 3481 1183 3536 in
1210 3481 1440 3550 princip
1468 3481 1484 3552 )
1516 3497 1530 3536 :
1564 3504 1592 3532 ‹‹
1626 3481 1839 3537 Curam

183 3587 322 3644 ergo
351 3571 602 3626 humani
635 3569 864 3642 generis
893 3569 1116 3624 habens
1147 3569 1250 3624 Dei
1283 3568 1756 3641 Filius,primum
1778 3573 1844 3625 ut

183 3659 300 3715 sibi
330 3660 674 3716 crederetur
699 3658 876 3714 homo
906 3658 1096 3713 factus
1115 3661 1298 3724 est,ut
1323 3657 1489 3714 testis
1511 3657 1842 3714 divinarum

184 3765 380 3803 rerum
415 3747 591 3804 nobis
623 3751 779 3802 esset
823 3764 892 3802 ex
941 3746 1132 3811 nobis,
1171 3762 1390 3818 perque
1441 3746 1842 3803 infirmitatem

183 3836 381 3893 carnis
409 3837 602 3894 Deum
635 3835 862 3892 Patrem
896 3833 1066 3890 nobis
1105 3834 1358 3889 infirmis
1409 3839 1465 3890 et
1511 3835 1846 3892 carnalibus

185 3923 923 3998 praedicaret,voluntatem
954 3923 1014 3978 in
1046 3939 1113 3978 eo
1145 3923 1246 3978 Dei
1277 3923 1465 3979 Patris
1493 3924 1753 3980 efficiens
1782 3928 1848 3979 ut

189 4013 339 4070 dicit
369 4031 382 4069 :
413 4019 542 4072 Non
571 4013 702 4070 veni
729 4013 886 4068 170
912 4014 1265 4068 voluntatem
1288 4027 1478 4068 meum
1507 4013 1724 4084 facere,
1749 4013 1850 4068 sed

183 4105 540 4160 natiuitatem
570 4103 698 4174 ejus
725 4102 825 4174 qui
851 4101 1012 4158 misit
1039 4117 1132 4157 me
1159 4103 1351 4169 (Joan.
1386 4119 1468 4169 v1,
1503 4102 1615 4174 38).
1645 4126 1664 4150 ι

261 4192 513 4248 Sanctus
543 4206 780 4262 quoque
809 4189 1166 4246 Athanasius
1194 4188 1624 4245 Alexandrinus
1647 4189 1707 4245 in
1738 4189 1853 4262 epio

181 4280 346 4336 stola
373 4280 445 4335 ad
463 4279 801 4352 Epictetum
829 4277 1173 4350 episcopum
1205 4278 1288 4334 sic
1321 4278 1464 4334 dicit
1495 4295 1544 4334 εκ
1579 4278 1724 4335 Vere
1747 4279 1852 4336 ho-.

177 4369 353 4424 mine
380 4369 532 4424 facto
555 4367 1058 4434 Salvatore,totius
1084 4366 1361 4423 humanis
1380 4368 1530 4423 facta
1550 4372 1638 4423 est
1660 4366 1848 4423 salus.

179 4458 311 4514 Nec
345 4455 606 4528 corporis
637 4455 850 4526 solum,
883 4455 986 4511 sed
1023 4456 1203 4511 totius
1249 4455 1496 4511 humani
1547 4455 1754 4512 animae
1798 4459 1855 4511 et

1948 557 2154 611 divinae
2188 559 2469 631 derogant
2501 563 2792 631 potestati.
2829 563 2938 616 Sed
2989 563 3096 617 hoc
3144 563 3432 619 aestimare
3476 580 3592 619 non

1947 651 2214 715 possunt,
2247 664 2382 702 cum
2417 649 2722 721 Scriptura
2759 649 2936 718 dicat,
2985 650 3124 722 quia
3168 652 3380 708 sciebat
3425 656 3594 708 Jesus

1946 736 2072 806 quis
2101 753 2230 791 eum
2254 738 2597 805 proditurus
2621 748 2751 794 erat
2781 742 2970 808 (Joan.
3005 757 3126 806 xm,
3155 740 3264 810 11).
3293 739 3596 812 Accipiunt

1947 824 2123 878 etiam
2153 824 2412 898 ipsi,qua
2433 827 2656 884 ratione
2671 826 2773 883 Dei
2800 827 3001 895 Filius,
3032 827 3121 883 vel
3151 827 3594 901 praevaricatum

1949 913 2345 980 mandaverat,
2395 914 2481 970 vel
2513 914 2753 987 elegerit
2799 916 3176 988 proditorem.
3207 915 3462 970 Venerat
3496 916 3597 969 Do-

1949 1001 2178 1056 minum
2209 1003 2382 1058 Jesus
2404 1020 2606 1060 omnes
2631 1003 2821 1060 salvos
2843 1006 3030 1061 facere
3058 1003 3596 1078 peceatores,etiam

1949 1089 2103 1146 circa
2132 1091 2344 1164 impios
2375 1094 2678 1149 ostendere
2709 1111 2876 1149 suam
2907 1093 3110 1150 debuit
3138 1093 3598 1150 voluntatem.Et

1949 1177 2080 1232 ideo
2111 1195 2216 1234 nec
2249 1181 2606 1252 proditorem
2638 1182 2842 1238 debuit
2890 1181 3200 1253 praeterire,
3236 1185 3300 1236 ut
3331 1181 3598 1238 adverte-

1950 1271 2080 1320 rent
2111 1284 2315 1324 omnes
2347 1270 2500 1340 quod
2533 1269 2593 1324 in
2625 1269 2904 1326 electione
2933 1270 3108 1326 etiam
3139 1269 3453 1342 proditoris
3505 1268 3598 1325 sui

1949 1355 2367 1411 servandorum
2395 1357 2658 1412 omnium
2691 1357 2921 1430 insigne
2950 1359 3278 1430 praetendit.
3297 1359 3416 1414 Nec
3439 1357 3502 1414 in
3531 1374 3598 1414 eo

1948 1443 2122 1499 laesus
2153 1445 2353 1510 est,vel
2377 1446 2562 1501 Adam
2595 1447 2734 1518 quia
2763 1448 3107 1504 mandatum
3139 1447 3472 1522 accepit,vel
3500 1447 3596 1504 Ju-

1949 1532 2054 1588 das
2084 1533 2223 1604 quia
2251 1533 2471 1590 electus
2503 1535 2742 1590 est.Non
2773 1535 2930 1592 enim
2962 1537 3371 1592 necessitatem
3417 1535 3594 1603 Deus,

1947 1621 2032 1677 vel
2065 1620 2148 1676 illi
2182 1622 2695 1694 praevaricationis,
2729 1622 2818 1679 vel
2856 1623 2992 1680 huic
3039 1623 3388 1695 proditionis
3417 1623 3602 1694 impo-

1947 1709 2066 1764 suit
2099 1727 2111 1764 :
2147 1711 2286 1782 quia
2315 1715 2580 1784 uterque,
2614 1711 2662 1766 si
2696 1711 2851 1784 quod
2883 1717 3184 1784 acceperat
3221 1711 3610 1778 custodisset,

1948 1815 1982 1854 a
2013 1803 2246 1870 peccato
2277 1801 2565 1872 potuisset
2597 1800 2909 1856 abstinere.
2935 1799 3196 1872 Denique
3228 1816 3332 1856 nec
3363 1799 3596 1856 Judieos

1951 1903 2153 1942 omnes
2185 1888 2509 1944 credituros
2542 1888 2781 1956 sciebat,
2813 1893 2870 1944 et
2898 1893 3093 1944 tamen
3141 1887 3224 1944 ait
3255 1905 3268 1942 :
3302 1893 3426 1946 Non
3473 1887 3608 1942 veni‘

1946 1976 2062 2030 nisi
2088 1976 2165 2030 ad
2190 1993 2320 2032 oves
2349 1978 2609 2046 perditas
2636 1978 2838 2033 domus
2885 1979 3072 2033 Israel
3099 1980 3326 2046 (Matth.
3357 1993 3450 2044 xv,
3479 1976 3595 2043 24).

1947 2063 2096 2135 Ergo
2129 2081 2243 2120 non
2275 2064 2334 2119 in
2372 2066 2690 2121 mandante
2721 2065 2911 2138 culpa,
2949 2067 3050 2121 sed
3084 2065 3142 2119 in
3187 2063 3600 2137 praevaricante

1948 2157 2207 2223 peccato.
2267 2155 2339 2208 Et
2387 2155 2541 2225 quod
2589 2153 2650 2208 in
2700 2154 2816 2210 Deo
2868 2153 2976 2208 fuit
3021 2152 3277 2210 ostendit
3323 2151 3604 2208 omnibus

1947 2242 2102 2312 quod
2137 2258 2341 2298 omnes
2369 2243 2553 2298 voluit
2581 2243 2850 2298 liberare.
2886 2243 3002 2298 Nec
3031 2246 3229 2298 tamen
3275 2241 3426 2307 dico,
3459 2239 3602 2312 quia

1948 2329 2480 2400 praevaricationem
2514 2332 2810 2388 nesciebat
2839 2331 3268 2400 futuram,imo,
3286 2330 3426 2404 quia
3452 2329 3600 2385 scie-

1948 2418 2047 2472 bat
2078 2435 2274 2474 assero
2307 2436 2320 2474 :
2351 2421 2452 2476 sed
2485 2437 2601 2476 non
2633 2421 2761 2476 ideo
2789 2420 3098 2492 pereuntis
3118 2418 3431 2492 preditoris
3459 2417 3604 2474 invi-

1947 2505 2106 2561 diam
2137 2506 2195 2560 in
2229 2523 2291 2562 se
2322 2503 2524 2564 debuit
2555 2509 2837 2577 derivare,
2867 2512 2936 2564 ut
2977 2508 3372 2564 ascriberetur
3413 2507 3484 2563 de
3531 2522 3604 2562 eo

1947 2609 2062 2665 quo
2093 2600 2336 2668 uterque
2367 2597 2443 2652 sit
2472 2597 2872 2670 lapsus.Nunc
2901 2601 3100 2654 autem
3131 2601 3380 2670 uterque
3410 2595 3602 2652 redar-

1945 2681 2145 2752 guitur
2173 2677 2350 2753 atque
2372 2685 2902 2758 convincitur,quia
2930 2689 2988 2741 et
3013 2685 3112 2740 ille
3141 2686 3486 2741 mandatum
3522 2699 3604 2740 ne

1945 2768 2240 2826 laberetur
2259 2773 2566 2844 accepit,et
2591 2773 2685 2828 hic
2709 2773 2885 2829 etiam
2910 2772 2969 2829 in
2993 2773 3354 2846 apostolatus
3376 2789 3596 2828 munus

1946 2857 2166 2915 ascitus
2191 2864 2300 2926 est,
2343 2866 2406 2915 ut
2434 2859 2522 2916 vel
2555 2861 2834 2916 beneﬁcio
2870 2860 2966 2916 Dei
2999 2866 3368 2918 revocaretur
3398 2879 3432 2917 a
3461 2877 3596 2934 pro-

1945 2945 2184 3002 ditionis
2197 2948 2606 3015 efi'ectu,simul
2631 2949 2786 3004 unde
2807 2947 2948 3004 mali
2969 2949 3350 3004 revincuntur
3364 2949 3597 3021 prodes-

1945 3039 2033 3090 set
2064 3035 2471 3092 omnibus.»Et
2499 3036 2557 3091 in
2591 3037 3004 3108 psalmo-cxvm
3024 3053 3318 3108 exponens
3335 3052 3612 3105 versum;

1943 3125 2266 3180 Bonitatem
2287 3125 2478 3195 fecisti
2496 3141 2629 3181 cum
2655 3141 2822 3182 servo
2852 3133 2974 3194 tua,
2997 3125 3257 3196 Domine,
3286 3124 3608 3182 secundant

1948 3215 2181 3268 verbum
2203 3213 2951 3286 tuum(Psal.cxvm,69),ita
2966 3214 3108 3270 dicit
3129 3230 3179 3270 τα
3200 3215 3386 3281 Quam
3407 3213 3604 3268 bonus

1947 3301 2122 3357 Israel
2155 3307 2304 3357 Deus
2335 3302 2508 3358 rectis
2529 3301 2728 3358 corde!
2754 3303 2902 3376 Ergo
2935 3303 3126 3359 bonus
3156 3299 3615 3372 omnibus,quia'

1947 3406 2150 3445 omnes
2171 3394 2326 3445 recto
2345 3389 2470 3446 vult
2497 3407 2624 3446 esse
2655 3389 2963 3456 corde.Qui
2991 3394 3190 3446 autem
3221 3385 3322 3446 cor
3349 3388 3602 3446 declina-

1947 3477 2111 3546 verit,
2145 3478 2269 3550 ipse
2321 3496 2356 3534 a
2405 3495 2466 3534 se
2509 3478 2762 3551 gratiam
2809 3478 3018 3535 divinas
3063 3477 3352 3535 bonitatis
3369 3477 3596 3534 avertit.

1951 3568 2194 3640 Semper
2216 3567 2371 3623 Deus
2397 3567 2588 3623 bonus
2619 3571 2727 3634 est,
2754 3566 3005 3639 ideoque
3045 3567 3262 3623 Paulus
3293 3567 3375 3622 ait
3405 3583 3419 3622 :
3459 3566 3602 3623 Vide

1951 3674 2091 3728 ergo
2122 3658 2431 3714 bonitatem
2461 3667 2515 3712 et
2547 3658 2914 3714 severitatem
2944 3658 3050 3712 Dei
3072 3661 3340 3727 (Romam,
3372 3655 3599 3728 22).Βο-

1952 3747 2108 3802 nitas
2127 3745 2356 3802 enimin
2369 3763 2574 3802 omnes
2605 3744 3073 3813 est,severitasin
3097 3743 3602 3818 paucos.Denique

1954 3835 2381 3892 subdiditidem
2397 3835 2724 3908 apostolus:
2740 3840 2808 3893 In
2820 3851 2915 3893 eos
2925 3835 3151 3908 quidem
3161 3835 3260 3906 qui
3269 3833 3602 3892 ceciderunt

1953 3925 2338 3994 severitatem,
2370 3925 2430 3980 in
2462 3935 2516 3980 te
2546 3933 2742 3980 autem
2794 3925 3122 3982 bonitatem.
3175 3923 3236 3980 Si
3283 3923 3441 3979 enim
3485 3937 3618 3978 non'

1958 4013 2324 4079 cecidissent,
2363 4011 2568 4084 utique
2623 4017 2927 4070 uterentur
2984 4018 3041 4070 et
3094 4015 3220 4085 ipse
3278 4010 3380 4068 Dei
3438 4010 3604 4067 boni-

1957 4107 2096 4160 tate.
2130 4103 2276 4158 Nam
2308 4106 2365 4158 et
2393 4101 2500 4158 tibi
2546 4102 2675 4158 ideo
2725 4103 2914 4158 bonus
2963 4106 3071 4170 est,
3106 4100 3245 4174 quia
3272 4115 3605 4173 permanes.

1960 4191 2122 4258 Quod
2157 4189 2208 4246 si
2237 4192 2386 4246 171
2424 4207 2540 4246 non
2571 4191 2963 4263 permanseris
3021 4191 3082 4245 in
3130 4189 3410 4256 bonitate,
3439 4191 3498 4242 et
3541 4189 3622 4241 tu'

1960 4279 2262 4336 excideris.
2305 4279 2432 4336 Non
2480 4295 2616 4352 ergo
2665 4279 2820 4335 Deus
2867 4281 3174 4350 propterea
3229 4277 3422 4332 bonus
3480 4289 3609 4330 esse

1963 4367 2224 4438 desistet,
2257 4367 2396 4440 quia
2426 4371 2488 4422 tu
2517 4367 2718 4440 lapsus
2766 4383 2849 4434 es,
2900 4372 2958 4422 et
3005 4365 3234 4437 indiges
3281 4361 3606 4432 severitate,

1965 4457 2014 4512 si
2053 4456 2292 4528 quidem
2334 4459 2398 4510 ut
2444 4454 2722 4512 severitas
2768 4453 2870 4510 Dei
2919 4454 2980 4508 in
3033 4452 3356 4508 bonitatem
3407 4466 3612 4506 recur-

178 4545 456 4618 corporis
475 4561 608 4602 vere
627 4544 790 4600 salus
813 4544 1272 4616 factaestinipso
1289 4545 1839 4601 Verbo.Humanum
1871 4561 1916 4625 Ι)
1947 4551 2058 4616 rat,
2093 4544 2502 4616 unusquisque
2533 4543 2858 4614 castigatus
2889 4541 3098 4614 pedem
3119 4540 3333 4596 referat
3354 4556 3390 4595 a
3410 4554 3612 4612 pecca-

175 4652 330 4691 vero
359 4632 702 4690 naturaliter
729 4649 800 4689 ex
829 4633 1030 4702 Maria,
1071 4634 1394 4688 secundum
1426 4633 1652 4690 divinas
1691 4634 1842 4690 Scri-

176 4727 488 4796 pturas,et
505 4738 712 4778 verum
732 4725 858 4778 erat
877 4738 1090 4794 corpus
1110 4721 1632 4777 Salvatori.Verum
1645 4726 1842 4778 autem

174 4812 490 4883 erat,quia
517 4810 714 4866 simile
741 4814 866 4866 erat
895 4813 1113 4866 nostro.
1145 4810 1322 4866 Soror
1350 4809 1563 4866 etenim
1596 4811 1707 4866 fuit
1745 4827 1846 4866 no-

175 4906 320 4956 stra
344 4899 550 4967 Maria,
583 4898 861 4971 quoniam
890 4915 1093 4955 omnes
1121 4915 1190 4953 ex
1218 4899 1401 4953 Adam
1433 4916 1660 4955 sumus.
1695 4922 1724 4948 ››

258 4991 529 5046 Sanctus
557 4987 927 5055 Ambrosius,
961 4989 1133 5058 cujus
1164 4987 1461 5042 sententia:
1497 4988 1629 5042 lidei
1663 4993 1721 5042 et
1744 4990 1854 5043 Ec-

181 5077 398 5134 clesiae
426 5080 605 5148 atque
634 5075 902 5132 omnium
931 5075 1213 5131 virtutum
1236 5075 1588 5130 ﬁrmissime
1610 5080 1747 5131 sunt
1769 5092 1858 5132 co-

180 5167 445 5232 lumna,
480 5165 585 5236 qui
617 5165 678 5221 S.
727 5163 1122 5237 Augustinum
1168 5180 1270 5236 per
1321 5163 1416 5220 Dei
1463 5164 1712 5236 gratiam
1746 5166 1858 5219 ﬁde

184 5253 590 5321 illuminavit,
623 5253 978 5326 baptismate
1008 5252 1385 5317 consecravit,
1399 5256 1572 5324 atque
1602 5253 1868 5308 doctrina

183 5341 450 5419 pietatis
479 5342 782 5411 instruxit,
816 5342 900 5398 ita
946 5343 1007 5397 in
1053 5340 1202 5398 libro
1251 5342 1322 5396 de
1371 5341 1646 5396 Paradiso
1675 5341 1816 5396 dicit
1849 5357 1863 5397 :

184 5429 814 5504 «Discantigiturnon
839 5431 1346 5503 superﬂuum,non
1378 5430 1868 5500 injustum,etiam

187 5519 652 5597 praevaricatori
685 5519 1091 5592 praescriptum
1122 5535 1250 5574 esse
1276 5518 1792 5573 mandatum.Nam
1815 5522 1872 5573 et

185 5611 335 5689 ipse
367 5607 664 5666 Dominus
692 5607 866 5666 Jesus
881 5606 1493 5682 elegitJudam,quem_
1516 5606 1890 5681 proditorem.

543 5736 817 5800 PATROL.
864 5734 1094 5800 CXXV.

1952 4641 2052 4704 tis,
2085 4639 2142 4690 et
2174 4633 2245 4688 ad
2271 4631 2553 4686 virtutum
2587 4629 2884 4686 tramitem
2913 4630 3262 4701 bonamque
3298 4643 3613 4684 conversa-

1953 4727 2175 4788 tionem
2205 4723 2467 4776 recurrat
2499 4717 2756 4789 Denique
2785 4718 2956 4774 docet
2985 4718 3057 4774 de
3095 4717 3214 4774 illis
3245 4717 3347 4789 qui
3379 4715 3612 4772 cecide-

1956 4818 2095 4871 runt
2122 4807 2600 4882 Apostolus,quia
2630 4807 2680 4863 si
2705 4824 2822 4863 non
2857 4805 3294 4879 permanserint
3324 4806 3384 4861 in
3426 4805 3615 4861 incre-

1960 4902 2206 4960 dulitate
2237 4899 2586 4953 inserentur.
2621 4897 2832 4952 Potens
2863 4901 2953 4952 est
2990 4897 3146 4952 enim
3199 4895 3354 4950 Deus
3403 4894 3616 4950 iterum

1960 4992 2216 5047 inserere
2248 4985 2399 5052 illos,
2427 4989 2508 5052 ut,
2541 4985 3044 5056 quemadmodum
3076 4985 3308 5039 deserta
3335 4981 3610 5054 virgulta,

1966 5082 2047 5135 ita
2075 5082 2131 5133 et
2163 5074 2431 5130 homines
2460 5073 2616 5128 velut
2637 5073 2979 5129 caudicibus
3001 5072 3358 5144 quibusdam
3384 5067 3623 5125 virtutis

1967 5165 2194 5232 inserti,
2242 5165 2528 5219 bonorum
2579 5163 2804 5218 fructus
2854 5161 3081 5234 possint
3128 5161 3337 5216 referre
3385 5155 3622 5212 merito-

1976 5271 2140 5311 rumr

2049 5345 2189 5398 Item
2208 5342 2304 5396 ubi
2321 5341 2582 5412 exponit:
2599 5340 3210 5413 Appropinquaverunt
3222 5339 3645 5406 persequente!

1977 5448 2064 5487 ms
2095 5431 2388 5504 iniquitati
2417 5431 2592 5499 (Psal.
2620 5429 2943 5500 cxv1n,150)
2969 5445 2982 5482 :
3019 5449 3046 5476 ‹‹
3079 5425 3346 5480 Penetrat
3369 5421 3632 5496 ergo,in-

1980 5520 2126 5592 quit,
2159 5520 2440 5585 animam,
2465 5520 2522 5574 et
2571 5517 2741 5589 quasi
2789 5516 3005 5570 candor
3049 5515 3274 5567 internas
3314 5510 3462 5568 lucis
3493 5509 3630 5568 illu-

1982 5612 2152 5668 strat.
2187 5609 2297 5667 Sed
2325 5606 2594 5684 quamvis
2626 5605 2834 5662 dilfuse
2865 5619 2970 5678 per
2998 5616 3222 5672 omnes,
3246 5604 3306 5660 et
3334 5601 3397 5659 in
3427 5615 3645 5662 omnem

3271 5727 3312 5793 8
