3970 6182
200 381 317 440 237

926 377 1028 438 DE
1071 375 1832 440 PRJEDESTINATIONE
1877 372 2392 438 DISSEltTATIO
2439 374 2901 438 POS'l‘ERIOll.

3385 363 3392 376 ‘
3493 379 3610 443 238

199 516 298 568 tur
325 527 394 568 ac
413 514 698 584 protegat.
714 509 936 566 Pharao
967 509 1104 565 tein
1129 507 1398 582 patribus
1436 508 1674 564 tenebat
1706 524 1719 562 :
1755 523 1853 564 su-
1883 506 1938 575 Α
1969 505 2106 562 Jesu
2157 506 2448 576 adulterii,
2485 511 2542 563 et
2597 507 2707 563 hac
2752 507 2950 562 oblata
2993 509 3217 578 fraude,
3268 513 3334 565 ut
3383 511 3432 566 si
3480 528 3610 568 eam

200 597 723 672 perbus,immitis.
759 597 982 670 Fugisti
1013 598 1086 652 ab
1117 614 1203 663 eo,
1237 597 1497 670 suscepit
1546 601 1601 652 tc
1645 613 1856 652 manus

201 687 453 756 Domini,
485 692 543 744 et
590 687 663 742 de
711 686 988 759 periculis
1046 685 1329 742 liberavit.
1363 687 1488 741 Non
1534 685 1858 740 dimisisset

200 777 446 844 Pharao,
477 776 712 832 nisi‘tu
765 776 838 830 ad
895 775 1210 831 Dominum
1257 774 1594 847 refugisses.
1623 775 1858 829 Dicebat

199 866 444 932 Pharao,
477 866 772 921 Dominum
803 865 1002 930 nescio,
1036 864 1205 918 Israel
1252 880 1365 919 non
1411 863 1630 919 demitto
1661 863 1853 935 (Exod.

200 953 569 1024 v,2).Videm
604 969 783 1025 quam
816 952 1125 1024 superbus.
1143 952 1347 1007 Merito
1379 967 1516 1024 ergo
1547 955 1855 1023 susceptus

199 1040 260 1098 in
290 1042 447 1098 bono
466 1044 558 1096 est
577 1040 678 1112 qui
699 1038 923 1095 malum
946 1039 1115 1111 fugit.
1132 1038 1256 1093 Non
1280 1039 1498 1110 patitur
1526 1054 1662 1110 ergo
1702 1037 1855 1092 Deus

200 1131 256 1186 in
288 1129 448 1186 malo
468 1147 575 1185 nos
594 1145 745 1200 esse,
765 1127 1018 1200 suscipit
1047 1127 1107 1182 in
1138 1127 1310 1182 bono.
1327 1127 1442 1181 Nec
1463 1125 1687 1198 patitur
1716 1141 1855 1182 suos

201 1217 513 1275 calumniis
545 1217 869 1289 subjacere.
888 1217 1075 1282 Quare
1096 1231 1233 1288 ergo
1257 1231 1371 1270 non
1393 1230 1597 1270 omnes
1637 1214 1856 1270 salven-

200 1313 314 1376 tur,
331 1307 416 1362 ita
444 1306 505 1362 in
547 1306 750 1362 eodem
781 1304 1010 1377 psalmo
1042 1302 1296 1375 exponit.
1323 1303 1475 1358 Dicit
1514 1302 1850 1374 Sapientia:

202 1397 472 1466 Qumnt
495 1411 582 1450 me
607 1394 750 1449 mali
770 1401 825 1450 et
843 1409 956 1448 non
1007 1393 1306 1447 invenient.
1332 1392 1456 1446 Non
1488 1391 1626 1463 quia
1657 1391 1853 1446 Domi-

201 1503 308 1540 nus
328 1483 569 1540 nolebat
587 1481 834 1538 inveniri
857 1481 930 1536 ab
952 1480 1316 1550 hominibus,
1331 1479 1429 1552 qui
1453 1497 1514 1534 se
1533 1479 1707 1534 etiam
1736 1496 1853 1536 non

200 1573 597 1646 quaerentibus
625 1571 920 1636 oﬂ’erebat,
941 1570 1042 1625 sed
1075 1568 1215 1641 quia
1235 1568 1327 1625 his
1343 1569 1618 1640 operibus
1640 1585 1857 1640 quaere-

200 1663 389 1730 batur,
425 1664 492 1716 ut
531 1659 760 1732 indigni
805 1662 1004 1715 essent
1049 1657 1150 1731 qui
1201 1661 1527 1729 quaererent
1573 1656 1850 1712 invenire.

201 1752 484 1807 Caeterum
517 1749 741 1815 Simon,
775 1745 877 1819 qui
907 1763 1043 1802 eum
1095 1746 1411 1816 nesciebat,
1432 1745 1669 1814 invenit,
1703 1745 1854 1800 inve-

203 1841 283 1895 nit
299 1835 924 1908 Andraeas,Philippus
956 1836 1028 1890 ad
1051 1833 1374 1890 Nathanael
1397 1849 1531 1889 eum
1565 1833 1856 1891 invenisse

201 1947 258 1986 se
286 1927 457 1984 dixit.
495 1949 524 1978 »
553 1927 624 1981 Et
653 1925 794 1980 item
824 1923 885 1978 in
917 1922 1065 1978 libro
1114 1923 1185 1978 de
1213 1921 1430 1994 Joseph
1467 1938 1480 1978 :
1514 1943 1542 1971 ‹‹
1569 1922 1853 1978 Caeterum

201 2017 353 2091 quod
383 2016 458 2071 ad
481 2013 764 2071 moralem
795 2011 1047 2084 pertinet
1074 2011 1291 2077 locum,
1316 2009 1456 2082 quia
1485 2026 1688 2066 omnes
1730 2009 1855 2065 vult

202 2105 390 2162 salvos
419 2103 546 2159 ﬁeri
569 2101 850 2158 Dominus
877 2101 1032 2156 Deus
1070 2103 1288 2164 noster,
1321 2098 1482 2154 dedit
1529 2097 1708 2154 etiam
1750 2114 1854 2171 per

200 2193 410 2268 Joseph
441 2192 540 2248 his
569 2191 670 2264 qui
698 2193 839 2246 sunt
867 2189 928 2244 in
956 2188 1168 2243 virtute
1197 2187 1492 2243 solatium.

266 2283 410 2339 Item
437 2281 501 2336 in
532 2280 682 2336 libro
703 2278 894 2352 primo
921 2278 994 2333 de
1033 2275 1377 2332 Pmnitentia
1396 2277 1537 2347 (cap.
1561 2276 1615 2348 3)
1640 2293 1653 2332 :
1683 2297 1711 2326 «
1732 2277 1851 2332 Non

200 2373 256 2428 in
283 2379 559 2430 aeternum
582 2369 836 2442 projieiet
877 2367 1038 2432 Deus,
1069 2373 1167 2421 aut
1201 2365 1550 2420 obliviscetur
1591 2366 1852 2420 miserere

201 2461 334 2516 Deus
351 2458 532 2530 (Psal.
547 2457 801 2526 Lxxv1,8,
818 2457 927 2523 10),
943 2453 1158 2510 clamat
1175 2452 1478 2526 propheta,
1495 2457 1551 2508 et
1580 2457 1720 2508 sunt
1749 2453 1848 2525 qui

199 2547 399 2603 divina
431 2543 834 2602 miserationis
865 2543 1132 2616 quaedam
1165 2541 1449 2596 inducant
1479 2539 1710 2596 oblivia.
1737 2542 1844 2597 Sed

200 2636 360 2692 aiunt
389 2635 524 2691 ideo
545 2651 608 2690 se
627 2633 744 2688 ista
765 2647 1047 2699 asserere,
1063 2646 1135 2686 ne
1167 2629 1510 2684 mutabilem
1545 2629 1729 2685 Deum
1764 2630 1847 2684 fa-

198 2741 319 2781 cere
346 2724 682 2791 videantur,
697 2719 749 2778 si
779 2719 872 2776 his
904 2720 1123 2792 quibus
1152 2717 1327 2774 fuerit
1353 2717 1540 2772 iratus
1561 2717 1844 2790 ignoscat.

199 2814 340 2880 Quid
371 2810 552 2886 ergo?
573 2808 1018 2884 repudiabimus
1042 2807 1240 2863 divina
1261 2804 1577 2872 oracula,et
1597 2806 1846 2862 istorum

197 2901 497 2975 opiniones
529 2897 884 2972 sequemur?
914 2897 1025 2953 Sed
1072 2911 1188 2952 non
1221 2895 1375 2950 Deus
1405 2893 1610 2950 alienis
1653 2910 1846 2950 asser-

198 2989 476 3058 tionibus,
510 2989 614 3045 sed
663 2987 789 3044 suis
836 2984 1220 3042 aestimandus
1275 2987 1364 3038 est
1407 2981 1729 3038 vocibus.»
1779 2983 1848 3038 Et

195 3085 320 3153 post
349 3079 658 3152 aliquanta
686 3081 830 3149 (cap.
862 3075 915 3148 4)
949 3091 964 3130 :
1000 3098 1027 3125 «
1057 3074 1126 3130 Et
1167 3078 1229 3128 tu
1281 3071 1542 3144 quidem,
1577 3070 1848 3140 Domine,

195 3185 394 3225 omnes
417 3166 588 3240 cupis
618 3181 848 3234 sanare,
872 3165 972 3220 sed
993 3180 1106 3220 non
1128 3177 1332 3217 omnes
1355 3159 1546 3217 curari
1565 3159 1790 3216 volunt.
1817 3181 1844 3209 ››

1966 595 2510 666 absolveret,legem
2535 595 2755 652 solvere
2784 595 3116 652 videretur:
3144 597 3234 652 sin
3279 614 3414 654 vero
3444 600 3610 658 dam—

1967 679 2152 752 naret,
2181 683 2546 756 propositum
2577 683 2666 739 sui
2702 687 2956 739 mutaret
2986 684 3333 756 adventus,q
3349 685 3449 742 uia
3477 704 3609 760 pec-
3689 749 3696 756 ,

1965 777 2095 828 cata
2121 772 2388 828 omnium
2417 772 2775 828 remissurus
2805 772 3056 828 advenit.
3088 794 3117 822 »
3148 773 3220 828 Et
3249 773 3388 828 item
3415 773 3476 830 in
3515 791 3610 831 eo-

1965 861 2096 916 dem
2131 877 2146 916 :
2187 883 2207 910 α
2235 859 2613 929 Vide,lector,
2634 860 2831 916 divina
2859 859 3139 934 mysteria
3159 865 3217 917 et
3236 859 3610 918 clementiam

1964 948 2178 1004 Christi
2213 965 2226 1004 :
2261 966 2396 1004 cum
2429 953 2741 1005 accusatur
2769 948 3000 1016 mulier,
3019 953 3196 1021 caput
3223 949 3490 1008 Christus
3518 951 3610 1009 in-

1963 1037 2144 1094 clinat
2173 1054 2186 1093 :
2218 1037 2404 1094 elevat
2461 1041 2676 1106 autem,
2723 1038 2823 1094 ubi
2881 1037 3090 1094 defecit
3146 1044 3472 1097 accusator.
3527 1042 3614 1099 Ita

1961 1126 2194 1182 nullum
2223 1127 2489 1183 damnari
2519 1126 2663 1196 vult,
2697 1127 2946 1183 absolvit
2971 1144 3196 1184 omnes.
3226 1151 3254 1179 »

2035 1217 2201 1273 Nunc
2233 1215 2370 1288 quia
2400 1221 2634 1288 tempus
2673 1220 2730 1273 et
2759 1216 2898 1272 ordo
2937 1217 3191 1288 ponendi
3220 1222 3309 1274 est
3337 1224 3609 1276 sanctum

1962 1305 2246 1360 Joannem
2269 1303 2976 1376 Constantinopolitanum
2994 1305 3464 1381 episcopum,qui
3487 1325 3614 1380 pro-

1921 1468 1926 1474 .
1966 1397 2093 1464 pter
2114 1392 2479 1448 dulcedinem
2514 1392 2770 1448 salubris
2803 1409 2869 1448 ac
2899 1393 3176 1466 saporisz
3198 1393 3546 1452 elocutionis
3578 1413 3612 1454 a

1965 1481 2177 1538 Graecis
2207 1481 2746 1554 Chrysostomos,id
2771 1485 2860 1536 est
2883 1481 2959 1537 Os
2991 1483 3611 1556 aureum,dignissime
3645 1479 3652 1484 ’

1963 1575 2052 1626 est
2081 1569 2609 1643 appellatus,verbi
2641 1570 2829 1626 sancti
2859 1571 3192 1642 Augustini,
3215 1573 3434 1645 quibus
3473 1590 3609 1631 eum

1963 1659 2023 1714 in
2054 1659 2458 1716 testimonium
2481 1675 2656 1714 suum
2679 1662 2882 1714 contra
2898 1657 3203 1716 Julianum
3223 1660 3506 1730 invitavit,
3523 1661 3610 1719 uti

1963 1747 2208 1820 dignum
2238 1748 2599 1804 censuimus.
2634 1747 3189 1820 lngredere,inquit,
3213 1753 3416 1806 sancte
3432 1750 3608 1807 Joan-

1965 1837 2405 1911 nes,ingredcre
2426 1840 2483 1892 et
2511 1836 2750 1892 conside
2769 1852 2904 1892 cum
2937 1836 3216 1893 fratribus
3246 1837 3386 1894 tuis.
3420 1855 3456 1894 a
3479 1837 3608 1910 qui-

1963 1927 2076 1982 bus
2097 1925 2260 1981 nulla
2291 1925 2458 1994 ratio,
2479 1924 2642 1980 nulla
2661 1923 2903 1980 tentatio
2932 1928 2988 1980 te
3019 1924 3328 1996 separavit,
3341 1942 3490 1998 opus
3519 1930 3612 1982 est

1962 2018 2020 2070 et
2047 2019 2150 2070 tua
2174 2013 2484 2070 sententia.
2517 2012 2625 2079 Qui
2657 2011 2739 2068 ait
2767 2013 2826 2068 in
2857 2011 3200 2068 Commento
3234 2013 3504 2085 Epistolas
3537 2015 3610 2070 ad

1960 2104 2230 2160 Hebraeos
2257 2120 2270 2159 :
2309 2123 2337 2154 «
2365 2103 2450 2158 Ad
2474 2101 2911 2174 propitiandum
2943 2099 3613 2174 enim,inquit,peccatis

1960 2191 2176 2248 nostris
2213 2209 2226 2247 :
2261 2207 2442 2264 quare
2470 2207 2586 2245 non
2618 2189 2764 2245 dixit
2793 2189 3022 2260 mundi,
3053 2190 3154 2246 sed
3187 2189 3333 2246 dixit
3375 2190 3614 2264 populi?

1959 2282 2102 2336 Nam
2138 2280 2403 2336 omnium
2435 2283 2672 2351 peccata
2702 2277 2987 2334 sustinuit
3018 2294 3030 2334 :
3065 2278 3168 2335 sed
3209 2278 3347 2351 quia
3374 2279 3610 2336 interim

1959 2370 2029 2424 de
2055 2369 2200 2441 ipsis
2229 2367 2564 2424 vertebatur
2593 2383 2806 2423 sermo.
2843 2367 2990 2422 Nam
3021 2372 3079 2423 et
3107 2367 3352 2441 angelus
3381 2368 3612 2425 dicebat

1957 2457 2174 2529 Joseph
2210 2474 2224 2513 :
2261 2458 2482 2512 Vocabis
2509 2471 2702 2512 nomen
2749 2457 2865 2527 ejus
2911 2460 3122 2523 Jesum,
3157 2457 3273 2528 ipse
3315 2458 3466 2512 enim
3503 2456 3612 2512 sal-

1956 2548 2106 2602 vabit
2128 2547 2394 2618 populum
2420 2561 2584 2600 suum
2615 2543 2814 2616 (Matth.
2851 2561 2892 2612 ι,
2929 2547 3038 2614 12).
3067 2546 3181 2600 Hoc
3229 2544 3446 2618 quippe
3489 2544 3608 2618 pri-

1958 2651 2119 2690 mum
2153 2633 2408 2706 oportuit
2427 2632 2573 2699 fieri,
2592 2636 2648 2688 et
2675 2636 2910 2704 propter
2929 2632 3039 2688 hoc
3065 2632 3316 2700 venit,ut
3333 2633 3480 2691 istos
3499 2633 3610 2690 sal-

1954 2727 2133 2790 varct,
2167 2727 2223 2779 et
2251 2727 2390 2778 tunc
2425 2738 2528 2794 per
2556 2721 2700 2777 istos
2739 2720 2892 2788 illos,
2925 2721 3159 2777 tametsi
3203 2725 3440 2778 econtra
3467 2738 3606 2778 con-

1954 2812 2106 2884 tigit.
2139 2815 2272 2866 Haec
2301 2810 2476 2866 etiam
2507 2809 2766 2882 Apostoli
2796 2809 2868 2865 ab
2899 2809 3026 2882 ipso
3047 2827 3050 2830 ’
3073 2809 3240 2865 initio
3289 2809 3561 2867 dicebant
3589 2826 3604 2868 :

1959 2901 2112 2956 Vobis
2140 2901 2410 2956 suscitans
2457 2899 2641 2970 ﬁlium
2677 2915 2842 2954 suum
2883 2899 3038 2953 misit
3084 2897 3481 2955 benedicentem
3517 2914 3609 2955 vos
3715 2958 3722 2963 ,

1957 2989 2089 3060 (Act.
2122 3005 2208 3056 ιιι,
2237 2989 2351 3054 26).
2389 2987 2458 3042 Et
2485 2986 2722 3052 iterum,
2759 2987 2914 3041 Vobis
2941 3001 3118 3042 sermo
3163 2986 3362 3042 salutis
3405 2989 3610 3042 missus

1953 3086 2062 3145 est,-
2091 3076 2184 3133 sed
2213 3077 2346 3149 quia
2373 3075 2639 3148 repellitis
2670 3073 2830 3142 illud,
2863 3081 2914 3130 et
2941 3073 3199 3143 indignos
3227 3089 3318 3132 vos
3343 3074 3612 3148 judicatis

1957 3175 2185 3224 (eterna:
2213 3168 2362 3233 vitae,
2394 3180 2511 3220 ecce
2557 3164 2925 3220 convertimur
2965 3162 3036 3218 ad
3089 3170 3270 3232 gentes
3319 3163 3453 3236 (Act.
3483 3181 3608 3232 xm,

197 3257 262 3312 Et
293 3257 437 3313 item
483 3233 620 3328 [lost
667 3233 968 3326 aliquanta
990 3252 1128 3323 (σαΡ-
1155 3251 1244 3322 12)
1268 3267 1281 3304 ε
1308 3273 1336 3300 ι(
1371 3249 1500 3328 ῙΡεβ
1529 3252 1587 3304 te
1621 3249 1846 3320 doceat,
1877 3233 1921 3299 (ἶ
1960 3256 2072 3329 li6).
2104 3253 2562 3312 Generositatem
2603 3251 2696 3307 his
2743 3251 3002 3307 ostendit
3043 3233 3375 3321 Judaicam,
3409 3252 3612 3310 dicens

194 3345 288 3417 qui
319 3345 504 3402 etiam
536 3359 654 3400 non
685 3339 1160 3398 custodientibus
1182 3339 1460 3394 mandata
1489 3355 1598 3394 sua
1615 3337 1844 3394 veniam

193 3451 300 3488 non
359 3431 598 3506 negavit
653 3431 808 3487 sicut
863 3428 1047 3485 habes
1105 3428 1164 3482 in
1224 3420 1439 3483 Psalmi
1487 3443 1747 3500 corpore,
1788 3427 1852 3484 Si

180 3523 425 3594 justitias
471 3537 626 3577 meas
673 3519 1102 3592 profanaverint
1126 3517 1299 3587 (Psal.
1351 3532 1616 3584 Lxxxvur,
1650 3518 1762 3584 32),
1795 3520 1852 3572 et

192 3609 435 3684 reliqua.
463 3608 756 3666 Omnibus
789 3607 971 3680 igitur
999 3603 1288 3678 promittit
1317 3603 1800 3660 misericordiam.
1822 3627 1851 3654 ››

195 3699 330 3755 Item
350 3699 411 3754 in
439 3699 702 3756 secundo
725 3697 874 3753 libro
897 3696 1041 3768 (cap.
1074 3695 1126 3767 4)
1155 3711 1168 3750 :
1196 3717 1223 3744 ‹‹
1247 3694 1319 3748 Et
1345 3693 1475 3759 ideo
1497 3691 1852 3748 revertimini

196 3789 268 3843 ad
295 3787 638 3854 Ecclesiam,
661 3801 722 3842 se
754 3783 854 3857 qui
882 3801 985 3840 vos
1009 3781 1542 3856 separastisimpie.
1567 3781 1854 3837 Omnibus

198 3875 348 3932 enim
396 3874 699 3932 conversis
740 3873 1050 3946 pollicetur
1098 3871 1350 3938 veniam,
1385 3869 1523 3942 quia
1569 3870 1854 3942 scriptum

200 3969 320 4022 est:
353 3965 545 4022 Omnis
575 3962 885 4036 quicunque
913 3962 1245 4017 invocaverit
1269 3975 1463 4015 nomen
1499 3961 1728 4016 Domini
1749 3960 1854 4016 sal-

201 4055 422 4109 ruserit
450 4053 626 4122 (Rom.
659 4069 716 4120 x,
752 4051 864 4123 13).
897 4072 926 4100 »
960 4051 1032 4106 Et
1074 4049 1216 4104 item
1268 4049 1408 4120 (cap.
1441 4049 1498 4120 5)
1531 4065 1544 4115 ;
1581 4071 1609 4098 ‹‹
1643 4048 1754 4104 Sed
1804 4049 1855 4104 si

201 4139 305 4196 isti
333 4159 448 4198 non
470 4143 912 4205 convertuntur,
926 4137 1016 4194 vel
1040 4154 1143 4194 vos
1164 4136 1544 4203 revertimini,
1565 4138 1663 4208 qui
1686 4136 1854 4208 lapsu

198 4229 360 4285 vario
379 4230 451 4285 de
481 4227 828 4284 innocentiae
857 4227 1118 4299 fideique
1139 4224 1416 4298 praecelso
1437 4224 1668 4297 fastigio
1697 4225 1858 4280 deci-

201 4307 394 4374 distis.
426 4318 654 4373 Bonum
687 4315 997 4372 Dominum
1031 4314 1456 4386 habemus,qui
1486 4312 1624 4369 velit
1643 4313 1859 4369 donare

199 4405 500 4462 omnibus.
536 4427 564 4456 »
596 4405 666 4461 Et
695 4407 830 4476 post
880 4403 1182 4476 aliquanta
1213 4406 1352 4474 (cap.
1385 4402 1476 4473 6):
1510 4423 1538 4452 «
1571 4401 1701 4473 Ipse
1749 4401 1858 4457 Do-

199 4494 403 4550 minus
429 4492 804 4550 Hierusalem
841 4491 1016 4559 flevit,
1031 4496 1098 4548 ut
1117 4492 1256 4564 quia
1284 4491 1413 4563 ipsa
1441 4490 1577 4545 ﬂere
1604 4489 1859 4560 nolebat,

1959 3347 2030 3401 ad
2063 3343 2502 3416 propitiandum
2525 3341 2780 3414 peccatis
2802 3339 3060 3413 populi.»
3084 3339 3301 3396 lterum
3323 3340 3409 3397 sic
3431 3340 3606 3398 dixit:

2033 3457 2060 3484 «
2087 3433 2192 3500 Qui
2217 3431 2374 3488 enim
2386 3431 2414 3487 ?
2435 3431 2560 3503 ipse
2575 3433 2665 3486 est
2681 3428 2780 3502 qui
2804 3431 3043 3500 peccata
3057 3428 3323 3484 omnium
3344 3429 3610 3488 dimittit.

1961 3511 2353 3580 Manifestavit
2379 3519 2440 3574 in
2471 3517 2786 3591 paralytico
2838 3517 3060 3584 dicens,
3097 3519 3465 3575 Dimittuntur
3510 3519 3614 3574 tibi

1955 3618 2172 3685 peccata
2205 3609 2390 3678 (Marc.
2419 3611 2498 3676 v).
2531 3607 2603 3662 Et
2629 3605 2691 3660 in
2722 3606 3092 3678 baptismate.
3127 3606 3284 3662 Dixit
3331 3606 3488 3664 enim
3537 3606 3611 3662 ad

1961 3697 2282 3772 discipulos
2311 3713 2488 3752 suos:
2523 3696 2720 3750 Euntes
2761 3693 2936 3750 docete
2983 3710 3166 3751 omnes
3207 3703 3410 3764 gentes,
3445 3695 3615 3767 bapti-

1959 3795 2146 3844 zantes
2175 3802 2262 3844 eos
2293 3787 2354 3840 in
2380 3785 2601 3841 nomine
2629 3784 2830 3851 Patris,
2857 3791 2910 3839 et
2936 3784 3090 3852 Filii,
3123 3791 3175 3840 et
3201 3783 3442 3856 Spiritus
3487 3799 3614 3839 san-

1963 3879 2036 3934 cti
2064 3876 2282 3946 (Matth.
2303 3891 2499 3940 xxvm,
2535 3871 2642 3944 19).
2679 3893 2707 3921 ››
2736 3873 2808 3927 Et
2833 3871 2975 3928 item
3011 3887 3025 3927 :
3061 3893 3090 3923 ‹‹
3111 3872 3258 3928 Nam
3282 3875 3340 3928 et
3367 3871 3616 3928 beatitu-

1963 3968 2130 4022 dines
2151 3982 2277 4037 quae
2301 3981 2334 4019 a
2354 3962 2582 4018 Christo
2603 3960 2898 4025 dicuntur,
2913 3977 3028 4016 non
3061 3960 3365 4017 monachis
3381 3964 3616 4018 tantum

1967 4057 2132 4111 dicta
2165 4057 2320 4122 sunt,
2355 4051 2614 4124 alioquin
2645 4049 2955 4105 universus
2988 4048 3248 4105 mundus
3291 4050 3526 4121 peribit,
3559 4053 3617 4106 et

1967 4141 2377 4200 accusabimus
2405 4138 2809 4196 crudelitatem
2838 4137 3036 4194 Dei.Si
3069 4154 3200 4194 vero
3226 4137 3616 4194 beatitudines
3657 4159 3660 4162 ’

1967 4233 2108 4290 solis
2139 4228 2444 4286 monachis
2473 4229 2620 4283 datae
2653 4231 2810 4295 sunt,
2827 4225 3163 4284 saecularem
3197 4229 3394 4282 autem
3426 4223 3616 4280 homi-

1969 4337 2102 4376 nem
2130 4308 2496 4390 impossibile
2525 4320 2615 4372 est
2643 4332 2742 4371 eas
2772 4313 3036 4388 implere,
3069 4313 3195 4385 ipse
3225 4312 3463 4384 nuptias
3484 4313 3614 4384 jus-

1969 4411 2066 4478 sit,
2085 4409 2210 4482 ipse
2239 4424 2376 4480 ergo
2407 4421 2612 4462 omnes
2641 4403 2914 4476 perdidit.
2940 4401 3000 4457 Si
3031 4400 3187 4457 enim
3220 4417 3338 4456 non
3368 4403 3618 4474 possunt

1971 4515 2107 4554 cum
2139 4495 2362 4568 nuptiis
2401 4510 2469 4549 ea
2516 4509 2643 4564 qua:
2690 4491 3110 4547 monachorum
3160 4493 3302 4546 sunt
3352 4488 3616 4562 implere,

197 4582 434 4639 Domini
475 4581 754 4654 lacrymis
801 4580 877 4636 ad
928 4578 1159 4636 veniam
1211 4577 1546 4651 Ρθνίίηθνθῐο
1579 4577 1708 4649 lPSe
1755 4595 1864 4634 D03
1893 4599 1940 4663 Ι)
1971 4586 2269 4664 perierunt
2297 4586 2353 4638 et
2376 4579 2634 4652 corrupti
2665 4583 2824 4645 sunt,
2843 4583 2900 4634 et
2927 4578 2984 4634 in
3009 4582 3327 4652 angustum
3345 4576 3622 4636 conclusa

200 4672 342 4728 ﬂere
371 4671 514 4738 vult,
550 4675 617 4727 ut
663 4669 906 4726 evadere
937 4667 1259 4741 possimus,
1293 4665 1446 4722 sicut
1491 4665 1673 4722 habes
1718 4667 1860 4722 scri-

201 4764 374 4830 ptum
403 4758 464 4814 in
487 4757 1003 4832 Evan'gelio,Filiw
1021 4756 1382 4820 Hierusalem,
1405 4754 1575 4810 nolite
1600 4771 1686 4809 me
1711 4756 1860 4824 ﬂere,

201 4843 306 4902 sed
329 4863 418 4904 vos
447 4849 600 4920 ipsa:
625 4848 746 4917 ﬂete
775 4847 926 4918 (Luc.
948 4861 1108 4911 xxm,
1139 4845 1254 4910 28).
1292 4865 1319 4892 »
1351 4843 1420 4896 Et
1444 4841 1584 4898 item
1615 4841 1772 4898 idem
1801 4843 1863 4898 in

205 4951 476 4992 sermone
524 4951 596 4992 ex
641 4933 934 4991 sententia
987 4931 1246 5006 Apostoli
1283 4948 1295 4987 :
1331 4953 1359 4982 «
1413 4929 1654 4987 Credidit
1709 4933 1864 4987 174

202 5022 483 5080 Abraham
514 5028 643 5091 Deo,
674 5029 727 5078 et
755 5029 1064 5094 reputatum
1089 5029 1170 5076 est
1195 5021 1250 5075 ei
1301 5019 1370 5074 ad
1411 5021 1690 5092 justitiam
1720 5021 1862 5092 (Gal.

205 5127 280 5179 ιι,
307 5113 383 5179 6).
416 5111 674 5184 Denique
705 5110 788 5166 ait
815 5107 1128 5182 Apostolus
1163 5125 1176 5164 :
1210 5109 1342 5164 Ecce
1370 5124 1464 5179 ego
1505 5109 1714 5164 Paulus
1746 5109 1865 5165 dico

175 5213 190 5220 ‘
203 5200 380 5268 vobis,
395 5201 658 5272 quoniam
675 5199 731 5254 si
759 5197 1256 5264 circumcidamini,
1284 5196 1538 5252 Christus
1557 5199 1706 5252 vobis
1723 5199 1868 5252 nihil

198 5286 452 5359 proderit
476 5287 624 5356 (Gal.
657 5303 714 5355 v,
741 5287 820 5359 2).
852 5286 978 5341 Non
1007 5285 1146 5358 quia
1175 5302 1289 5340 non
1340 5284 1546 5358 possit,
1581 5285 1680 5341 sed
1729 5283 1869 5357 quia

203 5374 483 5448 indignos
511 5375 816 5432 beneﬁciis
846 5373 972 5430 suis
995 5373 1225 5446 judicet
1262 5373 1364 5445 qui
1393 5371 1516 5428 vias
1546 5373 1674 5444 ejus
1703 5373 1866 5430 dese-

119 5472 138 5487 '
205 5467 364 5518 rant.
397 5486 426 5513 »
454 5465 526 5520 Et
550 5463 698 5520 item
724 5463 785 5518 in
818 5478 1088 5519 sermone
1117 5460 1436 5533 Evangelii,
1471 5462 1624 5531 quod
1643 5470 1871 5534 praeter-

205 5551 336 5608 iens
383 5555 541 5610 Iesus
586 5551 732 5610 vidit
775 5569 812 5608 a
840 5552 1186 5621 generatione
1230 5564 1436 5606 arcum
1472 5550 1756 5619 (Joan.1x,
1793 5552 1866 5620 1).

207 5661 248 5696 α
286 5637 479 5707 Oblata
506 5641 888 5721 erat,inquit,
903 5656 939 5700 α
957 5637 1176 5700 Scribis
1195 5641 1255 5696 et
1275 5636 1584 5696 Pharisaeis
1623 5639 1870 5701 Domino

1972 4696 2100 4752 qua:
2127 4671 2364 4730 virtutis
2387 4671 2610 4736 sunt,et
2631 4666 2924 4740 quomodo
2941 4665 3310 4726 honorabiles
3332 4671 3474 4724 sunt
3490 4683 3620 4740 quae

1971 4765 2140 4822 nobis
2157 4764 2388 4818 tantum
2411 4758 2488 4812 im
2499 4755 2778 4829 pcdiunt?
2798 4755 2948 4822 Quid
2967 4772 3102 4829 ergo
3119 4755 3484 4830 impossibile
3501 4755 3622 4811 est?

1972 4859 2028 4911 et
2055 4851 2224 4908 valde
2251 4845 2551 4921 possibile,
2585 4844 2760 4899 etiam
2792 4843 3073 4900 habentes
3103 4861 3314 4901 uxores
3341 4845 3622 4901 virtutem

1973 4935 2208 5012 aggredi
2241 4935 2292 4990 si
2322 4931 2701 4989 voluerimus.
2735 4931 3076 4998 Quomodo?
3107 4932 3156 4988 si
3186 4931 3473 4988 habentes
3501 4935 3626 4986 tan-

1973 5043 2149 5100 quam
2183 5041 2300 5080 non
2332 5022 2617 5078 habentes
2648 5019 2856 5076 simus.
2886 5021 2996 5087 Qui
3047 5037 3161 5076 non
3201 5021 3527 5092 gaudemus
3561 5017 3623 5072 in

1971 5117 2068 5172 his
2081 5132 2207 5188 quae
2221 5111 2625 5185 possidemus;
2651 5109 2700 5164 si
2716 5110 2936 5165 mundo
2950 5113 3190 5165 utamur
3208 5114 3490 5181 tanquam
3505 5121 3622 5160 non

1976 5208 2228 5260 utentes.
2249 5201 2310 5257 Si
2343 5203 2538 5256 autem
2573 5197 2753 5270 aliqui
2783 5198 3051 5270 impediti
3082 5201 3222 5253 sunt
3267 5214 3336 5254 ex
3378 5193 3620 5266 nuptiis,

1975 5296 2017 5348 1
2031 5295 2068 5349 7
2085 5293 2128 5348 5
2143 5290 2332 5348 sciant
2343 5287 2620 5361 quoniam
2643 5303 2759 5342 non
2773 5289 2990 5359 nuptias
3009 5285 3128 5341 illis
3139 5283 3625 5357 impedimentum

1975 5382 2234 5448 fuerunt,
2269 5379 2370 5436 sed
2423 5377 2696 5433 voluntas
2744 5393 2872 5448 qum
2920 5374 3071 5430 male
3127 5373 3314 5428 utitur
3367 5370 3626 5443 nuptiis;

1979 5487 2114 5526 nam
2146 5484 2335 5540 neque
2354 5467 2558 5524 vinum
2581 5465 2719 5520 facit
2749 5461 3226 5530 ebrietatem,sed
3264 5459 3538 5519 voluntas
3568 5463 3628 5518 et

1977 5575 2252 5616 excessus
2310 5553 2745 5613 moderationis.
2807 5551 2977 5608 Utere
3035 5567 3171 5606 cum
3227 5549 3627 5607 moderatione

1979 5647 2294 5729 nuptiis,et
2323 5646 2550 5724 primus
2580 5641 2698 5700 eris
2724 5639 2786 5698 in
2817 5655 3017 5719 regno,
3035 5643 3093 5700 et
3118 5638 3395 5701 omnibus
3415 5637 3628 5702 frueris
3653 5683 3673 5693 _
