3970 6182
341 366 457 429 239

1271 363 1658 424 ΙΙΙΝΟΜΑΗΙ
1707 361 2154 422 [ΠΙΕΜΕΝΞΙΞ
2197 359 2816 423 ARCHIEPISCOPI.

3623 361 3752 432 24ft

339 498 530 558 bonis.
567 521 596 547 ››
626 499 694 552 Et
725 496 885 564 item,
919 518 944 545 ‹‹
977 495 1237 568 Ileproba,
1272 495 1482 568 inquit,
1523 505 1573 551 et
1616 495 1988 552 maledictioni
2012 494 2068 561 Α
2099 493 2236 548 item
2271 510 2284 548 :
2321 516 2346 542 ‹‹
2385 493 2698 566 Postquam
2729 495 2884 550 enim
2918 495 3062 550 dixit
3091 494 3362 567 superius
3398 494 3501 556 illa
3529 473 3746 569 magna

333 587 594 661 proxima
625 587 818 654 (llebr.
849 601 928 650 vn,
959 586 1034 652 8).
1059 585 1102 638 Ο
1133 587 1414 655 quantam
1444 584 1620 639 habet
1640 581 1987 639 consolatio-

340 692 473 732 nem
505 673 600 730 hic
631 675 850 729 sermo!
888 671 1302 738 Maledictioni,
1335 672 1546 744 inquit,
1572 672 1988 745 proxima,non

341 763 694 821 maledictio.
745 763 853 830 Qui
911 767 1106 817 autem
1165 763 1414 816 necdum
1470 761 1530 816 in
1582 761 1987 817 malectionem

339 852 566 924 incidit,
589 852 690 908 sed
721 851 1022 924 proximus
1053 854 1160 918 est,
1195 855 1250 905 et
1279 850 1450 922 longe
1497 851 1619 905 ﬁeri
1661 850 1890 922 poterit.
1920 851 1990 904 Et

340 960 459 1000 non
488 941 596 998 boc
629 939 752 997 solo
782 938 1121 995 consolatus
1150 943 1259 1006 est,
1293 940 1392 994 sed
1425 939 1602 994 etiam
1633 939 1690 993 in
1722 955 1788 993 eo
1831 939 1984 1010 quod

340 1030 766 1105 stequitur.Non
795 1029 952 1084 enim
984 1027 1128 1083 dixit
1163 1044 1176 1081 :
1212 1028 1477 1098 lteproba
1503 1032 1558 1082 et
1593 1025 1988 1082 maledictioni

338 1119 624 1194 proxima,
658 1135 783 1191 quae
815 1117 1212 1173 comburetur.
1247 1116 1357 1170 Sed
1403 1116 1584 1187 quid?
1617 1116 1797 1187 Cujus
1849 1133 1986 1170 con-

337 1209 656 1269 summatio
698 1207 758 1263 in
787 1205 1179 1262 adustionem.
1215 1204 1273 1259 Si
1305 1221 1493 1275 usque
1525 1207 1595 1260 ad
1638 1206 1812 1261 ﬁnem
1856 1223 1984 1278 per-

337 1303 593 1368 maneat,
612 1296 825 1370 inquit.
842 1295 1086 1352 Proinde
1107 1291 1156 1348 si
1191 1293 1567 1349 ab:cidamus
1589 1299 1643 1348 et
1665 1295 1775 1349 adu
1786 1311 1986 1350 ramus

337 1385 897 1463 spinas,poterimus
937 1383 1096 1438 mille
1127 1382 1296 1439 bonis
1345 1382 1586 1454 perfrui,
1609 1387 1666 1438 et
1697 1381 1818 1437 ﬁeri
1852 1399 1982 1454 pro-

337 1477 582 1548 babiles,
613 1479 671 1532 et
700 1472 1125 1530 benedictionis
1156 1471 1490 1543 participes.
1529 1495 1555 1519 ››

407 1567 478 1624 Et
505 1565 646 1622 item
681 1580 694 1619 :
731 1563 926 1630 «Quid
953 1565 1149 1616 autem
1171 1559 1600 1626 difﬁcilius,dic
1624 1559 1984 1631 milii,quam

337 1658 574 1712 contum
618 1653 680 1708 in
729 1653 916 1708 fronte
967 1654 1216 1721 portare,
1249 1653 1303 1703 et
1346 1647 1688 1720 impositum
1735 1665 1983 1720 puerum

337 1741 523 1812 multa
551 1741 737 1798 millia
765 1739 1064 1795 schemata
1097 1739 1401 1794 facientem
1455 1737 1670 1792 ibidem
1703 1736 1982 1808 bajulare,

334 1837 393 1890 et
411 1831 700 1890 delectare
713 1828 1084 1902 spectantes?
1107 1828 1251 1893 Quid
1271 1831 1465 1926 autem
1485 1825 1782 1925 difﬁcilius
1805 1843 1982 1926 quam
2018 1863 2060 1926 Β

334 1938 469 1978 cum
501 1919 713 1992 gladiis
742 1917 996 1990 pilarum
1037 1932 1194 1970 more
1227 1914 1463 1970 ludere?
1493 1914 1630 1986 quid
1685 1914 1984 1971 difﬁcilius

334 2025 514 2088 quam
535 2023 713 2080 super
732 2007 939 2060 l'unum
958 2009 1261 2059 extensum
1285 2002 1586 2058 ambulare
1604 2002 1778 2059 veluti
1807 2021 1985 2077 super

335 2095 554 2170 aequale
577 2094 859 2164 solum,et
889 2111 1124 2148 rursum
1157 2091 1556 2148 ambulantem
1602 2093 1820 2160 vestiri,
1853 2111 1986 2166 spo-

335 2186 488 2253 liari,
519 2189 802 2257 tanquam
846 2182 905 2237 in
959 2181 1104 2236 lecto
1155 2182 1396 2237 sedeat?
1427 2182 1628 2236 Nonne
1675 2181 1980 2250 mirabilis,

337 2259 508 2340 nobis
537 2273 652 2330 ista
682 2289 774 2328 res
813 2289 940 2326 esse
983 2270 1232 2338 videtur,
1264 2274 1320 2326 et
1368 2269 1648 2326 terribilis
1699 2276 1761 2326 ut
1807 2270 1983 2325 etiam

335 2363 531 2420 videre
578 2361 856 2429 nolimus,
906 2360 1008 2416 sed
1057 2360 1372 2414 timeamus
1429 2364 1486 2414 et
1541 2363 1863 2415 tremamus
1912 2360 1982 2415 ad

339 2452 536 2527 ipsum
585 2451 930 2523 aspectum?
959 2447 1106 2515 Quid
1156 2451 1353 2504 autem
1402 2448 1656 2520 gravius,
1690 2449 1782 2504 dic
1815 2449 1982 2515 mihi,

338 2556 517 2614 quam
544 2537 903 2612 profundum
935 2537 1122 2608 pelagi
1153 2536 1421 2603 scrutari,
1455 2541 1512 2591 et
1551 2538 1750 2592 decem
1801 2537 1986 2594 miliia

339 2627 484 2684 alias
513 2631 668 2684 artes
697 2626 830 2698 quis
861 2625 1050 2681 dicere
1077 2625 1296 2696 possit?
1327 2623 1385 2680 Si
1418 2625 1680 2680 omnium
1733 2626 1985 2683 istarum

339 2716 567 2781 facilior
595 2721 686 2772 est
715 2714 984 2782 virtus,si
1004 2713 1358 2770 voluerimus
1376 2718 1432 2769 et
1456 2713 1513 2768 in
1545 2714 1754 2769 coelum
1791 2733 1989 2772 ascen-

339 2806 496 2864 dere.
524 2804 683 2861 Velle
725 2803 881 2860 enim
929 2819 1076 2875 opus
1119 2807 1208 2857 est
1256 2803 1350 2858 hic
1398 2806 1649 2872 tantum,
1684 2808 1741 2859 et
1789 2805 1988 2860 omnia

339 2897 690 2968 sequuntur.
726 2893 852 2948 Non
883 2897 1048 2964 potes
1079 2890 1232 2947 enim
1265 2891 1456 2946 dicere
1493 2908 1505 2948 :
1542 2893 1666 2947 Non
1718 2909 1982 2965 possum,

337 2999 526 3058 neque
551 2999 826 3040 accusare
857 2987 1020 3054 potes
1059 2979 1448 3036 Conditorem.
1471 2981 1544 3037 'Si
1577 2980 1733 3037 enim
1766 2983 1984 3054 impos-

335 3071 539 3130 sibiles
569 3089 675 3128 nos
706 3071 859 3142 fecit,
881 3070 1088 3126 deinde
1107 3069 1682 3142 imperat,accnsatio
1713 3071 1842 3142 ejus
1873 3076 1982 3128 est.

335 3145 634 3230 Quomodo
655 3157 1214 3232 ergo,inquit,multi
1239 3176 1352 3214 non
1377 3159 1659 3230 possunt?
1685 3161 1984 3225 Quomodo

334 3264 493 3322 ergo,
526 3246 698 3305 multi
729 3245 955 3314 nolunt,
987 3245 1100 3300 die.
1126 3245 1184 3300 Si
1235 3246 1391 3300 enim
1433 3245 1742 3315 voluerint,
1780 3265 1984 3304 omnes
2013 3225 2056 3292 (ἶ

335 3340 668 3410 potuerunt.
685 3335 925 3406 Propter
954 3332 1060 3387 hoc
1090 3337 1146 3388 et
1169 3332 1384 3388 Paulus
1416 3333 1557 3388 dicit
1591 3351 1602 3388 :
1641 3335 1764 3390 l'olo
1801 3352 1984 3392 omnes

334 3427 582 3486 homines
630 3440 744 3482 esse
787 3424 930 3479 sicut
965 3429 1015 3478 ct
1058 3424 1326 3493 meipsu-m
1351 3423 1396 3491 (Ι
1425 3426 1550 3480 Cor.
1597 3439 1698 3492 vn,
1743 3424 1820 3496 7),
1845 3441 1984 3496 quo-

335 3501 496 3572 niam
527 3513 748 3572 sciebat
793 3511 930 3585 quia
960 3528 1164 3566 omnes
1194 3515 1462 3583 poterant
1491 3529 1618 3567 esse
1649 3512 1803 3568 sicut
1833 3513 1979 3586 ipse.

334 3604 718 3677 Nequaquam
747 3601 901 3658 enim
935 3600 1044 3656 hoc
1071 3599 1307 3669 diceret,
1331 3599 1379 3654 si
1413 3599 1775 3672 impossibile
1804 3606 1978 3658 esset.

333 3692 434 3749 Vis
453 3691 577 3748 ﬁeri
598 3709 612 3760 ;
635 3689 989 3763 principium
1012 3693 1244 3744 tantum
1261 3687 1761 3760 apprehende.Dic
1783 3695 1980 3747 autem

334 3781 504 3848 mihi,
534 3779 592 3836 in
644 3777 869 3836 artibus
917 3776 1166 3844 cunctis,
1201 3794 1336 3832 cum
1381 3776 1739 3834 voluerimus
1789 3779 1846 3834 in
1895 3781 1980 3837 eis

334 3866 574 3942 perfecti
629 3866 776 3933 ﬁeri,
810 3883 924 3920 non
979 3865 1199 3920 sufﬁcit
1247 3865 1416 3921 nobis
1473 3865 1637 3934 velle,
1673 3885 1747 3922 an
1803 3868 1978 3926 etiam

333 3955 711 4032 aggredimur
737 3953 896 4026 ipsas
928 3953 1066 4008 res?
1095 3952 1287 4009 Veluti
1309 3954 1465 4026 quod
1496 3953 1624 4010 dico
1659 3972 1670 4010 :
1705 3955 1844 4012 Vult
1873 3957 1978 4012 ali-

332 4043 467 4117 quis
514 4043 640 4100 ﬁeri
682 4042 1080 4117 gubernator:
1117 4059 1232 4097 non
1282 4041 1424 4098 dicit
1471 4043 1632 4110 Volo,
1665 4049 1724 4100 et
1766 4044 1876 4100 hoc
1927 4046 1980 4102 ei

332 4133 570 4202 sufﬁcit,
600 4133 701 4190 sed
733 4131 909 4188 etiam
942 4148 1064 4187 rem
1097 4130 1288 4203 ipsam
1310 4131 1730 4204 aggreditur."
1736 4132 1823 4188 ult
1853 4135 1976 4190 ﬁeri

332 4222 658 4298 negotiator
688 4238 702 4278 :
737 4237 853 4277 non
885 4220 1028 4276 dicit
1048 4220 1188 4276 Vale
1221 4225 1476 4288 tantum,
1500 4221 1602 4277 sed
1633 4222 1808 4278 etiam
1853 4241 1976 4280 rem

329 4310 668 4386 aggreditur
699 4327 712 4366 :
745 4313 802 4367 et
831 4307 914 4367 sic
945 4308 1220 4366 omnibus
1248 4327 1366 4365 non
1398 4309 1616 4366 sufﬁcit
1652 4310 1798 4367 velle
1847 4316 1975 4368 tan-

330 4404 480 4468 tum,
513 4401 615 4458 sed
645 4400 820 4457 etiam
851 4415 998 4471 opus
1029 4403 1255 4470 oportet
1285 4398 1518 4456 addere.
1545 4399 1608 4454 In
1639 4399 1852 4456 coelum
1881 4419 1979 4456 au-

328 4492 447 4566 tem
475 4486 674 4544 volens
705 4488 1018 4544 ascendere
1048 4486 1190 4542 dicit
1218 4489 1448 4548 tantum
1479 4488 1640 4544 Volo.
1675 4491 1988 4556 Quomodo

2096 581 2377 654 valdeque
2409 583 2760 652 miseranda,
2795 582 2937 638 dicit
2966 599 3122 638 nunc
3169 587 3226 638 et
3257 583 3464 640 decora
3506 599 3574 640 ex
3613 584 3749 656 ejus

2098 669 2492 726 sollicitudine
2521 688 2696 742 quam
2729 671 2800 726 de
2830 670 3169 726 hominibus
3195 671 3448 744 gerit.Et
3477 671 3753 744 quamvis

2097 759 2241 814 illud
2275 758 2600 815 universale
2640 759 2717 815 sit
2765 761 2920 832 quod
2971 759 3169 816 omnia
3195 759 3473 829 continet,
3506 777 3743 816 verum-

2097 851 2291 904 tamen
2326 848 2435 904 boc
2467 849 2651 904 multo
2682 848 2936 920 amplius
2965 853 3055 906 est
3086 846 3431 917 universale,
3467 854 3530 906 ut
3559 866 3744 922 quan-

2099 942 2224 992 tum
2259 937 2314 992 in
2349 938 2477 1009 ipso
2509 941 2596 992 est
2627 953 2831 994 omnes
2847 937 3269 994 credant.Nam
3293 938 3469 994 etiam
3489 936 3754 1002 Joannes.

2097 1025 2258 1092 dicit,
2297 1027 2410 1082 Vita.
2440 1033 2574 1081 erat.
2608 1027 2718 1082 Sed
2751 1031 2808 1082 et
2837 1025 3260 1099 providentiam
3294 1027 3422 1096 ejus
3469 1027 3758 1088 manifes~.

2096 1118 2230 1170 tans
2259 1113 2471 1170 iterum
2503 1115 2664 1186 dicit,
2697 1117 2973 1187 quoniam
3023 1114 3222 1172 lumen
3265 1119 3374 1172 est.
3405 1117 3514 1171 P.r
3543 1117 3744 1188 ipsum,

2095 1201 2307 1275 inquit,
2324 1203 2733 1260 mundationem
2776 1206 2986 1275 [ueiens
3026 1211 3370 1276 peccatorum
3413 1211 3745 1272 nostrorum.

2095 1293 2258 1348 sedet
2286 1291 2346 1347 in
2377 1293 2609 1348 daxtera
2661 1291 2988 1364 majestatis
3037 1293 3098 1347 in
3131 1291 3394 1349 excelsis.
3425 1293 3551 1349 Duo
3582 1309 3741 1366 quie-

2095 1381 2229 1436 dam
2260 1381 2317 1434 in
2351 1380 2458 1435 hoc
2490 1379 2615 1436 loco
2645 1379 2937 1452 signiﬁcat
2984 1381 3227 1453 majora,
3251 1381 3405 1453 quod
3451 1381 3523 1438 de
3569 1380 3742 1442 nobis

2095 1485 2294 1524 curam
2327 1469 2494 1541 gerit,
2527 1469 2613 1524 vel
2645 1470 2800 1540 quod
2842 1474 3078 1541 peccata
3107 1474 3308 1526 nostra
3348 1469 3738 1538 mandaverit,

2094 1562 2151 1613 et
2181 1558 2458 1629 quoniam
2491 1575 2592 1629 per
2621 1557 2882 1630 seipsum
2915 1557 3025 1614 hoc
3054 1575 3202 1630 opus
3226 1557 3570 1631 impleverit.
3593 1559 3662 1618 Et
3683 1559 3754 1636 in,

2095 1643 2299 1702 multis
2326 1646 2469 1702 locis
2502 1647 2758 1702 invenies
2790 1664 2924 1702 eum
2955 1646 3013 1701 in
3047 1646 3155 1702 hoc
3201 1647 3451 1702 maxime
3483 1646 3748 1721 gloriari,

2095 1753 2212 1791 non
2241 1735 2433 1790 solum
2467 1735 2743 1807 quoniam
2777 1735 3035 1792 conversi
3069 1751 3277 1791 sumus
3307 1735 3380 1790 ad
3411 1735 3618 1802 Deum,
3641 1737 3746 1794 sed

2093 1825 2269 1881 etiam
2294 1824 2349 1878 in
2383 1842 2448 1880 eo
2469 1825 2621 1896 quod
2647 1842 2749 1896 per
2770 1824 2980 1880 Filium
3013 1825 3186 1882 fuerit
3215 1824 3371 1880 istud
3395 1824 3684 1882 etfectum.
3715 1848 3746 1875 ιι

2161 1915 2230 1969 Et
2261 1913 2400 1968 item
2435 1930 2448 1968 :
2485 1937 2511 1962 ‹‹
2544 1912 2777 1968 Nullam
2811 1919 3006 1970 autem
3038 1913 3499 1970 imbecillitatem
3522 1912 3748 1986 aliquid

2093 2003 2343 2058 arbitror
2368 2019 2434 2057 eo
2456 2003 2610 2074 quod
2635 2002 2780 2058 dixit
2804 2003 3030 2058 Patrem
3054 2001 3500 2076 iudignaturum
3522 2019 3628 2076 pro
3649 2002 3748 2062 his

2093 2109 2219 2163 qua:
2265 2091 2439 2146 fuerit
2487 2090 2729 2162 indigna
2779 2107 3112 2163 perpessus.
3147 2091 3265 2147 Hoc
3314 2089 3502 2164 magis
3545 2091 3747 2150 multa:

2094 2180 2278 2235 Patris
2299 2180 2452 2235 circa
2476 2179 2688 2235 Filium
2710 2178 3038 2236 dilectionis
3055 2183 3112 2236 et
3132 2178 3370 2236 honoris
3391 2178 3747 2238 ostenditur.

2094 2269 2200 2335 Qui
2231 2269 2388 2324 enim
2435 2267 2780 2340 indignatur
2826 2285 2929 2340 pro
2980 2285 3066 2337 eo,
3100 2267 3394 2339 quomodo
3435 2273 3750 2328 extraneos

2095 2359 2166 2413 ab
2199 2357 2296 2413 illo
2328 2374 2454 2412 esse
2485 2357 2838 2428 conjicitur?
2869 2357 3032 2422 Quod
3061 2355 3237 2414 etiam
3268 2357 3328 2412 in
3373 2356 3487 2414 alio
3531 2357 3754 2416 dicitur

2094 2445 2320 2518 psalmo
2359 2463 2370 2500 :
2405 2447 2521 2518 Qui
2548 2447 2756 2501 habitat
2785 2448 2844 2501 in
2873 2447 3022 2502 cadis
3054 2446 3310 2503 irridebit
3335 2463 3443 2515 eos,
3469 2453 3521 2504 et
3554 2446 3750 2504 Demi-

2092 2551 2198 2590 nus
2227 2535 2588 2590 subsannabit
2615 2551 2722 2590 cos.
2753 2536 2896 2590 Tunc
2925 2535 3172 2607 loquetur
3199 2533 3270 2589 ad
3297 2551 3386 2592 eos
3417 2535 3473 2590 in
3505 2536 3590 2590 ira
3618 2549 3747 2602 sua,

2093 2632 2144 2679 ct
2169 2625 2228 2678 in
2260 2626 2448 2694 furore
2493 2640 2594 2678 suo
2639 2624 2988 2679 conturbabit
3030 2640 3118 2681 eos
3172 2624 3342 2696 (Psal.
3393 2641 3455 2692 ιι,
3487 2625 3562 2693 4).
3598 2645 3626 2672 n
3673 2623 3752 2681 Et

2097 2713 2306 2780 iterum
2356 2711 2480 2784 ipse
2529 2712 2674 2767 dixit
2707 2729 2720 2767 :
2753 2736 2782 2762 ‹‹
2812 2714 2923 2769 Eos
2971 2717 3166 2770 autem
3211 2713 3314 2786 qui
3363 2730 3459 2771 me
3503 2713 3616 2772 sibi
3654 2730 3752 2772 re-

2095 2819 2274 2876 gnare
2305 2801 2638 2869 noluerunt,
2672 2801 2943 2858 adducite
2974 2802 3034 2858 in
3062 2807 3379 2874 conspectu
3410 2819 3538 2860 meo
3567 2806 3624 2859 et
3653 2801 3752 2859 in-

2094 2890 2366 2947 terimite.
2401 2890 2546 2958 Quia
2573 2907 2703 2946 vere
2733 2891 2862 2962 ejus
2893 2895 3032 2947 sunt
3062 2891 3184 2947 haec
3212 2891 3408 2959 verba,
3433 2891 3568 2947 audi
3601 2891 3750 2963 quid

2096 2978 2251 3035 dicat
2281 2983 2337 3034 et
2367 2979 2426 3034 in
2452 2978 2564 3034 alio
2584 2978 2709 3034 loco
2743 2995 2755 3032 :
2791 2979 3005 3047 Quoties
3035 2979 3186 3036 volui
3227 2995 3556 3052 congregare
3599 2979 3750 3051 ﬁlios

2094 3077 2210 3125 tuos
2235 3076 2284 3124 ct
2311 3068 2574 3124 noluisti?
2602 3069 2732 3123 Ecce
2766 3069 3110 3140 relinquetur
3137 3069 3287 3125 vobis
3333 3067 3524 3125 domus
3567 3076 3752 3126 vestra

2093 3157 2300 3213 deserta
2334 3158 2482 3228 (Luc.
2506 3174 2628 3223 xm,
2662 3158 2774 3226 34).
2809 3159 2878 3213 Et
2908 3158 3120 3214 iterum
3154 3174 3168 3213 :
3201 3157 3492 3229 Auferetur
3531 3174 3566 3214 a
3592 3158 3752 3215 vobis

2094 3263 2325 3314 regnum
2347 3246 2462 3312 Dci,
2495 3253 2547 3300 et
2573 3245 2795 3300 dabitur
2821 3248 2972 3314 genti
3016 3247 3246 3316 facienti
3286 3247 3499 3316 [mtas
3540 3247 3680 3318 ejus.
3721 3269 3746 3297 ι

2093 3334 2162 3388 Et
2193 3334 2330 3388 item
2366 3350 2378 3388 :
2407 3357 2434 3383 (ι
2463 3334 2523 3388 In
2556 3333 2664 3390 hoc
2695 3334 2994 3390 cernimur
3023 3333 3247 3390 similes
3267 3334 3405 3404 Deo,
3425 3334 3475 3392 si
3499 3339 3752 3394 cunctos

2093 3421 2448 3491 amabimus,
2473 3421 2790 3495 diligamus
2821 3421 2996 3496 etiam
3027 3423 3298 3480 inimicos
3328 3428 3560 3480 nostros
3583 3439 3596 3478 :
3623 3440 3746 3480 non

2093 3515 2290 3566 autem
2334 3511 2383 3566 si
2431 3511 2601 3585 signa
2649 3511 2739 3568 vel
2791 3511 3076 3568 miracula
3126 3513 3458 3569 fecerimus.
3487 3512 3638 3568 Nam
3687 3517 3750 3570 et

2091 3598 2276 3655 Deum
2307 3599 2502 3671 ipsum
2533 3600 2899 3656 admiramur
2925 3600 3164 3673 quidem
3194 3599 3478 3657 miracula
3530 3601 3748 3658 facien-

2089 3691 2231 3754 tem,
2263 3689 2362 3744 sed
2396 3687 2648 3760 amplius
2697 3689 3060 3744 admiramur
3107 3689 3484 3745 miserantem
3521 3693 3580 3745 et
3609 3688 3746 3746 lon-

2089 3777 2404 3849 ganimiter
2451 3777 2860 3833 sustinentem.
2908 3777 2968 3834 Si
3015 3777 3198 3852 igitur
3248 3783 3306 3833 et
3353 3778 3414 3834 in
3464 3777 3591 3851 ipso
3621 3777 3746 3836 Deo

2089 3863 2234 3920 illud
2263 3865 2518 3938 amplius
2566 3864 2998 3935 admirandum,
3033 3869 3254 3938 quanto
3297 3863 3486 3938 magis
3533 3865 3594 3921 in
3633 3864 3746 3923 ho-

2090 3952 2284 4009 mine?
2318 3976 2345 4002 n
3089 3951 3104 3957 ’

2159 4042 2228 4096 Et
2253 4041 2396 4097 itam
2431 4059 2443 4097 :
2481 4043 2582 4098 «Si
2614 4043 2768 4098 enim
2794 4047 2987 4116 patres
3017 4042 3442 4114 vestri,inquit,
3457 4043 3598 4114 quia
3620 4059 3747 4100 non

2087 4133 2466 4202 speraverant
2483 4130 2636 4186 sicut
2651 4131 2955 4202 oportebat
2977 4147 3230 4204 sperare,
3249 4131 3370 4187 hinc
3390 4129 3552 4204 passi
3572 4135 3742 4202 sunt,

2087 4218 2274 4275 multo
2301 4218 2556 4290 amplius
2575 4237 2694 4276 vos.
2713 4221 2798 4276 Ad
2829 4219 2961 4276 illos
2995 4219 3154 4276 enim
3184 4219 3294 4276 iste
3333 4236 3525 4277 sermo
3549 4220 3748 4278 factus

2086 4312 2191 4364 est.
2212 4307 2390 4364 Ilodie
2411 4325 2686 4380 namque,
2701 4309 2910 4380 inquit,
2927 4325 3157 4382 semper
3176 4311 3265 4365 est
3285 4309 3468 4364 donec
3505 4311 3750 4366 constet

2086 4397 2367 4453 mundus.
2401 4397 2714 4469 Peopterea
2744 4397 3130 4457 consolamini
3158 4415 3259 4455 vos
3290 4397 3456 4470 ipsos
3481 4413 3586 4470 per
3613 4397 3746 4454 sin-

2085 4485 2254 4559 gulos
2285 4485 2409 4542 dies
2441 4503 2746 4559 usquequo
2773 4491 3014 4544 vocatur
3042 4486 3217 4544 hodie
3249 4503 3263 4543 :
3297 4486 3408 4542 hoc
3438 4485 3747 4554 est,zediti-

330 4591 466 4648 ergo
497 4575 750 4644 dicebas,
783 4577 995 4648 inquit,
1027 4575 1166 4647 quia
1192 4575 1338 4632 velle
1389 4576 1644 4632 sufﬁcit?
1683 4579 1795 4634 Sed
1833 4579 1977 4635 velle
2003 4591 2052 4657 D
2085 4579 2212 4632 cate
2259 4573 2528 4642 invicem,
2561 4576 2833 4648 corrigite
2877 4593 2978 4632 vos
3031 4575 3210 4647 ipsos,
3263 4591 3337 4630 ne
3393 4574 3756 4646 contingant.

329 4679 467 4720 cum
498 4679 672 4736 opera
701 4664 1165 4736 apprehendens,
1197 4664 1373 4720 etiam
1405 4680 1528 4720 rem
1569 4683 1704 4721 cum
1754 4666 1972 4724 labore.

329 4751 625 4808 Habemus
647 4751 860 4823 quippe
881 4758 1316 4823 cooperatorem
1337 4757 1392 4808 et
1415 4754 1506 4824 adj
1520 4758 1741 4810 utorem
1765 4756 1972 4812 Deum.

327 4839 586 4897 Tantum
605 4856 730 4901 rem
747 4856 1146 4912 assumamus,
1165 4846 1397 4898 tantum
1420 4840 1597 4898 veluti
1629 4843 1702 4898 ad
1723 4861 1870 4916 opus
1888 4861 1978 4900 ac-

327 4929 606 4987 cedamus
627 4929 700 4985 ad
729 4944 874 4997 rem,
906 4933 1134 4986 tantum
1183 4947 1386 4986 curam
1416 4947 1711 5003 geramus,
1743 4937 1974 4989 tantum

325 5018 611 5084 iumenta
653 5035 964 5092 ponamus,
999 5023 1056 5075 et
1100 5024 1312 5076 cuncta
1355 5025 1695 5092 sequentur.
1730 5020 1791 5076 Si
1840 5039 1972 5078 vero

324 5109 833 5178 dormierimus,et
865 5112 1176 5164 stertentes
1199 5126 1502 5181 speremus
1532 5108 1748 5165 intrare
1776 5109 1836 5164 in
1869 5126 1975 5167 coe-

323 5197 471 5268 lum,
486 5199 718 5272 quando
768 5198 1090 5270 poterimus
1119 5197 1516 5254 haereditatem
1557 5198 1835 5254 caelorum
1867 5217 1970 5272 ap-

322 5286 720 5360 prehendere?
751 5285 1164 5342 Desideremus
1196 5287 1350 5341 1’36
1381 5301 1517 5357 ergo
1549 5285 1690 5352 haec,
1707 5285 1968 5352 obsecro,

323 5374 744 5432 desideremus.
779 5375 927 5440 Quid
961 5373 1160 5430 omnia
1189 5374 1261 5428 ad
1295 5378 1636 5444 praesentem
1667 5373 1845 5428 vitam
1878 5391 1974 5430 ne-

321 5461 764 5536 gotiamur,qua:
783 5463 1037 5519 crastina
1054 5461 1527 5532 derelinqnemus
1539 5462 1566 5516 ?
1581 5463 1970 5518 Assnmamus

321 5547 504 5621 igitur
523 5550 819 5622 virtutem,
835 5569 961 5625 qua:
988 5549 1238 5608 nobisin
1259 5553 1608 5622 perpetuum
1631 5551 1966 5618 sufﬁciet,in

323 5652 440 5717 quo.
469 5637 688 5698 erimus
717 5657 946 5716 semper
974 5645 1031 5700 et
1059 5638 1292 5699 aeternis
1322 5638 1492 5696 bonis
1521 5638 1804 5698 fruemur.
1839 5661 1867 5690 »
1899 5638 1970 5696 Et

2083 4664 2249 4720 vobis
2280 4663 2518 4732 similia,
2553 4681 2623 4720 ne
2655 4664 2976 4720 obduretur
3003 4663 3319 4736 quisquam
3351 4679 3422 4718 ex
3447 4661 3614 4718 vobis
3646 4663 3750 4719 de-

2084 4753 2335 4824 cipiente
2364 4752 2903 4823 peecato.Attendis
2929 4753 3069 4826 quia
3095 4750 3411 4808 inﬁdelitas
3429 4755 3746 4823 peceatum

2085 4840 2266 4896 facit?
2295 4841 2459 4896 Sicut
2487 4839 2642 4896 enim
2673 4840 2987 4897 inﬁdelitas
3021 4839 3342 4913 malignam
3368 4839 3550 4894 vitam
3591 4855 3748 4912 pro-

2083 4933 2261 5000 creat,
2277 4928 2359 4984 sic
2391 4928 2568 4985 etiam
2599 4929 2796 4984 anima
2816 4929 3052 5002 quando
3083 4929 3141 4984 in
3174 4927 3532 5000 profundum
3556 4927 3749 4989 malo-

2083 5035 2215 5072 rum
2245 5017 2468 5073 venerit
2495 5016 3245 5084 coutemnit,‘contemnens
3294 5021 3490 5072 autem
3541 5031 3748 5088 neque

2083 5108 2317 5163 credere
2343 5106 2564 5179 patitur
2588 5111 2654 5161 ut
2677 5124 2740 5162 se
2769 5107 2979 5163 timore
3006 5106 3233 5162 liberet.
3251 5104 3408 5162 Dixit
3453 5119 3745 5176 namque,

2078 5195 2290 5268 inquit,
2323 5195 2441 5250 Non
2477 5195 2680 5250 videbit
2721 5196 3006 5262 Dominus,
3039 5211 3213 5268 neque
3259 5193 3528 5262 intelliget
3555 5192 3745 5265 (Ρωι.

2077 5302 2234 5352 xcm,
2265 5285 2342 5356 7).
2393 5306 2422 5334 »
2483 5284 2553 5338 Et
2609 5282 2747 5338 item
2782 5300 2794 5338 :
2833 5306 2867 5338 «ι
2903 5283 3152 5349 Quidam
3210 5281 3368 5338 enim
3425 5279 3748 5340 audientes

2079 5372 2560 5440 amaricaverunt,
2611 5373 2710 5426 sed
2771 5389 2885 5427 non
2943 5389 3147 5429 omnes
3205 5369 3308 5444 qui
3362 5371 3509 5426 I77
3575 5369 3748 5428 exie-

2080 5465 2217 5517 runt
2245 5478 2314 5516 ex
2367 5461 2606 5534 [Egypto
2656 5476 2759 5532 per
2800 5460 3079 5533 Moysem.
3110 5459 3334 5528 Quibus
3365 5462 3562 5515 autem
3612 5457 3748 5516 ira-

2077 5553 2174 5606 tus
2221 5553 2309 5605 est
2351 5549 2740 5622 quadraginta
2794 5549 3007 5606 annis?
3050 5565 3243 5607 nonne
3298 5545 3744 5620 peccatoribus,

2079 5653 2330 5716 quorum
2388 5637 2652 5696 membra
2703 5638 3039 5698 ceciderunt
3091 5638 3152 5696 in
3209 5633 3448 5696 eremo?
3501 5634 3753 5705 Quibus
