3970 6182
236 346 357 423 241⁷

943 359 1047 421 nn
1089 358 1855 421 PREDESTINATIONE
1896 339 2421 421 DiSSERTA'I‘IO
2469 362 2927 424 ros'rnmon.

3531 363 3649 425 242

236 499 433 551 autem
447 491 675 566 jurnvit
696 492 836 565 quia
856 508 970 548 non
996 491 1211 548 intrent
1236 492 1294 547 in
1317 492 1577 565 requiem
1600 494 1752 564 ejus,
1776 489 1889 547 nisi
1916 488 1971 557 Α
2002 490 2275 559 stiterint,
2311 496 2447 548 tunc
2484 494 2609 564 jam
2643 494 2911 549 convenit
2940 493 3257 568 increpare,
3293 512 3365 554 ne
3416 496 3463 553 si
3515 492 3650 556 ante

236 582 578 640 infidelibus
598 582 627 638 ?
655 585 714 638 et
740 582 1008 638 videmus
1042 580 1178 653 quia
1221 598 1337 636 non
1369 586 1636 653 poterant
1673 582 1890 636 intrare

235 690 342 748 per
361 670 828 745 infidelitatem.»
849 672 920 726 Et
940 669 1112 743 paulo
1136 674 1266 741 post
1291 688 1339 724 ;‹‹
1365 672 1622 735 Quorum
1645 670 1890 725 obdura-

237 766 435 818 torum
467 760 827 815 mentionem
860 759 1015 827 facit,
1050 748 1243 813 nonne
1266 758 1643 814 Judmorum?
1664 781 1690 808 ›)
1727 757 1890 823 Quod

234 853 436 906 autem
468 848 629 915 dicit,
651 847 765 904 tale
796 851 885 903 est
907 864 956 901 :«
980 847 1306 903 Audierant
1340 851 1397 901 et
1434 845 1538 913 illi,
1563 847 1780 918 inquit,
1808 848 1891 901 si-

235 942 337 995 cut
367 942 433 993 ut
462 942 520 993 et
538 954 646 992 nos
668 936 1021 1000 audivimus,
1046 935 1146 990 sed
1175 934 1320 989 nihil
1355 934 1573 1006 profuit
1603 935 1740 990 illis.
1765 938 1888 991 Non

235 1044 377 1101 ergo
407 1026 625 1099 putetis
658 1025 797 1097 quia
827 1042 894 1080 ex
933 1024 1136 1080 auditu
1184 1028 1414 1079 tantum
1463 1025 1892 1096 prmdicationis

229 1115 543 1197 juvamini,
571 1113 709 1187 quia
740 1118 797 1168 et
828 1112 911 1168 illi
945 1112 1275 1180 audierunt,
1307 1113 1407 1168 sed
1438 1113 1585 1167 nihil
1619 1114 1892 1172 utilitatis

237 1202 803 1275 habuere,quoniam
828 1219 945 1257 non
969 1201 1359 1256 crediderunt.
1381 1200 1594 1274 Caleph
1618 1207 1813 1258 autem
1836 1208 1893 1258 ct

235 1293 437 1359 Jesus,
451 1292 591 1365 quia
609 1309 727 1348 non
748 1292 1170 1347 consenserunt
1189 1289 1545 1358 infidelibus,
1562 1292 1893 1363 eti‘ugerunt

238 1398 476 1457 pmnam
496 1397 619 1454 quae
639 1379 759 1436 illis
778 1379 940 1435 illata
962 1382 1068 1434 est.
1093 1379 1163 1433 Et
1192 1378 1413 1450 inspice
1444 1396 1620 1451 quam
1652 1380 1891 1435 mirabi-

235 1470 393 1527 liter.
415 1470 541 1526 Non
573 1469 719 1524 dixit
749 1486 867 1523 non
898 1472 1339 1532 consenserunt,
1367 1468 1465 1522 sed
1494 1486 1607 1522 non
1635 1473 1890 1523 contem-

236 1558 425 1633 perati
448 1557 731 1624 sunt,hoc
756 1560 846 1612 est
875 1556 1000 1611 sine
1023 1554 1309 1611 seditione
1330 1556 1754 1622 dissenserunt,
1777 1556 1894 1612 illis

238 1646 519 1705 omnibus
550 1661 729 1700 unam
762 1648 935 1716 atque
958 1644 1226 1699 eamdem
1260 1645 1608 1699 sententiam
1631 1643 1893 1699 habenti-

236 1734 412 1792 bus.»
439 1735 513 1790 Et
541 1733 682 1789 item
706 1750 719 1788 :
748 1733 814 1788 In
842 1732 931 1787 die
959 1749 1062 1804 qua
1094 1732 1429 1803 apprehendi
1456 1744 1678 1789 menum
1706 1750 1895 1789 eorum

1997 582 2250 637 volucris
2281 600 2544 655 arguere,
2566 584 2961 654 impudendos
2991 588 3049 639 et
3079 590 3373 656 protervos
3404 587 3644 645 efficias.

2001 671 2165 727 Sicut
2196 672 2370 726 etiam
2405 673 2632 744 Moyses
2664 672 2799 727 fecit
2830 671 2983 726 circa
3002 673 3337 730 Zambrium
3369 680 3427 731 et
3454 677 3651 734 Casbi-

1998 760 2201 815 tidem.
2227 763 2579 829 Pa’nz'lentim,
2611 760 2823 833 inquit,
2853 762 3029 816 locum
3058 778 3167 817 non
3199 764 3423 819 invenit.
3456 765 3650 824 Potest
3724 830 3729 833 7

1999 854 2057 906 et
2088 850 2257 905 aliter
2287 851 2554 923 intelligi,
2581 852 2721 921 quia
2752 853 3053 922 peccatum
3087 852 3426 923 poenitentia
3456 855 3649 924 maius

2000 938 2257 993 admisit.
2284 941 2433 1011 Sunt
2463 940 2619 994 enim
2658 948 2896 1012 peccata
2935 941 3338 1012 paenitentiam
3370 959 3648 1016 superan-

1999 1027 2082 1082 tia
2108 1044 2119 1080 :
2144 1026 2317 1082 veluti
2351 1028 2400 1083 si
2432 1028 2683 1083 diceret:
2710 1030 2833 1084 Non
2859 1031 3139 1084 cadamus
3172 1031 3230 1086 in
3262 1030 3650 1091 insanabilem

2002 1116 2254 1171 ruinam.
2278 1117 2430 1171 Dum
2463 1117 2618 1172 enim
2644 1118 2934 1172 claudicat
2953 1118 3242 1190 quisquis,
3269 1118 3437 1176 facile
3462 1125 3653 1193 potest

2002 1209 2196 1260 rectus
2219 1205 2303 1267 vel
2337 1223 2517 1261 sanus
2549 1207 2696 1261 eftici
2726 1223 2739 1259 ε
2766 1207 2813 1261 si
2837 1224 2969 1261 vero
3001 1207 3233 1279 penitus
3255 1209 3647 1281 subvertatur,

2002 1294 2142 1365 quid
2168 1294 2455 1349 ulterius?
2480 1295 2725 1350 Proinde
2749 1296 2998 1350 necdum
3022 1297 3202 1369 lapsis
3226 1298 3346 1354 haec
3367 1299 3648 1372 loquitur,

2002 1387 2067 1438 ut
2095 1400 2191 1437 eos
2223 1383 2429 1438 timore
2451 1383 2821 1455 deprimeret.
2844 1384 3037 1440 Veluti
3062 1387 3110 1441 si
3133 1386 3368 1457 diceret,
3390 1389 3529 1462 quia
3548 1390 3652 1463 qui

2003 1472 2211 1527 cecidit
2233 1472 2455 1527 nullam
2480 1471 2935 1528 consolationem
2961 1476 3165 1529 mereri
3183 1478 3310 1547 jam
3334 1478 3563 1550 poterit.
3582 1478 3653 1536 Et

2001 1561 2097 1615 hic
2128 1561 2363 1631 quidem
2397 1561 2541 1616 istos
2572 1579 2643 1616 ne
2676 1562 2948 1617 caderent
2978 1563 3147 1619 aliter
3177 1566 3529 1623 admonebat
3551 1586 3563 1624 :
3589 1567 3649 1624 in

2003 1648 2115 1704 alio
2146 1667 2278 1704 vero
2310 1649 2434 1704 loco
2467 1651 2565 1705 ubi
2602 1651 2718 1720 iam
2753 1650 2837 1705 eis
2868 1651 2965 1721 qui
2998 1651 3335 1709 cediderant
3367 1654 3650 1727 loquitur,

2004 1754 2075 1792 ne
2120 1736 2178 1791 in
2229 1737 2693 1810 desperationem
2743 1739 3093 1807 deciderent,
3129 1741 3418 1797 contraria
3463 1742 3650 1803 dicit:

237 1833 301 1881 πε
324 1823 611 1882 educerem
636 1838 724 1878 eos
752 1822 817 1877 de
860 1829 1006 1876 terra,
1034 1822 1271 1892 ngypli,
1293 1829 1343 1876 et
1388 1823 1496 1892 ipsi
1534 1838 1643 1877 non
1681 1840 1893 1879 manse-
1927 1838 1975 1919 Β
2004 1828 2193 1883 Filioli
2219 1829 2347 1891 mei,
2382 1826 2593 1898 inquit,
2628 1844 2757 1900 quos
2791 1830 2988 1883 iterum
3012 1831 3263 1899 periurio
3292 1830 3459 1886 donec
3486 1835 3661 1906 refor-

238 1921 375 1970 runt
400 1914 463 1968 in
494 1915 805 1968 testamento
850 1925 989 1976 meo,
1021 1917 1073 1964 et
1099 1925 1192 1979 ego
1236 1910 1453 1979 neglexi
1476 1926 1583 1977 eos,
1617 1911 1752 1966 dicit
1796 1913 1897 1967 Do-

238 2006 429 2060 minus
461 2002 597 2069 (Jer.
618 2017 770 2065 xxxr,
802 1998 913 2071 3'2).
935 2022 961 2048 «
998 1998 1228 2054 Intuere
1259 2016 1291 2053 a
1320 1999 1489 2053 nobis
1520 2000 1778 2071 primum
1814 2000 1898 2054 in-

240 2094 438 2165 cipere
468 2088 648 2145 mala.
672 2089 813 2160 Ipsi,
845 2087 1056 2160 inquit,
1080 2087 1256 2160 primi
1288 2104 1401 2142 non
1434 2094 1797 2144 manserunt.
1822 2090 1903 2144 Ex

240 2180 419 2239 nobis
450 2182 543 2236 est
572 2177 945 2250 negligentia.
974 2200 1001 2226 ››

316 2270 391 2324 Et
441 2268 634 2324 item:
671 2267 987 2322 Prudentia
1044 2271 1239 2322 autem
1272 2266 1465 2321 carnis
1526 2267 1764 2323 inimica
1818 2271 1906 2323 est

248 2357 309 2414 in
355 2356 568 2424 Deum,
602 2354 716 2428 legi
764 2359 961 2410 autem
1020 2355 1119 2411 Dei
1177 2372 1289 2410 non
1350 2355 1682 2427 subjicitur,
1718 2373 1906 2428 neque

251 2450 467 2521 potest.
493 2469 523 2494 «
557 2443 705 2511 Quid
751 2461 909 2517 ergo,
940 2443 1151 2516 inquit,
1186 2462 1299 2499 non
1347 2445 1455 2499 hoc
1504 2450 1592 2500 est
1640 2444 1909 2499 crimen?

252 2536 321 2592 Et
349 2534 522 2590 valde
569 2533 808 2605 quidem
856 2532 1075 2588 crimen
1106 2536 1213 2587 est.
1249 2532 1437 2587 Malus
1483 2533 1639 2588 enim
1693 2550 1906 2605 usque-

254 2642 368 2698 quo
400 2627 494 2679 est
524 2621 718 2677 malus
749 2638 863 2676 non
911 2620 1222 2690 subjicitur
1259 2620 1517 2691 quidem,
1558 2621 1772 2675 mutari
1807 2639 1908 2676 au-

251 2718 373 2769 tem
402 2716 463 2767 et.
493 2711 618 2766 fieri
655 2712 845 2765 bonus
890 2714 1101 2782 potest.
1135 2710 1496 2779 Abjiciamus
1526 2711 1706 2783 igitur
1736 2711 1911 2766 intel-

253 2800 535 2875 ligentias
564 2797 851 2855 carnales.
876 2800 1009 2864 Qua:
1042 2802 1180 2852 sunt
1207 2802 1404 2853 autem
1437 2799 1732 2854 carnalia?
1764 2817 1913 2871 qua:-

258 2907 493 2963 cnnque
524 2905 739 2961 corpus
772 2888 975 2943 ﬂorere
1004 2886 1245 2953 faciunt,
1280 2891 1336 2942 et
1368 2887 1672 2955 luxuriari,
1706 2888 1915 2943 vitiant

255 2984 451 3036 autem
485 2977 809 3033 animam.»
838 2977 1066 3032 Ponunt
1091 2981 1286 3032 autem
1311 2977 1550 3049 quidam
1583 2977 1913 3050 exemplum

253 3066 516 3141 Apostoli
551 3066 801 3121 dicentis
841 3066 909 3119 de
948 3066 1101 3120 Esau
1136 3083 1148 3120 :
1182 3067 1298 3122 Non
1326 3068 1474 3121 enim
1506 3068 1717 3122 invenit
1743 3069 1914 3138 ρωπί-

254 3158 441 3214 ωηεω
466 3156 672 3218 locum,
704 3156 951 3226 quamvis
988 3171 1108 3209 eam
1149 3171 1271 3209 cum
1309 3156 1569 3227 lacrymis
1602 3157 1917 3227 inquisisset

2007 1925 2186 1973 metur
2224 1917 2470 1972 Chrislus
2530 1918 2589 1970 in
2648 1916 2796 1971 vobis
2830 1912 2969 1986 (Gal.
3004 1935 3081 1987 ιν,
3116 1918 3223 1988 19).
3250 1918 3473 1984 Quibus
3520 1921 3662 1977 alibi

2011 2005 2277 2061 diccbat:
2312 2005 2416 2072 Qui
2464 2007 2519 2058 in
2554 2004 2665 2074 lege
2683 2006 3074 2075 justiﬁannini
3101 2023 3135 2059 (ι
3162 2008 3339 2075 gratia
3385 2002 3666 2066 excidislis

2013 2094 2152 2167 (Gal.
2176 2113 2231 2159 v,
2268 2093 2341 2164 4),
2375 2094 2519 2148 Ecce
2568 2093 2691 2163 ipse
2726 2096 2973 2149 testatur
3004 2093 3142 2165 quia
3186 2092 3534 2152 ceciderant.
3557 2093 3666 2164 Qui

2014 2200 2150 2255 ergo
2179 2186 2295 2238 stat
2316 2186 2371 2236 et
2391 2181 2861 2251 audit,quoniam
2885 2180 2987 2253 qui
3009 2182 3284 2237 ceciderit
3300 2182 3529 2240 veniam
3552 2202 3668 2245 non

2013 2272 2166 2327 valet
2198 2272 2533 2343 impetrare,
2564 2268 2815 2323 validius
2849 2270 3027 2323 stabit
3069 2273 3127 2324 et
3166 2270 3415 2327 cautius.
3447 2270 3506 2328 Si
3537 2289 3670 2330 vero

2018 2366 2072 2416 et
2107 2362 2261 2415 circa
2281 2377 2413 2415 eum
2440 2358 2538 2430 qui
2570 2357 2780 2413 cecidit
2802 2357 2981 2413 simili
3007 2358 3262 2414 volueris
3283 2358 3672 2429 vehementia,

2018 2451 2087 2505 ad
2122 2450 2180 2503 id
2205 2447 2487 2519 redigitur
2510 2451 2573 2501 ut
2600 2463 2905 2517 nunquam
2940 2446 3121 2519 possit
3154 2464 3478 2521 assurgere.
3506 2434 3673 2516 Quali

2019 2538 2174 2593 enim
2208 2554 2308 2609 spe
2331 2535 2764 2591 conversionem
2789 2534 2874 2589 vel
2914 2534 3117 2607 quales
3143 2535 3368 2593 fructus
3390 2535 3673 2611 suscipit?

2019 2628 2144 2682 Non
2171 2625 2382 2692 solum,
2407 2623 2618 2696 inquit,
2645 2623 2934 2695 lacrymas
2960 2624 3127 2690 fudit,
3152 2626 3253 2680 sed
3277 2625 3455 2681 etiam
3480 2624 3674 2699 exqui-

2021 2715 2173 2769 sivit.
2207 2715 2278 2768 Et
2320 2713 2548 2767 videtur
2586 2711 2825 2783 quidem
2867 2712 3171 2769 excludere
3218 2713 3623 2786 paenitentiam
3655 2729 3670 2770 :

2022 2804 2125 2859 sed
2154 2802 2442 2857 cautiores
2472 2817 2571 2855 eos
2594 2805 2649 2855 et
2681 2800 3109 2856 muneratiores
3142 2802 3349 2870 reddit,
3376 2820 3447 2860 ne
3479 2803 3675 2859 feran-

2024 2896 2120 2947 tur
2150 2907 2252 2962 pro
2282 2889 2555 2943 omnibus
2596 2888 2666 2943 ad
2720 2887 2972 2942 ruinam.
3000 2889 3447 2962 Quanticunque
3494 2890 3677 2964 igitur

2024 2998 2141 3036 non
2174 2978 2420 3034 credunt
2449 2993 2575 3031 esse
2596 2976 2944 3048 gehennam,
2979 2977 3099 3030 haec
3133 2977 3190 3031 in
3226 2983 3481 3033 mentem
3513 2995 3675 3036 revo-

2025 3073 2158 3124 cent
2192 3084 2204 3121 :
2239 3071 2294 3121 et
2338 3069 2626 3136 quotquot
2665 3064 3007 3119 existimant
3047 3064 3340 3136 impunita
3378 3066 3679 3124 remanere

2027 3160 2284 3230 peccata,
2318 3155 2438 3209 hzcc
2471 3153 2905 3209 considerantes
2938 3154 3245 3209 attendant
3275 3171 3380 3210 cur
3409 3152 3563 3212 Esau
3591 3172 3681 3213 ve-

256 3247 435 3319 (Hebr.
467 3261 574 3312 χιι,
602 3244 711 3315 17),
742 3242 1005 3298 volentes
1055 3244 1360 3298 ostendere
1409 3244 1548 3315 quia
1596 3262 1710 3298 non
1759 3244 1912 3299 Deus
1947 3219 1990 3287 (ἶ
2031 3245 2187 3300 niam
2223 3261 2336 3299 non
2368 3241 2557 3314 potuit
2587 3240 2851 3312 adipisci,
2882 3242 3022 3312 quia
3050 3241 3318 3299 videlicet
3349 3260 3465 3299 non
3497 3238 3679 3325 pugni;-

258 3351 460 3392 omnes
493 3332 690 3387 salvos
709 3330 833 3385 vult
862 3330 1009 3400 ﬁeri,
1037 3331 1267 3386 etiamsi
1288 3331 1467 3386 velint
1497 3332 1726 3387 salvari.
1752 3333 1913 3387 Unde

256 3423 365 3478 iste
396 3423 609 3477 doctor
637 3418 699 3473 in
732 3418 839 3473 hoc
870 3420 1074 3474 eodem
1106 3418 1253 3474 libro
1286 3420 1427 3474 dicit
1457 3437 1504 3475 ;‹‹
1532 3420 1677 3485 Quid
1710 3421 1805 3475 hic
1838 3419 1917 3475 di-

258 3509 486 3566 cimus?
516 3509 677 3564 Num
710 3506 1112 3579 pmnitentiam
1138 3506 1351 3561 Paulus
1374 3508 1670 3563 excludit?
1696 3510 1919 3580 Nequa-

260 3595 785 3672 quam.Quomodo
817 3610 952 3666 ergo
982 3594 1141 3662 dicit,
1168 3595 1321 3666 quod
1356 3613 1469 3650 non
1503 3595 1774 3651 invenirit
1796 3614 1919 3669 pa:-

260 3686 517 3744 nitentize
549 3682 794 3739 locum?
824 3682 882 3737 Si
932 3683 1089 3738 enim
1136 3682 1390 3754 culpavit
1431 3685 1836 3755 semetipsum,
1871 3685 1919 3741 si

259 3774 587 3849 gemitibus
616 3770 850 3845 magnis
879 3770 1187 3844 ingemuit,
1215 3789 1319 3827 cur
1346 3772 1699 3843 pocnitentim
1726 3773 1920 3829 locum

261 3864 519 3921 invenire
553 3878 673 3916 non
708 3860 961 3915 meruit?
991 3861 1277 3925 Quoniam
1302 3877 1417 3915 non
1439 3866 1562 3916 erat
1586 3862 1924 3935 poenitentia

263 3950 377 4029 illa.
401 3952 577 4007 Sicut
600 3952 662 4021 et
692 3947 934 4003 tristitia
961 3947 1100 4002 Cain
1134 3965 1249 4003 non
1283 3965 1351 4003 ex
1382 3948 1662 4019 patientia
1692 3950 1925 4004 descen-

268 4041 457 4105 debat,
483 4038 647 4110 quod
699 4036 889 4091 occiso
940 4036 1134 4090 fratris
1178 4036 1408 4107 aperuit
1441 4053 1452 4090 :
1488 4037 1570 4091 sic
1603 4037 1777 4092 etiam
1828 4037 1925 4092 hic

268 4140 377 4182 non
407 4128 586 4182 erant
611 4124 716 4179 illa
732 4125 909 4179 verba
941 4124 1313 4195 pmnitentize.
1338 4124 1482 4179 Nam
1516 4129 1571 4179 et
1602 4125 1697 4179 hic
1730 4125 1927 4180 fratris

270 4214 559 4271 occisione
611 4211 938 4285 depalatur,
973 4211 1471 4283 quandoquidem,
1515 4217 1802 4284 quantum
1853 4215 1927 4269 ad

269 4321 396 4360 eum
427 4302 700 4367 attinuit,
733 4301 909 4356 etiam
962 4301 1085 4372 ipse
1135 4301 1299 4355 fratri
1350 4318 1455 4355 suo
1500 4301 1679 4356 Jacob
1730 4302 1930 4357 intulit

272 4398 540 4449 mortem.
566 4392 718 4447 Nam
752 4389 835 4445 sic
863 4388 1042 4445 dixit:
1077 4390 1544 4462 Appropinquant,
1580 4391 1791 4461 inquit,
1816 4391 1930 4446 dies

266 4483 542 4554 passionis
594 4480 777 4534 Patris
823 4480 947 4547 mei,
988 4486 1040 4534 et
1096 4480 1421 4548 inter/icium
1473 4480 1702 4549 fratrem
1752 4496 1933 4535 meum

2026 3334 2139 3389 tuit
2172 3336 2235 3387 ut
2278 3330 2498 3386 debuit.
2532 3329 2632 3383 Vis
2664 3328 2857 3383 videre
2898 3330 3185 3402 integram
3227 3330 3629 3403 pcnnitentiam
3652 3333 3682 3389 ?

2025 3423 2270 3478 Advorte
2303 3417 2827 3489 Petrum,qualiter
2866 3418 3201 3489 pcenituerit
3231 3425 3542 3494 postquam
3577 3439 3683 3479 ne-

2028 3513 2263 3582 gaverat
2295 3507 2614 3562 Christum.
2650 3506 2905 3561 Narrans
2950 3525 3204 3580 namque
3238 3510 3406 3565 nobis
3437 3527 3683 3584 evange-

2030 3600 2166 3653 lista
2226 3598 2353 3667 ejus
2411 3594 2764 3650 historiam:
2814 3595 2877 3649 Et
2930 3597 3138 3661 exiens,
3191 3597 3401 3669 inquit,
3446 3594 3686 3671 ploravit

2029 3703 2217 3742 amare
2265 3683 3045 3757 (Matth.x:<v1,75).ldcirco
3094 3683 3178 3738 illi
3229 3685 3542 3743 remissum
3595 3682 3685 3744 est

2030 3780 2150 3830 tam
2184 3774 2403 3846 grande
2442 3773 2763 3842 peccatum,
2798 3770 2936 3840 quia
2975 3770 3129 3825 sicut
3167 3772 3369 3827 debuit
3399 3772 3682 3845 pceniten-

2032 3863 2173 3918 tiam
2220 3861 2420 3933 gessit.
2456 3858 2643 3913 Etiam
2695 3858 2880 3913 Judas
2912 3858 3202 3929 pumituit,
3238 3860 3337 3915 sed
3389 3860 3573 3931 male;
3606 3860 3685 3918 la-

2035 3968 2182 4024 queo
2216 3964 2468 4018 namque
2502 3964 2561 4001 sc
2610 3946 2938 4018 suspendit.
2976 3947 3251 4002 Pamituit
3300 3949 3500 4017 etiam,
3532 3949 3690 4006 sicut

2028 4042 2155 4113 jam
2179 4037 2388 4104 dixi,et
2411 4037 2593 4101 Esau;
2620 4034 2809 4105 magis
2831 4039 3026 4089 autem
3050 4034 3158 4089 iste
3184 4054 3370 4108 neque
3393 4037 3688 4110 pmnituit.

2038 4131 2328 4199 Lacrymm
2381 4123 2597 4196 quippe
2642 4122 2752 4175 illa:
2804 4139 2919 4176 non
2968 4128 3133 4177 erant
3182 4126 3557 4195 pmnitcntize,
3590 4126 3691 4182 sed

2040 4217 2221 4273 animi
2254 4212 2487 4269 violenti
2540 4216 2596 4265 et
2647 4210 3068 4281 indignationis
3118 4211 3353 4266 infernas
3391 4231 3402 4268 :
3441 4214 3592 4285 quod
3626 4231 3695 4269 ex

2039 4307 2168 4376 ejus
2199 4303 2476 4375 operibus
2508 4298 2786 4370 aperitur.
2822 4299 3098 4353 Pmnituit
3129 4304 3185 4354 et
3229 4301 3432 4357 beatus
3464 4301 3642 4356 David
3679 4317 3692 4358 :

2042 4393 2248 4449 Lavabo
2271 4408 2369 4463 per
2395 4390 2644 4459 singulas
2684 4395 2857 4443 noctes
2889 4388 3083 4442 lectum
3111 4404 3314 4456 meum,
3345 4397 3396 4444 et
3425 4390 3484 4444 in
3515 4390 3695 4464 lacry-

2040 4485 2146 4537 mis
2192 4487 2422 4536 stratum
2470 4494 2652 4532 meum
2695 4476 2883 4545 rigato
2915 4476 3085 4541 (Psal.
3112 4494 3189 4541 v1,
3211 4478 3264 4544 6,
3287 4479 3365 4544 7).
3395 4477 3464 4532 Et
3491 4494 3695 4549 pecca-

271 4570 420 4641 (Gen.
458 4584 644 4635 xxvn,
673 4568 783 4638 41).
808 4568 933 4622 Non
964 4582 1099 4639 ergo
1129 4566 1439 4621 valuerunt
1479 4566 1613 4621 solzn
1666 4566 1931 4640 lacrymte
1963 4585 2010 4649 D
2044 4577 2190 4635 tum,
2227 4569 2378 4640 quod
2412 4569 2545 4621 ante
2587 4564 2839 4618 multum
2894 4569 3125 4635 tempus
3176 4558 3511 4624 admisci‘a‘t.
3564 4570 3699 4638 post

270 4657 684 4732 pcenitentiam
717 4655 800 4710 illi
832 4654 1086 4709 tribuere
1120 4672 1131 4709 :
1167 4660 1223 4708 et
1254 4672 1366 4709 non
1413 4654 1559 4708 dixit
1590 4654 1936 4727 simpliciter

271 4746 412 4819 quia
439 4764 548 4819 per
588 4742 997 4817 pmnitcntiam
1028 4743 1313 4815 quaesivit,
1347 4744 1445 4798 sed
1487 4761 1619 4798 cum
1660 4744 1935 4817 lacrymis

272 4834 583 4907 inquisivit
615 4831 966 4904 poenitentiae
1017 4832 1212 4887 locum
1259 4836 1316 4886 et
1358 4830 1469 4886 non
1512 4831 1749 4887 invenit.
1786 4834 1933 4899 Quid

271 4940 413 4996 ergo
444 4922 729 4989 dicimus,
761 4921 876 4976 nisi
910 4920 1047 4993 quia
1078 4938 1192 4976 non
1225 4921 1495 4992 paenituit
1535 4925 1598 4975 ut
1631 4922 1939 4977 convenit?

274 5012 396 5069 Hoc
425 5016 515 5068 est
544 5011 707 5067 enim
751 5008 1110 5081 pccnitentia,
1145 5014 1211 5065 ut
1244 5015 1630 5082 congruenter
1679 5015 1936 5083 geratur.

269 5101 549 5173 Alioquin
585 5098 637 5154 si
681 5098 1087 5169 pmnitentiam
1138 5101 1379 5154 damnat
1425 5100 1759 5172 Apostolus,
1795 5118 1938 5172 quo-

272 5190 453 5246 modo
510 5189 730 5243 iterum
761 5186 921 5242 velut
948 5203 1158 5259 segnes
1190 5189 1463 5244 admonet
1521 5193 1576 5244 et
1627 5189 1936 5245 hortatur?

270 5279 574 5351 quomodo
597 5276 846 5331 claudos
868 5276 1103 5330 eti'ectos
1125 5280 1180 5330 ct
1202 5272 1477 5332 remissos
1499 5283 1671 5350 atque
1691 5280 1934 5345 solutos,

272 5367 436 5439 quod
469 5371 559 5421 est
590 5365 777 5421 ruina:
828 5364 1203 5436 principium,
1238 5371 1301 5420 ut
1336 5368 1636 5438 erigantur
1686 5368 1940 5423 invitat?

271 5454 429 5512 Mihi
460 5455 703 5527 quidem
736 5452 989 5520 videtur,
1021 5454 1160 5525 quia
1197 5454 1489 5526 signiﬁcat
1533 5457 1758 5528 aliquos
1790 5458 1942 5513 inter

273 5541 421 5598 illos
449 5543 776 5607 adulteros,
809 5543 961 5597 I78
1003 5559 1151 5614 quos
1180 5548 1372 5597 tamen
1427 5545 1657 5615 publica
1710 5547 1943 5602 nolebat

272 5647 552 5702 arguere,
581 5632 686 5686 sed
720 5629 892 5701 ﬁngit
924 5631 1316 5702 ignorantiam
1352 5637 1551 5701 postea
1580 5650 1709 5689 vero
1741 5634 1789 5690 si
1824 5653 1946 5707 per-

2047 4663 2243 4714 tantos
2266 4672 2470 4719 annos,
2496 4656 2804 4723 tantasque
2827 4653 3230 4722 generationes
3252 4652 3696 4726 lugebat,veluti

2045 4749 2115 4803 de
2136 4744 2351 4801 recenti
2370 4748 2628 4813 tempore
2652 4743 3069 4812 perpetratum.
3088 4742 3465 4799 Pecuitentem
3484 4741 3701 4818 quippe

2048 4853 2161 4891 non
2196 4831 2464 4887 convenit
2509 4828 2821 4909 indignari,
2849 4846 2951 4883 nec
2999 4847 3378 4901 exasperare:
3414 4832 3555 4905 quin
3604 4824 3702 4906 po-

2048 4925 2166 4980 tius
2187 4920 2505 4985 continerc,
2533 4917 2705 4973 sicuti
2729 4918 3179 4973 condemnatum
3206 4925 3264 4974 et
3284 4921 3559 4976 ﬁduciam
3584 4916 3699 4977 non

2050 5015 2369 5087 gerentem,
2394 5014 2451 5064 et
2478 5007 2653 5063 veluti
2683 5008 2898 5079 quippe
2931 5008 3335 5063 misericordia
3365 5008 3572 5064 salvari
3602 5008 3701 5063 de-

2052 5103 2291 5159 siderat.
2328 5122 2353 5149 »
2854 5096 2861 5101 ’

2117 5194 2186 5247 Et
2215 5190 2354 5244 item
2390 5205 2403 5242 ι
2436 5210 2455 5236 (ί
2499 5187 2622 5240 llaec
2656 5185 2870 5256 quippe
2904 5190 2992 5239 est
3022 5202 3199 5239 causa
3231 5183 3495 5240 omnium
3530 5181 3708 5237 bono-

2049 5296 2203 5349 rum,
2236 5279 2285 5334 si
2322 5278 2377 5331 iu
2416 5275 2585 5330 nobis
2627 5272 2907 5345 spiritalis
2953 5275 3141 5344 gratia
3193 5274 3539 5343 perseverat.
3574 5273 3709 5326 Haec

2052 5370 2266 5443 quippe
2299 5385 2403 5421 nos
2445 5366 2515 5419 ad
2566 5362 2763 5417 omnia
2821 5367 2974 5417 recto
3028 5362 3231 5415 itinere
3279 5357 3522 5426 reducit,
3557 5358 3714 5415 sicut

2052 5462 2228 5518 etiam
2279 5455 2514 5529 quando
2565 5454 2635 5507 ab
2696 5470 2762 5507 ea
2810 5451 3145 5505 cxcedimus
3199 5447 3479 5519 perimus,
3512 5452 3570 5504 et
3610 5450 3710 5504 de-

2055 5547 2193 5603 serti
2247 5544 2539 5599 et'ticimur
2582 5540 2737 5596 omni
2796 5540 2963 5593 bono.
3013 5537 3136 5590 Non
3190 5536 3385 5609 itaque
3431 5555 3559 5593 eam
3618 5556 3708 5594 re-

2054 5637 2364 5710 pellamus.
2398 5634 2461 5689 ln
2495 5629 2661 5686 nobis
2696 5626 2908 5698 quippe
2940 5628 3029 5678 est
3059 5624 3236 5680 etiam
3268 5631 3334 5685 ut
3368 5620 3708 5701 permaneat
