3970 6182
332 315 452 379 243

1267 322 1649 385 HINCMARI
1696 320 2142 386 RHEMENSIS
2184 281 2840 408 Ancnlerlsc'opl._

3614 321 3735 383 24!.

330 451 485 508 119
517 449 576 506 in
607 447 800 516 nobis,
832 449 919 508 vel
957 457 1024 508 ut
1065 452 1328 511 discedat
1353 474 1386 512 a
1417 457 1605 513 nobis.
1641 457 1787 514 Illud
1820 457 1975 514 enim
2003 453 2061 523 Α
2089 453 2256 526 cipiis
2286 452 2550 510 Jeremiae
2579 470 2728 534 ‘quaa
2777 453 3112 510 referuntur
3157 451 3229 508 de
3276 451 3414 518 Deo,
3444 449 3532 508 vel
3579 452 3738 525 apud

331 539 398 595 fit
428 537 685 612 quandio
707 539 962 598 caelestia
989 544 1361 612 meditamur,
1387 546 1495 601 hoc
1524 551 1716 602 autem
1745 549 1976 620 quando

329 626 402 682 ad
433 626 737 684 saecularia
765 629 1149 688 declinamus.
1177 655 1205 682 »
1233 634 1374 690 Item
1416 635 1474 690 in
1513 635 1757 691 homilia
1789 637 1979 708 prima

328 714 545 772 Psalmi
579 729 612 771 ι.
634 733 682 772 :«
710 717 1019 791 Propterea
1049 721 1262 788 scribo,
1295 729 1361 778 ut
1388 723 1604 779 vulnus
1634 729 1692 779 et
1723 725 1978 782 medica-

327 808 526 860 menta
548 805 801 863 universi
819 814 1196 880 cognoscant.
1211 812 1334 867 Non
1357 811 1534 868 timeo
1551 813 1978 880 confusionem,

329 891 470 966 quia
498 910 688 950 meam
721 894 971 952 salutem
1018 899 1304 954 desidero.
1339 901 1432 956 Sic
1461 905 1518 957 et
1549 901 1761 956 Paulus
1795 903 1930 957 facit
1963 919 1976 957 :

329 997 610 1038 concessa
640 981 752 1038 sibi
789 989 1026 1055 peccata
1055 987 1318 1058 publicat
1355 989 1557 1044 dicens
1591 1007 1604 1046 :
1641 990 1852 1046 Gratias
1881 1008 1982 1062 ago

330 1071 429 1144 qui
445 1087 530 1127 me
549 1073 874 1142 confortavit
893 1073 1260 1158 Christo,quia
1280 1078 1494 1148 ﬁdelem
1515 1095 1602 1134 me
1624 1081 1978 1146 existimavit,

330 1161 428 1232 qui
450 1161 612 1232 prius
641 1162 732 1233 fui
761 1161 1103 1234 blasphemus
1131 1174 1184 1222 et
1206 1176 1516 1238 persecutor
1552 1182 1605 1224 et
1639 1171 1984 1225 contumelio-

327 1265 444 1315 sus,
475 1257 526 1306 et
569 1265 718 1305 nunc
762 1251 974 1322 ﬁdelem
1012 1271 1098 1309 me
1125 1256 1255 1326 fecit
1282 1257 1329 1322 (1
1365 1258 1497 1312 Tim.
1532 1275 1570 1323 ι,
1606 1259 1712 1325 12).
1749 1258 1982 1331 Propte-

331 1353 450 1405 rea,
483 1336 698 1410 inquit,
731 1341 1150 1413 memetipsum
1209 1343 1464 1415 publico,
1499 1350 1566 1400 ut
1615 1345 1664 1402 si
1713 1346 1848 1418 quis
1896 1350 1986 1402 est

331 1424 713 1499 blasphemus
733 1432 791 1484 et
811 1427 1154 1501 injuriosus,
1175 1436 1233 1488 et
1255 1432 1459 1490 multis
1479 1435 1766 1491 obnoxius
1791 1435 1982 1502 malis,

335 1530 451 1571 non
483 1516 753 1588 desperet
783 1516 1058 1574 salutem.
1084 1521 1339 1576 Tantum
1359 1527 1449 1579 est
1477 1528 1540 1578 ut
1567 1525 1796 1580 recedat
1814 1543 1848 1581 a
1869 1543 1988 1580 ma-

334 1601 410 1660 lis
439 1608 496 1660 et
526 1603 700 1661 faciat
727 1605 898 1672 bona,
923 1611 981 1663 et
1009 1607 1220 1665 habeat
1245 1627 1408 1682 spem
1432 1612 1658 1679 salutis,
1684 1613 1824 1686 quia
1853 1612 1985 1670 n'olo

335 1696 583 1748 mortem
613 1692 960 1764 peccatoris,
985 1694 1126 1758 dicit
1155 1696 1458 1766 Dominus,
1484 1702 1715 1754 tantum
1747 1704 1812 1754 ut
1849 1717 1985 1756 con-

2085 542 2340 614 reliquos
2373 543 2706 614 prophetas.
2731 541 3028 608 Quomodo
3060 541 3237 598 etiam
3259 557 3393 596 cum
3417 541 3738 614 despicere-

2085 635 2182 686 tur
2211 632 2366 687 180
2396 636 2452 686 et
2473 634 2945 686 contemneretur
2977 647 3011 685 a
3043 628 3278 702 populo,
3301 633 3500 685 tamen
3529 646 3738 686 rursus

2087 720 2483 776 revertebatur
2525 720 2596 774 ad
2646 735 2764 786 cos,
2798 723 2855 774 et
2883 735 3078 774 amore
3127 733 3328 774 eorum
3361 718 3738 786 constrictus,

2089 809 2426 864 sectabatur
2445 825 2542 863 eos
2567 807 2743 863 etiam
2776 824 3009 863 aversos
3037 824 3072 862 a
3102 823 3182 862 se.
3208 807 3276 861 Et
3306 805 3416 862 hoc
3445 811 3553 874 est,
3581 807 3740 879 quod

2091 897 2216 968 ipse
2270 895 2553 951 Dominus
2592 895 2650 950 in
2701 894 3030 968 Evangeliis
3080 893 3301 950 indicat
3357 911 3491 949 cum
3548 895 3738 950 dicit:

2087 985 2410 1052 Jerusalem,
2433 985 2754 1048 Jerusalem,
2789 999 2914 1056 quae
2940 983 3141 1040 occidis
3166 983 3452 1056 prophetas
3495 991 3546 1038 et
3594 983 3746 1055 lapi-

2090 1074 2188 1130 das
2213 1076 2408 1129 missos
2435 1073 2506 1128 ad
2534 1080 2584 1128 te
2605 1091 2623 1126 :
2655 1075 2859 1144 quoties
2891 1074 3042 1128 volui
3068 1087 3401 1145 congregare
3427 1072 3573 1142 ﬁlios
3601 1079 3743 1141 tuos,

2091 1165 2233 1218 sicut
2259 1163 2472 1234 gallina
2500 1170 2798 1235 congregat
2840 1163 3023 1234 pullos
3051 1177 3176 1217 suos
3222 1161 3322 1216 sub
3370 1161 3478 1216 alis
3523 1162 3661 1228 suis,
3694 1169 3749 1217 et

2089 1253 2359 1308 noluisti?
2389 1251 2593 1320 (Matth.
2616 1267 2776 1316 xxm,
2807 1251 2920 1317 37).
2955 1250 3066 1306 Sed
3112 1254 3169 1305 et
3217 1248 3434 1305 Paulus
3479 1249 3626 1304 dicit
3671 1249 3748 1304 ad

2093 1341 2426 1397 Corinthios
2466 1339 2750 1406 scribens,
2775 1339 3052 1411 quoniam
3102 1340 3243 1396 Deus
3293 1347 3411 1395 erat
3439 1341 3497 1394 in
3528 1339 3750 1396 Christo

2092 1429 2364 1486 mundum
2408 1430 2770 1486 reconcilians
2811 1428 2922 1483 sibi
2968 1427 3039 1500 (II
3077 1427 3198 1484 Cor.
3243 1445 3298 1494 ν,
3336 1428 3444 1496 19),
3487 1443 3602 1482 non
3652 1444 3751 1483 re-

2095 1524 2313 1592 putans
2341 1517 2427 1574 eis
2457 1516 2669 1573 delicta
2699 1515 2964 1588 ipsorum
3003 1521 3062 1572 et
3107 1515 3304 1588 posuit
3329 1515 3389 1571 in
3423 1516 3593 1572 nobis
3620 1533 3752 1572 vcr-

2097 1607 2236 1662 bum
2290 1604 2800 1661 reconciliationis.
2837 1605 2942 1660 Pro
2973 1603 3203 1661 Christo
3253 1605 3412 1660 enim
3460 1604 3755 1678 legatione

2097 1695 2422 1768 fungimur,
2449 1693 2602 1750 sicut
2631 1693 2746 1749 Deo
2797 1693 3144 1765 deprecante
3173 1710 3276 1766 per
3311 1711 3438 1761 nos,
3471 1709 3754 1768 rogamus

333 1782 595 1836 vertatur
625 1785 684 1836 et
712 1780 884 1838 vivat.
915 1805 943 1832 »
977 1784 1118 1839 Item
1170 1784 1228 1840 in
1281 1785 1524 1842 homilia
1554 1788 1624 1844 de
1653 1789 1938 1845 Cananaea
1969 1805 1981 1843 :
2015 1819 2066 1884 Β
2101 1801 2200 1856 pro
2231 1783 2458 1839 Christo
2509 1780 2966 1838 reconciliamini
2997 1783 3135 1880 Deo.
3161 1782 3290 1884 ilice
3313 1783 3497 1884 etiam
3528 1783 3599 1838 ad
3641 1799 3754 1884 nos

336 1890 365 1917 «
395 1869 711 1937 Transiens,
737 1869 950 1942 inquit,
971 1873 1128 1929 Jesus
1148 1873 1287 1930 vidit
1313 1875 1604 1933 Mathagum
1631 1877 1901 1934 sedentem
1929 1880 1990 1934 in
2016 1869 2066 1927 ’Ἴ
2095 1872 2209 1927 dici
2244 1877 2540 1944 putemus.
2575 1871 2700 1926 Non
2745 1869 2936 1926 solum
2981 1869 3138 1926 enim
3189 1869 3524 1937 inﬁdelitas,
3557 1871 3660 1926 sed
3694 1876 3757 1926 et

333 1957 561 2024 teloneo,
582 1965 634 2014 et
660 1958 807 2016 dixit
831 1962 884 2016 ei
905 1979 924 2015 :
943 1961 1176 2034 Sequere
1201 1980 1288 2020 me
1307 1965 1511 2033 (Matth.
1535 1983 1613 2035 1x,
1635 1967 1714 2036 9).
1737 1967 1780 2024 O
1803 1967 1987 2023 virtus

333 2045 649 2102 sermonis!
675 2047 844 2120 quasi
861 2049 1102 2120 quidam
1121 2051 1344 2108 introiit
1367 2053 1600 2122 bamus,
1615 2060 1673 2110 et
1693 2056 1986 2128 captivum

335 2131 584 2190 militem
617 2135 772 2203 fecit,
804 2141 862 2192 et
891 2153 960 2192 ex
989 2137 1112 2194 luto
1143 2156 1352 2196 aurum
1383 2147 1473 2198 est
1501 2146 1794 2215 operatus.
1819 2145 1990 2200 Venit

337 2223 573 2292 unicus,
598 2228 656 2280 et
692 2225 891 2280 statim
942 2243 1264 2300 exsurgens
1311 2235 1549 2286 secutus
1595 2236 1682 2287 est
1731 2250 1887 2288 eum.
1923 2235 1987 2290 In

338 2311 630 2383 profundo
661 2313 1046 2387 malignitatis
1094 2321 1239 2385 erat,
1269 2322 1328 2374 et
1358 2337 1544 2392 usque
1591 2322 1663 2376 ad
1714 2322 1988 2378 verticem

227 2469 233 2475 ε
337 2398 574 2456 virtutis
595 2403 954 2470 conscendit,
974 2408 1039 2459 ut
1060 2405 1230 2462 nobis
1253 2407 1546 2464 neminem
1569 2410 1877 2482 desperare
1897 2411 1991 2468 dc-

342 2485 480 2544 bere
501 2487 752 2546 salutem
773 2490 1022 2560 doceret,
1047 2492 1185 2565 quia
1205 2496 1489 2552 naturalis
1511 2498 1846 2570 malignitas
1874 2517 1989 2556 non

341 2579 453 2633 est.
488 2575 680 2634 Liberi
712 2578 930 2652 quippe
961 2581 1186 2637 arbitrii
1217 2600 1323 2640 nos
1355 2586 1568 2642 creavit
1597 2587 1770 2657 Deus,
1801 2593 1864 2643 ut
1893 2606 1988 2644 vo-

342 2661 570 2721 luntate
618 2670 820 2723 nostra
849 2684 984 2724 cum
1033 2671 1324 2743 adjutorio
1364 2673 1465 2729 Dei
1513 2676 1669 2746 quod
1717 2676 2004 2734 volumus‘

345 2751 652 2810 faciamus.
680 2755 737 2810 Si
771 2755 1123 2828 publicanus
1152 2776 1234 2828 es,
1259 2766 1425 2832 potes
1457 2763 1581 2819 fieri
1611 2763 1986 2837 evangelista.

345 2837 405 2896 Si
435 2839 818 2914 blasphemus
837 2861 921 2910 es,
946 2849 1109 2918 potes
1139 2847 1263 2904 fieri
1292 2851 1612 2922 apostolus.
1635 2852 1695 2908 Si
1727 2852 1873 2910 latro
1903 2871 1986 2924 es,

341 2932 507 3000 potes
545 2931 800 3003 paradisi
839 2933 1080 2992 colonus
1109 2937 1282 2992 effici.
1318 2939 1378 2996 Si
1418 2956 1627 3013 magus
1665 2958 1750 3011 es,
1772 2943 1988 3015 poteris

340 3017 603 3076 adorare.
635 3021 761 3077 Non
793 3026 882 3078 est
911 3022 1032 3080 ulla
1073 3024 1314 3096 malitia,
1340 3045 1466 3100 quae
1499 3030 1841 3102 pmnitentia
1873 3049 1987 3087 non

336 3105 615 3164 solvatur.
649 3110 719 3166 Et
749 3109 876 3167 ideo
904 3117 1184 3186 tanquam
1227 3115 1514 3190 principia
1552 3118 1984 3192 malignitatum

2095 1962 2223 2017 vitae
2273 1959 2714 2026 contaminatio,
2767 1957 3150 2015 exsecrabiles
3205 1957 3350 2014 istas
3409 1958 3756 2016 inimicitias

2097 2049 2234 2106 facit
2265 2049 2416 2104 inter
2443 2049 2627 2104 Deum
2661 2051 2717 2102 et
2755 2046 3076 2102 hominem.
3111 2045 3206 2103 Sic
3247 2047 3404 2102 enim
3434 2047 3754 2119 Apostolus

2097 2139 2260 2204 dicit,
2293 2137 2432 2210 quia
2476 2137 2748 2208 sapientia
2792 2137 2978 2191 carnis
3025 2137 3255 2192 inimica
3299 2144 3380 2193 est
3421 2138 3524 2193 Deo
3569 2137 3751 2206 (Rom.

2095 2245 2218 2296 Vill,
2241 2227 2318 2299 7).
2340 2227 2459 2298 Age
2489 2242 2649 2298 ergo,
2679 2224 3054 2280 destruamus
3096 2225 3256 2282 hunc
3305 2224 3754 2282 inimicitiarum

2098 2315 2479 2390 parietem,et
2509 2314 2661 2369 viam
2713 2313 2883 2369 nobis
2932 2313 3427 2370 reconciliationis
3465 2313 3757 2370 faciamus

2097 2405 2168 2460 ad
2201 2405 2408 2468 Deum,
2432 2408 2496 2458 ut
2527 2402 2738 2458 iterum
2770 2400 3100 2458 efficiamur
3129 2401 3179 2458 ei
3219 2401 3502 2458 amabiles
3525 2407 3582 2458 et
3609 2419 3756 2459 con-

2097 2490 2489 2564 cupiscibiles.
2517 2513 2544 2540 ››
2567 2491 2636 2544 Et
2664 2492 2796 2562 post
2826 2488 3130 2562 aliquanta
3164 2507 3222 2546 :«
3257 2491 3374 2547 Nos
3402 2496 3618 2560 autem,
3645 2491 3756 2564 qui

2097 2579 2240 2637 certi
2270 2597 2478 2635 sumus
2508 2579 2578 2634 de
2609 2579 2742 2646 fine,
2767 2582 2825 2634 et
2863 2579 3174 2635 manifeste
3218 2580 3508 2649 novimus,
3528 2577 3666 2652 quia
3701 2579 3757 2637 si

2099 2669 2394 2736 nolumus,
2429 2684 2618 2740 neque
2667 2667 2975 2741 naufragia
3023 2667 3252 2734 animae,
3293 2685 3480 2741 neque
3529 2669 3757 2726 damna

2097 2759 2421 2832 poterimus
2444 2757 3060 2828 ineurrere,quomodo
3082 2774 3197 2813 non
3220 2757 3536 2830 arripimus
3551 2758 3754 2814 denuo

2097 2847 2293 2920 priora
2321 2845 2612 2913 exercitia,
2639 2848 2696 2900 et
2727 2845 2960 2915 negotia
2986 2861 3113 2916 quae
3145 2844 3506 2918 negligenter
3541 2846 3754 2902 amisi-

2099 2953 2234 2992 mus
2256 2950 2618 3008 reparamus,
2639 2933 2737 2987 sed
2761 2934 3031 3003 jacemus
3053 2933 3314 3006 resupini
3336 2939 3393 2989 et
3412 2934 3665 3001 desides,
3691 2941 3756 2992 et

2098 3041 2312 3081 manus
2342 3021 2559 3078 otiosas
2588 3019 2876 3093 plicamus
2905 3021 2978 3076 ad
3009 3026 3234 3092 pectus,
3253 3026 3310 3078 ct
3337 3022 3560 3078 utinam
3591 3022 3754 3080 otio-

2097 3131 2214 3180 sas,
2241 3117 2300 3168 et
2330 3128 2445 3167 non
2478 3114 2786 3182 operantes
2817 3109 2876 3165 in
2906 3109 3226 3182 perniciem
3257 3111 3637 3182 nostri,quod
3659 3115 3756 3168 cst

335 3192 511 3270 elegit
531 3195 902 3266 Cbristus,ut
921 3183 1093 3258 nemo
1115 3183 1300 3274 usque
1322 3204 1380 3259 in
1403 3183 1578 3260 finem
1602 3183 1984 3280 semetipsum
2015 3183 2060 3252 (ἶ
2096 3203 2298 3275 utique
2328 3198 2613 3257 evidentis
2641 3197 2922 3254 ίῐιεαῐιίωῗ
2951 3221 2978 3248 υ
3003 3200 3072 3254 Et
3099 3199 3239 3255 item
3264 3217 3312 3255 ια
3347 3200 3490 3256 Nam
3525 3199 3574 3256 εί
3604 3218 3755 3273 Ι)Γο-

335 3282 644 3356 despiciat.
669 3286 797 3342 Noli
828 3289 975 3344 mihi
1005 3289 1194 3346 dicere
1219 3307 1232 3345 :
1259 3291 1618 3364 Perivi,quia
1639 3296 1766 3366 jam
1797 3297 1983 3354 medi-

334 3386 470 3428 cum
503 3371 683 3430 habes
712 3375 856 3432 satis
887 3377 1180 3433 fortiorem
1211 3383 1287 3446 te,
1311 3385 1370 3436 et
1399 3382 1780 3452 potentiorem
1804 3401 1981 3456 quam

334 3457 648 3518 infirmitas
663 3469 764 3518 tua
778 3469 885 3520 est.
902 3465 1194 3528 Medicum
1218 3466 1398 3524 habes
1418 3467 1774 3527 voluntatem
1794 3461 1979 3540 tuam,

335 3548 386 3604 si
414 3549 669 3607 volueris
717 3553 1151 3626 emendantem,
1185 3560 1243 3610 et
1291 3559 1605 3628 potentem,
1638 3565 1695 3615 et
1741 3563 1980 3634 cupien-

334 3638 476 3693 tem.
500 3661 532 3690 κ

407 3725 550 3782 Item
580 3726 640 3782 in
671 3728 914 3784 homilia
942 3729 1014 3785 de
1044 3731 1296 3788 Turture
1320 3750 1333 3789 :
1355 3757 1382 3783 ‹‹
1407 3733 1603 3791 Oritur
1633 3737 1717 3793 sol
1750 3744 1808 3796 et
1837 3742 1980 3796 occi-

333 3811 422 3867 dit
449 3813 556 3880 sol,
574 3819 632 3870 et
653 3816 722 3870 ad
746 3815 941 3872 locum
974 3835 1148 3874 suum
1172 3823 1498 3878 revertitur.
1515 3824 1688 3883 Ortus
1709 3833 1798 3883 cst
1821 3829 1977 3887 enim

333 3900 505 3957 nobis
535 3902 621 3958 sol
643 3903 1305 3980 justitiaa,Cbristus,de
1335 3917 1539 3968 sancta
1569 3915 1750 3972 Maria
1775 3934 1980 3975 secun-

331 3987 475 4044 dum
505 4004 740 4048 carnem
792 3994 1027 4066 genitus
1059 4013 1072 4052 :
1107 3997 1310 4055 Oriens
1341 4000 1558 4074 quippe
1609 4022 1820 4062 nomen
1867 4007 1974 4064 illi.

331 4075 556 4134 Occidit
581 4095 738 4148 vero,
761 4084 996 4154 quando
1045 4089 1177 4157 post
1222 4104 1456 4147 crucem
1504 4092 1578 4148 ad
1627 4093 1855 4152 inferna
1885 4098 1978 4154 de-

328 4165 576 4222 scendit.
615 4166 814 4225 Oritur
867 4171 974 4240 sol,
1017 4178 1074 4229 et
1123 4174 1335 4232 occidit
1391 4179 1497 4248 sol,
1535 4186 1593 4237 et
1647 4184 1719 4238 ad
1779 4183 1974 4242 locum

327 4271 504 4312 suum
535 4258 860 4328 revertitur,
885 4260 1012 4334 ipso
1042 4263 1270 4323 dicente
1295 4285 1308 4324 :
1333 4269 1468 4325 Cum
1496 4273 1766 4328 exaltatus
1793 4277 1971 4346 fuero,

324 4346 607 4404 universos
637 4349 852 4406 traham
893 4352 963 4408 ad
1003 4370 1090 4410 me
1125 4358 1310 4422 (Joan.
1333 4375 1434 4426 xu,
1454 4361 1564 4429 32).
1593 4365 1667 4416 De
1714 4361 1822 4418 hoc
1853 4364 1974 4422 sole

316 4431 564 4504 justitiaa
595 4440 653 4492 et
682 4437 862 4494 Isaias
893 4442 1235 4512 pronuntiat
1263 4432 1472 4502 dicens.
1499 4464 1510 4504 :
1542 4449 1607 4504 In
1635 4449 1826 4507 diebus
1855 4454 1970 4510 illis

2091 3296 2290 3364 pterea
2312 3307 2418 3345 nos
2441 3289 2670 3344 fecisset
2695 3288 2850 3343 Deus
2873 3291 2937 3342 ut
2964 3287 3210 3360 peniret,
3233 3289 3378 3345 bene
3399 3289 3750 3361 desperares

2090 3385 2148 3436 et
2175 3379 2474 3434 dubitares
2504 3377 2574 3432 dc
2607 3374 2795 3433 salute
2833 3381 2956 3432 tua.
2981 3376 3040 3433 Si
3070 3394 3203 3433 vero
3249 3381 3483 3450 propter
3511 3377 3752 3434 bonita-

2089 3473 2205 3524 tem
2229 3483 2396 3522 suam
2419 3465 2826 3521 tantummodo
2849 3483 2956 3522 nos
2976 3465 3130 3535 fecit,
3157 3470 3223 3522 ut
3243 3465 3474 3522 aeternis
3495 3465 3628 3535 ejus
3651 3466 3754 3523 bo-

2091 3557 2182 3613 nis
2212 3560 2270 3612 et
2299 3553 2643 3610 muneribus
2675 3555 2960 3624 fruamur,
2983 3559 3159 3626 atque
3185 3571 3312 3626 qua:
3333 3554 3453 3626 agit
3476 3553 3550 3608 ab
3573 3554 3750 3612 initio

2088 3644 2285 3702 saeculi
2308 3659 2494 3716 usque
2525 3643 2595 3698 ad
2627 3660 2882 3715 praesens
2913 3647 3170 3716 tempus,
3193 3645 3496 3715 propterea
3519 3641 3664 3714 agit,
3690 3649 3752 3700 et

2088 3738 2393 3808 propterea
2432 3735 2650 3796 monet,
2677 3736 2742 3785 ut
2771 3748 2878 3786 nos
2931 3729 3332 3786 misericordia
3377 3747 3484 3786 sua
3531 3729 3744 3802 salvet,

2087 3840 2214 3896 quae
2251 3821 2404 3877 ultra
2435 3817 2604 3874 nobis
2633 3817 3003 3890 despcrandi,
3033 3835 3158 3890 qua:
3190 3817 3528 3892 ambigendi
3558 3835 3751 3876 causa

2087 3908 2424 3984 supererit?
2456 3931 2484 3957 ››
2518 3909 2586 3962 Et
2634 3913 2763 3978 post
2813 3906 3138 3979 paululum,
3191 3907 3506 3963 ostendens
3555 3925 3748 3980 quam

2086 3997 2417 4057 amabiliter
2436 3995 2874 4052 conversionem
2898 3995 3184 4067 suscipiat
3210 3994 3530 4068 peccatoris
3551 3996 3702 4054 dicit
3727 4015 3742 4053 :

2085 4113 2112 4140 ‹‹
2138 4087 2278 4156 Quis
2307 4085 2469 4142 dabit
2499 4101 2598 4140 cor
2623 4100 2826 4138 eorum
2858 4084 2941 4139 ita
2977 4101 3103 4140 esse
3133 4082 3191 4138 in
3238 4084 3344 4152 eis,
3378 4089 3444 4140 ut
3488 4083 3748 4141 timeant

2083 4194 2178 4234 me
2198 4181 2254 4233 et
2275 4173 2609 4230 custodiant
2633 4173 2909 4228 mandata
2929 4189 3060 4228 mea
3080 4172 3356 4229 omnibus
3376 4172 3584 4229 diebus
3603 4177 3743 4230 vita:

2083 4284 2224 4333 suae,
2253 4269 2317 4320 ut
2347 4263 2492 4318 bene
2523 4259 2607 4317 eis
2638 4261 2739 4315 fiat
2767 4265 2825 4316 et
2855 4261 2992 4316 filiis
3015 4277 3216 4316 eorum
3249 4277 3436 4333 usque
3466 4260 3525 4316 in
3557 4279 3744 4318 saecu.

2083 4354 2250 4411 lam?
2283 4353 2394 4408 Sed
2425 4355 2481 4406 et
2510 4350 2755 4422 Moyses,
2790 4349 2995 4405 docere
3043 4348 3326 4421 populum
3357 4348 3557 4404 volens
3588 4349 3744 4422 quid

2082 4445 2235 4500 Deus
2295 4439 2555 4512 requirat
2611 4437 2682 4493 ab
2744 4436 3037 4506 omnibus,
3081 4437 3161 4492 ita
3218 4436 3404 4492 dicit:
3439 4438 3504 4492 Et
3560 4454 3740 4508 nunc,

321 4521 530 4614 orietur
580 4525 664 4580 sol
711 4528 968 4598 justitiae,
1001 4538 1054 4586 et
1077 4534 1289 4589 sanitas
1329 4538 1437 4591 erit
1491 4539 1551 4592 in
1601 4542 1800 4611 pennis
1855 4544 2014 4614 ejus]

2114 4533 2268 4596 smel,
2303 4527 2434 4601 quid
2470 4529 2732 4583 Dominus
2779 4527 2918 4582 Deus
2964 4533 3090 4582 tuus
3132 4527 3308 4599 poscit
3349 4543 3385 4580 a
3431 4533 3498 4592 te,
3527 4527 3646 4582 nisi
3675 4537 3746 4584 ut

347 4606 537 4698 Fatue.
590 4627 665 4678 ιν,
705 4615 1085 4682 2).Veniente
1133 4620 1292 4677 enim
1341 4624 1460 4680 sole
1499 4606 1766 4698 jus—titiaa,
1801 4606 1966 4686 Cb'ri-

321 4695 436 4788 sto,
458 4694 531 4748 ad
561 4699 783 4788 tactum
817 4701 1058 4759 fimbrize
1080 4707 1410 4765 vestimenti
1437 4694 1564 4783 ejus
1595 4715 1724 4771 fons
1755 4694 1968 4788 proflu-

316 4778 393 4834 vii
425 4783 732 4856 sanguinis
755 4789 1080 4849 exsiccatus
1109 4800 1216 4850 est.
1241 4797 1418 4870 Nigra
1438 4817 1569 4857 sum
1593 4809 1649 4858 et
1677 4778 1960 4876 speciosa,

316 4867 439 4926 illia
475 4871 824 4932 Jerusalem.
859 4879 915 4934 Si
951 4899 1066 4953 qua
1111 4883 1206 4941 hic
1257 4867 1508 4959 peccatis
1555 4867 1753 4950 anima
1799 4867 1960 4951 deni;

313 4962 502 5055 grata,
521 4977 598 5055 ne
629 4961 853 5033 timeat,
877 4972 1286 5029 tantummodo
1323 4977 1720 5047 pmnitentiam
1746 4988 1880 5055 agat
1907 4988 1964 5038 et

312 5045 698 5122 dicat:Nigra
727 5071 858 5110 sum
890 5073 1014 5129 ego,
1040 5064 1096 5114 et
1126 5062 1352 5119 decora.
1374 5066 1444 5120 Et
1473 5066 1521 5120 si
1553 5066 1612 5121 in
1645 5045 1960 5126 novissimo

304 5135 520 5230 spiritu
542 5145 650 5210 est,
675 5146 731 5197 et
755 5160 768 5198 :
794 5149 857 5199 ut
880 5144 962 5202 ita
985 5147 1263 5216 dicam,si
1295 5151 1353 5206 in
1377 5159 1633 5211 extremo
1657 5156 1839 5212 halitu
1865 5177 1960 5230 po-

308 5222 478 5296 situs,
513 5245 585 5284 ne
614 5230 908 5303 formidet,
944 5241 1170 5294 tantum
1205 5257 1340 5296 cum
1385 5243 1519 5298 fletu
1573 5222 1882 5318 paeniteat,-
1902 5253 1958 5304 et

305 5322 656 5404 compuncto
701 5324 1046 5379 confiteatur
1095 5329 1287 5383 corde.
1317 5331 1401 5384 Ad
1443 5349 1749 5404 vesperum
1799 5334 1956 5390 enim

304 5397 704 5462 demorabitur
721 5409 996 5480 ﬂetus,et,
1011 5414 1081 5468 ad
1108 5415 1460 5472 matutinum
1481 5397 1701 5478 laetitia.
1724 5424 1957 5480 Imitare

305 5502 557 5576 namque
587 5496 891 5555 Ezechiam
923 5509 1211 5572 regem,et
1233 5507 1594 5576 sequentia.»
1615 5513 1681 5566 Et
1717 5513 1774 5567 in
1806 5513 1954 5570 lit-ro

303 5573 375 5630 de
398 5575 778 5650 Reparationc
810 5586 958 5661 lapsi
983 5606 1033 5644 :«
1058 5591 1285 5648 Intuere
1305 5573 1556 5669 denique
1579 5599 1664 5655 vel
1699 5601 1756 5655 in
1791 5601 1955 5673 prin-

2077 4624 2266 4680 timeas
2297 4619 2589 4674 Dominum
2618 4616 2787 4670 Deum
2834 4623 3010 4681 tuum,
3041 4624 3094 4681 et
3138 4614 3354 4672 incedas
3388 4616 3448 4670 in
3475 4615 3741 4672 omnibus

2072 4713 2178 4768 viis
2205 4711 2342 4782 ejus,
2377 4714 2436 4762 ut
2481 4705 2681 4776 diligas
2709 4722 2833 4760 eum
2862 4721 2932 4760 ex
2959 4710 3062 4760 toto
3090 4703 3247 4760 corde
3275 4712 3365 4759 tuo
3408 4711 3461 4760 et
3502 4721 3575 4760 ex
3621 4713 3741 4762 tota

2071 4801 2261 4856 anima
2281 4805 2370 4852 tua
2393 4795 2608 4862 ?(Deat.
2626 4811 2686 4858 π,
2717 4792 2820 4865 12).
2846 4793 3001 4848 Deus
3023 4809 3174 4860 vero,
3200 4793 3300 4864 qui
3322 4793 3486 4864 cupit
3506 4792 3672 4866 diligi
3703 4813 3741 4852 a

2073 4889 2339 4954 nobis,et
2369 4882 2563 4939 omnia
2611 4881 2750 4937 facit
2799 4899 2902 4952 pro
2960 4881 3094 4952 hoc,
3125 4897 3229 4936 nec
3265 4879 3567 4954 unigenito
3617 4900 3739 4940 suo

2071 4975 2258 5048 parcit
2301 4989 2402 5044 pro
2451 4969 2638 5026 salute
2670 4975 2869 5026 nostra
2899 4974 2955 5025 et
2983 4969 3292 5035 charitatc,
3314 4973 3370 5024 et
3407 4968 3504 5040 qui
3537 4974 3739 5042 optat,

2072 5069 2137 5120 ut
2167 5064 2247 5118 ita
2275 5062 2488 5124 dicam,
2513 5063 2577 5113 ut
2607 5076 2959 5131 quocunque
2981 5062 3150 5130 pacto
3173 5061 3230 5114 et
3250 5057 3741 5131 quandocunque

2069 5144 2510 5208 reconciliemur
2525 5147 2598 5213 ei,
2614 5139 2908 5219 quomodo
2929 5147 3282 5220 pcenitentes
3300 5164 3406 5202 nos
3423 5151 3479 5202 et
3493 5163 3742 5204 conver-

2067 5260 2164 5299 sos
2185 5241 2258 5296 ad
2283 5256 2342 5294 se
2365 5254 2478 5292 non
2503 5235 2757 5291 libenter
2777 5236 3060 5308 suscipiet
3081 5240 3138 5291 et
3158 5235 3380 5290 amabit
3402 5238 3466 5290 ut
3487 5234 3735 5292 ﬁlios?»

2065 5337 2121 5388 et
2151 5333 2357 5386 caetera
2385 5342 2513 5396 quae
2548 5309 2776 5394 plenius
2807 5330 2866 5377 ct
2895 5323 3072 5379 latius
3105 5324 3163 5378 in
3197 5323 3452 5395 praefatis
3483 5322 3612 5378 suis
3633 5326 3738 5379 (li-

2066 5420 2174 5478 ctis
2207 5417 2384 5472 lector
2413 5411 2661 5484 quilibet
2691 5411 2906 5484 poterit
2936 5411 3216 5468 invenire.

2138 5503 2248 5560 Sed
2281 5505 2339 5556 ct
2381 5499 2441 5552 in
2492 5499 2834 5554 Commento
2875 5497 3172 5571 Evangelii
3221 5497 3474 5554 Mattbazi
3526 5497 3678 5554 dicit
3717 5519 3734 5556 :

2065 5622 2092 5647 α
2131 5589 2450 5654 Jerusalem,
2509 5587 2830 5652 Jerusalem,
2893 5604 3018 5660 qua:
3070 5588 3267 5644 occidis
3317 5587 3629 5658 prophetas,
3677 5593 3744 5644 et
