3950 6172
209 359 338 420 249

937 360 1036 420 DE
1083 360 1839 424 PltzEDESTINATIONE
1879 361 2395 426 DlSSEHTATIO
2427 366 2904 430 ‘POSTEBIOB.

3505 369 3628 436 250

211 491 459 566 propria
486 490 790 547 voluntate
821 491 1096 558 salvator,
1131 491 1296 547 liberi
1328 493 1483 548 enim
1515 493 1737 549 arbitrii
1769 511 1866 550 su-
1897 488 1954 560 Α
1981 493 2326 568 Hieronymo
2349 483 2683 553 testimonia
2703 499 2840 554 data
2871 500 3340 570 sufﬁeiant.Quia
3356 503 3404 562 si
3427 507 3629 564 omnia

213 601 375 649 mus,
393 582 523 638 vult
543 599 652 637 nos
678 581 898 636 bonum
915 580 1078 648 velle,
1101 585 1165 636 ut
1184 598 1317 636 cum
1339 582 1716 648 voluerimus,
1739 582 1877 640 velit

210 671 273 728 in
298 671 474 728 nobis
505 675 565 726 et
591 670 719 742 ipse
749 687 923 726 suum
953 669 1195 742 implere
1225 669 1557 726 consilium.
1577 673 1692 727 »Εἰ
1712 671 1872 738 item,

214 785 245 812 ‹‹
276 763 458 818 Nolite
507 761 828 816 contristare
893 759 1162 831 Spiritum
1226 767 1474 815 sanctam
1522 762 1620 815 Dei
1657 761 1872 832 (Ephes.

213 869 293 918 ιν,
329 851 442 913 30).
499 849 713 905 Mceror
757 849 942 905 sancti
1002 848 1258 921 Spiritus
1305 848 1390 904 sic
1435 849 1870 922 intelligendus,

212 940 517 1012 quomodo
539 939 628 994 ira
659 938 844 1006 Dei,et
859 942 1195 1005 somnus,et
1215 942 1428 994 caetera:
1461 939 1519 993 in
1553 938 1873 994 humanam

213 1029 673 1086 similitudinem
695 1027 1151 1099 passiones.Non
1174 1044 1288 1098 quo
1305 1027 1680 1082 contristetur
1701 1028 1877 1100 Spiri-

213 1122 399 1184 tus,et
422 1117 609 1172 ullam
641 1115 1138 1188 perturbationem
1171 1115 1455 1171 Divinitas
1487 1116 1737 1171 sentiat:
1772 1117 1871 1171 sed

213 1225 333 1281 quo
363 1225 435 1263 ex
461 1207 660 1262 verbis
707 1203 924 1260 nostris
962 1205 1061 1260 Dei
1094 1205 1392 1260 discamus
1423 1205 1684 1272 affectus,
1719 1207 1873 1278 quod

215 1303 466 1356 maereat
515 1296 983 1370 quotiescunque
1031 1311 1361 1367 peccamus,
1395 1300 1451 1350 et
1495 1295 1703 1350 defleat
1744 1313 1874 1368 pec-

213 1394 468 1446 eatores.
502 1386 658 1443 185
692 1386 838 1440 Nam
872 1389 929 1440 et
959 1383 1220 1440 Salvator
1263 1385 1322 1438 in
1375 1402 1614 1457 corpore
1655 1386 1873 1440 consti-

211 1482 382 1534 tutus
414 1475 579 1532 ﬂevit
607 1465 1056 1541 Hierusalem,et
1075 1490 1247 1528 omne
1278 1473 1585 1529 hominum
1607 1492 1792 1548 genus
1815 1475 1874 1530 in

215 1567 509 1640 propheta
539 1563 1064 1636 deplorat,dicens:
1101 1568 1220 1617 Heu
1246 1565 1389 1618 mihi
1417 1567 1605 1620 anima
1635 1567 1763 1638 quia
1780 1583 1874 1639 pe-

213 1660 310 1714 riit
327 1671 588 1713 reverens
617 1669 652 1708 a
680 1661 844 1720 terra,
867 1660 920 1708 et
942 1653 1038 1724 qui
1057 1653 1297 1723 corrigat
1323 1653 1466 1710 inter
1491 1653 1735 1711 homines
1766 1673 1877 1712 non

214 1756 310 1803 est.
364 1745 569 1802 Omnes
620 1745 680 1799 in
721 1743 991 1812 sanguine
1042 1740 1368 1812 jadieantur
1417 1743 1597 1810 (Mieh.
1646 1761 1748 1815 vn,
1795 1746 1870 1816 2).

1987 601 2112 656 qua:
2145 585 2338 658 colligi
2371 590 2701 658 possunt,et
2716 587 2787 642 de
2809 587 3083 645 omnibus
3109 589 3266 648 illius
3297 591 3462 650 libris
3477 608 3626 668 quos

1981 673 2268 730 habemus
2301 675 2636 732 testimonia
2666 677 3056 749 posuerimus,
3089 695 3206 735 non
3237 681 3430 738 solum
3460 684 3625 741 suffl-

1983 763 2278 832 cientiam,
2313 763 2411 819 sed
2447 764 2808 820 sufﬁcientia;
2841 767 3083 822 modum
3114 769 3412 825 excedent.

2053 853 2122 907 Et
2178 857 2416 908 sanctus
2487 853 2734 927 Cyrillus
2787 855 2859 911 ad
2917 855 3251 912 Nestorium
3309 861 3488 931 (epist.
3549 861 3626 934 2).

1985 962 2013 990 (ι
2034 942 2232 1013 Itaque
2265 942 2314 998 is
2346 943 2446 1014 qui.
2477 947 2612 1000 ante
2643 943 2858 1000 smcula
2886 946 3084 1001 omnia
3113 950 3202 1002 est
3229 950 3404 1024 natus
3435 963 3504 1005 ex
3525 943 3629 1007 Pa-

1981 1033 2087 1093 tre,
2121 1030 2292 1086 etiam
2323 1047 2392 1086 ex
2421 1031 2664 1088 muliere
2695 1033 3004 1090 carnaliter
3027 1034 3243 1090 dicitur
3271 1037 3628 1110 procreatus.

1983 1120 2106 1174 Non
2139 1119 2280 1191 quia
2319 1121 2514 1176 divina
2545 1121 2730 1192 ipsius
2761 1127 2974 1178 natura
3004 1122 3074 1179 de
3105 1122 3342 1197 Virgine
3373 1127 3634 1200 sumpsit

1983 1207 2307 1277 exordium,
2343 1226 2446 1264 nee
2479 1211 2634 1281 quod
2665 1215 2900 1282 propter
2945 1211 3201 1284 seipsam
3245 1229 3394 1286 opus
3423 1213 3634 1272 habuit

1984 1299 2240 1352 secundo
2281 1297 2442 1352 nasci
2494 1303 2624 1370 post
2662 1298 2822 1354 illam
2873 1299 3233 1358 nativitatem
3265 1304 3422 1360 186
3451 1320 3631 1376 quam

1983 1386 2235 1441 habebat
2256 1403 2323 1440 ex
2346 1387 2510 1442 Patre
2535 1404 2548 1442 :
2571 1391 2660 1443 est
2679 1388 2834 1444 enim
2864 1387 3127 1463 ineptum
3159 1395 3216 1447 et
3242 1393 3489 1450 stultum
3520 1391 3630 1452 hoc

1984 1475 2194 1542 dicere,
2219 1475 2371 1547 quod
2405 1475 2455 1529 is
2485 1476 2584 1548 qui
2617 1481 2748 1531 ante
2777 1478 2976 1533 omnia
3013 1479 3227 1536 saecula
3255 1485 3344 1537 est
3373 1493 3634 1540 consem-

1986 1565 2040 1638 pi
2053 1569 2252 1620 ternus
2281 1562 2454 1632 Patri,
2489 1565 2756 1620 secunda:
2807 1567 3262 1639 regenerationis
3311 1569 3537 1643 eguerit
3567 1573 3634 1630 ut

1985 1671 2113 1710 esse
2133 1653 2444 1725 inciperet;
2472 1654 2567 1709 sed
2595 1653 2733 1726 quia
2751 1659 2987 1726 propter
3017 1673 3143 1725 nos,
3171 1662 3230 1714 et
3259 1663 3497 1732 propter
3527 1677 3630 1718 no-

1987 1748 2168 1799 stram
2200 1743 2448 1798 salutem
2479 1746 2750 1798 naturam
2776 1743 2888 1798 sibi
2911 1743 3206 1816 copulavit
3223 1746 3634 1819 humanam,et

214 1837 282 1892 Et
311 1836 456 1890 item
489 1833 551 1888 in
584 1831 828 1888 homilia
857 1829 1167 1886 undecima
1213 1831 1506 1903 Evangelii
1549 1835 1875 1889 secundum
1907 1861 1954 1927 B
1986 1831 2270 1905 processit
2293 1849 2361 1887 ex
2390 1830 2874 1898 muliere,idcirco
2907 1833 3122 1890 dicitur
3153 1838 3326 1892 natus
3357 1853 3485 1894 esse
3513 1855 3635 1895 car-

215 1928 439 1983 Lueam
475 1941 490 1979 :
524 1923 656 1979 Haec
681 1922 793 1992 fuit
819 1920 1108 1992 descriptio
1153 1923 1338 1992 prima
1367 1939 1401 1976 a
1427 1923 1666 1993 praeside
1693 1924 1878 1996 Syria:

218 2016 434 2088 σεινίηο
456 2013 615 2083 (Luc.
641 2011 790 2080 11,2).
819 2009 863 2066 Ο
885 2009 1270 2082 Evangelista,
1306 2010 1518 2066 videris
1546 2011 1877 2084 significare

217 2103 353 2176 quia
371 2104 436 2158 in
471 2100 661 2156 totius
692 2098 850 2154 orbis
881 2098 1242 2170 professione
1273 2099 1522 2154 describi
1558 2101 1877 2172 Oportuerit

215 2198 272 2250 et
289 2191 621 2257 Christum,
647 2192 713 2244 ut
733 2203 866 2243 cum
895 2188 1170 2243 omnibus
1201 2187 1456 2260 scriptus
1489 2190 1879 2246 sanctificaret

219 2299 444 2349 omnes,
474 2283 537 2334 et
583 2295 720 2334 cum
771 2277 909 2332 orbe
959 2276 1178 2332 relatus
1225 2277 1285 2331 in
1315 2294 1578 2345 censum,
1613 2297 1876 2336 commu-

219 2372 457 2428 nionem
509 2368 604 2423 sui
653 2367 935 2440 praeberet
983 2365 1130 2432 orbi,
1183 2370 1248 2421 ut
1289 2371 1420 2438 post
1464 2367 1616 2422 hanc
1666 2368 1876 2424 descri-

219 2460 504 2532 ptionem,
530 2455 890 2512 describeret
919 2471 1152 2526 quoque
1171 2471 1238 2510 ex
1260 2456 1397 2510 orbe
1419 2473 1616 2511 secum
1641 2457 1701 2512 in
1730 2457 1878 2513 libro

218 2545 567 2612 viventium,
591 2549 650 2601 et
678 2543 1013 2616 quicunque
1053 2543 1438 2598 crerlidissent
1463 2544 1521 2599 in
1554 2563 1640 2612 eo,
1677 2550 1880 2618 postea

221 2655 350 2694 cum
367 2631 780 2692 sanctisillius
801 2632 1198 2688 scriberentur
1217 2631 1274 2686 in
1298 2632 1514 2688 caelis.»
1543 2635 1612 2688 Et
1639 2633 1700 2688 in
1731 2635 1876 2690 duo-

222 2726 486 2782 decima:
523 2747 552 2774 α
579 2721 974 2788 Quamobrem
1005 2721 1248 2792 angelus
1281 2722 1582 2777 descendit
1611 2724 1681 2778 de
1713 2724 1876 2789 coelo,

223 2819 278 2870 et
297 2814 380 2870 ait
403 2829 417 2869 :
443 2812 733 2867 Annuntio
763 2811 913 2864 vobis
940 2808 1210 2878 gaudi-um
1240 2826 1504 2884 magqum
1531 2812 1875 2880 (Luc.n,10),

225 2908 279 2959 et
300 2901 708 2973 reliqua.Puto
730 2898 879 2953 etde
910 2897 1202 2952 universis
1232 2898 1572 2954 hominibus
1602 2900 1880 2971 generali-

225 2997 310 3048 ter
335 2991 554 3047 debere
585 2987 767 3044 credi.
805 2985 1128 3058 Unicuique
1161 2987 1276 3041 duo
1327 2987 1615 3042 assistunt
1662 2989 1877 3061 angeli,

225 3080 366 3137 alter
399 3075 680 3152 justitio'e,
716 3074 865 3130 alter
910 3075 1262 3148 iniquitatis.
1295 3076 1352 3132 Si
1387 3077 1542 3132 bona
1571 3077 1790 3132 fuerint
1819 3077 1877 3132 in

227 3170 388 3226 corde
421 3170 652 3234 nostro,
679 3164 823 3238 quin
855 3164 1024 3220 nobis
1045 3165 1319 3236 loquatur
1347 3165 1592 3237 angelus
1623 3165 1876 3221 Domini.

1985 1921 2214 1977 naliter.
2243 1944 2270 1968 υ

2057 2013 2308 2066 Sanctus
2337 2008 2723 2080 Augustinus,
2745 2009 2835 2064 vir
2865 2009 3285 2081 sagacissimus
3315 2017 3489 2088 atque
3509 2032 3636 2072 cru.
3705 2011 3714 2014 ’

1986 2097 2445 2170 ditissimus,qui
2465 2101 2668 2152 contra
2687 2097 2992 2154 haereticos
3017 2098 3135 2155 hzec
3159 2101 3334 2158 verba
3352 2104 3636 2176 Apostoli,

1987 2187 2206 2260 quibus
2237 2187 2380 2242 dicit
2409 2203 2614 2242 omnes
2674 2186 2944 2245 homines
2993 2189 3178 2246 Deum
3226 2190 3370 2248 velle
3401 2189 3634 2263 salvari,

1987 2277 2287 2332 multoties
2317 2279 2374 2331 et
2402 2275 2806 2348 multipliciter
2842 2277 3130 2350 exposuit,
3161 2283 3220 2335 et
3247 2277 3308 2336 in
3339 2278 3489 2336 libro
3518 2279 3634 2337 En-

1987 2365 2274 2422 chiridion
2325 2365 2461 2422 hinc
2512 2365 2682 2438 plura
2724 2365 2956 2424 loeutus
3003 2371 3113 2439 est,
3146 2368 3248 2424 sed
3295 2372 3352 2424 et
3381 2369 3440 2425 in
3470 2367 3638 2426 libris

1987 2461 2190 2512 contra
2217 2454 2541 2521 Julianum,
2561 2459 2618 2510 et
2647 2455 2718 2510 de
2749 2455 3120 2530 Correpti'one
3151 2461 3208 2514 et
3237 2455 3454 2528 Gratia,
3481 2459 3538 2515 et
3566 2457 3638 2515 de

1989 2543 2500 2600 Prmdestinatione
2533 2547 2966 2612 sanctorum,ac
2991 2547 3146 2602 Bono
3176 2545 3639 2619 perseverantiae,

1986 2631 2139 2686 hanc
2169 2631 2518 2686 sententiam
2553 2649 2704 2704 saepe
2735 2632 2990 2688 revolvit.
3025 2633 3188 2690 Unde
3219 2638 3276 2689 et
3303 2635 3639 2709 expressius

1988 2724 2162 2791 atque
2195 2719 2476 2775 calcatius
2507 2719 2564 2774 in
2597 2719 2746 2775 libro
2797 2721 2868 2776 de
2909 2721 3132 2794 Spiritu
3161 2725 3219 2779 et
3249 2723 3466 2781 Littera
3494 2727 3635 2798 (cap.

1987 2809 2100 2874 33),
2133 2807 2217 2862 ita
2246 2806 2387 2862 dicit
2419 2824 2432 2862 :
2469 2831 2496 2857 ‹‹
2533 2808 2758 2863 Rursus
2807 2811 3189 2866 metuendum
3245 2815 3336 2867 est
3385 2827 3458 2869 ne
3506 2815 3637 2870 infi-

1989 2896 2146 2951 deles
2169 2900 2344 2968 atque
2367 2896 2530 2968 impii
2557 2913 2672 2951 non
2694 2896 2987 2952 immerito
3010 2914 3072 2953 se
3091 2899 3266 2954 veluti
3283 2901 3446 2972 juste
3474 2919 3640 2958 excu-

1988 3001 2118 3039 sare
2143 2985 2450 3039 videantur
2479 2983 2608 3039 ideo
2642 3001 2756 3038 non
2789 2985 3106 3041 credidisse
3149 2985 3304 3058 quod
3350 2989 3490 3045 dare
3521 2987 3638 3047 illis

1988 3072 2142 3128 Deus
2173 3071 2348 3128 istam
2383 3071 2568 3126 noluit
2598 3071 2976 3128 voluntatem.
3010 3073 3157 3131 Nam
3191 3075 3335 3131 illud
3368 3079 3524 3150 quod
3557 3079 3643 3134 di-

1989 3165 2147 3218 ctum
2179 3163 2430 3229 cst,Deus
2459 3168 2538 3216 est
2565 3164 2713 3216 enim
2743 3163 2838 3234 qui
2867 3169 3121 3234 operatur
3159 3165 3220 3219 in
3248 3162 3398 3222 vobis
3425 3173 3479 3222 et
3504 3167 3642 3224 velle

229 3259 322 3314 Sin
341 3274 480 3312 vero
504 3227 668 3311 mala
690 3227 984 3310 iuerintin
1007 3227 1178 3309 corde
1201 3258 1401 3309 nostro
1420 3227 1667 3322 versata,
1690 3255 1880 3328 loqui-
1912 3227 1955 3295 C
1987 3258 2039 3307 et
2067 3227 2283 3322 operari
2306 3267 2406 3322 pro
2447 3251 2585 3306 bona
2629 3227 2910 3307 voluntate
2944 3251 3181 3324 (Philip.
3215 3269 3278 3322 II,
3311 3252 3419 3327 13),
3452 3253 3640 3329 gratia

231 3350 318 3402 tur
343 3345 521 3402 nobis
553 3343 804 3415 angelus
833 3343 1175 3398 diaboli.Sic
1203 3345 1258 3398 et
1286 3343 1344 3397 in
1376 3342 1625 3416 singulis
1655 3344 1885 3416 provin-

231 3435 346 3491 ciis.
383 3459 412 3485 n
445 3435 600 3490 Item
634 3434 694 3488 in
727 3432 900 3488 tertia
929 3433 1194 3488 decima:
1232 3456 1258 3482 «
1293 3433 1438 3488 Cum
1471 3433 1744 3490 fecissent
1765 3451 1885 3490 om-

229 3525 332 3593 nia,
369 3547 398 3574 »
432 3523 584 3596 quin
621 3521 834 3594 angeli,
873 3543 892 3569 α
928 3538 1054 3592 qua:
1086 3521 1142 3574 in
1178 3522 1300 3580 suis
1344 3521 1568 3577 viribus
1601 3527 1786 3588 erant,
1818 3528 1884 3578 ut

230 3616 580 3669 sanarentur
601 3609 957 3676 homines,et
982 3609 1308 3665 noluissent
1331 3610 1414 3671 illi
1449 3612 1701 3683 recipere
1731 3613 1883 3668 sani-

228 3703 688 3768 tatem,cernunt
709 3715 844 3754 eum
864 3699 961 3770 qui
987 3715 1194 3754 sanare
1221 3699 1410 3770 potuit
1429 3699 1878 3769 gloriﬁcantes.»

226 3789 356 3846 Item
390 3791 452 3846 in
476 3788 717 3844 decima
748 3787 952 3859 quinta
977 3805 989 3842 :
1015 3810 1043 3836 «
1066 3787 1286 3843 Videns
1313 3787 1545 3843 Simeon
1570 3790 1878 3860 parvulum

227 3893 339 3934 asc
377 3876 634 3951 gestari,
661 3874 762 3948 qui
811 3876 882 3930 ad
927 3875 1157 3930 vinctos
1201 3880 1437 3930 venerat
1485 3875 1876 3945 resolvendos,

228 3982 392 4038 seque
412 3966 627 4039 ipsum
649 3961 822 4020 nodis
843 3963 1102 4036 corporis
1133 3962 1524 4034 liberandum,
1559 3965 1752 4021 sciens
1778 3983 1878 4021 ne-

229 4056 431 4112 minem
445 4071 629 4128 posse
643 4055 713 4109 de
727 4053 980 4108 claustro
993 4052 1250 4125 corporis
1263 4054 1600 4125 quempiam
1615 4054 1878 4112 emittere

227 4161 345 4199 cum
377 4161 485 4216 spe
520 4144 734 4198 futurae
763 4141 1042 4208 vita3,nisi
1075 4159 1210 4198 eum
1242 4158 1414 4214 quem
1446 4141 1703 4198 brachiis
1735 4161 1878 4198 con-

229 4233 459 4289 tinebat.
475 4231 650 4288 Unde
674 4233 733 4285 et
751 4230 822 4284 ad
847 4247 982 4285 eum
1015 4229 1294 4302 loquitur,
1317 4231 1472 4285 Nunc
1501 4231 1732 4286 dimittis
1761 4249 1875 4288 ser-

229 4335 341 4375 vum
361 4328 524 4376 tuum
566 4321 632 4374 in
663 4334 799 4390 pace
838 4318 987 4390 (Luc.
1022 4335 1080 4385 ιι,
1112 4319 1224 4385 23).
1261 4318 1376 4373 Hoc
1409 4322 1604 4374 autem
1637 4336 1752 4374 non
1783 4337 1875 4376 so-

225 4407 341 4464 lum
371 4411 444 4464 de
480 4408 781 4473 Simeone,
805 4407 905 4461 sed
933 4407 1003 4462 de
1034 4406 1193 4461 omni
1223 4407 1482 4463 humano
1514 4425 1722 4481 genere
1743 4426 1874 4464 sen-

227 4497 479 4552 tiendum
515 4501 630 4552 est.
664 4495 724 4552 Si
761 4495 894 4567 quis
925 4512 955 4551 e
986 4512 1214 4552 carcere
1235 4495 1562 4552 vinctorum
1605 4498 1776 4552 domo
1796 4499 1876 4553 di-

1982 3341 2110 3412 jam
2141 3344 2435 3411 est,quam
2467 3339 2612 3394 ﬁdes
2633 3338 3012 3412 impetrat,ut
3041 3341 3272 3412 possint
3299 3357 3428 3398 esse
3457 3341 3643 3400 homi-

1990 3429 2084 3484 nis
2105 3446 2278 3500 opera
2301 3428 2604 3500 bona,quae
2635 3431 2909 3500 operatur
2937 3427 3084 3484 ﬁdes
3115 3445 3218 3501 per
3247 3425 3640 3504 dilectionem,

1991 3533 2118 3588 qua:
2149 3515 2498 3570 diffunditur
2525 3515 2584 3570 in
2623 3517 2896 3571 cordibus
2948 3517 3166 3574 nostris
3215 3534 3318 3591 per
3356 3517 3641 3592 Spiritum

1991 3611 2259 3661 sanctum
2284 3605 2384 3676 qui
2407 3605 2579 3660 datus
2601 3609 2690 3660 est
2713 3604 2902 3660 nobis.
2927 3605 3039 3661 Sed
3064 3607 3361 3664 credimus
3381 3607 3643 3682 utimpe-

1989 3698 2216 3749 tremus
2235 3693 2386 3748 hanc
2408 3693 2680 3765 gratiam,
2704 3699 2762 3750 et
2779 3693 2982 3766 utique
3000 3694 3298 3752 voluntate
3317 3697 3638 3754 credimus.

1988 3783 2070 3838 De
2100 3782 2208 3836 hac
2240 3786 2532 3854 quaeretur
2578 3782 2733 3838 unde
2763 3783 2842 3839 sit
2873 3783 3064 3840 nobis.
3099 3783 3160 3840 Si
3193 3788 3424 3852 natura,
3457 3801 3640 3858 quare

1988 3889 2105 3928 non
2137 3871 2432 3938 omnibus,
2459 3887 2593 3926 cum
2616 3871 2694 3926 sit
2724 3870 2878 3927 idem
2914 3873 3064 3928 Deus
3093 3872 3358 3928 omnium
3391 3878 3636 3932 creator:

1988 3961 2033 4016 si
2069 3961 2220 4016 dono
2254 3960 2376 4028 Dei,
2411 3959 2590 4014 etiam
2641 3959 2754 4016 hoc
2801 3977 2982 4033 quare
3026 3979 3142 4016 non
3171 3961 3470 4032 omnibus,
3502 3981 3638 4022 cum

1986 4066 2190 4107 omnes
2223 4047 2490 4105 homines
2519 4047 2656 4104 velit
2697 4049 2890 4105 salvos
2918 4049 3066 4120 ﬁeri,
3100 4054 3157 4106 et
3185 4049 3246 4106 in
3279 4050 3638 4124 agnitionem

1985 4138 2245 4195 veritatis
2269 4137 2658 4194 venire.Prius
2682 4137 2861 4212 igitur
2881 4137 3022 4194 illud
3047 4137 3332 4208 dicamus,
3356 4145 3416 4196 et
3443 4139 3638 4198 videa-

1987 4245 2118 4282 mus
2138 4231 2339 4283 utrum
2364 4225 2500 4282 huic
2522 4226 2844 4282 satisfaciat
2858 4227 3349 4300 quaestioni,quod
3384 4227 3635 4286 liberum

1985 4317 2314 4381 arbitrium,
2336 4315 2683 4372 naturaliter
2711 4315 3060 4372 attributum
3081 4333 3116 4371 a
3137 4315 3403 4372 Creatore
3425 4315 3635 4374 animae

1985 4405 2275 4473 rationali,
2308 4405 2410 4460 illa
2458 4405 2652 4460 media
2705 4404 2793 4459 vis
2853 4407 2962 4474 est,
2995 4420 3122 4476 quae
3174 4403 3261 4459 vel
3305 4403 3528 4462 intendi
3559 4403 3633 4464 ad

1985 4497 2182 4563 finem,
2215 4495 2300 4550 vel
2323 4493 2592 4549 inclinari
2614 4492 2686 4547 ad
2718 4491 3120 4548 inﬁdelitatem
3161 4493 3370 4564 potest.
3403 4492 3476 4550 Et
3503 4493 3634 4551 ideo

226 4585 570 4654 mittitur,ut
595 4585 668 4640 ad
693 4583 996 4638 Christum
1015 4585 1416 4651 vadat,sumat
1434 4585 1637 4640 Jesum
1663 4585 1720 4639 in
1751 4604 1870 4642 ma-
1904 4583 1950 4658 Π
1983 4601 2088 4639 nec
2119 4584 2292 4639 istam
2341 4581 2724 4649 voluntatem,
2757 4597 2875 4653 qua
2914 4579 3100 4636 credit
3134 4580 3264 4649 Deo,
3300 4579 3414 4636 diei
3444 4586 3636 4654 potest

225 4677 477 4744 nibus,et
497 4675 831 4730 circumdet
859 4691 991 4728 eum
1015 4673 1270 4729 brachiis
1296 4673 1635 4741 suis,totum
1659 4675 1873 4730 habeat

221 4761 278 4819 in
299 4764 428 4820 sinu
451 4767 649 4832 suo,et
673 4768 815 4818 tunc
844 4761 1144 4818 exsultans
1173 4763 1384 4834 poterit
1405 4761 1488 4818 ire
1509 4779 1622 4834 quo
1644 4762 1870 4818 deside-

225 4858 361 4907 rat.»
393 4855 462 4909 Et
495 4853 640 4908 item
673 4852 734 4906 in
781 4851 1062 4924 vigesima
1109 4851 1300 4923 prima
1329 4867 1340 4904 :
1373 4874 1400 4900 «
1436 4850 1757 4908 Dicendum
1783 4853 1873 4908 est

221 4941 510 5014 baptismo
530 4942 676 4998 Jesu
697 4939 909 4996 omium
935 4941 1112 4996 fuisse
1136 4944 1544 5008 reseratum,et
1556 4941 1626 4995 ad
1643 4939 1872 5014 dispen-

224 5031 505 5086 sationem
561 5029 933 5086 remissionis
991 5034 1384 5102 peecatorum,
1419 5047 1532 5086 non
1577 5029 1739 5084 illius
1771 5028 1869 5103 qui

221 5125 518 5188 peceatum
545 5137 664 5175 non
689 5119 847 5186 fecit,
880 5135 1065 5190 neque
1087 5118 1358 5173 inventus
1379 5121 1467 5172 est
1489 5116 1659 5173 dolus
1679 5117 1738 5173 in
1773 5135 1870 5174 ore

221 5207 364 5278 ejus,
397 5209 497 5264 sed
531 5209 604 5264 ad
637 5206 820 5262 totius
866 5207 1090 5273 mundi,
1127 5209 1358 5278 apertos
1405 5223 1533 5261 esse
1583 5206 1778 5272 cmlos,
1813 5211 1871 5262 et

221 5295 496 5366 Spiritum
520 5300 798 5353 sanctum
824 5294 1212 5350 descendisse.
1235 5295 1303 5348 Et
1321 5298 1630 5366 postquam
1665 5295 1866 5350 Domi-

221 5401 334 5439 nus
361 5386 646 5450 ascendit,
667 5387 724 5438 ct
754 5383 810 5437 iu
846 5383 1135 5438 excelsum
1170 5383 1459 5454 captivam
1492 5383 1658 5438 duxit
1685 5383 1863 5455 capti-

219 5472 687 5541 vitatem,tribuit
719 5473 800 5526 ita
829 5471 996 5527 nobis
1027 5471 1308 5544 Spiritum
1336 5470 1492 5542 quia
1525 5489 1584 5526 se
1605 5475 1858 5526 venerat.

219 5563 394 5627 Quem
426 5565 672 5636 quidem
705 5567 759 5616 et
790 5561 949 5616 dedit
993 5559 1435 5616 resurrectionis
1487 5563 1744 5630 tempore
1777 5561 1862 5614 di-

218 5665 350 5707 cens
382 5667 396 5706 :
427 5651 668 5724 Accipite
719 5651 987 5722 Spiritum
1035 5656 1300 5705 sanctum.
1341 5672 1367 5697 ››
1401 5649 1528 5704 Hec
1561 5649 1630 5703 de
1663 5652 1862 5704 sancto

1980 4673 2156 4728 homo
2177 4672 2391 4726 habere
2427 4687 2603 4742 quam
2635 4686 2749 4726 non
2777 4669 3065 4742 acceperit
3090 4685 3104 4726 :
3127 4669 3362 4742 quando
3393 4671 3632 4744 quidem

1980 4765 2222 4817 vocante
2254 4761 2368 4816 Deo
2399 4758 2588 4831 surgit
2615 4759 2686 4814 de
2714 4757 2896 4814 libero
2929 4757 3363 4832 arbitrio,quod
3394 4763 3631 4816 natura-

1981 4849 2112 4906 liter
2139 4865 2274 4904 cum
2299 4852 2594 4904 crearetur
2618 4845 3007 4920 accepit.Vu1t
3035 4841 3232 4904 autem
3257 4851 3405 4904 Deus
3427 4864 3632 4904 omnes

1978 4939 2248 4994 homines
2279 4937 2470 4994 salvos
2502 4936 2646 5005 fieri,
2676 4939 2733 4992 et
2762 4934 2820 4990 in
2855 4935 3215 5010 agnitionem
3247 4935 3506 4992 veritatis
3535 4952 3628 4990 ve-

1979 5028 2124 5082 nire.
2158 5027 2284 5082 Non
2315 5025 2398 5081 sic
2427 5030 2645 5094 tamen,
2680 5029 2745 5080 ut
2774 5024 2858 5080 eis
2897 5025 3123 5081 adimat
3169 5025 3420 5080 liberum
3469 5022 3628 5080 arbi-

1979 5117 2180 5184 trium,
2214 5132 2330 5187 quo
2375 5113 2461 5170 vel
2511 5114 2657 5170 bene
2702 5113 2792 5168 vel
2841 5112 2994 5169 male
3043 5117 3273 5170 utentes
3293 5111 3626 5184 justissima

1969 5203 2328 5276 judicentur.
2365 5203 2526 5268 Quod
2561 5219 2694 5258 eum
2743 5203 2824 5270 ﬁt,
2860 5201 3126 5257 infideles
3157 5199 3392 5272 quidem
3423 5200 3628 5258 contra

1977 5293 2078 5349 Dei
2098 5292 2458 5348 voluntatem
2484 5291 2862 5346 faciunt'cum
2883 5291 3012 5361 ejus
3031 5285 3338 5360 Evangelio
3367 5302 3484 5342 non
3507 5303 3627 5344 cre-

1975 5383 2144 5437 dunt.
2179 5382 2292 5436 Nec
2325 5381 2454 5436 ideo
2489 5385 2681 5436 tamen
2714 5397 2840 5434 eam
2871 5371 3134 5444 vincunt,
3165 5392 3364 5432 verum
3397 5376 3626 5450 seipsos

1975 5471 2251 5525 fraudant
2282 5485 2494 5542 magno
2527 5474 2583 5524 et
2609 5485 2841 5523 summo
2872 5468 3045 5533 bono,
3079 5463 3368 5538 malisque
3390 5464 3626 5539 pcenali-

1973 5560 2084 5615 bus
2115 5557 2440 5630 implicant,
2474 5555 2763 5630 expet-turi
2810 5555 2870 5610 in
2914 5553 3224 5627 suppliciis
3273 5557 3622 5627 potestatem

1973 5648 2300 5719 eius,cujus
2331 5648 2389 5702 in
2423 5645 2592 5702 donis
2624 5642 3085 5701 misericordiam
3117 5647 3618 5718 contempserunt.
