3970 6182
211 243 222 250 ’
295 289 409 353 251

1229 286 1607 352 HINCMARI
1649 283 2092 350 RHENENSIS
2133 286 2754 352 ARCHIEPISCOPI.

3571 293 3690 356 252

297 422 384 480 Ita
411 420 683 477 voluntas
710 417 813 476 Dei
839 435 1071 494 semper
1098 420 1312 477 invicta
1339 419 1803 477 est.Vinceretur
1833 435 1938 475 au-
1968 417 2026 486 Α
2053 423 2191 475 runt
2226 418 2460 476 interim
2494 437 2622 494 qua:
2651 422 3001 495 respondere
3030 421 3176 494 mihi
3207 420 3450 496 placeat,
3487 422 3527 480 0
3555 424 3690 481 alti-

295 510 490 578 tem,si
521 526 639 566 non
666 509 952 566 inveniret
979 510 1120 583 quid
1147 511 1218 566 de
1255 509 1754 582 contemptoribus
1786 509 1938 564 face-

295 604 510 672 ret,aut
538 599 659 655 ullo
690 600 864 656 modo
893 601 1134 672 possent
1162 599 1402 654 evadere
1431 599 1587 670 quod
1618 598 1690 653 de
1718 596 1937 652 talibus

291 689 389 745 ille
419 689 744 745 constituit.
777 687 885 754 Qui
916 687 1074 744 enim
1103 686 1263 754 dicit,
1293 687 1454 742 verbi
1485 685 1840 759 gratia,Volo
1873 689 1938 740 ut

291 779 354 835 hi
375 794 580 835 omnes
600 777 746 833 servi
772 775 886 832 mei
908 780 1223 848 operentur
1243 775 1300 830 in
1324 775 1510 842 vinea,
1541 780 1599 830 et
1619 777 1750 847 post
1769 773 1936 830 labo-

291 885 412 925 rem
434 867 866 940 requiescentes
903 864 1234 936 epulentur,
1257 864 1340 919 ita
1359 867 1424 919 ut
1444 862 1712 936 quisquis
1732 879 1933 919 eorum

290 956 400 1013 hoc
421 955 692 1024 noluerit,
711 954 768 1010 in
791 952 1040 1026 pistrino
1062 969 1296 1025 semper
1316 951 1498 1008 molat
1521 969 1534 1008 :
1559 951 1786 1007 videtur
1805 951 1934 1024 qui-

290 1045 422 1101 dem
444 1044 781 1117 quicunque
803 1046 1029 1098 contem
1037 1041 1445 1114 pserit,contra
1455 1040 1812 1096 voluntatem
1832 1041 1938 1097 Do-

2045 509 2171 564 tudo
2199 508 2552 568 divitiarum!
2592 515 2670 578 et,
2709 512 2968 584 Nunquid
3011 513 3276 586 iniquitas
3305 513 3451 585 apud
3479 513 3695 570 Deum?

2045 597 2150 653 Cui
2181 599 2480 671 responsio
2507 599 2619 656 ista
2648 599 2938 673 displicet,
2969 606 3192 673 quaerat
3247 601 3556 671 doctiores,
3588 603 3691 658 sed

2044 690 2243 742 caveat
2273 703 2343 744 ne
2375 687 2632 744 inveniat
2660 694 3126 763 prmsumptores.
3163 713 3192 741 ››

2115 777 2184 830 Et
2227 776 2287 830 in
2335 775 2482 832 libro
2511 795 2548 833 v
2576 781 2717 850 (cap.
2749 779 2826 847 3),
2881 783 3086 835 contra
3132 779 3437 842 Julianum
3472 797 3487 836 :
3540 803 3571 831 «
3601 783 3690 836 An

2043 863 2262 919 oblitus
2291 881 2354 920 es
2381 867 2536 937 quod
2588 867 2742 922 idem
2787 866 2913 940 ipse
2945 869 3148 924 doctor
3177 868 3258 924 ait
3291 886 3304 925 :
3337 869 3414 924 Ne
3441 871 3578 941 forte
3605 869 3697 926 det

2042 952 2162 1008 illis
2189 953 2330 1010 Deus
2356 956 2730 1026 paenitentiam
2758 956 2826 1010 ad
2853 957 3274 1028 cognoscendam
3310 959 3610 1025 veritatem,
3641 966 3696 1016 et

2044 1043 2368 1114 resipiscam
2410 1059 2444 1098 a
2486 1043 2696 1100 diaboli
2753 1044 3006 1117 laqueis?
3035 1045 3111 1114 (Il
3143 1047 3277 1102 Tim.
3318 1063 3380 1114 ιι,
3411 1047 3526 1119 25.)
3576 1047 3692 1104 Sed

290 1133 437 1190 mini
453 1133 544 1190 sui
566 1133 774 1200 facere,
800 1131 899 1187 sed
924 1135 1064 1186 tunc
1087 1147 1217 1185 eam
1237 1129 1446 1196 vincet,
1471 1129 1518 1185 si
1543 1133 1600 1185 et
1619 1129 1932 1202 pistrinum
2035 1129 2264 1202 judicia
2289 1132 2417 1202 ejus
2448 1131 2603 1187 sicut
2631 1131 2819 1188 multa
2847 1133 3238 1206 abyssus.Nos
3259 1135 3490 1203 certe,si
3509 1152 3610 1193 eos
3631 1135 3692 1191 in

288 1227 668 1278 contemnens
698 1217 985 1292 effugerit,
1011 1219 1167 1290 quod
1197 1217 1360 1273 nullo
1389 1218 1561 1274 modo
1591 1216 1716 1272 ﬁeri
1747 1221 1936 1289 potest

289 1311 399 1368 sub
412 1310 513 1366 Dei
526 1313 564 1366 1
580 1310 672 1365 81
694 1307 1166 1380 potestate.Unde
1177 1305 1462 1378 scriptum
1475 1307 1764 1376 est,Semel
1783 1307 1932 1363 locu-

287 1409 374 1456 tus
393 1405 472 1456 est
486 1397 810 1471 Deus(Psal.
838 1413 942 1459 LXI,
961 1397 1070 1464 12),
1089 1397 1198 1451 hoc
1217 1400 1306 1452 est
1332 1395 1894 1452 incommutabiliter
1915 1411 1929 1450 :

288 1503 626 1560 quanquam
641 1485 780 1542 etde
811 1485 984 1540 unico
1011 1485 1186 1539 verbo
1214 1483 1402 1556 possit
1422 1483 1690 1557 intelligi.
1718 1483 1934 1541 Deinde

287 1577 654 1647 subjungens
683 1574 822 1646 quid
854 1571 1414 1629 incommutabiliter
1435 1573 1514 1628 sit
1541 1571 1794 1637 locutus,
1818 1573 1932 1630 Duo

286 1661 854 1736 haec,inquit,audivi,
875 1663 1130 1734 quoniam
1150 1668 1380 1732 potestas
1405 1663 1509 1717 Dei
1529 1669 1682 1728 est,et
1703 1661 1932 1730 tibi,Do-

283 1755 452 1820 mine,
481 1751 885 1820 misericoadia,
925 1752 1023 1823 qui
1066 1750 1248 1806 reddis
1293 1751 1592 1823 unicuique
1635 1750 1934 1807 secundum
1963 1783 2010 1850 Β

282 1857 446 1913 opera
471 1857 592 1896 sua.
614 1839 716 1896 Ille
736 1835 917 1912 igitur
937 1855 1071 1894 reus
1101 1839 1213 1894 erit
1242 1839 1314 1894 ad
1348 1839 1786 1894 damnationem
1817 1839 1931 1895 sub

281 1932 566 2004 potestate
595 1926 851 2000 ejus,qui
884 1925 1301 1998 contempserit
1329 1927 1402 1982 ad
1432 1927 1787 1984 credendum
1821 1927 1931 1983 mi-

280 2017 659 2075 sericordiam
689 2016 838 2087 ejus.
857 2013 1135 2086 Quisquis
1165 2018 1362 2070 autem
1394 2015 1708 2072 crediderit
1737 2017 1810 2082 ei,
1830 2016 1931 2089 qui

280 2123 344 2163 se
373 2123 408 2162 a
437 2103 688 2178 peccatis
719 2102 1533 2167 omnibus.absolvendum,et
1551 2104 1624 2160 ab
1657 2104 1932 2160 omnibus

277 2195 437 2252 vitiis
466 2193 886 2264 sanandum,et
905 2191 1096 2248 calore
1119 2207 1185 2247 ac
1205 2191 1428 2248 lumine
1457 2193 1588 2264 ejus
1619 2193 1936 2248 accenden-

278 2285 422 2340 dum
443 2282 1022 2353 illuminandumque
1033 2297 1150 2336 non
1165 2281 1856 2354 contempserit,babebit
1866 2299 1936 2338 ex

277 2374 406 2444 ejus
435 2371 627 2445 gratia
654 2387 830 2444 opera
857 2370 1030 2436 bona,
1051 2387 1120 2424 ex
1149 2370 1367 2443 quibus
1397 2369 1574 2426 etiam
1607 2371 1932 2427 secundum

277 2479 490 2535 corpus
520 2478 555 2516 a
585 2459 791 2516 mortis
819 2459 1196 2531 corruptione
1226 2458 1570 2526 redimatur,
1595 2464 1932 2526 coronetur,

276 2549 566 2622 bonisque
594 2547 860 2615 satietur,
895 2563 1008 2602 non
1059 2545 1506 2619 temporalibus,
1542 2547 1644 2603 sed
1679 2547 1932 2614 aeternis,

277 2656 459 2712 supra
477 2653 656 2710 quam
679 2636 938 2709 petimus
951 2641 1006 2691 et
1025 2635 1272 2708 intelligi
1281 2636 1572 2692 mustec
1589 2635 1929 2708 disputatio,

279 2727 329 2784 si
360 2725 666 2800 quaestioni
691 2723 776 2780 illi
805 2724 1094 2780 solvendae
1124 2724 1714 2792 sufﬁcit,sufﬁciat.Si
1737 2729 1932 2780 autem

281 2815 688 2889 respondetur,
719 2803 1044 2870 cavendum
1075 2829 1205 2868 esse
1237 2829 1312 2867 ne
1340 2811 1656 2886 quisquam
1689 2814 1805 2870 Deo
1835 2814 1936 2868 tri-

279 2903 581 2960 buendum
614 2905 778 2974 putet
822 2905 1130 2975 peccatum
1181 2901 1335 2973 quod
1371 2901 1708 2958 admittitur
1731 2918 1834 2974 per
1862 2901 1933 2956 li-

278 2993 484 3050 berum
509 2990 841 3059 arbitrium,
873 2989 922 3047 si
955 2990 1013 3046 in
1044 3007 1111 3046 eo
1143 2991 1299 3063 quod
1331 2989 1562 3058 dicitur,
1601 2991 1740 3060 Quid
1771 2993 1933 3049 habes

281 3081 422 3156 quod
451 3097 560 3137 non
587 3081 886 3153 accepisti?
915 3083 1220 3152 propterea
1266 3078 1444 3134 etiam
1494 3079 1764 3135 voluntas
1813 3098 1932 3152 qua

2043 1234 2190 1290 quos
2221 1219 2391 1275 nobis
2422 1223 2681 1292 potestas
2711 1226 2800 1276 est
2829 1226 2962 1277 ante
2991 1222 3192 1279 oculos
3223 1227 3456 1280 nostros
3484 1241 3694 1298 perpe-

2041 1310 2195 1362 trare
2253 1307 2472 1364 scelera
2527 1308 2966 1381 permittamus,
3017 1310 3099 1364 rei
3148 1310 3303 1368 188
3357 1327 3494 1366 cum
3541 1311 3696 1384 ipsis

2041 1395 2473 1462 erimusQuam
2493 1413 2628 1452 vero
2647 1397 3102 1454 innumerabilia
3127 1397 3225 1454 ille
3255 1399 3544 1472 permittit
3565 1399 3696 1456 fieri

2041 1488 2176 1541 ante
2205 1484 2404 1540 oculos
2436 1502 2576 1541 suos
2605 1490 2745 1558 (cap.
2765 1487 2876 1553 26),
2903 1503 3030 1558 quae
3063 1487 3267 1560 utique
3299 1488 3348 1544 si
3380 1487 3692 1559 noluisset,

2041 1571 2206 1628 nulla
2225 1574 2444 1630 ratione
2467 1575 2833 1646 permitteret
2852 1575 2880 1630 ?
2901 1580 2960 1632 et
2979 1581 3173 1632 tamen
3187 1577 3392 1647 justus
3410 1581 3468 1633 et
3497 1577 3696 1634 bonus

2041 1665 2221 1728 est,et
2249 1663 2404 1734 quod
2433 1663 2740 1734 praebendo
2773 1663 3116 1736 patientiam
3148 1664 3250 1720 dat
3278 1665 3471 1722 locum
3503 1665 3694 1739 pomi-

2039 1751 2234 1807 tentiaa
2257 1751 2461 1806 nolens
2492 1751 2750 1824 aliquem
2782 1753 3028 1825 perire.»
3060 1753 3130 1808 Et
3158 1752 3218 1809 in
3251 1753 3400 1810 libro
3428 1755 3500 1812 de
3529 1755 3696 1811 Cate-

2041 1838 2340 1894 ehizandis
2371 1839 2704 1906 rudibus,in
2737 1857 2851 1913 quo
2882 1840 3366 1915 qualitercunque
3387 1843 3537 1899 hanc
3559 1860 3696 1899 sen-

2042 1927 2288 1984 tentiam
2318 1932 2520 1984 contra
2548 1927 2850 1986 haereticos
2879 1929 3231 2002 exposuerit,
3255 1933 3547 2004 quomodo
3578 1932 3694 1988 im-

2041 2016 2292 2074 buendis
2321 2017 2394 2072 ad
2426 2017 2602 2072 ﬁdem
2641 2017 2928 2074 tradenda
2956 2019 3052 2086 sit,
3087 2023 3145 2075 et
3169 2019 3414 2076 imbutis
3441 2021 3700 2078 tenenda

2043 2104 2139 2172 sit,
2172 2105 2466 2160 evidenter
2513 2105 2788 2174 ostendit,
2821 2105 3023 2162 dicens
3055 2122 3070 2162 :
3105 2130 3134 2158 «
3167 2105 3332 2176 Vere,
3366 2109 3562 2175 frater,
3594 2107 3704 2165 illa

2043 2210 2258 2266 magna
2283 2197 2339 2248 et
2364 2211 2500 2250 vera
2529 2193 2827 2251 beatitudo
2853 2198 2960 2263 est,
2995 2213 3121 2268 qum
3153 2196 3214 2251 in
3247 2196 3444 2253 futuro
3480 2196 3700 2254 saeculo

2043 2281 2262 2338 sanctis
2293 2281 2894 2355 promittitur.0mnia
2924 2283 3054 2340 vero
3083 2283 3337 2341 visibilia
3367 2289 3702 2353 transeunt,

2041 2374 2100 2426 et
2119 2369 2312 2426 omnis
2333 2370 2511 2442 hujus
2543 2371 2738 2427 saeculi
2762 2388 2998 2444 pompa,
3023 2377 3081 2429 et
3101 2371 3342 2442 deliciae,
3361 2377 3420 2430 et
3448 2373 3703 2429 curiosi-

2041 2462 2134 2514 tas
2153 2457 2501 2524 interibunt,
2527 2463 2586 2514 et
2611 2475 2810 2514 secum
2843 2459 2916 2514 ad
2948 2459 3252 2516 interitum
3281 2459 3522 2516 trahunt
3541 2477 3708 2517 ama-

2042 2551 2199 2603 tores
2225 2563 2384 2603 suos.
2407 2549 2452 2601 A
2473 2563 2589 2619 quo
2621 2546 2882 2615 interitu,
2916 2547 3025 2604 hoc
3055 2553 3144 2605 est
3173 2549 3362 2622 poenis
3386 2550 3706 2622 sempiter-
3768 2616 3778 2620 _

2043 2635 2156 2702 nis,
2181 2621 2336 2691 Deus
2359 2634 2695 2692 misericors
2715 2635 2913 2692 volens
2932 2621 3203 2694 homines
3223 2635 3490 2704 liberare,
3510 2621 3558 2693 si
3583 2635 3701 2694 sibi

2040 2722 2154 2796 ipsi
2177 2741 2290 2778 non
2315 2723 2432 2779 sint
2455 2723 2702 2790 inimici,
2725 2728 2784 2780 et
2813 2741 2929 2780 non
2971 2725 3250 2782 resistant
3281 2725 3701 2782 misericordia

2041 2811 2330 2869 Creatoris
2359 2813 2474 2879 sui,
2509 2811 2672 2868 misit
2713 2813 3082 2887 unigenitum
3112 2814 3324 2870 Filium
3355 2831 3550 2886 suum,
3583 2814 3702 2870 hoc

2040 2907 2149 2969 est,
2189 2901 2444 2958 Verbum
2476 2919 2674 2973 suum,
2707 2901 2928 2974 aequale
2959 2902 3092 2971 sibi,
3117 2919 3220 2976 per
3248 2904 3401 2976 quod
3433 2902 3702 2959 condidit

2041 2991 2260 3058 omnia,
2279 2993 2337 3046 et
2367 3007 2613 3046 manens
2643 2990 2882 3062 quidem
2916 2991 2974 3046 in
3005 2991 3308 3048 divinitate
3338 3009 3464 3058 sua,
3488 2995 3546 3048 et
3576 3009 3696 3047 non

2045 3080 2321 3135 recedens
2343 3097 2377 3134 a
2396 3079 2582 3144 Patre,
2606 3095 2712 3134 nec
2733 3079 2793 3134 in
2817 3078 3011 3152 aliquo
3033 3085 3318 3150 mutatus,
3339 3081 3702 3138 assumendo

279 3145 576 3227 credimus
603 3145 757 3224 dono
786 3167 889 3223 Dei
915 3145 1218 3234 tribuitur,
1252 3167 1392 3239 quia
1421 3168 1492 3222 de
1523 3168 1704 3223 libero
1734 3145 1932 3224 existit
1961 3145 2004 3211 (ἶ
2044 3171 2241 3223 tamen
2273 3166 2659 3235 hominem,et
2678 3167 2737 3222 in
2771 3145 2944 3223 carne
2975 3167 3206 3224 mortali
3237 3145 3577 3225 hominibus
3601 3185 3706 3241 ap-

280 3256 704 3330 arbitrio,quod
737 3272 872 3310 cum
895 3272 1229 3310 crearemur
1257 3254 1590 3326 accepimus
1623 3271 1636 3308 :
1671 3257 1934 3312 attendat

279 3352 340 3405 et
359 3347 552 3410 videat
573 3363 686 3402 non
709 3344 838 3400 ideo
869 3346 1104 3398 tantum
1137 3343 1310 3397 istam
1340 3342 1705 3398 voluntatem
1734 3343 1930 3400 divino

280 3434 509 3494 muneri
531 3429 1072 3503 tribuendam,qiiia
1091 3447 1158 3485 ex
1181 3429 1362 3485 libero
1382 3429 1622 3485 arbitrio
1644 3435 1755 3501 est,
1775 3432 1930 3504 quod

281 3525 451 3582 nobis
481 3520 824 3579 naturaliter
843 3523 1213 3575 concreatum
1237 3522 1550 3584 est,verum
1577 3519 1754 3574 etiam
1775 3521 1929 3592 quod

277 3613 537 3670 visorum
559 3608 934 3667 suasionibus
957 3606 1078 3678 agit
1097 3607 1251 3662 Deus
1274 3610 1339 3661 ut
1361 3606 1696 3675 velimus,et
1720 3613 1783 3662 ut
1803 3625 1930 3664 cre-

280 3702 513 3766 damus,
538 3699 657 3754 sive
676 3695 1039 3754 extrinsecus
1063 3712 1166 3766 per
1183 3694 1550 3767 evangelicas
1580 3695 1931 3752 exhortatio-

282 3806 408 3857 nes,
441 3785 543 3842 ubi
571 3791 630 3842 et
659 3784 937 3840 mandata
964 3782 1112 3856 legis
1141 3782 1364 3854 aliquid
1398 3787 1606 3856 agunt,
1639 3783 1690 3840 si
1719 3785 1792 3840 ad
1823 3784 1932 3840 hoc

169 3933 180 3951 ,
281 3877 604 3933 admonent
630 3871 932 3928 hominem
961 3871 1322 3927 infirmitatis
1354 3876 1566 3938 suae,ut
1587 3874 1658 3928 ad
1682 3873 1930 3946 gratiam

274 3961 700 4036 justiticantem
723 3959 1010 4016 credendo
1035 3959 1367 4032 confugiat:
1403 3961 1522 4016 sive
1553 3961 1928 4031 intrinsecus,

283 4053 381 4110 ubi
406 4067 577 4108 nemo
597 4047 844 4106 habetin
856 4053 1143 4122 potestate
1155 4049 1294 4120 quid
1310 4048 1360 4103 ei
1375 4050 1636 4105 veniatin
1651 4055 1905 4107 mentem
1916 4095 1930 4118 ,

283 4141 385 4199 sed
411 4139 742 4197 consentire
763 4138 852 4196 vel
883 4137 1196 4194 dissentire
1217 4138 1462 4210 propriae
1483 4139 1800 4195 voluntatis
1821 4144 1930 4195 est.

285 4230 543 4302 llis~ergo
575 4227 766 4284 modis
799 4227 1034 4300 quando
1065 4226 1221 4282 Deus
1241 4226 1362 4298 agit
1381 4243 1515 4282 cum
1547 4227 1746 4282 anima
1766 4228 1936 4283 ratio-

283 4317 402 4374 nali
435 4321 501 4373 ut
530 4317 582 4374 ei
612 4317 833 4386 credat,
857 4332 1046 4387 neque
1078 4315 1235 4369 enim
1265 4315 1500 4370 credere
1529 4319 1722 4388 potest
1749 4317 1934 4388 quod-

281 4406 427 4463 libet
454 4405 635 4461 libere
664 4403 925 4472 arbitrio,
953 4402 1001 4460 si
1035 4402 1198 4458 nulla
1228 4401 1305 4458 sit
1334 4402 1531 4459 suasio
1579 4403 1668 4459 vel
1710 4405 1934 4460 vocatio

2040 3256 2318 3328 parendo,
2355 3254 2514 3311 venit
2538 3256 2610 3310 ad
2641 3254 2931 3324 homines,
2968 3261 3034 3312 ut
3062 3258 3560 3330 quemadmodum
3594 3275 3708 3330 per

2043 3360 2226 3398 unum
2251 3343 2576 3414 hominem,
2597 3343 2697 3416 qui
2720 3343 2948 3416 primus
2971 3345 3159 3401 factus
3174 3345 3350 3414 est,id
3367 3351 3458 3403 est
3484 3345 3671 3402 Adam
3687 3390 3707 3414 ,

2041 3449 2202 3488 mors
2234 3431 2472 3488 intravit
2504 3430 2563 3486 in
2595 3449 2781 3506 genus
2829 3432 3177 3502 humanum,
3209 3434 3350 3506 quia
3400 3434 3710 3490 consensit

2040 3519 2270 3576 mulieri
2302 3538 2422 3576 suae
2454 3521 2708 3576 seductas
2739 3538 2773 3576 a
2802 3521 3057 3590 diabolo,
3091 3527 3156 3577 ut
3205 3526 3560 3595 praeceptum
3601 3523 3706 3579 Dei

2040 3609 2616 3682 transgrederentur:
2633 3609 2716 3665 sic
2738 3627 2841 3683 per
2865 3627 3050 3666 unum
3073 3610 3500 3684 bominem,qui
3519 3611 3704 3670 etiam

2041 3699 2196 3755 Deus
2227 3703 2316 3754 est
2344 3699 2441 3754 Dei
2471 3698 2674 3766 Filius,
2705 3700 2910 3756 Jesum
2957 3700 3278 3767 Christum,
3310 3699 3518 3757 deletis
3564 3718 3704 3756 om-

2041 3787 2217 3842 nibus
2249 3787 2503 3860 peccatis
2534 3788 2862 3860 praeteritis,
2894 3791 3195 3846 credentes
3225 3790 3286 3845 in
3318 3807 3453 3846 eum
3488 3807 3705 3846 omnes

2041 3875 2100 3931 in
2133 3881 2410 3931 aeternam
2458 3875 2638 3932 vitam
2689 3877 3154 3951 ingrederentur.
3191 3901 3220 3927 »
3251 3879 3324 3933 Et
3351 3879 3411 3933 in
3443 3877 3592 3934 libro
3625 3878 3705 3935 de

2043 3965 2202 4020 Bono
2219 3963 2661 4037 perseverantia:
2685 3969 2824 4036 (cap.
2856 3967 2947 4033 23)
2977 3983 2988 4020 :
3016 3970 3252 4040 «Atque
3284 3966 3508 4022 utinam
3542 3967 3704 4022 tardi

2042 4051 2214 4108 corde
2243 4056 2301 4108 et
2329 4051 2568 4120 infirmi,
2602 4052 2702 4124 qui
2752 4071 2868 4110 non
2922 4059 3174 4126 possunt
3227 4054 3562 4128 Scripturas
3605 4055 3702 4111 vel

2043 4157 2245 4196 earum
2267 4140 2662 4210 expositiones
2690 4140 3032 4215 intelligere,
3057 4143 3141 4198 sic
3171 4143 3445 4199 audirent
3464 4141 3554 4199 vel
3576 4160 3700 4200 non

2043 4229 2316 4284 audirent
2337 4227 2395 4284 in
2419 4229 2528 4285 hac
2549 4229 2870 4302 quaestione
2901 4231 3329 4302 disputationes
3359 4235 3707 4296 nostras,ut

2043 4317 2234 4390 magis
2265 4317 2635 4373 intuerentur
2664 4317 2956 4374 orationes
2987 4336 3146 4387 suas,
3171 4337 3318 4392 quas
3344 4335 3580 4392 semper
3601 4318 3709 4375 ha-

2043 4404 2173 4460 buit
2201 4409 2259 4460 et
2305 4405 2546 4460 habebit
2593 4405 2852 4462 Ecclesia
2899 4407 2972 4462 ab
3016 4407 3268 4464 exordiis
3316 4407 3463 4474 suis,
3514 4408 3708 4464 donec

285 4495 379 4551 cui
401 4493 879 4564 credat,profecto
900 4496 958 4547 et
977 4491 1173 4563 ipsum
1205 4489 1350 4546 velle
1378 4493 1610 4548 credere
1631 4492 1784 4548 Deus
1801 4510 1934 4564 ope-
1965 4505 2014 4572 Β
2047 4491 2288 4548 finiatur
2316 4493 2425 4548 hoc
2450 4493 2752 4550 saeculum.
2780 4495 2860 4550 De
2891 4495 3001 4551 hac
3023 4495 3180 4552 enim
3212 4513 3292 4564 re,
3327 4513 3508 4568 quam
3540 4513 3710 4552 nunc

286 4587 452 4640 ratur
481 4581 540 4635 in
571 4579 830 4645 homine,
863 4583 922 4634 et
953 4579 1010 4633 in
1053 4579 1328 4634 omnibus
1375 4579 1779 4636 misericordia
1807 4583 1936 4652 ejus

287 4668 562 4742 praevenit
593 4685 719 4724 nos.
761 4667 1102 4723 Consentire
1147 4671 1342 4722 autem
1373 4669 1660 4724 vocationi
1691 4669 1812 4738 Dei,
1847 4669 1933 4726 vel

287 4757 360 4812 ab
391 4773 460 4812 ea
491 4755 823 4820 dissentire,
857 4754 1008 4809 sicut
1039 4753 1315 4822 diximus,
1344 4757 1590 4828 propria:
1619 4756 1936 4814 voluntatis

286 4849 394 4902 est.
428 4847 562 4911 Qua
593 4860 686 4898 res
717 4858 833 4898 non
865 4841 1056 4898 solum
1089 4860 1203 4898 non
1233 4841 1494 4899 infirmat
1524 4846 1676 4917 quod
1709 4847 1934 4902 dictum

287 4937 396 5000 est,
444 4931 584 5001 Quid
631 4932 781 4987 enim
835 4930 997 4987 habes
1049 4930 1189 5004 quod
1238 4947 1349 4988 non
1395 4934 1696 5004 accepisti?
1732 4951 1934 4989 verum

285 5026 462 5078 etiam
494 5021 823 5078 conﬁrmat.
856 5018 1128 5092 Accipere
1160 5019 1375 5092 quippe
1405 5023 1464 5074 et
1494 5019 1707 5076 habere
1738 5023 1937 5078 anima

180 5165 188 5173 ,
287 5128 403 5168 non
435 5115 626 5184 potest
655 5110 828 5176 dona,
855 5108 927 5164 de
957 5107 1174 5180 quibus
1204 5107 1313 5162 hoc
1343 5107 1527 5175 audit,
1553 5108 1664 5164 nisi
1691 5126 1933 5166 consen-

288 5197 487 5254 tiendo
512 5215 524 5254 :
552 5214 618 5252 ac
641 5213 744 5270 per
763 5196 874 5252 hoc
895 5195 1038 5268 quid
1070 5195 1283 5257 habeat
1301 5199 1359 5250 et
1380 5195 1518 5266 quid
1561 5197 1808 5268 accipiat
1836 5197 1936 5253 Dei

288 5290 376 5340 est
399 5301 413 5340 :
439 5285 702 5358 accipere
717 5288 912 5340 autem
934 5288 992 5338 et
1011 5283 1246 5349 habere,
1271 5281 1474 5354 utique
1512 5284 1853 5355 accipientis
1882 5291 1940 5342 et

289 5371 560 5428 habentis
592 5377 701 5427 est.
734 5373 866 5428 Jam
907 5370 955 5425 si
989 5370 1060 5424 ad
1094 5369 1251 5423 illam
1286 5369 1742 5440 profunditatem
1775 5389 1937 5428 scru-

291 5460 526 5515 tandum
548 5459 860 5532 quisquam
885 5475 992 5514 nos
1013 5459 1398 5521 coarctet,cur
1417 5454 1501 5509 illi
1522 5457 1603 5511 ita
1623 5461 1942 5516 suadentur

291 5551 357 5602 ut
377 5548 818 5618 persuadeatur,
839 5545 921 5602 illi
954 5549 1149 5602 autem
1183 5560 1297 5600 non
1331 5543 1411 5599 ita
1441 5544 1556 5599 duo
1587 5545 1709 5602 sola
1740 5563 1939 5604 occur-

2045 4580 2325 4636 adversus
2345 4596 2522 4636 novos
2544 4579 2845 4636 haereticos
2877 4582 3014 4654 (cap.
3047 4583 3161 4648 24),
3195 4598 3309 4638 non
3341 4598 3708 4638 commemo-

2044 4685 2172 4724 rare
2191 4671 2445 4734 tantum,
2481 4668 2580 4724 sed
2606 4667 2776 4740 plane
2799 4669 2950 4726 tueri
2973 4672 3030 4725 et
3059 4670 3362 4726 defensare
3392 4669 3706 4744 compelli-

2045 4770 2508 4825 mur,nunquam
2530 4755 2712 4810 tacuit
2733 4756 2790 4810 in
2815 4756 3086 4828 precibus
3102 4756 3361 4822 suis,etsi
3377 4756 3708 4830 aliquando

2044 4843 2102 4897 in
2127 4841 2498 4898 sermonibus
2519 4843 3056 4910 exerendam,nullo
3079 4849 3319 4918 urgente
3339 4845 3710 4915 adversario,

2044 4949 2159 4987 non
2201 4929 2444 5002 putavit.
2487 4931 2729 4996 Quando
2781 4931 2936 4987 enim
2971 4949 3086 4988 non
3117 4937 3347 4990 oratum
3379 4937 3470 4990 est
3499 4933 3558 4988 in
3590 4933 3708 4989 Ec-

2044 5019 2223 5076 clesia
2243 5035 2346 5090 pro
2365 5017 2724 5086 inﬁdelibus,
2751 5023 2924 5092 atque
2955 5020 3212 5076 inimicis
3242 5021 3372 5092 ejus
3401 5025 3466 5076 ut
3490 5021 3708 5077 crede-

2043 5107 2216 5163 rent?
2237 5107 2473 5179 quando
2494 5107 2682 5162 ﬁdelis
2703 5109 3017 5180 quisquam
3049 5109 3708 5181 amicum,proximum,

2045 5197 2356 5268 conjugcm
2387 5194 2593 5251 habuit
2640 5193 2959 5263 inﬁdelem,
2993 5203 3050 5252 ct
3079 5215 3194 5253 non
3227 5197 3280 5254 ei
3301 5197 3504 5270 petivit
3535 5215 3570 5252 a
3599 5202 3716 5252 Do-

2048 5283 2206 5340 mino
2237 5287 2492 5338 mentem
2525 5283 2891 5338 obedientem
2922 5285 2983 5339 in
3014 5285 3346 5342 Christiana
3375 5287 3489 5340 ﬁde
3511 5290 3536 5342 Ρ
3557 5285 3716 5352 Quis

2049 5376 2248 5427 autem
2280 5371 2391 5426 sibi
2423 5387 2685 5442 unquam
2719 5388 2834 5427 non
2867 5373 3070 5440 oravit,
3095 5379 3162 5428 ut
3192 5373 3250 5428 in
3284 5373 3532 5429 Domino
3565 5389 3718 5445 per-

2049 5459 2344 5515 maneret?
2367 5463 2471 5514 aut
2491 5457 2624 5531 quis
2647 5461 3008 5517 sacerdotem
3031 5479 3209 5535 super
3233 5461 3498 5518 infideles
3510 5463 3725 5518 Domi-

2051 5565 2193 5604 num
2214 5546 2602 5614 invocantem,
2627 5547 2677 5604 si
2699 5550 2934 5620 quando
2957 5549 3136 5606 dixit:
3163 5550 3250 5606 Da
3273 5547 3406 5617 illis,
3432 5549 3721 5618 Domino,
