3950 6172
179 292 294 358 351

905 291 1008 353 DE
1052 290 1811 354 PlleDESTINATIONE
1852 288 2391 352 DlSSER'l‘ATIO.
2416 290 2878 354 POSTERIOR.

3468 290 3599 363 288'

179 423 249 481 ad
275 425 690 480 evacnandum
739 384 895 497 quod
942 424 1297 481 calomniose
1340 424 1643 495 objiciunt,
1675 429 1733 480 et
1763 424 1834 479 ad
1864 429 1917 495 Α
1949 441 2116 492 num,
2147 423 2241 479 his
2270 440 2398 496 quae
2431 423 2817 496 impossibilia
2852 432 3018 482 erant
3060 445 3333 490 enarrare
3377 450 3588 492 succus

178 510 617 571 defendendum
631 513 790 584 quod
811 512 890 566 im
897 511 987 583 pic
1000 511 1120 566 difli
1130 513 1423 567 tcutur.Sc
1431 511 1472 566 ri
1483 512 1626 566 bcus
1639 511 1834 582 itaque

177 600 246 658 ad
278 598 667 657 Timotheum
700 600 982 673 magister
1009 600 1275 672 gentium
1299 599 1514 655 Paulus
1535 599 1834 671 apostolus

176 688 256 744 ait
281 704 296 742 :
324 687 561 746 Obsecro
589 691 768 758 igitur
791 690 972 761 primo
1000 690 1401 760 omnium,ﬁeri
1419 689 1829 756 obsecrationes,

173 777 586 849 postulationes,
617 779 928 846 gratiarum
956 779 1210 846 actiones,
1239 793 1340 850 pro
1367 779 1620 834 omnibus
1665 778 1834 833 homi-

175 867 358 933 nibus,
381 881 487 938 pro
518 867 762 936 regibus,
785 874 838 922 et
861 882 962 938 pro
990 867 1242 922 omnibus
1271 867 1368 938 qui
1400 868 1460 921 in
1499 867 1836 922 sublimitate

175 962 316 1021 nuit,
329 962 396 1010 ut
424 956 669 1027 quietam
697 962 749 1010 et
775 955 1137 1026 tranquillam
1161 957 1330 1010 vitam
1357 971 1583 1026 agamus
1604 957 1664 1010 in
1683 957 1835 1010 omni

171 1045 370 1116 pietate
419 1051 474 1100 et
519 1046 766 1100 castitate
797 1044 844 1112 (1
872 1045 1006 1099 Tim.
1033 1061 1096 1111 ιι,
1131 1044 1204 1116 1).
1261 1045 1374 1100 lloc
1421 1043 1577 1100 enim
1610 1043 1833 1099 bonum

177 1137 279 1202 est,
313 1137 373 1189 et
405 1137 716 1206 acceptum
747 1149 943 1189 coram
985 1131 1280 1190 Salvatore
1324 1137 1523 1188 nostro
1571 1133 1706 1201 Deo,
1731 1132 1832 1205 qui

176 1237 378 1279 clunes
431 1220 708 1277 homines
738 1220 862 1276 vult
891 1219 1083 1278 salvos
1115 1221 1258 1290 fieri,
1290 1225 1348 1278 et
1375 1221 1436 1276 in
1473 1220 1832 1293 agnitionem

175 1309 441 1366 veritatis
465 1309 685 1365 venire.
708 1309 872 1366 Unde
900 1309 1058 1365 enim
1087 1310 1262 1378 Deus,
1278 1315 1335 1366 et
1365 1327 1518 1366 unus
1549 1310 1835 1366 mediator

177 1397 270 1456 Dei
299 1403 360 1456 et
381 1397 910 1466 hominum,bomo
940 1398 1211 1455 Christus
1239 1398 1547 1472 Jesus,qni
1569 1399 1730 1454 dedit
1749 1415 1837 1454 se-

177 1487 500 1559 metipsum
529 1486 990 1558 redemptionem
1019 1504 1122 1560 pro
1144 1487 1440 1544 omnibus.
1466 1488 1546 1544 De
1567 1487 1675 1544 hac
1693 1502 1832 1560 ergo

177 1575 454 1632 doctrinae
470 1574 804 1647 apostolica:
828 1575 1048 1648 regula,
1065 1592 1182 1648 qua
1213 1575 1469 1632 Ecclesia
1485 1575 1830 1634 universalis

177 1663 483 1731 imbuitur,
503 1680 578 1719 ne
607 1664 670 1720 in
703 1663 998 1720 diversum
1027 1663 1388 1720 intellectum
1407 1669 1606 1721 nostro
1628 1681 1832 1739 evage-

177 1768 306 1810 mur
334 1752 601 1820 arbitrio,
616 1751 758 1824 quid
790 1753 919 1825 ipsa
952 1752 1297 1810 universalis
1315 1753 1573 1810 Ecclesia
1593 1753 1828 1817 sentiat,
1857 1784 1908 1850 B

176 1842 548 1914 requiramus
573 1858 587 1896 :
613 1842 768 1898 19³
789 1841 930 1914 quia
957 1840 1103 1898 nihil
1127 1857 1254 1898 esse
1276 1841 1521 1898 dubium
1543 1842 1752 1914 poterit
1772 1842 1832 1898 in

177 1930 543 2004 pracepto,si
559 1929 892 1986 obedientia
912 1931 1226 1989 concordat
1247 1931 1305 1986 in
1327 1931 1542 1987 studio.
1560 1931 1834 2004 Przecepit

179 2019 369 2092 itaque
398 2017 740 2091 Apostolus,
762 2019 880 2075 imo
905 2036 1010 2092 per
1028 2018 1372 2092 Apostolum
1407 2020 1706 2088 Dominus,
1731 2019 1832 2093 qui

178 2106 528 2180 loquebatur
547 2106 608 2162 in
627 2107 924 2178 Apostolo,
948 2107 1072 2163 ﬁeri
1102 2107 1555 2175 obsecrationes,
1574 2109 1832 2181 postula-

182 2195 384 2268 tiones,
397 2196 728 2269 gratiarum
754 2195 1030 2262 actiones,
1047 2213 1150 2269 pro
1171 2195 1448 2252 omnibus
1468 2197 1830 2266 hominibus,

182 2289 234 2341 et
258 2301 366 2358 pro
395 2285 661 2358 regibus,
693 2302 760 2341 ac
792 2302 897 2358 pro
927 2284 1024 2340 his
1051 2285 1150 2357 qui
1183 2285 1241 2340 in
1267 2285 1632 2342 sublimitate
1673 2293 1829 2342 sunt.

187 2375 366 2440 Quam
395 2373 588 2446 legem
608 2373 1056 2446 supplicationis
1078 2375 1157 2429 ita
1180 2374 1446 2430 omnium
1463 2376 1833 2432 sacerdotum

185 2463 536 2518 etomnium
569 2461 833 2518 ﬁdelium
882 2463 1109 2518 devotio
1159 2463 1524 2519 concorditer
1575 2468 1734 2520 tenet
1770 2469 1836 2520 ut

186 2550 342 2607 nulla
369 2568 509 2623 pars
541 2551 750 2606 mundi
780 2551 857 2606 sit
885 2549 944 2605 in
993 2568 1111 2622 qua
1153 2551 1496 2622 hujusmodi
1545 2552 1836 2609 orationes

187 2657 298 2696 non
355 2639 724 2696 celebrentur
770 2657 806 2694 a
843 2638 1078 2712 populis
1131 2639 1500 2696 Christianis.
1533 2640 1836 2714 Supplicat

184 2745 320 2802 ergo
345 2726 569 2800 ubique
595 2727 856 2784 Ecclesia
885 2727 1022 2796 Deo,
1055 2744 1172 2783 non
1199 2727 1390 2784 solum
1442 2745 1546 2800 pro
1590 2731 1833 2796 sanctis,

185 2821 237 2871 et
259 2817 328 2872 in
356 2817 588 2873 Christo
610 2817 740 2888 jam
771 2815 1148 2889 regeneratis,
1177 2817 1280 2872 sed
1311 2817 1486 2873 etiam
1518 2835 1622 2890 pro
1652 2818 1838 2874 omni-

183 2904 288 2961 bus
321 2904 678 2974 infidelibus,
693 2909 751 2961 et
771 2903 1027 2960 inimicis
1047 2905 1239 2962 crucis
1262 2905 1498 2974 Christi,
1513 2923 1617 2978 pro
1638 2907 1834 2963 omni-

182 2993 288 3051 bus
319 2993 610 3051 idolorum
631 2993 981 3060 cultoribus,
996 3010 1098 3066 pro
1120 2993 1394 3050 omnibus
1416 2993 1517 3067 qui
1534 2994 1832 3052 Christum

183 3081 240 3138 in
265 3082 553 3140 membris
577 3083 704 3138 suis
728 3087 1183 3155 persequuntur,
1209 3099 1312 3155 pro
1343 3083 1562 3140 Judaais
1579 3099 1830 3156 quorum

1945 513 2090 567 buit.
2123 535 2147 561 η
2179 513 2248 568 Et
2279 516 2410 584 post
2439 530 2625 585 pauca
2654 514 2792 586 (cap.
2817 515 2872 582 5)
2898 531 2912 570 :
2937 515 3286 576 «Praemissa
3314 522 3469 578 enim
3492 525 3594 580 do-

1942 602 2128 656 centis
2157 601 2400 656 assertio
2432 601 2625 656 locum
2657 602 2836 659 dabat
2866 601 3224 661 multimodis
3255 611 3586 682 quaestioni,

1942 694 2008 745 ut
2035 689 2259 745 variata
2287 706 2390 762 per
2421 695 2505 746 tot
2534 690 2782 764 populos
2812 708 2880 747 ac
2908 696 3173 766 tempore.
3189 697 3390 768 gratiae
3409 713 3590 756 causa

1941 779 2660 850 qumrcrctur,curscilicet
2678 779 3072 838 anterioribus
3091 782 3321 840 seculis
3331 785 3593 843 dimissae

1941 871 2138 922 essent
2167 882 2372 922 omnes
2401 873 2605 941 gentes
2634 868 2860 941 ingredi
2891 869 3016 926 vias
3037 888 3196 940 suas,
3219 889 3336 928 uno
3356 876 3589 931 tantum

1942 953 2172 1021 Israele,
2203 955 2302 1027 qui
2333 955 2549 1013 divinis
2590 955 2838 1030 eloquiis
2877 959 3226 1027 erudiretur,
3249 967 3506 1034 excepto,
3533 966 3594 1020 et

1942 1043 2013 1098 ad
2046 1042 2434 1116 cognitionem
2457 1045 2716 1102 veritatis
2745 1045 2945 1115 electo,
2966 1047 3148 1120 Cujus
3179 1049 3594 1108 infldelitaslo-

1941 1147 2073 1186 cum
2107 1132 2344 1188 tandem
2365 1132 2661 1189 salvandis
2682 1134 2957 1207 gentibus
2978 1135 3514 1212 fecerit,tanquam,
3538 1138 3589 1197 si

1940 1236 2096 1275 unus
2123 1219 2376 1292 populus
2393 1219 2451 1275 in
2475 1221 2590 1277 fide
2605 1221 2697 1277 sul
2717 1222 2946 1294 generis
2967 1231 3354 1297 permaneret,
3368 1226 3592 1284 miseri-

1941 1307 2140 1363 cordia
2169 1307 2271 1364 Dei
2301 1309 2528 1365 czeteris
2548 1309 2886 1368 nationibus
2917 1329 2979 1368 se
3009 1319 3285 1386 praestare
3311 1332 3429 1372 non
3449 1333 3592 1390 pos-

1941 1396 2180 1452 set.Cur
2206 1395 2458 1470 denique
2487 1398 2888 1471 ipsi,quorum
2919 1399 3234 1460 diminutio
3262 1403 3424 1461 salus
3444 1421 3592 1479 gen-

1940 1485 2089 1540 tium
2120 1488 2229 1555 est,
2247 1485 2322 1540 ab
2353 1485 2740 1544 obcaecatione
2761 1505 2870 1545 sua
2897 1505 3015 1546 non
3045 1490 3370 1548 liberentur
3393 1494 3592 1566 prius-

1942 1590 2119 1646 quam
2149 1572 2517 1646 ingrediatur
2545 1575 2807 1648 gentium
2840 1575 3163 1649 plenitudo,
3177 1581 3346 1652 quasi
3378 1580 3594 1638 illumi-

1943 1662 2066 1716 nari
2089 1679 2224 1717 cum
2246 1663 2522 1720 omnibus
2554 1666 2980 1738 nequeant,qui
3012 1683 3216 1723 omnes
3260 1669 3414 1726 facta
3435 1671 3602 1728 1.4-

1941 1750 2207 1805 omnium
2239 1751 2500 1824 gentium
2535 1752 2844 1824 adeptione
2865 1753 3128 1812 salvandi
3145 1761 3304 1813 sunt.
3319 1759 3436 1814 Ant
3453 1774 3594 1832 quo-

1944 1839 2114 1894 modo
2145 1839 2337 1894 omnis
2369 1839 2544 1895 Israel
2574 1841 2806 1897 sublata
2843 1841 3229 1901 obczecatione
3275 1845 3591 1905 salvandus

1942 1926 2214 1998 sit,cujus
2231 1927 2678 1985 innumerabilis
2704 1929 3019 1987 multitudo
3041 1931 3100 1988 in
3119 1949 3228 1988 sua
3248 1933 3592 1992 infidelitate

1942 2015 2219 2072 deficiens
2241 2016 2313 2072 ad
2343 2021 2610 2090 tempora
2639 2015 2918 2074 salvantis
2939 2019 3230 2091 promissa
3254 2037 3369 2078 non
3391 2038 3592 2095 perve-

1942 2101 2049 2157 nit.
2078 2101 2180 2158 Vel
2213 2104 2506 2175 quomodo
2531 2103 2792 2176 ipsarum
2823 2107 3110 2179 gentium,
3139 2125 3390 2181 quarum
3427 2110 3593 2184 prius

1941 2208 2057 2246 non
2089 2195 2178 2246 est
2209 2193 2361 2247 facta
2383 2191 2874 2259 vocatio,dicatur
2891 2213 3048 2252 nunc
3079 2196 3305 2271 ingredi
3339 2198 3592 2272 plenitu-

1943 2281 2036 2347 do,
2071 2297 2203 2335 cum
2235 2284 2400 2336 tanta
2429 2282 2775 2352 promiscuae
2798 2285 2986 2341 aetatis
3005 2290 3064 2341 et
3103 2287 3452 2344 conditionis
3482 2288 3592 2344 ho-

1943 2368 2170 2424 minum
2202 2368 2404 2437 millia,
2421 2369 2480 2424 in
2512 2370 2789 2426 omnibus
2810 2373 3148 2430 nationibus
3171 2392 3300 2448 quae
3321 2381 3460 2432 sunt
3479 2377 3596 2434 sub

1943 2457 2106 2524 coelo,
2123 2456 2247 2514 sine
2277 2457 2491 2514 Christi
2508 2459 2936 2530 justificatione
2975 2463 3326 2522 moriantur.
3352 2465 3465 2523 Sed
3495 2465 3598 2522 hev

1942 2564 2075 2602 rum
2107 2547 2516 2619 mysteriorum
2531 2547 3011 2622 judiciorumque
3031 2568 3240 2608 causas
3263 2553 3397 2626 pius
3418 2559 3477 2611 et
3495 2555 3593 2611 do-

1941 2639 2073 2691 ctus
2102 2636 2384 2708 magister
2413 2635 2622 2692 maluit
2651 2638 2724 2692 ad
2747 2637 3118 2696 altitudinem
3141 2640 3476 2698 divitiarum
3507 2661 3598 2700 ει·-

1942 2723 2172 2796 Ρὶοηιίίε
2203 2723 2306 2778 Dei
2335 2723 2706 2796 scientiaeque
2739 2727 3114 2799 suspendere,
3129 2745 3305 2801 quam
3327 2730 3593 2802 justissio

1943 2829 2051 2866 mea
2080 2811 2340 2867 veritatis
2370 2817 2428 2867 et
2459 2813 3020 2871 misericordissima
3049 2815 3331 2874 bonitatis
3360 2819 3592 2876 subtra-

1941 2904 2101 2956 ctum
2134 2899 2207 2954 ab
2230 2899 2490 2954 humana
2511 2899 2842 2957 conditione
2866 2906 3156 2960 secretum
3177 2905 3486 2962 temeraria
3506 2907 3596 2963 in-

1942 2988 2255 3060 quisitione
2283 2987 2608 3047 discutere:
2635 2988 2780 3045 nihil
2803 2990 3078 3048 omittens
3110 2993 3182 3048 de
3210 2992 3455 3066 hisque
3473 3011 3593 3052 non

1942 3082 2170 3150 oportet
2198 3077 2474 3149 ignorari,
2510 3077 2654 3132 nihil
2691 3081 3164 3136 contractans-de
3193 3081 3286 3138 his
3316 3098 3444 3154 quae
3473 3099 3591 3140 non

186 3170 422 3227 cecitaﬁ
441 3170 650 3228 lumen
671 3147 967 3244 Evangelii
991 3187 1105 3226 non
1127 3147 1393 3243 refulget,
1410 3189 1514 3244 pro
1545 3147 1832 3230 haereticis
1861 3147 1904 3214 (ἶ
1943 3147 2076 3222 licet
2108 3147 2264 3222 sciri.
2281 3166 2464 3222 Multa
2482 3165 2639 3221 enim
2657 3172 2798 3222 sunt
2820 3166 2879 3222 in
2898 3147 3591 3244 dispensatione-operum

185 3259 678 3326 etschismaticis,
711 3259 814 3332 qui
858 3260 930 3315 ab
979 3259 1202 3316 unitate
1251 3259 1384 3315 fidei
1431 3264 1489 3317 et
1526 3260 1836 3320 charitatis

186 3347 347 3404 alieni
361 3354 528 3406 sunt.
543 3348 698 3415 Quid
718 3351 916 3404 autem
939 3365 1043 3420 pro
1061 3347 1191 3404 istis
1211 3348 1372 3420 petit,
1389 3347 1500 3405 nisi
1520 3350 1834 3421 ut,relictis

187 3436 474 3494 erroribus
502 3437 655 3504 suis,
688 3441 1105 3492 convertantur
1133 3437 1203 3492 ad
1236 3435 1444 3503 Deum,
1463 3438 1753 3510 accipiant
1774 3439 1836 3494 fi-

186 3525 329 3595 dem,
352 3525 653 3599 accipiant
677 3525 1001 3594 veritatem,
1023 3529 1079 3582 et
1108 3526 1180 3581 de
1211 3525 1555 3598 ignorantiae
1575 3527 1832 3584 tenebris

184 3611 498 3681 liberati,in
531 3613 894 3687 agnitionem
917 3613 1154 3670 veniant
1179 3614 1478 3671 veritatis?
1508 3615 1670 3682 Quod
1694 3615 1834 3689 quia

187 3702 288 3774 ipsi
331 3706 611 3775 praestare
660 3701 776 3760 sibi
825 3708 1144 3775 nequeunt,
1178 3703 1344 3760 male:
1387 3705 1832 3762 consuetudinis

188 3791 427 3862 pondere
455 3791 749 3864 oppressi,
783 3796 842 3848 et
866 3791 1081 3848 diaboli
1111 3791 1364 3848 vinculis
1385 3792 1831 3866 alligati,neque

186 3879 546 3954 deceptioncs
575 3898 718 3936 suas
749 3879 1010 3937 evincere
1039 3879 1251 3949 valent,
1269 3881 1486 3953 quibus
1509 3886 1627 3937 tam
1659 3883 1834 3956 perti-

188 3967 392 4024 naciter
419 3968 806 4036 inhaeserant,
823 3973 888 4024 ut
907 3973 1194 4040 quantum
1215 3970 1467 4026 amanda
1489 3975 1577 4026 est
1593 3972 1826 4042 veritas,

188 4058 401 4112 tantum
429 4056 690 4130 diligant
718 4056 1058 4124 falsitatem,
1090 4057 1425 4114 misericors
1460 4059 1743 4116 Dominus
1773 4065 1832 4118 et

181 4144 368 4214 justus
387 4163 493 4218 pro
513 4145 800 4202 omnibus
819 4144 932 4200 sibi
950 4144 1076 4201 vult
1105 4145 1446 4203 hominibus
1471 4147 1788 4220 supplicari
1811 4167 1828 4206 :

188 4237 248 4287 ut
271 4249 401 4289 cum
429 4232 708 4289 videmus
739 4234 810 4289 de
831 4237 952 4288 tam
974 4234 1280 4306 profundis
1296 4235 1468 4290 malis
1489 4235 1830 4295 innumeros

185 4320 450 4389 erui,non
466 4321 848 4395 ambigamus
868 4322 1052 4378 Deum
1074 4323 1415 4395 prestitisse
1437 4326 1591 4396 quod
1613 4330 1678 4380 ut
1693 4343 1832 4396 pra:-

185 4403 357 4467 διανεί
401 4416 604 4468 oratus
650 4415 761 4483 est,
794 4416 852 4466 et
893 4411 1113 4484 gratias
1161 4417 1396 4484 agentes
1445 4431 1549 4485 pro
1605 4414 1698 4470 his
1728 4415 1830 4488 qui

1941 3255 2296 3322 divinorum,
2312 3271 2563 3327 quorum
2585 3254 2779 3310 causis
2793 3255 3112 3312 latentibus
3130 3256 3239 3314 soli
3262 3263 3592 3316 monstran-
3613 3310 3617 3314 .

1941 3349 2042 3400 tur
2070 3344 2331 3411 effectus,
2353 3348 2418 3398 ut
2449 3359 2583 3398 cum
2605 3347 2801 3415 pateat
2821 3345 2974 3416 quod
2993 3345 3237 3418 geritur,
3260 3363 3374 3404 non
3397 3352 3606 3420 pateat-

1942 3449 2047 3488 cur
2075 3435 2330 3504 geratur,
2362 3432 2593 3503 negotio
2627 3431 2685 3486 in
2718 3432 2980 3488 medium
3010 3433 3284 3506 deducto,
3315 3441 3373 3492 et
3401 3436 3462 3493 in
3491 3453 3589 3494 oc-

1941 3521 2169 3578 cultum
2199 3520 2424 3576 ratione
2453 3520 2763 3589 subducta,
2798 3525 2862 3576 nt
2893 3521 2952 3576 in
2983 3523 3189 3579 eadem
3220 3541 3282 3580 re
3311 3529 3369 3580 et
3398 3525 3470 3582 de
3501 3526 3592 3582 in-

1941 3607 2358 3666 scrutabilibus
2389 3609 2766 3682 praesumptio
2788 3610 3300 3682 comprimatur,et
3319 3614 3388 3669 de
3409 3613 3592 3670 manto

1941 3699 2104 3754 festis
2135 3696 2362 3753 falsitas
2390 3699 2692 3754 refutetur.
2728 3721 2758 3748 ››
2790 3699 2858 3754 Et
2876 3704 3010 3772 post
3038 3699 3293 3772 plurima
3321 3706 3462 3775 (cap.
3491 3705 3587 3773 7):

1939 3811 1968 3837 «
2003 3787 2063 3843 Si
2086 3803 2220 3842 vero
2251 3787 2532 3858 qumritur
2560 3803 2665 3842 cur
2694 3786 2960 3843 Salvator
2987 3789 3253 3846 omnium
3283 3789 3590 3850 hominum

1940 3893 2055 3932 non
2086 3875 2362 3932 omnibus
2389 3875 2612 3931 dederit
2639 3875 2797 3932 hunc
2817 3882 3159 3947 sensum,ut
3178 3885 3596 3952 cognoscerent

1939 3982 2140 4021 verum
2175 3965 2380 4036 Deum,
2396 3969 2452 4021 et
2482 3968 2696 4036 essent,
2711 3965 2770 4021 id
2801 3971 2892 4022 est
2920 3973 3352 4038 permanerent,
3377 3969 3438 4025 in
3457 3985 3592 4028 vero

1942 4053 2084 4110 Filio
2098 4055 2226 4126 ejus
2243 4070 2255 4108 :
2274 4053 2542 4126 quamvis
2554 4055 2862 4110 credamus
2875 4053 3056 4110 nullis
3067 4055 3408 4114 hominibus
3419 4075 3594 4132 opem

1938 4143 2140 4216 gratiae
2171 4143 2230 4196 in
2263 4147 2453 4198 totum
2485 4143 2666 4198 fuisse
2697 4143 3082 4212 subtractam,
3115 4139 3188 4200 de
3213 4162 3330 4217 quo
3359 4145 3594 4218 plenius

1937 4229 1998 4288 in
2029 4232 2524 4306 consequentibus
2546 4232 2910 4288 disseremus
2943 4249 2958 4288 :
2993 4236 3191 4288 tamen
3213 4233 3296 4289 ita
3315 4234 3460 4291 forte
3477 4233 3592 4306 hoc

1937 4324 2193 4380 velatum
2227 4324 2324 4394 sit,
2351 4322 2502 4378 sicut
2532 4321 2674 4376 illud
2709 4321 3121 4377 absconditum
3142 4325 3232 4379 est
3268 4323 3592 4393 cur,omni-

1939 4415 2051 4469 bus
2063 4412 2336 4484 gentibus
2351 4409 2968 4483 przetermissis,unum
2986 4409 3097 4467 sibi
3114 4411 3396 4486 populum
3410 4423 3588 4486 quem

185 4498 320 4553 salvi
339 4499 475 4556 facti
497 4504 975 4572 sunt,speremus
992 4499 1169 4556 etiam
1191 4517 1291 4557 eos
1302 4501 1402 4573 qui
1421 4503 1670 4559 necdum
1694 4509 1832 4560 sunt
1853 4512 1902 4578 D
1938 4503 2011 4560 ad
2041 4500 2298 4558 veritatis
2333 4498 2720 4571 cognitionem
2751 4500 3010 4558 erudiret
3036 4501 3343 4576 exceperit.
3367 4502 3448 4560 De
3469 4519 3588 4576 quo

185 4585 511 4657 illuminati,
531 4588 739 4644 eodem
761 4587 968 4644 divina:
992 4589 1192 4661 gratia:
1214 4605 1384 4662 opere
1401 4591 1738 4649 eximendos
1755 4593 1826 4649 de

185 4681 457 4746 potestate
479 4676 884 4744 tenebrarum,
919 4681 976 4732 et
1005 4677 1063 4731 in
1094 4693 1341 4750 regnum
1360 4679 1459 4735 Dei
1478 4680 1824 4753 priusquam

186 4761 252 4817 de
275 4762 382 4820 bac
407 4770 620 4821 exeant
645 4763 766 4821 vita
791 4765 1246 4822 transferendos.
1279 4769 1442 4833 Quod
1474 4769 1523 4824 si
1573 4769 1822 4842 aliquos,

185 4851 330 4909 sicut
349 4853 622 4910 videmus
649 4854 934 4921 accidere,
949 4853 1228 4911 salvantis
1249 4856 1435 4928 gratia
1464 4858 1828 4928 praeterierit,

186 4943 238 4995 et
261 4957 362 5014 pro
382 4943 470 4999 eis
486 4943 680 4999 oratio
714 4941 985 4998 Ecclesiae
1007 4947 1238 5015 recepta
1249 4960 1374 5000 non
1407 4945 1605 5012 fuerit,
1629 4946 1701 5001 ad
1731 4962 1826 5002 oc-

187 5025 334 5085 culta
347 5031 554 5088 divinae
567 5031 1054 5102 justitiaajudicia
1073 5032 1440 5088 referendum
1461 5038 1636 5102 est,et
1657 5051 1832 5107 agno-

188 5117 455 5174 scendum
477 5118 688 5174 secreti
717 5117 796 5172 hu
797 5119 900 5189 jus
929 5117 1390 5190 profunditatem
1422 5119 1590 5176 nobis
1627 5120 1686 5176 in
1713 5121 1824 5178 hac

186 5203 295 5261 vita
322 5211 515 5279 patere
545 5224 664 5264 non
693 5223 885 5279 posse.
911 5208 993 5263 Ex
1021 5210 1186 5279 parte
1225 5206 1380 5263 enim
1406 5205 1648 5278 scimus,
1671 5214 1729 5266 et
1757 5226 1824 5267 ex

189 5299 338 5364 parte
367 5296 811 5368 prophetamns,
834 5301 892 5352 et
913 5295 1182 5353 videmus
1209 5314 1365 5353 nunc
1387 5314 1490 5370 per
1518 5298 1822 5371 speculum

187 5380 238 5436 in
265 5385 604 5458 aenigmate:
629 5402 739 5446 nec
769 5385 1152 5458 sapientiores
1186 5389 1288 5442 aut
1317 5387 1654 5446 scientiores
1682 5389 1822 5446 bea-

187 5470 950 5549 tissimoApostolo-snmus;
974 5474 1074 5548 qui
1101 5491 1235 5531 cum
1255 5475 1326 5531 de
1345 5477 1543 5548 gratia:
1565 5479 1826 5550 potentia

189 5557 514 5639 disputaret,
527 5580 886 5643 magnorum
901 5564 1311 5644 mysteriorum
1327 5564 1630 5642 ingressus
1660 5585 1822 5628 arca-

1927 4593 2153 4665 judicio
2183 4590 2286 4646 Dei
2319 4589 2368 4646 si
2403 4605 2518 4644 non
2539 4593 2628 4644 est
2657 4592 3157 4660 conquerendum,
3181 4590 3365 4648 multo
3389 4592 3587 4650 minus

1936 4684 2006 4738 de
2028 4683 2136 4738 hoc
2157 4680 2312 4752 quod
2337 4695 2470 4734 cum
2492 4677 2772 4734 electione
2795 4665 3062 4735 omnium
3082 4679 3345 4754 gentium
3365 4681 3590 4754 geritur

1933 4769 2425 4826 murmurandum
2471 4771 2580 4824 est.
2604 4769 2737 4834 Quae
2786 4768 2942 4825 enim
2993 4770 3148 4828 Deus
3196 4770 3424 4830 occulta
3458 4787 3587 4830 esse

1933 4858 2134 4924 voluit,
2170 4875 2285 4913 non
2318 4861 2457 4913 sunt
2485 4859 2805 4913 scrutanda
2838 4875 2850 4912 :
2884 4873 3012 4930 quae
3043 4865 3240 4918 autem
3275 4861 3586 4920 manifesta

1935 4947 2090 5014 fecit,
2124 4963 2239 5002 non
2270 4951 2408 5002 sunt
2439 4946 2810 5020 negligenda.
2845 4969 2874 4998 ››

2005 5037 2078 5091 Et
2106 5036 2166 5090 in
2198 5035 2345 5091 libro
2378 5052 2418 5090 ιι
2467 5036 2608 5108 (cap.
2644 5036 2698 5104 1)
2731 5053 2743 5092 :
2774 5059 2801 5087 «
2835 5037 3112 5103 Quamvis
3159 5037 3314 5094 enim
3362 5035 3430 5092 ad
3463 5050 3582 5090 om-

1932 5123 2096 5180 nium
2113 5122 2420 5179 hominum
2432 5121 2790 5179 vocationem
2813 5124 3191 5198 Evangelinm
3213 5121 3576 5194 dirigeretur,

1931 5227 2252 5282 omnesque
2273 5211 2559 5266 Dominus
2580 5209 2750 5267 vellet
2779 5212 2970 5268 salvos
2992 5210 3138 5277 fieri,
3159 5214 3216 5266 et
3242 5209 3303 5264 in
3329 5206 3576 5280 agnitio-

1932 5317 2066 5356 nem
2095 5299 2358 5355 veritatis
2385 5298 2580 5355 venire
2609 5316 2621 5354 :
2657 5316 2772 5355 non
2799 5305 2995 5356 tamen
3038 5297 3150 5353 sibi
3197 5295 3582 5367 dispensatio-

1932 5407 2074 5448 num
2107 5405 2348 5446 suarum
2373 5387 2696 5445 abstulerat
2724 5391 3091 5460 potestatem,
3114 5387 3182 5440 ut
3211 5382 3378 5440 aliter
3398 5401 3578 5458 quam

1931 5478 2156 5536 occulto
2177 5478 2460 5552 justoque
2479 5477 2704 5549 judicio
2734 5477 3015 5530 statuerat
3043 5471 3273 5530 consilii
3303 5475 3398 5532 sui
3438 5476 3580 5536 ordo

1931 5570 2282 5630 decurreret.
2315 5566 2479 5625 Unde
2509 5564 2701 5623 locum
2731 5579 2848 5620 non
2877 5560 3098 5620 habent
3137 5567 3581 5630 contumacium
