3970 6182
321 324 440 388 259
457 393 460 397 ,

1257 317 1642 418 HINCM‘ARI
1690 315 2141 380 RIIEMENSIS
2187 305 2818 380 ARCHIEPISCOPI.

3609 319 3734 382 260

323 470 630 514 murmura
659 450 1050 526 querelarum,
1069 451 1209 524 quia
1238 451 1394 524 quod
1427 451 1582 506 Deus
1611 449 1736 506 ﬁeri
1767 447 1968 513 voluit,
2001 449 2056 515 Α
2086 449 2186 504 sed
2216 447 2276 502 in
2309 448 2441 504 aliis
2472 450 2844 522 praevaluisse
2874 449 3150 524 gratiam,
3180 449 3242 506 in
3270 451 3402 507 aliis
3432 451 3732 509 resiluisse

321 546 554 600 constat
581 559 698 598 non
729 539 900 597 aliter
928 540 1051 596 ﬁeri
1089 539 1364 595 debuisse
1395 555 1570 612 quam
1602 537 1806 594 voluit.
1841 537 1973 591 >v-Et

321 636 456 705 post
481 647 666 705 pauca
697 647 711 686 :
741 653 769 681 ‹‹
804 630 917 686 Sed
946 646 1018 686 ne
1045 629 1106 684 in
1132 626 1442 700 praeteritis
1473 627 1709 699 quidem
1740 624 1970 681 szeculis

320 721 442 777 haec
487 721 692 777 eadem
744 718 953 792 gratia,
989 734 1116 790 quae
1167 721 1300 789 post
1352 715 1584 772 Domini
1616 715 1800 771 nostri
1831 715 1970 770 Jesu

318 809 534 866 Christi
557 806 1042 865 resurrectionem
1075 805 1294 877 ubique
1323 803 1540 860 dill‘usa
1568 807 1676 870 est,
1691 808 1749 858 et
1764 803 1834 858 de
1855 817 1973 874 qua

319 897 606 971 scriptum
672 899 782 962 est,
841 895 1160 952 "luxerunt
1219 895 1616 948 coruscationes
1676 899 1788 948 mw
1851 885 1974 946 orbi

318 996 484 1046 terrae
530 985 702 1055 (Psal.
755 1000 940 1052 LXXVI,
977 981 1086 1052 19),
1119 979 1307 1036 defuit
1360 980 1606 1046 mundo,
1639 1001 1666 1029 »
1697 979 1767 1034 Et
1796 977 1970 1050 paulo

317 1080 453 1150 post
483 1092 498 1132 :
537 1098 559 1126 α
589 1075 714 1130 Non
744 1072 828 1128 ita
857 1087 920 1128 se
953 1075 1152 1126 tamen
1179 1074 1396 1125 aeterna
1421 1067 1709 1125 Creatoris
1741 1066 1970 1122 bonitas

317 1165 390 1221 ab
417 1163 536 1220 illis
567 1160 907 1218 hominibus
937 1157 1246 1224 avertit,ut
1275 1173 1374 1213 eos
1395 1157 1467 1214 ad
1499 1155 1970 1229 cognoscendum

316 1269 380 1308 se
408 1255 583 1322 atque
613 1247 994 1304 metuendum
1029 1244 1208 1301 nullis
1229 1243 1756 1318 signiﬁcationibus
1777 1243 1973 1298 admo-

317 1343 539 1396 neret.»
561 1338 630 1394 Et
649 1335 823 1410 paulo
849 1340 983 1408 post
1005 1352 1019 1391 :
1045 1357 1074 1385 ‹‹
1101 1333 1308 1406 Igitur,
1329 1333 1482 1388 sicut
1502 1332 1644 1388 dicit
1664 1331 1969 1403 Propheta,

315 1425 685 1485 Misericordia
711 1427 933 1482 Domini
957 1424 1122 1496 plena
1161 1431 1242 1478 est
1291 1431 1436 1478 terra
1466 1423 1639 1490 (Psat.
1671 1437 1845 1487 xxxu,
1871 1421 1967 1500 5);

317 1534 443 1590 quae
457 1514 636 1571 nullis
658 1529 920 1586 unquam
935 1510 1374 1578 saeculismullis
1389 1509 1866 1584 generationibus
1878 1509 1974 1564 de-

315 1605 696 1677 l'uit,eamque
721 1601 1290 1676 providentiam,qua
1311 1599 1750 1656 universitatem
1773 1613 1970 1653 rerum

315 1693 690 1760 administrat
709 1697 766 1746 et
784 1689 1068 1754 continet,
1083 1687 1356 1762 regendis
1377 1687 1722 1760 alendisque
1743 1685 1972 1742 naturis

315 1779 709 1854 semperlﬁi
728 1777 1036 1850 impendit,
1061 1776 1414 1850 dispositum
1433 1775 1656 1832 habens
1668 1771 1970 1830 exincbm-

315 1867 617 1928 mutabilis
637 1868 960 1923 aeternitate
981 1865 1235 1935 consilii,
1250 1865 1467 1936 quibus
1479 1864 1742 1936 quidque
1752 1867 1972 1934 tempo-

313 1959 480 2016 ribus
492 1953 1343 2020 distribueret,etmultiformis
1373 1953 1572 2026 gratia;
1602 1969 1723 2007 sua
1749 1951 1972 2006 inseru-

313 2047 524 2103 tabiles
543 2041 1096 2116 investigabilesque
1117 2057 1424 2098 mensuras
1450 2057 1551 2113 per
1567 2057 1693 2112 quae
1721 2041 1876 2094 dona
1903 2055 1970 2094 ac

317 2136 684 2192 sacramenta
701 2130 1246 2189 variaret.»Etitem
1268 2133 1402 2202 post
1423 2127 1724 2200 aliquanta
1735 2128 1964 2199 (cap.3):

316 2249 344 2276 ‹‹
353 2223 869 2282 Manifestaverunt
879 2219 1034 2276 enim
1049 2217 1378 2274 divinorum
1391 2216 1758 2288 eloquiorum
1772 2215 1967 2270 multae

316 2315 721 2380 auctoritates,
734 2313 792 2366 et
818 2307 1100 2364 continua
1127 2306 1391 2363 omnium
1426 2304 1774 2361 saeculorum
1806 2321 1972 2376 expe-

315 2397 1144 2472 rimen.adocuerunt.justam
1167 2395 1269 2451 Dei
1289 2393 1774 2460 misericordiam,
1791 2393 1967 2448 mise-

314 2490 722 2560 riccrdemque
732 2485 1032 2558 justitiam
1045 2501 1172 2556 ,nec
1193 2483 1418 2540 alendis
1437 2499 1698 2555 unquam
1719 2479 1970 2554 corpbri-

315 2580 429 2636 bus
445 2577 888 2645 hominum,nec
905 2573 1181 2630 docendis
1188 2572 1583 2644 juvandisque
1595 2587 1797 2626 eorum
1812 2587 1970 2626 meno

315 2669 478 2724 tibus
507 2665 788 2722 defuisse.
807 2663 1051 2736 Semper
1071 2661 1286 2718 etenim
1311 2659 1464 2734 pluit
1487 2677 1664 2732 super
1697 2660 1879 2714 bonos
1910 2665 1968 2714 et

317 2755 526 2824 malos,
541 2769 774 2826 semper
802 2751 985 2808 solem
1017 2767 1193 2807 suum
1223 2749 1362 2806 oriri
1393 2749 1529 2805 fecit
1557 2765 1735 2820 super
1770 2749 1981 2819 justos.

317 2849 375 2900 et
403 2843 678 2916 injustos.
702 2863 730 2891 ››
762 2841 832 2896 Et
861 2839 1119 2912 plurima
1143 2837 1351 2894 divinae
1381 2835 1792 2893 misericordiae
1815 2837 1968 2891 dona

317 2947 786 2990 commemorans
798 2927 1016 3002 prolixe
1029 2925 1502 3000 prosequitur.Et
1521 2929 1654 2998 post
1665 2923 1968 2996 aliquanta

317 3023 460 3096 (cap.
479 3023 538 3090 7)
564 3037 578 3076 :
614 3043 644 3072 «
677 3019 822 3074 Cum
853 3022 1050 3074 tamen
1079 3015 1245 3083 illud,
1279 3015 1435 3087 quod
1476 3014 1546 3072 de
1578 3013 1834 3069 bonitate
1863 3013 1966 3070 Dei

317 3109 580 3185 piissime
608 3107 882 3164 creditur.
917 3122 1036 3178 qua
1063 3121 1266 3161 omnes
1296 3103 1566 3160 homines
1593 3102 1732 3158 velit
1777 3102 1966 3158 salvos

321 3175 446 3252 lieri
478 3200 537 3252 et
564 3195 626 3250 in
657 3175 1015 3266 agnitionem
1035 3191 1300 3247 veritatis
1326 3190 1542 3257 venire,
1559 3206 1674 3244 non
1712 3194 1973 3262 oporteat
2001 3175 2045 3241 C

322 3284 438 3341 nisi
469 3286 816 3356 perpetuum
842 3285 1245 3350 aeternumque
1264 3277 1488 3345 sentiri,
1522 3278 1847 3333 secundum
1875 3295 1974 3334 eas

321 3386 633 3429 mensuras
651 3368 870 3441 quibus
901 3367 1056 3422 Deus
1085 3367 1241 3424 dona
1277 3365 1574 3439 generalia
1621 3365 1974 3438 specialibus

323 3459 484 3516 novit
501 3455 804 3514 cumulare
825 3454 1196 3525 muneribus,
1213 3458 1354 3510 utet
1376 3454 1474 3526 qui
1499 3459 1755 3511 exsortes
1775 3454 1973 3526 gratiae

322 3547 560 3614 fuerint,
579 3546 650 3602 de
673 3561 781 3602 sua
800 3543 1062 3616 nequitia
1083 3543 1528 3616 redarguantur,
1541 3547 1599 3598 et
1618 3542 1717 3615 qui
1753 3543 1813 3599 in
1846 3544 1974 3614 ejus

321 3635 545 3692 lumine
565 3633 908 3702 enituerint,
927 3649 1042 3688 non
1065 3631 1123 3686 in
1148 3648 1254 3687 suo
1275 3631 1505 3702 merito,
1521 3632 1620 3686 sed
1645 3631 1703 3686 in
1727 3631 1974 3687 Domino

321 3724 664 3798 glorientur.
695 3745 723 3773 »
757 3723 827 3778 Et
850 3725 983 3793 post
1013 3719 1312 3792 aliquanta
1343 3721 1480 3791 (cap.
1512 3719 1566 3792 8)
1603 3735 1614 3774 :
1652 3741 1680 3770 «ι
1705 3720 1832 3776 Sive
1860 3719 1974 3792 igi-

321 3819 420 3868 tur
465 3810 786 3868 novissima
831 3807 1300 3880 contemplemur
1342 3805 1575 3873 saecula,
1609 3823 1712 3863 seu
1758 3808 1974 3873 media,

323 3898 752 3957 rationabiliter
779 3902 836 3953 et
865 3897 957 3968 pie
988 3895 1248 3951 creditur
1276 3911 1479 3951 omnes
1495 3895 1764 3951 homines
1783 3894 1974 3952 salvos

323 3987 448 4044 ﬁeri
478 3987 663 4042 Deum
709 3985 856 4041 velle
903 4000 1252 4056 semperque
1279 3982 1556 4040 voluisse.
1590 3985 1658 4038 Et
1705 3983 1816 4039 hoc
1858 4001 1972 4040 non

323 4061 520 4132 aliude
550 4077 932 4142 monstratur,
954 4089 1132 4144 quam
1163 4071 1236 4128 de
1258 4071 1352 4128 his
1382 4071 1680 4128 beneficiis
1701 4089 1828 4144 quae
1851 4089 1977 4144 pro-

319 4164 580 4221 videntia
608 4162 708 4219 Dei
741 4161 1028 4218 universis
1066 4158 1539 4232 generationibus
1585 4160 1977 4216 communiter

323 4255 500 4324 atque
527 4249 926 4304 indifferenter
950 4247 1258 4320 impendit.
1279 4247 1537 4302 Fuerunt
1564 4247 1722 4302 enim
1748 4264 1814 4304 ac
1835 4252 1976 4304 sunt

322 4337 614 4411 ejusmodi
633 4337 789 4393 dona
806 4335 920 4392 ista
941 4333 1252 4410 generalia,
1269 4339 1335 4390 ut
1355 4335 1617 4406 ipsorum
1639 4335 1974 4392 testimonio

323 4427 398 4483 ad
429 4427 813 4499 quaerendum
845 4440 1049 4482 verum
1080 4423 1264 4480 Deum
1297 4427 1538 4495 possent
1568 4423 1838 4478 homines
1865 4425 1975 4478 ad-

2080 541 2373 592 naturam.
2408 538 2566 594 lianc
2597 539 2813 612 quippe
2843 539 3328 596 abundantiorem
3365 539 3616 612 gratiam
3649 541 3734 596 ila

2079 625 2374 682 credimus
2403 631 2576 699 atque
2607 627 2934 700 expetimus
2956 633 3276 700 potentem,
3305 633 3369 683 ut
3389 627 3732 686 nullomodo

2080 715 2435 772 arbitremur
2451 733 2579 773 esse
2594 716 2949 785 violentiam,
2973 734 3089 788 quo
3111 716 3396 788 quidquid
3419 717 3480 772 in
3499 717 3730 773 salvan-

2079 804 2171 859 dis
2183 804 2521 862 hominibus
2533 805 2821 878 agitur,ex
2833 804 2959 861 sola
2970 805 3070 862 Dei
3082 804 3381 862 voluntate
3391 810 3730 878 peragatur,

2080 909 2214 948 cum
2232 893 2406 948 etiam
2431 893 2577 966 ipsis
2588 893 2844 965 parvulis
2857 909 2960 965 per
2979 892 3182 949 alienae
3195 893 3517 950 voluntatis
3529 894 3734 950 subve-

2080 979 2278 1036 niatur
2305 981 2716 1054 obsequium.»
2747 983 2816 1038 Et
2845 982 2985 1038 item
3019 986 3158 1054 (cap.
3189 982 3245 1053 9)
3270 998 3283 1038 :
3312 1005 3340 1033 «
3366 982 3554 1056 Igitur
3573 983 3735 1039 sicut
3807 990 3814 995 “

2080 1069 2181 1142 qui
2211 1070 2582 1126 crediderunt
2602 1071 2886 1142 juvantur
2906 1075 2972 1126 ut
2999 1070 3058 1126 in
3078 1071 3190 1126 ﬁde
3210 1075 3508 1138 maneant,
3528 1071 3614 1128 sic
3627 1069 3731 1144 qui

2079 1159 2340 1214 nondum
2355 1158 2728 1214 crediderunt
2735 1159 2759 1230 j
2767 1163 3092 1214 uvanturut
3103 1159 3442 1215 credant.Et
3453 1159 3735 1232 quemad-

2080 1248 2319 1302 modum
2333 1245 2416 1301 illi
2434 1247 2495 1307 in
2509 1263 2618 1304 sua
2629 1247 2846 1302 habent
2857 1251 3142 1318 potestate
3155 1246 3492 1303 neveniant.
3519 1247 3732 1319 Fitque

2079 1335 2654 1408 manifestum,quod
2681 1335 2926 1391 diversis
2966 1341 3140 1408 atque
3173 1335 3500 1392 innumeris
3534 1335 3732 1392 modis

2078 1441 2252 1480 omne
2264 1423 2832 1480 hominesvultDeus
2845 1425 3035 1481 salvos
3049 1425 3192 1492 ﬁeri,
3206 1429 3261 1480 et
3275 1426 3335 1480 in
3365 1423 3731 1498 agnitionem

2076 1513 2336 1569 veritatis
2351 1511 2547 1568 venire
2570 1528 2584 1567 :
2610 1513 2710 1568 sed
2737 1514 3090 1585 quiveniunt
3109 1513 3210 1570 Dei
3231 1513 3446 1570 auxilio
3466 1513 3734 1588 dirigun-

2078 1608 2193 1670 tur,
2214 1601 2314 1674 qui
2336 1618 2452 1657 non
2490 1601 2734 1657 veniunt
2779 1619 2887 1658 sua
2907 1604 3061 1658 l96
3085 1601 3406 1675 pertinacia
3434 1602 3733 1658 reluctan-

2078 1695 2232 1746 tur.»
2255 1691 2322 1745 Et
2351 1696 2552 1745 contra
2579 1690 2776 1746 Gallos
2803 1691 3087 1763 (sententia
3115 1691 3168 1763 8)
3195 1707 3208 1746 :
3241 1713 3270 1741 «
3294 1691 3436 1747 Item
3460 1690 3563 1762 qui
3584 1690 3736 1746 dicit

2078 1780 2235 1851 quod
2258 1796 2372 1834 non
2397 1795 2600 1835 omnes
2620 1779 2890 1835 homines
2905 1778 3043 1834 velit
3069 1783 3218 1836 Deus
3238 1777 3430 1836 salvos
3451 1779 3598 1846 ﬁeri,
3624 1779 3732 1834 sed

2079 1871 2302 1924 certum
2324 1884 2638 1923 numerum
2658 1867 3444 1939 praedestinatorumﬂurius
3465 1867 3736 1939 loquitur

2079 1973 2258 2028 quam
2281 1955 2638 2028 loquendum
2659 1961 2751 2012 est
2769 1957 2842 2013 de
2863 1955 3170 2013 altitudine
3191 1955 3586 2013 inscrutabilis
3603 1972 3737 2030 gra-

2079 2045 2170 2100 tiae
2195 2045 2314 2111 Dei,
2335 2045 2512 2116 quiet
2541 2061 2744 2100 omnes
2771 2045 3040 2102 homines
3059 2043 3184 2100 vult
3199 2043 3394 2101 salvos
3412 2043 3558 2112 fieri,
3581 2048 3640 2100 et
3668 2044 3734 2100 in

2077 2131 2435 2204 agnitionem
2452 2130 2714 2186 veritatis
2725 2131 2948 2200 venire;
2966 2131 3354 2186 etvoluntatis
3391 2147 3511 2186 suae
3526 2147 3740 2204 propo-

2077 2221 2257 2276 situm
2269 2219 2328 2275 in
2342 2221 2426 2276 eis
2437 2219 2516 2274 im
2524 2219 2815 2292 plet,quos
2829 2221 3126 2292 praescitos
3138 2219 3738 2292 praedestinavit,prae-

2078 2309 2404 2364 destinatos
2444 2309 2692 2373 vocavit,
2713 2313 2947 2364 vocatos
2989 2307 3738 2379 justiﬁcavit,justiﬁcatos

2076 2397 2469 2470 gloriﬁcent.»
2501 2398 2570 2452 Et
2603 2401 2958 2468 postpauca:
2985 2419 3012 2446 «
3037 2397 3196 2462 Quod
3223 2401 3420 2452 autem
3459 2396 3740 2468 promisit

2081 2491 2470 2558 Dcus,potens
2498 2489 2588 2542 est
2616 2489 2673 2540 et
2698 2485 2887 2540 facere
2911 2501 2926 2540 :
2955 2490 3021 2540 ut
3061 2489 3119 2540 et
3155 2485 3254 2558 qui
3276 2484 3578 2541 salvantur
3599 2485 3738 2541 ideo

2075 2575 2220 2632 salvi
2249 2575 2390 2640 sint,
2423 2574 2563 2646 quia
2591 2572 2723 2630 illos
2744 2572 2928 2628 voluit
2955 2573 3110 2629 Deus
3141 2572 3332 2628 salvos
3362 2572 3508 2639 ﬁeri,
3531 2577 3590 2628 et
3625 2573 3738 2644 qui

2074 2667 2321 2736 pereunt
2347 2663 2476 2718 ideo
2495 2667 2757 2734 pereant,
2775 2661 2914 2732 quia
2935 2661 3121 2734 perire
3151 2665 3548 2716 meruerunt.»
3562 2661 3736 2717 Unde

2074 2756 2133 2808 et
2161 2752 2221 2806 in
2251 2751 2399 2806 libro
2421 2767 2459 2806 ιι
2490 2755 2630 2822 (cap.
2669 2751 2754 2820 10)
2779 2750 2850 2804 de
2870 2749 3183 2806 Vocatione
3204 2749 3467 2822 gentium
3493 2765 3506 2804 :
3535 2749 3734 2804 «Nul-

2074 2839 2306 2896 latenus
2327 2838 2819 2894 murmurandum
2841 2837 3228 2910 est,quoniam
3241 2838 3444 2910 justus
3463 2841 3520 2893 et
3539 2837 3732 2894 bonas

2076 2929 2314 2996 arbiter,
2346 2944 2454 2984 nec
2482 2925 2803 2982 voluntatis
2831 2925 3046 2998 iniqua:
3077 2930 3186 2994 est,
3217 2941 3322 2982 nec
3353 2925 3731 2982 discretionis

2074 3018 2330 3082 incertae,
2357 3021 2423 3071 ut
2453 3015 2562 3071 sub
2609 3014 2901 3071 immensa
2946 3014 3346 3071 misericordia
3391 3015 3520 3087 ejus
3549 3020 3736 3087 atque

2074 3106 2310 3178 justitia
2337 3109 2612 3177 putemus
2641 3103 2796 3176 quod
2828 3103 3140 3176 quisquam
3173 3108 3367 3176 pereat
3407 3103 3507 3176 qui
3537 3103 3739 3175 perire
3767 3105 3772 3108 ’

2083 3211 2200 3250 non
2234 3195 2505 3250 debeat.»
2537 3193 2607 3248 Et
2627 3193 2698 3248 de
2720 3191 3237 3248 Vineentianorum
3267 3191 3590 3264 objections
3609 3191 3744 3264 (ob-

2080 3285 2208 3340 lect.
2243 3283 2328 3355 ιι),
2359 3283 2498 3355 quia
2545 3287 2698 3338 Deus
2752 3280 2900 3336 nolit
2958 3297 3164 3337 omnes
3220 3280 3460 3347 salvere,
3495 3280 3742 3336 etiamsi

2083 3387 2287 3428 omnes
2313 3369 2524 3426 salvari
2553 3369 2734 3427 velint
2766 3385 2779 3425 :
2817 3391 2846 3420 ‹‹
2877 3373 3020 3424 Cum
3063 3369 3290 3424 Veritas
3336 3369 3512 3436 dicat,
3529 3369 3592 3425 Si
3619 3385 3745 3438 vos,

2081 3476 2208 3515 cum
2235 3461 2357 3515 sitis
2385 3459 2542 3524 mali,
2573 3459 2746 3515 nostis
2803 3458 2942 3513 bona
2989 3457 3116 3514 data
3163 3457 3294 3514 dare
3337 3457 3474 3528 ﬁliis
3521 3460 3748 3524 vestris,

2083 3557 2283 3622 quanto
2312 3550 2488 3620 magis
2515 3549 2678 3604 Pater
2706 3555 2879 3603 vester
2907 3547 3135 3602 caelestis
3164 3545 3317 3601 dabit
3340 3548 3478 3602 bona
3506 3548 3746 3618 petenti-

2084 3639 2185 3694 bus
2211 3654 2269 3693 se
2297 3637 2504 3710 (Matth.
2527 3653 2628 3704 vn,
2658 3635 2788 3702 ll)?
2810 3635 3102 3708 quomodo
3126 3634 3251 3690 ﬁeri
3274 3638 3462 3706 potest
3491 3639 3556 3690 ut
3585 3639 3746 3690 Deus
3773 3681 3782 3688 .

2083 3725 2184 3798 qui
2235 3725 2410 3781 etiam
2443 3723 2575 3780 illos
2607 3723 2810 3792 salvat,
2842 3725 2914 3780 de
2959 3723 3176 3796 quibus
3219 3723 3332 3778 dici
3375 3739 3490 3778 non
3539 3727 3744 3796 potest

2082 3815 2238 3887 quod
2271 3812 2480 3869 salvari
2507 3811 2707 3880 velint,
2743 3812 2892 3868 nolit
2921 3811 3149 3884 aliquos
3170 3811 3394 3866 salvere
3421 3811 3598 3866 etiam
3629 3811 3740 3883 qui

2083 3901 2293 3958 salvari
2321 3901 2522 3971 velint,
2554 3899 2667 3956 nisi
2698 3900 2906 3972 aliquae
2945 3916 3134 3956 causa:
3177 3899 3449 3966 existant,
3482 3899 3554 3954 de
3601 3899 3740 3971 qui-

2081 3988 2497 4062 bus,quamvis
2523 3993 2664 4044 sunt
2694 3989 2861 4044 nobis
2883 3987 3390 4061 incognoscibiles,
3410 3986 3508 4044 ille
3533 3992 3739 4044 tamen

2083 4081 2228 4135 bene
2271 4078 2524 4150 judicat,
2554 4078 2626 4132 de
2674 4093 2789 4149 quo
2843 4075 3012 4132 aliter
3058 4077 3172 4131 dici
3217 4093 3333 4131 non
3375 4079 3566 4148 potest
3593 4093 3740 4132 eum

2081 4169 2406 4242 quidquam
2449 4168 2634 4222 facere
2685 4165 2958 4221 debuisse
2989 4181 3164 4237 quam
3215 4163 3456 4220 fecerit?
3488 4165 3744 4221 Remota

2081 4274 2216 4331 ergo
2248 4257 2356 4312 hac
2387 4254 2936 4326 discretione,quam
2960 4253 3156 4308 divina
3175 4253 3422 4308 scientia
3448 4251 3605 4308 intra
3639 4269 3742 4309 se-

2081 4349 2304 4402 cretum
2325 4343 2570 4416 justitiae
2602 4360 2720 4398 suae
2751 4341 3027 4410 continet,
3051 4340 3448 4397 sincerissime
3491 4341 3742 4397 creden-

2081 4435 2223 4489 dum
2246 4437 2422 4504 atque
2437 4431 3040 4504 proﬁtendum,Deum
3069 4429 3214 4486 velle
3237 4434 3303 4485 ut
3321 4445 3527 4486 omnes
3551 4429 3750 4486 homi-

315 4514 509 4586 juvm‘i
543 4530 556 4570 ἒ
589 4511 996 4600 (Ιυίδυενάοῐιίε
1021 4515 1318 4600 “olorem
1339 4526 1519 4600 suum
1538 4509 1857 4600 Ρθιῖοῐηῐιίᾶ
1877 4529 1977 4567 Βεε-
2003 4535 2052 4600 D
2083 4539 2186 4577 nes
2219 4519 2360 4577 salvi
2383 4520 2547 4576 ﬁant.
2577 4518 2882 4590 Siquidem
2909 4517 3242 4590 Apostolus,
3265 4519 3437 4590 cujus
3457 4517 3574 4573 ista
3601 4534 3744 4574 sen-

325 4601 458 4658 cula
487 4599 968 4672 protestantibus,
995 4597 1266 4672 specialis
1285 4599 1486 4671 gratiae
1507 4598 1748 4672 largitas
1770 4617 1972 4674 super-

325 4691 458 4746 fusa
485 4693 596 4745 est.
610 4691 743 4755 Quae
765 4687 900 4744 licet
920 4689 1192 4760 cepiosus
1212 4705 1370 4743 nunc
1391 4705 1570 4760 quam
1588 4693 1722 4745 ante
1743 4694 1972 4762 praeste-

324 4782 443 4846 tur,
456 4794 666 4834 causas
689 4781 886 4832 tamen
911 4775 1392 4832 distributionum
1424 4793 1665 4832 suarum
1693 4779 1971 4834 Dominus

327 4867 482 4940 apud
513 4865 821 4923 scientiam
853 4880 1020 4920 suam
1048 4864 1256 4928 tenuit,
1289 4869 1345 4918 et
1373 4864 1528 4920 intra
1555 4870 1845 4922 secretum
1878 4885 1975 4940 po-

327 4953 669 5012 tentissimae
689 4953 1005 5010 voluntatis
1025 4951 1298 5008 occuluit.
1318 4954 1453 5018 Quae
1475 4953 1522 5008 si
1545 4953 1820 5010 omnibus
1842 4956 1972 5010 uni-

327 5045 591 5102 formiter
619 5044 944 5108 aIﬂuerent,
970 5059 1084 5098 non
1116 5041 1385 5108 laterent,
1407 5047 1464 5097 et
1493 5059 1670 5114 quam
1705 5043 1867 5100 nulla
1887 5048 1978 5101 est

328 5134 685 5208 ambiguitas
715 5133 787 5188 de
815 5131 1175 5203 benignitate
1203 5130 1622 5202 generali,tam
1643 5132 1714 5187 de
1739 5133 1977 5204 speciali

331 5221 736 5280 misericordia
764 5219 912 5276 nihil
943 5220 1099 5292 quod
1130 5219 1488 5290 stupendum
1511 5223 1664 5275 esset
1685 5221 1974 5289 existeret,

331 5327 398 5366 ac
429 5311 671 5382 proinde
702 5309 804 5365 illa
831 5312 986 5365 esset
1011 5307 1219 5380 gratia,
1245 5307 1360 5362 ista
1388 5323 1504 5362 non
1533 5312 1705 5364 esset.
1729 5315 1842 5365 Deo
1873 5327 1978 5366 au—

332 5401 450 5454 tem
497 5397 736 5470 placuit,
769 5402 827 5452 et
870 5395 1022 5451 hanc
1072 5392 1275 5450 multis
1319 5392 1598 5460 tribuere,
1627 5400 1686 5450 et
1736 5396 1894 5452 illam
1943 5417 1978 5454 a

332 5485 567 5542 nemine
608 5486 972 5552 submovere,
1006 5487 1073 5538 ut
1120 5499 1188 5538 ex
1235 5485 1484 5552 utraque
1529 5489 1825 5554 appareat,
1860 5503 1975 5542 non

333 5577 612 5653 negatum
643 5572 1006 5640 universitati
1037 5571 1192 5650 quod
1221 5568 1500 5632 collatum
1545 5574 1636 5630 est
1671 5573 1926 5650 portioni
1959 5591 1973 5636 :

2084 4609 2266 4666 tentia
2294 4612 2404 4674 est,
2438 4606 2857 4664 sollicitissime
2883 4605 3166 4680 praecipit,
3197 4607 3353 4678 quod
3375 4605 3434 4660 in
3455 4605 3746 4662 omnibus

2077 4697 2350 4754 Ecciesiis
2383 4695 2646 4769 piissime
2669 4695 3022 4761 custoditur,
3055 4697 3120 4748 ut
3149 4694 3264 4750 Deo
3313 4709 3418 4766 pro
3437 4692 3746 4754 ,omnibus

2078 4785 2416 4842 hominibus
2447 4783 2828 4857 supplicetur.
2861 4783 2942 4838 Ex
2972 4782 3189 4854 quibus
3218 4783 3374 4854 quod
3407 4779 3577 4837 multi
3609 4797 3746 4854 per-

2079 4879 2242 4938 eunt,
2249 4871 2620 4946 pereuntium
2643 4876 2732 4928 est
2745 4870 3202 4942 meritum,quod
3215 4869 3389 4926 multi
3409 4868 3744 4935 salvantur,

2083 4961 2362 5018 salvantis
2393 4964 2484 5016 est
2512 4959 2846 5016 donum.Ut
2869 4959 3024 5015 enim
3060 4976 3194 5015 reus
3215 4959 3528 5014 damnetur
3551 4956 3752 5012 incul-

2083 5050 2296 5123 pabilis
2319 5049 2418 5104 Dei
2455 5047 2686 5121 justitia
2705 5051 2830 5103 est:
2858 5051 2924 5102 ut
2961 5051 3156 5102 autem
3197 5063 3332 5102 reus
3359 5044 3746 5115 iustificetur,

2087 5137 2399 5195 ineffabilis
2432 5137 2528 5192 Dei
2563 5137 2750 5210 gratia
2779 5139 2886 5191 est.
2920 5157 2949 5185 ››

2157 5228 2226 5282 Et
2246 5230 2484 5282 sanctus
2496 5225 2841 5280 leestinus
2858 5225 3207 5281 sententiam
3227 5221 3661 5296 promulgatam
3679 5226 3756 5278 ut

2086 5315 2274 5389 legem
2295 5313 2568 5370 credendi
2589 5313 2680 5368 lex
2709 5313 2879 5368 nobis
2901 5317 3124 5368 statuat
3144 5309 3759 5384 supplicandi,videli-

2086 5409 2176 5460 cet
2193 5402 2332 5475 quia
2360 5419 2464 5474 pro
2486 5401 2761 5458 omnibus
2779 5418 2812 5457 a
2832 5399 3118 5464 catholica
3153 5399 3518 5473 supplicatur
3539 5397 3755 5455 Eccle-

2085 5496 2195 5560 sia,
2223 5493 2408 5549 Deum
2437 5490 2628 5547 salvos
2660 5490 2784 5546 fieri
2815 5506 3020 5546 omnes
3051 5489 3320 5546 homines
3358 5485 3506 5544 velle
3535 5487 3758 5544 creda-

2085 5597 2240 5656 mus,
2256 5581 2340 5641 sic
2371 5580 2432 5641 in
2453 5578 2827 5640 conclusione
2857 5579 3168 5640 conﬁrmat
3194 5578 3396 5640 dicens
3425 5575 3568 5656 (post
3593 5577 3759 5657 epis:
