3970 6182
219 305 336 367 265

941 306 1043 367 DE
1085 260 1841 365 DREDES’I‘INATIONE
1883 300 2405 364 DISS‘ERTATIO
2450 305 2912 368 POS'I‘ERIOR.

3504 304 3623 370 266

219 435 509 509 permisit.
532 448 567 487 »λ
586 437 728 493 Item
780 438 840 492 in
888 436 1038 493 libro
1067 452 1241 493 xxxiii
1272 441 1412 508 (cap.
1447 436 1534 508 10)
1557 452 1608 490 ;‹‹
1640 434 1865 507 Ubique
1892 434 1951 503 Α
1980 438 2098 490 tate
2127 440 2184 491 et
2215 436 2519 509 majestate
2547 436 2728 493 visuri
2773 441 2935 505 sunt,
2960 450 3133 510 quem
3190 439 3250 495 in
3289 440 3625 498 humilitate

219 524 386 581 nobis
416 526 674 581 occurrit
701 526 1294 598 sup‘erna'medicina,
1325 525 1465 598 quia
1493 529 1550 581 et
1581 524 1743 579 dedit
1772 523 1869 579 ho-

220 613 361 670 mini
384 618 692 687 prazcepta,
719 631 789 671 ne
819 620 1054 686 peccet:
1078 620 1135 671 et
1166 620 1360 670 tamen
1404 614 1665 686 peccanti
1708 611 1868 668 dedit

217 702 497 770 remedia,
530 714 602 759 ne
632 705 919 776 desperet.
952 704 1113 760 Unde
1141 704 1465 760 cavendum
1495 717 1868 774 summopere

215 796 323 857 est,
339 807 412 848 ne
431 791 569 864 quis
587 791 974 849 delectatione
994 792 1214 865 peccati
1240 792 1553 848 Leviathan
1574 791 1749 847 istius
1768 796 1866 846 ore

215 880 497 952 rapiatur,
522 885 580 936 et
618 886 816 936 tamen
850 881 898 936 si
932 887 1136 955 raptus
1185 881 1361 937 fuerit
1408 897 1523 936 non
1573 881 1864 952 desperet,

215 968 349 1041 quia
377 969 429 1026 si
460 974 772 1042 peceatum
792 970 1045 1042 perfecte
1064 970 1290 1044 lugeat,
1304 970 1496 1026 adhuc
1522 970 1782 1025 foramen
1802 967 1864 1023 in

215 1057 453 1114 maxilla
480 1059 613 1130 ejus
638 1058 860 1115 invenit
888 1076 990 1131 per
1007 1060 1163 1131 quod
1187 1060 1411 1115 evadat.
1431 1059 1563 1115 Jam
1589 1056 1864 1113 dentibus

214 1146 419 1203 teritur
451 1164 467 1203 :
502 1148 606 1204 sed
663 1148 875 1215 adhuc,
908 1148 957 1205 si
1006 1147 1287 1205 evadendi
1324 1147 1418 1203 via
1473 1146 1775 1219 queritur.
1804 1146 1866 1202 iu

213 1235 453 1292 maxilla
473 1237 604 1307 ejus
625 1237 886 1293 foramen
917 1236 1232 1293 invenitur.
1260 1239 1297 1293 ll
1307 1237 1441 1293 abet
1460 1236 1635 1293 etiam
1659 1239 1866 1307 captus

214 1338 325 1396 quo
353 1331 547 1393 exeat,
581 1325 680 1398 qui
729 1325 1039 1398 praevidere
1068 1325 1320 1382 noluerit
1365 1342 1438 1381 ne
1485 1327 1809 1397 caperetur.
1836 1344 1866 1375 »ε

214 1415 279 1469 Et
306 1417 447 1486 post
494 1413 802 1487 paululum
832 1415 972 1486 (cap.
994 1414 1199 1486 eodem)
1225 1432 1277 1470 :«
1299 1414 1670 1471 Misericordia
1716 1415 1867 1469 enim

210 1505 375 1559 etim
415 1503 490 1559 ab
538 1504 657 1560 illo.
689 1503 897 1559 Divina
951 1504 1151 1576 itaque
1207 1503 1517 1560 clementia
1564 1501 1865 1558 maxillam

212 1590 537 1648 Vehemoth
568 1591 740 1647 istius
770 1591 1094 1664 perforans,
1125 1592 1344 1664 ubique
1377 1591 1637 1647 humano
1667 1588 1866 1663 generi

210 1684 265 1737 et
292 1679 757 1737 misericorditer
783 1684 841 1736 et
869 1685 1138 1753 potenter
1166 1680 1449 1749 occurrit;
1487 1680 1627 1752 quia
1657 1696 1764 1735 nec
1794 1678 1863 1734 li-

209 1769 344 1825 hero
395 1768 860 1825 admonitionem
907 1769 1267 1841 praecavendi
1306 1769 1511 1835 tacuit,
1542 1785 1648 1824 nec
1694 1771 1865 1840 capto

208 1857 542 1914 remedium
576 1856 837 1929 fugiendi
868 1856 1213 1914 subtraxit.»
1248 1858 1393 1913 Item
1423 1857 1484 1912 in
1513 1857 1661 1912 libro
1689 1874 1865 1913 xxxm

206 1950 346 2019 (mp.
378 1947 479 2015 20)
502 1962 518 2002 :
541 1969 571 1997 «
603 1947 687 2001 Ad
721 1947 1081 2019 parcendum
1121 1947 1384 2018 reprobis
1434 1946 1596 2003 nulla
1642 1946 1865 2002 ratione

207 2035 552 2109 compellor,
585 2035 725 2108 quia
771 2035 856 2092 eis
913 2035 1143 2091 debitor
1197 2051 1267 2090 ex
1314 2052 1423 2091 sua
1470 2035 1699 2091 actione
1747 2051 1863 2091 non

206 2129 431 2180 teneor.
465 2123 688 2180 Idcirco
737 2124 893 2181 enim
945 2127 1087 2180 tunc
1144 2126 1291 2181 20]
1347 2141 1719 2196 nequaquam
1750 2141 1866 2179 casa

210 2212 375 2268 testis
432 2211 636 2285 patrie
708 2212 948 2284 praemia
1019 2216 1235 2267 aeterna
1307 2211 1671 2284 percipiunt,
1728 2210 1865 2283 quia

209 2319 281 2357 ea
304 2317 467 2356 nunc
487 2301 633 2356 dum
665 2300 980 2372 promereri
1016 2305 1285 2373 poterant
1312 2318 1382 2355 ex
1412 2300 1595 2356 libero
1624 2299 1863 2356 arbitrio

211 2394 716 2463 contempserunt.
748 2411 777 2439 ι»
825 2390 895 2445 Et
934 2389 1078 2445 item
1127 2392 1265 2462 ’cap.
1310 2389 1517 2459 eodem)
1549 2407 1561 2446 :
1589 2411 1620 2440 (ι
1660 2391 1863 2446 Levia-

209 2478 353 2534 than
407 2478 524 2534 iste
577 2477 1001 2535 beatitudinem
1042 2479 1281 2551 quidem
1339 2495 1532 2535 meam
1586 2480 1861 2551 perdidit,

208 2568 312 2623 sed
343 2566 655 2623 dominum
692 2583 809 2623 non
858 2567 1071 2635 evasit;
1104 2568 1245 2638 quia
1290 2571 1347 2623 et
1393 2567 1535 2639 ipsa:
1582 2568 1725 2623 mihi
1760 2585 1860 2640 po-

210 2660 455 2712 testates
510 2654 857 2724 inserviunt,
890 2673 1016 2728 qua:
1074 2656 1219 2711 mihi
1279 2657 1473 2729 pravis
1529 2657 1869 2713 actionibus

204 2745 613 2800 adversantur.
650 2765 680 2793 κ
711 2744 858 2800 Item
906 2744 965 2799 in
1018 2745 1221 2801 eodem
1251 2745 1390 2818 (cap.
1421 2749 1577 2815 xxxv)
1609 2763 1621 2801 :
1651 2767 1680 2797 «
1709 2747 1859 2802 Dum

203 2846 345 2905 ergo
372 2832 465 2888 eis
490 2833 781 2889 Dominus
813 2833 1000 2889 vicem
1047 2832 1337 2889 malorum
1370 2851 1611 2907 operum
1657 2837 1861 2892 redde-

205 2925 321 2988 ret,
344 2922 510 2977 dedit
533 2921 657 2977 illis
696 2926 931 2978 scutum
966 2923 1158 2979 cordis
1195 2922 1454 2979 laborem
1485 2940 1659 2980 suum
1686 2941 1700 2979 :
1724 2925 1865 2996 quia

203 3015 371 3066 recto
416 3010 647 3082 judicio
693 3010 831 3066 inde
873 3011 1011 3067 illos
1054 3015 1258 3067 contra
1284 3029 1346 3069 se
1378 3013 1627 3084 superbe
1687 3012 1863 3069 obsti-

206 3098 367 3154 natis
393 3098 684 3166 exhibuit,
717 3100 871 3157 unde
899 3100 1025 3171 ipse
1068 3117 1173 3173 pro
1203 3100 1372 3156 nobis
1414 3101 1474 3155 in
1518 3101 1864 3158 inﬁrmitate

1976 524 2231 596 positum
2274 525 2475 581 audire
2520 525 2855 592 noluerunt,
2888 531 2954 581 ut
2983 526 3260 583 virtutem
3302 529 3429 599 ejus
3457 534 3623 588 tanta

1974 618 2116 668 tunc
2165 614 2488 671 districtius
2544 615 2820 681 sentiant,
2851 620 3069 688 quanto
3129 632 3284 671 nunc
3343 618 3622 676 cervicem

1974 703 2167 758 cordis
2199 704 2329 774 ejus
2359 703 2704 776 patientiam
2737 703 3043 760 inclinant.
3070 726 3092 756 ι

2045 792 2115 846 Et
2133 792 2478 848 venerabilis
2501 793 2805 866 presbyter
2824 793 2978 848 Beda
3000 792 3058 847 in
3087 794 3341 848 tractatu
3369 793 3622 850 Actuum

1975 880 2374 952 apostolorum
2399 899 2451 936 ;‹‹
2477 882 2605 954 Ipse
2628 882 2830 937 Petrus
2861 881 2944 938 sic
2973 880 3262 938 intellexit
3289 897 3494 937 omnes
3526 882 3624 939 hoc

1975 969 2166 1025 mines
2195 969 2497 1042 aequaliter
2537 972 2609 1027 ad
2640 970 2851 1026 Christi
2884 968 3262 1044 Evangelium
3300 969 3620 1042 provocari,

1974 1059 2322 1132 nullumque
2352 1060 2676 1116 secundum
2718 1064 2991 1117 naturam
3031 1074 3159 1117 esse
3195 1054 3626 1132 polutum.»Et

1973 1147 2115 1204 item
2150 1166 2221 1204 τα
2252 1149 2621 1205 Incrassatum
2663 1157 2744 1205 est
2787 1151 2936 1205 enim
2980 1162 3073 1205 cor
3114 1150 3309 1221 populi
3356 1149 3540 1222 hujus,
3575 1156 3628 1207 et

1971 1238 2207 1293 auribus
2235 1240 2474 1309 graviter
2501 1236 2798 1294 audierunt
2827 1238 2963 1310 (Act.
2982 1254 3177 1304 xxvm,
3207 1232 3320 1306 27).
3353 1238 3435 1293 Ne
3465 1242 3627 1310 putes

1974 1342 2110 1381 mus
2149 1325 2600 1383 crassitudinem
2639 1326 2850 1394 cordis,
2885 1330 2943 1382 et
2980 1326 3324 1398 gravitatem
3366 1328 3622 1395 aurium,

1973 1418 2195 1470 natura;
2226 1430 2357 1471 esse
2400 1431 2517 1470 non
2555 1414 2895 1483 voluntatis,
2928 1415 3237 1487 subjungit
3266 1415 3498 1488 culpam
3530 1418 3622 1471 ar-

1974 1502 2134 1559 bitrii
2164 1507 2222 1560 et
2250 1504 2427 1559 dicit:
2460 1505 2529 1559 Et
2552 1504 2734 1560 oculos
2762 1516 2890 1559 suos
2914 1511 3362 1576 cmpresserunt,
3388 1518 3463 1560 ne
3485 1506 3627 1575 forte

1972 1591 2193 1648 videant
2245 1593 2439 1648 oculis.
2475 1592 2537 1647 Id
2578 1596 2686 1660 est,
2719 1591 2831 1664 ipsi
2890 1591 3116 1649 meritis
3172 1592 3624 1666 procedentibus

1973 1696 2153 1737 causa
2194 1682 2451 1746 fuerunt,
2485 1686 2551 1736 ut
2594 1681 2750 1737 Deus
2807 1680 2894 1737 eis
2940 1681 3141 1737 oculos
3169 1679 3486 1739 clauderet.
3518 1679 3622 1736 Vel

1972 1770 2045 1826 ad
2094 1770 2399 1842 superiora
2446 1770 2818 1843 jungendum
2849 1774 2957 1836 est,
2992 1767 3218 1826 dicente
3260 1768 3510 1826 Domino
3547 1769 3621 1824 ad

1975 1858 2320 1930 prophetam
2352 1874 2367 1914 :
2400 1858 2559 1914 Vade
2589 1859 2661 1913 ad
2700 1856 2984 1930 populum
3040 1857 3243 1929 istum,
3273 1862 3332 1915 et
3387 1861 3625 1930 peccata

1974 1947 2191 2020 quibus
2242 1947 2558 2004 caecitatem
2618 1951 2960 2004 meruerunt
3016 1945 3133 2004 illis
3189 1947 3542 2019 impropera,
3572 1942 3622 2002 si

1975 2037 2122 2092 forte
2152 2034 2238 2091 vel
2272 2035 2355 2091 sic
2387 2034 2591 2090 audire
2620 2040 2677 2089 et
2706 2035 2778 2090 ad
2822 2051 2915 2089 me
2945 2033 3201 2090 converti
3232 2032 3568 2107 dignentur.
3592 2053 3622 2081 ››

1972 2126 2043 2181 Et
2072 2125 2211 2181 item
2241 2124 2397 2180 idem
2432 2124 2489 2178 in
2531 2123 2889 2195 expositione
2933 2121 3226 2195 Evangelii
3256 2120 3624 2195 evangelista

1974 2213 2152 2269 Marci
2174 2214 2294 2282 (lib.
2320 2230 2360 2281 ι,
2381 2228 2430 2267 c.
2452 2212 2507 2283 3)
2533 2228 2579 2267 ;‹‹
2615 2212 2723 2279 Qui
2764 2228 2901 2282 ergo
2941 2213 3250 2267 manifeste
3289 2209 3626 2283 intelligens

1973 2318 2148 2373 opera
2168 2301 2441 2367 Dei,cum
2475 2302 2547 2355 de
2568 2301 2778 2355 virtute
2806 2316 3017 2373 negare
3038 2317 3154 2357 non
3187 2299 3392 2372 possit,
3418 2298 3622 2355 eadem

1974 2390 2126 2447 202
2156 2389 2500 2446 stimulatus
2545 2388 2762 2444 invidia
2790 2389 3183 2445 calumniatur
3212 2393 3270 2444 et
3299 2387 3623 2456 Christum,

1972 2478 2191 2551 Deique
2225 2478 2502 2545 Verbum,
2520 2482 2579 2534 et
2607 2495 2783 2550 opera
2812 2478 3068 2551 Spiritus
3104 2478 3290 2535 sancti
3322 2477 3466 2533 dicit
3494 2490 3627 2533 esse

1972 2567 2312 2636 Beelzebub,
2336 2567 2434 2622 isti
2467 2584 2583 2622 non
2605 2566 2934 2622 dimittetur
2953 2584 3141 2640 neque
3169 2567 3227 2622 in
3254 2566 3365 2623 hoc
3386 2564 3621 2632 Baculo,

1970 2672 2160 2729 neque
2188 2655 2250 2711 in
2282 2657 2498 2711 futuro.
2522 2655 2644 2711 Non
2679 2655 2837 2727 quod
2869 2671 3149 2726 negemus
3179 2658 3237 2710 et
3265 2654 3338 2721 ei,
3362 2653 3413 2709 si
3443 2652 3624 2725 poeni-

1970 2745 2216 2801 tentiam
2248 2761 2417 2816 agere
2441 2742 2706 2809 voluerit,
2732 2755 2904 2815 posse
2933 2743 3151 2798 dimitti
3183 2743 3255 2798 ab
3283 2758 3350 2798 eo
3371 2741 3473 2814 qui
3492 2740 3629 2798 vult-

1970 2850 2176 2891 omnes
2206 2833 2474 2888 homines
2495 2831 2687 2887 salvos
2708 2830 2852 2898 fieri,
2872 2834 2929 2885 et
2949 2830 3008 2885 in
3036 2831 3395 2903 agnitionem
3417 2829 3626 2887 verita-

1969 2923 2046 2979 tis
2073 2921 2268 2977 venire
2302 2937 2315 2976 :
2348 2921 2450 2975 sed
2482 2919 2639 2990 quod
2680 2917 2792 2989 ipsi
2827 2918 3015 2989 judici
3045 2923 3102 2974 et
3139 2918 3400 2991 largitori
3440 2919 3623 2974 veniae

1970 3008 2402 3081 credentes,qui
2416 3012 2472 3065 et
2483 3025 2544 3063 se
2562 3006 2962 3080 paenitentiam
2977 3023 3097 3063 sem
3104 3023 3208 3079 per
3217 3012 3623 3079 accepturum,

1971 3104 2029 3156 et
2057 3099 2210 3154 hanc
2229 3095 2658 3169 blasphemiam
2683 3112 2986 3168 nunquam
3013 3095 3154 3151 dicit
3173 3110 3303 3152 esse
3322 3094 3624 3151 remitten-

205 3186 518 3243 laboravit.
546 3168 1156 3261 Repulerunt‘quippe
1183 3206 1217 3245 a
1246 3206 1308 3245 se
1335 3190 1511 3245 verba
1539 3189 1860 3263 praedican-
1892 3168 1935 3234 (ἶ
1972 3190 2129 3253 dam,
2153 3168 2462 3243 credamus
2482 3185 2643 3240 hunc
2662 3184 3093 3257 blasphemum,
3117 3180 3486 3258 exigentibus
3508 3198 3625 3240 me-

206 3275 386 3343 tium,
416 3276 561 3348 quia
590 3276 889 3350 dedignati
919 3281 1059 3333 sunt
1094 3277 1156 3332 in
1186 3277 1433 3334 Domino
1464 3279 1701 3335 inﬁrma
1728 3294 1868 3350 pas—

205 3364 471 3421 sionum.
498 3387 528 3414 »
550 3365 695 3422 Item
726 3366 786 3421 in
813 3365 965 3422 libro
994 3383 1165 3422 xxxw
1186 3368 1326 3439 (cap.
1352 3366 1439 3440 10)
1462 3384 1476 3423 :
1499 3367 1615 3424 Non
1658 3368 1873 3439 fugavit

204 3470 337 3508 eum
364 3456 456 3509 vir
480 3456 822 3525 sagittarius.
846 3454 1009 3511 Unde
1038 3454 1185 3510 bene
1215 3457 1468 3527 peccatis
1499 3456 1871 3529 praacedenti4

208 3541 327 3597 bus
355 3541 621 3598 irascens
648 3543 957 3612 Dominus,
980 3543 1050 3599 de
1070 3543 1165 3599 his
1184 3560 1334 3615 quos
1356 3544 1414 3599 in
1439 3562 1616 3600 manu
1639 3544 1871 3617 antiqui

206 3629 405 3687 hostis
424 3630 662 3699 deserit,
681 3649 783 3704 per
802 3630 1148 3705 prophetam
1171 3632 1313 3687 dicit
1332 3650 1379 3687 :u
1405 3633 1696 3689 Immittam
1719 3634 1873 3690 vobis

204 3726 486 3792 serpentes
536 3720 783 3791 regulos,
834 3721 1032 3792 quibus
1086 3737 1198 3777 non
1248 3729 1329 3776 est
1384 3723 1681 3778 inmutatio
1736 3724 1866 3795 (Jer.

207 3824 347 3872 VIII,
375 3808 486 3879 17).
516 3808 601 3863 Ac
638 3807 688 3863 si
735 3806 956 3863 diceret
986 3825 1000 3862 :
1033 3808 1062 3864 J
1074 3812 1204 3864 usto
1243 3808 1469 3878 judicio
1518 3808 1738 3864 talibus
1756 3820 1869 3865 Vos

209 3896 541 3952 immundis
602 3895 911 3968 spiritibus
966 3896 1342 3969 tradam,qui
1383 3914 1418 3952 a
1460 3897 1626 3953 vobis
1677 3896 1870 3954 excuti

208 3982 619 4040 exhortatione
638 3984 1102 4056 praedicantium,
1117 3986 1287 4057 quasi
1313 3985 1739 4041 incantantium
1758 4003 1873 4043 ser-

211 4089 415 4139 mone,
433 4090 552 4128 non
581 4072 870 4129 valeant.»
896 4075 966 4129 Et
986 4079 1117 4145 post
1137 4073 1444 4147 paululum
1468 4078 1608 4146 (cap.
1631 4075 1868 4148 eodem):

211 4186 243 4210 «
287 4161 405 4217 Sed
463 4162 605 4233 quid
664 4161 883 4217 mirum
940 4161 991 4218 si
1048 4162 1341 4218 humanas
1391 4163 1545 4219 vires
1600 4164 1868 4236 despicit,

212 4248 322 4323 qui
383 4249 513 4323 ipsa
552 4250 733 4306 etiam
764 4249 1005 4322 superni
1035 4250 1094 4306 in
1122 4267 1184 4307 se
1234 4251 1445 4322 judicii
1504 4256 1721 4308 aeterna
1749 4257 1872 4308 tor-

210 4342 422 4395 menta
450 4338 795 4395 contemnit.
820 4360 847 4391 »
879 4339 1023 4395 Item
1066 4339 1125 4394 in
1156 4341 1358 4396 eodem
1390 4339 1537 4397 libro
1569 4345 1708 4414 (cap.
1745 4342 1828 4414 15)
1855 4358 1870 4398 :

213 4448 243 4477 κ
264 4426 662 4499 Omnipotens
692 4428 868 4496 Deus,
887 4427 1025 4500 quia
1056 4428 1189 4500 pius
1224 4433 1333 4499 est,
1359 4430 1708 4486 miserorum
1741 4449 1868 4487 cru-

1974 3277 2125 3347 ritis,
2164 3276 2317 3332 sicut
2366 3290 2689 3346 nunquam.
2721 3274 2794 3329 ad
2841 3273 3268 3342 remissionem,
3298 3273 3383 3329 ita
3412 3289 3517 3329 nec
3547 3272 3621 3328 ad

1973 3366 2136 3439 ipsos
2162 3364 2371 3437 dignos
2401 3362 2752 3435 paenitentiae
2783 3363 3010 3418 fructus
3029 3379 3158 3419 esse
3182 3366 3624 3434 perventurum.

1974 3455 2153 3512 Juxta
2180 3453 2290 3509 hoc
2317 3452 2472 3524 quod
2496 3452 2754 3507 Joannes
2781 3450 3138 3524 evangelista
3166 3452 3238 3508 de
3263 3450 3624 3523 quibusdam

1975 3541 2356 3616 blasphemiae
2382 3558 2504 3597 suae
2537 3540 2746 3596 merito
2767 3540 3066 3596 excaecatis
3086 3540 3459 3596 veracissime
3488 3541 3627 3596 scri-

1977 3633 2138 3706 psit:
2184 3634 2473 3703 Propterea
2525 3647 2637 3686 non
2687 3638 2985 3702 patiwrunt
3032 3630 3249 3687 credere
3300 3634 3488 3698 (Joan.
3519 3646 3621 3698 xu,

1975 3723 2065 3792 39,
2097 3724 2209 3791 40),
2242 3721 2381 3794 quia
2422 3720 2636 3775 iterum
2668 3720 2811 3775 dixit
2850 3719 3030 3775 Isaias
3064 3736 3077 3775 :
3111 3716 3418 3777 Excaecavit
3442 3718 3633 3790 oculos

1976 3828 2185 3877 eorum,
2204 3818 2256 3867 et
2285 3810 2569 3866 induravit
2608 3826 2700 3865 cor
2728 3825 2937 3877 eorum,
2959 3818 3020 3865 ut
3046 3825 3157 3865 non
3185 3809 3404 3866 videant
3429 3809 3627 3878 oculis,

1977 3910 2028 3956 et
2056 3901 2371 3971 intelligant
2404 3898 2583 3968 corde,
2612 3907 2664 3955 et
2707 3906 3090 3955 convertantur
3133 3907 3185 3955 et
3223 3914 3413 3955 senem
3460 3914 3569 3954 eos.
3597 3919 3623 3951 ι

1978 3990 2049 4045 Et
2077 3990 2215 4044 item
2247 3990 2330 4057 (in
2369 3987 2609 4043 Marcum
2650 3984 2747 4043 lib.
2782 4005 2820 4053 ι,
2854 4003 2902 4043 c.
2937 3987 3025 4059 Il):
3057 4009 3079 4037 α
3116 3987 3183 4042 Hi
3227 3994 3422 4044 autem
3464 3984 3627 4056 sunt,

1979 4078 2081 4150 qui
2108 4077 2263 4133 circa
2286 4076 2438 4131 viam
2470 4077 2571 4130 ubi
2616 4075 2943 4131 seminatur
2968 4077 3231 4145 verbum,
3265 4081 3324 4132 et
3352 4093 3487 4132 cum
3519 4094 3630 4133 au-

1981 4166 2196 4223 dierint
2225 4165 2534 4221 confestim
2572 4163 2730 4219 venit
2767 4164 3034 4232 Satanas,
3069 4167 3127 4219 et
3157 4165 3350 4220 aufert
3384 4166 3628 4222 verbum

1980 4256 2138 4328 quod
2169 4254 2523 4311 seminatum
2556 4258 2647 4308 est
2675 4253 2736 4307 in
2767 4254 2944 4309 corda
2971 4264 3195 4320 eorum,
3226 4257 3285 4309 et
3313 4257 3539 4309 caetera.
3563 4253 3628 4309 In

1980 4344 2092 4400 hac
2139 4341 2370 4398 Domini
2417 4341 2783 4414 oppositione
2811 4342 3004 4397 omnis
3033 4358 3237 4398 eorum
3276 4341 3377 4414 qui
3426 4341 3630 4399 audire

1983 4432 2221 4506 quidem
2251 4433 2429 4487 verba
2481 4431 2691 4487 salutis
2722 4430 3059 4502 potuerunt,
3093 4431 3193 4487 sed
3247 4433 3321 4487 ad
3378 4422 3631 4488 salutem

202 4516 381 4572 ciatu
411 4532 528 4571 non
558 4516 846 4588 pascitur;
879 4515 1020 4588 quia
1047 4522 1246 4573 autem
1279 4519 1483 4589 justus
1513 4522 1623 4590 est,
1655 4520 1728 4576 ab
1760 4520 1870 4575 ini-
1900 4533 1953 4597 Β
1978 4521 2278 4596 pervenire
2299 4524 2617 4592 nequeunt,
2634 4517 2915 4575 distantia
2932 4519 3467 4592 comprehenditur.
3483 4522 3639 4578 Sunt-

204 4618 479 4677 quorum
511 4604 732 4662 ultione
752 4604 810 4661 in
836 4610 1183 4679 perpetuum
1215 4624 1328 4663 non
1353 4607 1612 4663 sedatur.
1634 4609 1745 4665 Sed
1766 4608 1875 4664 ini-

202 4694 316 4766 qui
330 4710 547 4751 omnes
560 4699 775 4751 aeterno
789 4694 1163 4767 supplicio,et
1179 4696 1415 4767 quidem
1434 4714 1544 4752 sua
1564 4696 1876 4770 iniquitate

204 4783 574 4856 puniuntur,
590 4788 649 4840 et
665 4789 862 4840 tamen
884 4784 956 4840 ad
987 4782 1210 4856 aliquid
1231 4789 1698 4855 concrementur,
1726 4785 1877 4842 scili-

204 4876 305 4929 cet
328 4876 403 4927 ut
430 4876 487 4927 et
506 4871 658 4944 justi
689 4889 916 4941 omnes,
942 4878 1002 4928 et
1026 4872 1087 4928 in
1119 4872 1365 4929 Domino
1396 4874 1632 4929 videant
1661 4874 1879 4947 gaudia

203 4978 347 5034 qua
380 4961 739 5033 percipiunt,
767 4965 827 5018 et
855 4960 1059 5033 injusti
1086 4962 1398 5034 respiciant
1429 4962 1718 5035 supplicia
1749 4980 1876 5035 qua:

201 5054 538 5106 evaserunt
555 5066 569 5104 :
589 5054 655 5105 ut
672 5053 837 5106 tanto
856 5050 915 5106 in
938 5054 1221 5105 aeternum
1244 5051 1432 5123 magis
1447 5051 1655 5107 divina
1675 5051 1877 5124 gratim

204 5138 523 5194 debitores
554 5155 616 5195 se
644 5154 779 5195 esse
823 5143 1197 5212 cognoscant,
1224 5143 1442 5211 quanto
1483 5139 1543 5195 in
1594 5144 1876 5195 aeternum

202 5225 378 5283 mala
414 5225 623 5298 punire
648 5226 1040 5301 conspiciunt,
1060 5244 1186 5299 quae
1218 5229 1346 5299 ejus
1376 5228 1467 5299 adj
1480 5227 1665 5285 utorio
1696 5229 1880 5286 vitare

202 5319 600 5387 potuerunt.»
624 5317 696 5371 Et
724 5315 787 5371 in
837 5315 1080 5373 homilia
1128 5316 1420 5390 Evangelii
1451 5316 1644 5389 prima
1673 5335 1686 5373 :
1712 5340 1739 5368 «
1774 5319 1880 5375 Do-

198 5404 424 5461 minus
455 5408 512 5459 et
555 5404 913 5477 Redemptor
951 5409 1169 5472 noster,
1200 5410 1435 5477 paratos
1474 5423 1582 5461 nos
1620 5406 1880 5464 invenire

199 5492 590 5561 desiderans,
614 5497 1018 5551 senescentem
1067 5494 1355 5550 mundum
1410 5510 1538 5566 quis
1591 5494 1747 5551 mala
1789 5513 1880 5553 se-

198 5585 484 5659 quantur
510 5581 844 5641 denuntiat.
861 5604 892 5633 ››
915 5583 987 5641 Et
1013 5583 1154 5642 item
1185 5583 1244 5640 in
1275 5582 1478 5641 eadem
1513 5599 1564 5642 :«
1599 5584 1662 5642 ln
1691 5588 1883 5661 potes-

550 5710 832 5776 Ρηιιοι..
880 5709 1107 5775 CXXV.

1988 4626 2263 4682 namque,
2297 4608 2398 4681 qui
2455 4607 2699 4663 verbum
2757 4608 2911 4679 quod
2971 4608 3238 4679 audiunt,
3279 4608 3446 4666 nulla
3495 4610 3643 4681 ﬁde;

1984 4699 2146 4757 nullo
2200 4696 2518 4765 intellectu,
2554 4696 2718 4752 nulla
2747 4697 2959 4754 saltem
3015 4699 3306 4756 tentandae
3364 4699 3641 4758 utilitatis

1983 4788 2287 4865 occasione
2318 4786 2615 4859 percipere
2645 4786 3001 4859 dignantur:
3027 4800 3279 4861 quorum
3310 4778 3643 4862 indiseiplia'

1986 4878 2140 4934 natis
2161 4894 2227 4932 ac
2239 4877 2273 4931 d
2284 4875 2405 4931 uris
2417 4874 2692 4931 cordibus
2709 4878 3054 4933 mandatum
3066 4879 3307 4934 verbum
3325 4879 3646 4935 confestim-

1985 4965 2277 5022 immundi
2320 4964 2583 5037 spiritus,
2608 4966 2776 5037 quasi
2806 4966 2911 5021 via;
2947 4968 3100 5022 trita:
3130 4966 3394 5023 volucres
3433 4981 3634 5023 semen

1986 5055 2296 5128 eripiunt.»
2321 5055 2391 5109 Et
2411 5053 2550 5109 item
2578 5070 2625 5109 :«
2649 5046 2713 5111 Et
2734 5072 2845 5111 non
2859 5064 3070 5127 poterat
3092 5057 3173 5113 ibi
3192 5060 3445 5113 virtutem
3464 5057 3639 5111 ullam

1985 5145 2183 5214 facere,
2205 5143 2320 5197 nisi
2334 5157 2536 5214 paucos
2567 5143 2813 5214 inﬁmos
2832 5146 3101 5217 impositis
3120 5146 3377 5201 manibus
3403 5145 3636 5199 curavit.

1987 5232 2051 5286 Et
2074 5231 2385 5285 mirabatur
2398 5237 2621 5301 propter
2644 5232 3079 5289 incredulitatem
3109 5233 3352 5288 illorum.
3375 5231 3500 5286 Non
3522 5244 3637 5302 quo

1987 5319 2164 5376 etiam
2196 5318 2312 5373 illis
2342 5317 2659 5376 incredulis
2704 5338 2819 5376 non
2856 5321 3112 5392 potuerit
3138 5321 3381 5377 virtutes
3420 5319 3641 5378 multas

1988 5408 2198 5475 facere,
2233 5407 2335 5463 sed
2368 5424 2482 5480 quo
2514 5425 2587 5463 ne
2626 5408 2845 5465 multas
2879 5409 3093 5465 faciens
3124 5408 3277 5464 cives
3306 5405 3641 5466 incredulos

1989 5497 2478 5553 condemnaret.»
2500 5497 2571 5552 Et
2605 5496 2746 5554 item
2776 5497 2959 5566 (idid,
2993 5498 3090 5552 lib.
3114 5514 3152 5566 ι,
3175 5512 3294 5569 cap.
3328 5498 3416 5571 10)
3441 5514 3455 5554 :
3480 5519 3510 5549 «
3545 5498 3640 5556 Sec

1988 5585 2117 5645 dere
2145 5593 2327 5645 autem
2354 5584 2425 5645 ad
2452 5586 2729 5645 dea-teram
2755 5601 2954 5658 meam,
2975 5586 3060 5645 vel
3085 5585 3157 5644 ad
3194 5588 3503 5659 sinistram,
3530 5605 3649 5651 non

3286 5724 3326 5833 9
