3970 6182
353 280 468 338 267

354 419 432 466 est
464 426 645 466 meum
671 409 802 464 dare
837 409 1004 476 vobis,
1035 409 1128 464 sed
1169 408 1365 482 quibus
1408 417 1665 482 paratum
1710 417 1790 466 est
1813 409 2000 479 (Marc.
2033 410 2081 478 Α

355 516 410 566 x,
435 498 546 566 40).
571 497 664 554 Sic
695 495 1140 568 intelligendum
1171 502 1280 565 cst,
1304 514 1550 572 regnum
1582 497 1856 554 caelorum
1885 514 2002 554 non

355 591 447 643 est
476 585 692 653 dantis,
727 585 827 640 sed
870 584 1234 657 accipientis.
1257 585 1384 642 Non
1414 590 1500 642 est
1529 587 1688 643 enim
1720 603 2002 659 persona-

356 692 487 731 rum
519 673 774 745 acceptio
805 673 959 744 apud
992 673 1210 729 Deum:
1231 675 1333 730 sed
1367 674 1704 748 quicunque
1733 675 1907 732 talem
1940 690 2004 732 se

355 761 686 836 praebuerit,
702 766 766 816 ut
787 778 964 835 regno
987 761 1266 818 cmlorum
1289 763 1504 837 dignus
1529 763 1626 836 sit,
1645 763 1738 819 hic
1760 763 2006 836 accipiet

357 851 511 924 quod
542 867 658 907 non
691 867 971 922 personae,
995 851 1096 906 sed
1122 851 1250 906 vitae
1283 856 1552 924 paratum
1583 857 1692 908 est.
1717 851 1776 908 Si
1806 852 2005 924 itaque

355 939 502 996 tales
521 939 663 996 estis
685 939 785 1011 qui
807 939 1248 1011 consequamini
1269 955 1516 1014 regnum
1535 939 1832 1006 caelorum,
1846 939 2004 1012 quod

355 1029 526 1085 Pater
557 1045 724 1084 meus
751 1027 1257 1100 triumphantibus
1283 1033 1340 1084 et
1365 1027 1686 1084 victoribus
1714 1045 2004 1102 praepara-

353 1118 456 1190 vit,
477 1135 580 1175 vos
604 1133 837 1190 quoque
867 1115 1164 1188 accipietis
1195 1117 1397 1173 illud.»
1421 1118 1486 1174 Et
1519 1117 1660 1174 item
1684 1135 1734 1174 :«
1759 1119 1830 1175 Et
1859 1123 1922 1175 tu
1953 1117 2003 1174 si

356 1225 472 1264 non
497 1207 586 1264 vis
615 1207 819 1263 audire
850 1206 909 1260 in
932 1204 1158 1278 judicio
1188 1223 1222 1261 a
1251 1205 1480 1263 Christo
1505 1223 1518 1262 :
1553 1207 1796 1264 Discede
1825 1225 1859 1264 a
1887 1222 2001 1276 me,

357 1295 684 1364 malediete,
718 1295 778 1350 in
810 1295 1005 1367 ignem
1050 1298 1356 1361 aeternum,
1390 1295 1531 1368 quia
1559 1295 1770 1352 esurivi
1801 1299 1858 1352 et
1887 1313 2003 1352 non

355 1383 569 1446 dedisti
602 1383 746 1440 mihi
777 1384 1154 1452 manducare,
1188 1383 1362 1440 arbor
1401 1401 1531 1441 esse
1559 1384 1774 1442 sterilis
1803 1385 1862 1440 in
1893 1385 2005 1442 hac

355 1475 472 1530 vita
495 1477 690 1530 caveto
718 1489 730 1527 :
757 1473 898 1544 quin
919 1471 1114 1545 potius
1134 1473 1378 1544 pauperi
1395 1472 1625 1530 Christo
1646 1477 1701 1530 et
1721 1472 2006 1530 esurienti

355 1564 610 1618 fructum
644 1561 881 1632 pietatis
911 1577 1026 1632 quo
1049 1558 1271 1632 indiget
1299 1561 1494 1618 offer.-
1525 1563 1594 1618 Et
1623 1562 1765 1618 item
1791 1579 1840 1618 :«
1863 1562 2006 1618 Scri-

349 1659 505 1724 ptum
533 1659 611 1706 est
640 1653 771 1723 quia
816 1650 1006 1706 domus
1043 1667 1164 1706 mea
1195 1649 1382 1707 domus
1413 1653 1676 1708 orationis
1727 1651 2006 1708 vocabitur

1279 277 1664 343 HINCMARI
1710 277 2158 338 RHEMENSIS
2204 249 2820 340 ARCHIEPISCOPI.

3637 275 3750 337 268

2116 409 2320 466 Solum
2350 413 2440 467 est
2478 409 2658 476 enim,
2689 414 2754 466 ut
2799 409 2857 464 in
2908 409 3018 464 hac
3047 407 3168 464 vita
3222 411 3526 481 peccatum
3583 423 3752 464 omne

2109 498 2418 558 fateamur.
2445 499 2544 554 ubi
2574 503 2632 555 et
2663 497 2923 554 humana
2953 495 3267 570 fragilitate
3295 495 3751 570 delinquimus.»

2111 587 2181 642 Et
2211 586 2268 640 in
2297 584 2526 659 psalmo
2549 603 2719 642 vam
2746 603 2794 642 τα
2818 585 3097 642 Additum
3119 589 3211 641 est
3238 587 3300 641 iu
3328 585 3750 653 retributionem,

2111 674 2252 747 quia
2275 675 2579 732 subtracta
2607 673 2710 730 illa
2740 691 2947 732 mensa
2975 677 3034 731 et
3068 673 3344 747 gentibus
3375 673 3609 740 tradita,
3635 690 3750 730 ma-

2111 762 2304 819 lorum
2331 762 2635 820 retributio
2665 763 2794 820 fuit.
2819 763 3042 836 Quippe
3071 763 3308 835 quando
3339 763 3397 818 in
3428 779 3499 820 ea
3535 762 3752 836 epulari

2112 850 2398 909 molentes
2447 853 2520 909 ab
2569 869 2638 908 ea
2682 851 2888 908 merito
2938 851 3208 908 videntur
3252 851 3554 908 excludi.»
3589 852 3659 908 Et
3697 851 3752 908 in

2112 940 2340 1014 psalmo
2369 957 2541 997 Lxxm
2575 957 2641 996 :«
2676 940 2742 998 In
2769 939 3040 1012 praesenti
3084 938 3310 1012 psalmo
3340 940 3596 997 civitatis
3648 941 3753 998 sub

2109 1030 2298 1088 versio
2316 1029 2672 1104 deploratur,
2689 1035 2756 1086 ut
2771 1029 3126 1088 durissimus
3142 1029 3378 1087 animus
3395 1030 3752 1104 Judieorum,

2109 1119 2200 1176 vel
2230 1119 2420 1193 ipsius
2457 1118 2708 1176 civitatis
2758 1136 2878 1176 suae
2931 1117 3367 1176 calamitatibus
3423 1122 3755 1176 terreretur.

2113 1209 2325 1264 Totum
2357 1208 2494 1264 fecit
2523 1208 2788 1264 medicus
2830 1209 3040 1275 bonus,
3074 1207 3124 1262 si
3153 1207 3466 1264 sanitatem
3505 1207 3758 1280 recipere

2110 1294 2397 1354 voluisset
2419 1301 2730 1370 aegrotus.»
2753 1297 2824 1352 Et
2842 1297 2901 1352 in
2924 1295 3152 1368 psalmo
3171 1313 3315 1352 axxv
3337 1313 3386 1352 :«
3421 1295 3760 1354 Amiserunt

2111 1400 2250 1458 esgo
2269 1390 2326 1441 et
2346 1385 2528 1452 istud,
2543 1383 2645 1458 qui
2667 1383 2962 1457 majestati
2985 1384 3114 1456 ejus
3135 1401 3508 1457 nequaquam
3527 1385 3758 1442 credere

2109 1473 2476 1530 voluerunt.»
2498 1474 2568 1530 Et
2596 1473 2657 1530 in
2689 1473 2918 1546 psalmo
2943 1491 3106 1530 Lxxxi
3129 1489 3183 1530 zu
3203 1473 3271 1529 Et
3291 1473 3588 1530 benedixit
3605 1473 3760 1530 sicut

2111 1576 2268 1628 oves,
2303 1579 2419 1618 non
2475 1566 2672 1618 tamen
2727 1579 2882 1632 oves,
2907 1561 3047 1636 quia
3101 1578 3217 1618 non
3275 1561 3564 1618 credendo
3620 1562 3759 1619 facti

2111 1655 2254 1708 sunt
2291 1649 2498 1708 hazdi.»
2521 1651 2590 1706 Et
2618 1650 2676 1706 in
2711 1650 2938 1724 psalmo
2970 1667 3154 1708 Lxxvn
3177 1667 3238 1706 :a
3265 1649 3462 1707 Genus
3489 1667 3758 1722 pravum,

355 1743 562 1797 cunctis
607 1740 857 1812 gentibus
905 1739 1090 1809 (Marc.
1115 1757 1178 1808 ιι,
1216 1741 1303 1808 17)
1339 1757 1352 1794 :
1384 1763 1413 1791 ››
1447 1741 1755 1812 Omnibus,
1787 1740 2002 1814 inquit,
2034 1783 2082 1848 Β
2113 1739 2254 1812 quia
2299 1739 2601 1796 veritatem
2651 1740 2906 1812 recipere
2954 1739 3287 1796 noluerunt.
3323 1761 3354 1790 ››
3387 1739 3458 1796 Et
3501 1739 3648 1796 item
3700 1739 3760 1796 in

355 1829 650 1902 gentibus,
675 1846 792 1883 non
825 1828 922 1882 uni
955 1829 1112 1900 genti
1143 1829 1377 1898 Judmm,
1407 1846 1513 1884 nec
1542 1829 1601 1884 in
1635 1846 1750 1886 uno
1781 1829 2006 1886 Jeroso-

354 1919 520 1991 lymze
555 1917 718 1972 urbis
740 1915 888 1982 loco,
911 1916 1012 1970 sed
1043 1916 1102 1971 in
1125 1920 1244 1972 toto
1275 1917 1413 1972 orbe
1443 1922 1754 1974 terrarum.
1778 1917 1920 1974 Item
1943 1917 2004 1974 in

357 2006 696 2062 Commento
727 2003 1022 2076 Evangelii
1056 2005 1221 2062 Luca:
1247 2021 1260 2062 :
1284 2028 1312 2056 «
1335 2005 1482 2062 Nam
1513 2007 1668 2062 sicut
1697 2007 1756 2062 in
1787 2007 2004 2079 quibus

354 2095 603 2153 venandi
633 2111 729 2150 ars
759 2099 868 2160 est,
903 2094 1001 2148 ubi
1032 2095 1207 2163 feras,
1242 2094 1452 2168 pisces,
1486 2100 1543 2151 et
1570 2093 1836 2152 volucres
1867 2095 2001 2168 plus

354 2184 654 2240 abundare
682 2181 1010 2250 didicerint,
1035 2182 1115 2239 ibi
1141 2201 1250 2240 sua
1269 2183 1521 2238 maxime
1541 2182 1686 2240 retia
1708 2185 1996 2241 tendunt:

353 2273 436 2328 ita
465 2272 514 2328 ei
549 2272 836 2328 Dominus
886 2288 1118 2343 semper
1143 2271 1342 2327 docuit
1389 2272 1449 2326 in
1498 2272 1822 2345 Synagoga,
1853 2278 1910 2329 et
1939 2273 2000 2328 in

353 2359 590 2433 templo,
644 2377 760 2432 quo
818 2377 1024 2416 omnes
1080 2360 1270 2416 Judaei
1330 2361 1772 2432 conveniebant,
1801 2360 1999 2418 volens

349 2467 552 2506 omnes
583 2449 774 2505 salvos
804 2448 950 2515 ﬁeri,
977 2453 1034 2504 et
1066 2449 1138 2504 ad
1171 2449 1530 2522 agnitionem
1560 2448 1824 2506 veritatis
1846 2451 2000 2508 ποι

351 2537 600 2594 venire.»
620 2539 691 2593 Et
721 2538 861 2592 item
888 2554 941 2592 :«
968 2538 1187 2593 Tulistis
1216 2539 1421 2594 clavem
1448 2539 1715 2596 scientiae.
1751 2540 1866 2595 [loc
1885 2543 1999 2610 est,

349 2625 745 2682 humilitatem
777 2625 910 2681 fidei
939 2625 1177 2695 Christi,
1213 2643 1329 2698 qua
1378 2627 1450 2682 ad
1499 2626 1824 2683 divinitatis
1871 2629 1999 2700 ejus

350 2715 708 2789 agnitionem
735 2714 1034 2787 pervenire
1063 2715 1360 2786 poteratis,
1385 2721 1728 2788 spernentes
1750 2715 1999 2788 abjicere

352 2803 666 2860 maluistis.
693 2826 722 2853 ››
753 2805 823 2860 Et
862 2808 1001 2859 item
1034 2803 1214 2876 (ibid.,
1249 2804 1346 2860 lib.
1379 2822 1454 2872 ιν,
1489 2822 1606 2878 cap.
1645 2806 1734 2874 11)
1759 2822 1772 2861 :
1797 2829 1826 2856 «
1851 2806 1997 2862 Nam

351 2893 402 2948 si
423 2893 642 2966 petenti
667 2893 860 2964 datur,
883 2896 939 2948 et
961 2909 1224 2964 qumrcns
1246 2892 1484 2961 invenit,
1508 2897 1568 2949 et
1587 2892 1848 2966 pulsanti
1870 2910 2000 2968 ape-

351 2981 552 3049 rietur,
587 2998 722 3054 ergo
772 2979 866 3036 cui
915 2998 1031 3036 non
1078 2982 1270 3049 datur,
1293 2987 1352 3039 et
1380 2982 1482 3056 qui
1513 2999 1628 3040 non
1671 2982 1914 3052 invenit,
1939 2987 1999 3040 et

352 3070 445 3126 cui
477 3087 592 3126 non
624 3070 902 3142 aperitur,
928 3074 1169 3140 apparet
1197 3071 1352 3142 quod
1401 3087 1516 3126 non
1565 3070 1713 3127 bene
1741 3070 1994 3145 petierit,

351 3141 675 3232 quaesierit,
691 3157 1060 3229 pulsaverit.»
1085 3159 1156 3214 Et
1176 3141 1314 3214 item
1335 3175 1384 3214 :u
1399 3159 1615 3215 Verum
1639 3141 1854 3232 ille—qui
1875 3160 2000 3216 vult
2026 3141 2070 3209 (ἶ

350 3263 553 3302 omnes
579 3245 849 3301 homines
879 3245 1068 3301 salvos
1100 3247 1247 3314 ﬁeri,
1277 3251 1335 3302 et
1363 3246 1434 3302 ad
1461 3247 1821 3320 agnitionem
1851 3247 1998 3305 veri-

349 3334 486 3390 tatis
515 3333 732 3404 venire,
765 3349 921 3388 nunc
963 3334 1036 3390 ad
1065 3352 1185 3402 eos,
1219 3351 1374 3391 nunc
1403 3335 1488 3391 eis
1518 3335 1893 3394 audientibus
1923 3337 1996 3394 ad

347 3421 666 3495 discipulos
715 3439 855 3477 suos
885 3423 1058 3478 verba
1104 3423 1389 3495 faciendo,
1422 3428 1714 3482 consuetae
1762 3425 1997 3500 pietatis

347 3512 501 3568 dona
539 3511 830 3584 benignus
881 3512 1218 3584 impendere
1271 3529 1386 3568 non
1434 3517 1643 3570 cessat.
1682 3537 1703 3565 ι»
1739 3515 1809 3570 Et
1855 3515 1994 3574 item

347 3599 466 3673 (lib.
492 3617 547 3669 ν,
571 3616 618 3656 c.
647 3600 730 3671 19)
757 3615 768 3653 :
803 3599 1004 3655 «Venit
1028 3601 1178 3654 enim
1213 3599 1366 3670 ﬁlius
1395 3599 1632 3657 hominis
1664 3617 1907 3673 qua’rere
1947 3611 2000 3660 et

343 3690 559 3767 salvere
579 3687 718 3761 quod
733 3689 1028 3760 perierat.»
1053 3689 1170 3744 lIoc
1191 3691 1280 3743 est
1301 3689 1453 3760 quod
1479 3688 1618 3744 alibi
1641 3690 1784 3746 dicit
1805 3707 1858 3746 :«
1877 3691 1997 3748 Non

345 3779 474 3833 veni
501 3793 691 3834 vocare
715 3779 912 3849 justos,
935 3775 1028 3831 sed
1051 3783 1370 3848 peculiares.
1403 3777 1541 3834 Pius
1587 3793 1728 3834 sane
1776 3780 1994 3853 magis-

345 3869 454 3932 ter,
468 3864 570 3936 qui
594 3865 1101 3922 murmurantibus
1123 3865 1313 3921 turbis
1333 3883 1442 3922 sua
1461 3867 1738 3940 mysteria
1760 3886 1875 3924 non
1903 3869 1997 3926 de-

347 3955 625 4027 dignatur
652 3970 955 4026 exponere,
975 3954 1117 4010 adeo
1149 3953 1374 4012 scilicet
1403 3959 1775 4026 peccatorum
1805 3958 1996 4030 pceni-

346 4041 590 4098 tentiam
614 4059 727 4099 non
758 4058 887 4099 esse
907 4045 1320 4116 respuendum,
1345 4048 1411 4100 ut
1441 4045 1568 4117 ipse
1594 4044 1695 4101 Dei
1718 4044 1900 4102 Filius
1920 4047 1992 4103 ob

345 4131 497 4188 hanc
527 4131 780 4188 maxime
811 4133 1184 4204 quaerendam
1216 4132 1294 4190 sit
1321 4133 1650 4190 destinatus
1681 4134 1752 4191 ad
1786 4138 1991 4192 terras.

343 4220 452 4288 Qui
483 4225 548 4278 ut
577 4221 814 4294 pietatis
848 4237 965 4276 sua:
993 4219 1162 4278 nobis
1189 4220 1686 4295 dispensationem
1719 4222 1991 4294 inculcet,

341 4309 666 4382 saepissime
694 4327 757 4367 se
779 4309 965 4366 ﬁlium
989 4309 1245 4368 hominis
1275 4309 1552 4384 appellat,
1575 4311 1994 4369 commendans

342 4397 588 4456 sollicite
621 4399 789 4456 nobis
819 4399 975 4470 quod
1007 4399 1196 4455 factus
1227 4402 1317 4455 est
1344 4398 1596 4474 benigne
1619 4416 1723 4472 pro
1751 4399 1940 4458 nobis.
1961 4423 1992 4452 κ

341 4485 413 4540 Et
467 4487 607 4578 item
653 4504 719 4542 ια
772 4487 1140 4578 Impietatem
1195 4488 1556 4578 Judaaorum,
1585 4487 1676 4578 vel
1725 4489 1991 4546 omnium
2021 4509 2073 4578 Β

343 4574 722 4646 reproborum
751 4575 820 4630 ad
845 4575 1141 4633 Christum
1166 4577 1423 4634 converti
1449 4577 1794 4646 nolentium,
1819 4578 1994 4652 signi-

345 4661 482 4716 ficat
510 4662 569 4717 in
603 4663 695 4720 die
735 4662 944 4735 judicii
995 4665 1376 4738 puniendam.
1400 4689 1429 4718 »
1463 4667 1533 4722 Et
1572 4666 1714 4724 item
1747 4685 1816 4724 :«
1848 4667 1998 4736 Quia

341 4749 694 4808 visitationis
723 4769 841 4808 suae
887 4755 1122 4826 tempus
1173 4754 1415 4811 minime
1461 4756 1748 4830 cognovit,
1783 4755 1902 4814 illis
1931 4757 1993 4814 in

343 4843 600 4896 extremo
633 4839 759 4897 vitae
786 4840 1042 4898 inimicis
1073 4843 1344 4916 traditur,
1361 4861 1496 4900 cum
1517 4844 1732 4916 quibus
1755 4845 1812 4901 in
1835 4849 1994 4903 aeter-

342 4946 418 4986 no
443 4927 666 5002 judicio
707 4930 1104 4988 damnationis
1136 4949 1256 4989 suae
1294 4932 1568 4990 societate
1606 4933 1934 5006 colligatur.
1959 4955 1990 4984 »ι

341 5019 412 5075 Et
439 5019 580 5076 item
603 5037 651 5075 ;‹‹
686 5020 929 5094 Semper
957 5021 1252 5096 ambigere
1274 5021 1491 5079 dicitur
1513 5021 1690 5092 Deus,
1713 5027 1778 5079 ut
1805 5021 1992 5080 libera

339 5107 606 5164 voluntas
637 5109 862 5165 homini
893 5115 1238 5167 reservetur.
1262 5131 1292 5162 »

406 5199 478 5254 Et
506 5197 887 5255 Cassiodorus
918 5198 978 5253 in
1011 5198 1238 5272 psalmo
1269 5217 1336 5256 Lv
1366 5217 1415 5256 :«
1443 5197 1642 5270 Ipsum
1691 5202 1782 5256 est
1829 5198 1987 5256 enim

337 5302 658 5361 quacunque
705 5287 812 5357 die,
846 5287 986 5359 quia
1032 5287 1317 5344 Dominus
1375 5285 1648 5344 clementi
1705 5287 1990 5360 patientia

339 5375 642 5448 quodlibet
663 5381 896 5448 tempus
929 5379 1138 5432 nostrae
1165 5374 1558 5432 conversionis
1583 5380 1892 5449 exspectat.
1918 5377 1990 5434 Et

336 5463 465 5519 ideo
488 5464 809 5538 culpabiles
831 5464 1104 5538 sustinet,
1123 5468 1421 5538 exspectat
1439 5468 1724 5538 errantes,
1743 5465 1944 5522 dicens
1967 5483 1982 5523 :

335 5550 492 5612 Nolle
517 5562 745 5613 mortem
779 5557 1098 5632 peccatoris,
1125 5553 1222 5614 sed
1247 5561 1310 5614 ut
1335 5560 1679 5617 convertatur
1722 5560 1776 5613 et
1816 5556 1982 5616 vivat.

2111 1827 2317 1884 eodem
2340 1843 2397 1882 ες(
2428 1826 2708 1884 Malitiam
2739 1827 2998 1884 hominis
3025 1827 3084 1882 in
3116 1843 3226 1884 sua
3254 1826 3682 1900 indignatione,
3705 1831 3762 1884 et

2113 1915 2222 1982 ira,
2243 1919 2302 1972 et
2332 1915 2709 1973 tribulatione
2738 1915 3071 1988 dereliquit,
3101 1921 3166 1970 ut
3193 1915 3444 1988 propriis
3473 1917 3760 1988 perversi-

2110 2005 2332 2062 tatibus
2363 2005 2722 2077 afﬂigantur,
2755 2005 2854 2078 qui
2883 2003 3096 2062 divinis
3118 2004 3495 2076 jussionibus
3522 2005 3761 2063 obedire

2110 2095 2553 2149 contemnunt.»
2575 2095 2646 2150 Et
2675 2093 2732 2148 in
2765 2093 2992 2166 psalmo
3021 2109 3152 2150 χειν
3181 2109 3231 2147 :«
3263 2093 3412 2149 Nam
3439 2109 3575 2149 cum
3606 2109 3762 2166 qua-

2109 2181 2381 2255 draginta
2409 2182 2619 2238 diebus
2651 2183 2726 2240 ad
2756 2181 3104 2256 mysterium
3135 2198 3449 2238 numerum
3471 2181 3765 2240 Dominus

2100 2268 2474 2340 jejunaverit,
2507 2288 2644 2327 eum
2683 2270 2830 2327 alios
2861 2269 3254 2344 quadraginta
3283 2269 3406 2327 dies
3441 2287 3579 2326 cum
3617 2287 3765 2344 apo-

2107 2357 2276 2414 stolis
2305 2363 2438 2432 post
2467 2359 2954 2416 resurrectionem
2984 2359 3184 2416 fecerit
3216 2364 3280 2416 ut
3309 2363 3468 2416 totus
3497 2359 3764 2416 mundus

2107 2448 2388 2516 crederet,
2411 2449 2597 2506 Judaei
2621 2448 2899 2506 obstinati
2933 2448 3146 2522 reperti
3175 2453 3334 2506 sunt.
3363 2447 3471 2516 Qui
3487 2449 3768 2522 quadra-

2106 2535 2270 2608 ginta
2297 2555 2586 2594 annorum
2617 2539 2772 2595 204
2807 2536 3106 2595 beneﬁciis
3143 2537 3512 2610 acquiescere
3551 2537 3765 2594 nolue-

2106 2630 2266 2681 runt.
2295 2625 2518 2692 Quibus
2548 2625 2677 2682 ideo
2707 2630 2950 2699 paratur
2977 2627 3168 2699 major
3191 2624 3382 2695 ruina,
3409 2625 3551 2699 quia
3579 2625 3641 2682 in
3675 2625 3766 2682 eis

2105 2714 2442 2786 grandescit
2469 2714 2750 2771 diuturna
2773 2714 3068 2788 superbia.
3094 2737 3123 2764 »
3145 2715 3215 2771 Et
3244 2715 3385 2770 item
3410 2731 3464 2770 tu
3488 2714 3603 2782 Qui
3621 2729 3767 2788 ergo

2105 2801 2408 2876 ingressus
2439 2807 2528 2860 est
2557 2803 2616 2859 in
2647 2803 2908 2876 requiem
2937 2803 3088 2875 ejus,
3112 2803 3291 2862 etiam
3320 2803 3447 2876 ipse
3475 2801 3767 2876 requievit

2106 2889 2179 2946 ab
2209 2890 2483 2962 operibus
2511 2890 2656 2958 suis,
2680 2891 2833 2948 sicut
2863 2908 2898 2948 a
2927 2891 3052 2948 suis
3079 2889 3254 2948 Deus.
3277 2890 3581 2964 Signiﬁcat
3599 2889 3767 2948 enim

2105 2977 2488 3035 beatitudinis
2508 2978 2668 3036 illius
2684 2980 3180 3052 tempus,quando
3191 2979 3343 3052 justi
3359 2983 3491 3052 post
3503 2994 3766 3052 agonem

2104 3065 2303 3123 saeculi
2319 3067 2491 3124 istius
2507 3071 2722 3124 εἰει-ιιι).
2737 3067 2934 3142 requie
2950 3068 3362 3142 perfruuntur:
3377 3068 3536 3141 quod
3553 3067 3770 3142 impiis

2111 3154 2314 3228 utique
2335 3173 2452 3214 non
2469 3157 2986 3231 dabitur,quiasua
2999 3155 3348 3230 indignitate
3365 3157 3769 3214 duruerunt.»

2106 3243 2176 3300 Et
2203 3245 2264 3300 in
2293 3246 2522 3318 psalmo
2549 3263 2656 3303 xcv
2679 3263 2730 3302 ια
2755 3245 2857 3302 Hic
2879 3263 3010 3302 vero
3041 3245 3267 3302 dictum
3293 3249 3386 3304 est
3407 3247 3619 3317 patrii)?
3639 3261 3774 3318 gen-

2106 3335 2265 3404 tium,
2288 3337 2354 3390 ut
2377 3333 2576 3391 nullus
2607 3334 2903 3408 indigena,
2930 3333 3130 3392 nullus
3160 3333 3396 3406 hospes,
3419 3332 3631 3390 nullus
3667 3350 3770 3408 pe-

2106 3421 2376 3496 regrinus
2407 3424 2746 3480 redderetur
2774 3428 3106 3496 exceptus.»
3127 3423 3200 3479 Et
3227 3423 3287 3478 in
3317 3421 3549 3495 psalmo
3579 3439 3774 3480 xcm:

2108 3533 2138 3563 ιι
2161 3510 2400 3568 Nullum
2431 3509 2618 3584 genus
2647 3511 2956 3570 hominum
2986 3509 3038 3568 ei
3069 3511 3313 3568 credens
3340 3511 3636 3584 probatur
3665 3527 3776 3568 ex-

2105 3604 2360 3672 ceptum,
2388 3602 2544 3674 quod
2575 3601 2655 3658 sit
2685 3601 2756 3658 ab
2787 3601 2917 3674 ejus
2946 3600 3294 3656 muneribus
3321 3598 3612 3656 alienum.
3641 3621 3676 3648 n
3705 3599 3785 3657 Et

2104 3687 2165 3744 in
2195 3689 2538 3745 Commento
2569 3688 2837 3762 Epistolaa
2871 3689 2944 3745 ad
2977 3689 3272 3745 Romanos
3299 3687 3470 3760 plura
3498 3685 3600 3744 his
3635 3704 3786 3744 con.

2103 3777 2360 3834 cincntia
2384 3777 2546 3846 dicit,
2579 3795 2708 3850 qua:
2738 3778 2933 3834 studio
2961 3775 3264 3835 brevitatis
3294 3775 3663 3833 omittimus.

2697 3883 2931 3941 CAPUT
2968 3883 3160 3940 XXVI.

2134 3973 2506 4037 Recapitulatio
2534 3972 2755 4023 reddite
2789 3973 3010 4023 rationis
3029 3981 3147 4038 post
3184 3975 3478 4022 sanctorum
3507 3972 3756 4022 nomina

2517 4045 2791 4110 designata
2821 4044 2886 4094 de
2913 4043 3138 4109 capitulo
3167 4044 3338 4094 tertio.

2173 4135 2319 4192 Ecce
2349 4133 2489 4208 quid
2529 4150 2598 4190 ex
2636 4133 2746 4191 hoc
2783 4133 3039 4206 capitulo
3071 4137 3386 4190 senserunt
3421 4132 3636 4195 divino
3683 4147 3782 4188 re-

2103 4223 2242 4298 pleti
2271 4223 2492 4298 Spiritu
2523 4223 2711 4280 sancti
2739 4223 2841 4282 Dei
2871 4225 3160 4282 homines.
3180 4223 3466 4281 Ceterum
3495 4221 3795 4298 capitula

2103 4327 2138 4368 a
2167 4311 2336 4369 nobis
2367 4328 2438 4368 ex
2466 4316 2805 4369 sanctorum
2828 4311 3064 4368 Patrum
3093 4314 3382 4384 excerpta,
3401 4327 3532 4383 quo:
3564 4325 3794 4384 repre-

2102 4399 2325 4470 hendit,
2349 4401 2604 4458 domnus
2653 4399 3006 4458 Prudentius
3043 4398 3393 4457 venerabilis
3441 4397 3799 4474 episcopus

2102 4488 2412 4546 nobiscum
2440 4489 2749 4546 constituit
2790 4493 2965 4562 atque
3002 4487 3276 4544 firmavit.
3291 4488 3428 4554 Quae
3458 4492 3698 4560 postea
3727 4487 3796 4544 in

2103 4577 2214 4634 hac
2245 4577 2510 4651 epistola,
2535 4579 2606 4635 de
2635 4595 2753 4652 qua
2797 4577 3116 4651 loquimur,
3149 4575 3233 4634 ita
3261 4575 3532 4634 confudit
3591 4581 3804 4651 atque

2102 4666 2558 4740 preposteravit,
2583 4672 2650 4722 ut
2676 4667 2871 4724 verbis
2901 4665 3052 4735 aliis,
3079 4669 3138 4722 et
3159 4681 3338 4722 sensu
3357 4665 3715 4736 contrario,
3739 4669 3808 4722 et

2101 4755 2304 4812 ordine
2334 4755 2667 4822 immutate,
2689 4755 2790 4811 illa
2817 4758 3108 4828 quantum
3138 4771 3208 4811 ex
3235 4754 3365 4827 ipso
3394 4753 3508 4809 fuit
3535 4753 3809 4828 disper-

2101 4844 2281 4901 deret.
2304 4844 2420 4900 Nec
2448 4843 2584 4918 plus
2626 4843 2848 4900 invenit
2877 4860 2994 4916 quo
3021 4843 3124 4900 illa
3157 4843 3517 4914 discerperct
3540 4858 3560 4897 :
3593 4844 3811 4900 verba

2101 4933 2366 5002 mutavit,
2401 4949 2644 4989 sensum
2675 4932 3036 4989 contrarium
3066 4930 3287 4998 intulit,
3309 4931 3593 4988 ordinem
3635 4934 3810 4992 adeo

2101 5019 2482 5094 perturbavit,
2513 5026 2578 5078 ut
2624 5022 2696 5078 de
2745 5022 3002 5078 secundo
3050 5019 3332 5094 primum,
3362 5024 3423 5077 et
3459 5020 3536 5076 de
3605 5023 3816 5082 tertio

2099 5113 2375 5184 quartum
2406 5111 2693 5168 redderet.
2718 5111 2780 5168 Si
2809 5110 3004 5168 adhuc
3024 5114 3304 5183 quartum
3326 5109 3590 5167 modum
3625 5110 3817 5170 inve-

2097 5197 2223 5256 nire
2253 5198 2561 5272 potuisset,
2595 5215 2712 5270 quo
2743 5198 2846 5256 illa
2875 5197 3212 5272 dissiparet,
3243 5197 3672 5258 manifestum
3709 5208 3822 5262 est

2097 5287 2235 5360 quia
2261 5285 2588 5344 voluntarie
2637 5287 2871 5344 faceret.
2905 5289 3127 5344 Tamen
3169 5285 3455 5360 quidquid
3482 5284 3610 5345 ille
3650 5307 3822 5364 ges-

2094 5377 2258 5446 serit,
2277 5377 2416 5434 ordo
2439 5376 2693 5450 ponendi
2714 5375 3014 5451 legitimus
3037 5377 3147 5432 iste
3168 5375 3450 5444 manebit,
3471 5379 3550 5432 ut
3581 5382 3827 5452 primo

2093 5469 2347 5540 ponatur
2373 5465 2446 5522 ab
2468 5483 2535 5522 eo
2565 5465 2666 5540 qui
2697 5464 3064 5538 capitulatim
3095 5464 3197 5522 illa
3215 5463 3377 5538 cupit
3395 5465 3824 5546 describam,

2093 5554 2174 5615 De
2221 5554 2588 5634 praescientia
2633 5558 2692 5616 et
2739 5553 3248 5632 praedestinatione
3293 5551 3694 5631 electorum,
3745 5580 3832 5624 ac
