3970 6182
322 301 432 397 271

1183 306 1636 370 HINCMARUS
1682 305 2130 369 RBEMENSIS
2171 307 2862 374 ABGHIEPISCOPUS.

3605 313 3722 376 272

324 433 434 508 ipsi
464 434 748 505 videlicet,
780 451 912 492 cum
947 435 1216 494 similiter
1241 439 1484 496 verbum
1513 437 1646 496 vita:
1673 439 1964 509 audirent,
1995 437 2052 508 Α
2081 445 2345 513 pereunt,
2367 458 2484 498 non
2517 439 2618 499 Dei
2646 442 2966 510 voluntate,
2991 443 3092 498 sed
3125 441 3332 499 debitae
3381 442 3723 515 perditionis

321 522 616 580 noluerint
635 525 868 580 credere
890 525 962 580 ad
975 523 1294 597 justitiam.
1309 527 1508 600 Neque
1527 528 1684 584 enim
1708 527 1971 601 nequitia

322 611 612 668 malorum
643 629 712 669 ex
741 631 848 669 sua
879 613 1070 670 solum
1102 614 1670 685 fortitudine,verum
1700 617 1878 674 etiam
1901 634 1971 675 ex

321 701 754 774 comparatione
784 706 1096 771 rectorum,
1130 720 1307 777 quam
1338 703 1416 762 sit
1443 707 1779 764 damnanda
1803 723 1974 764 mon-

321 796 562 847 stratur.
595 814 623 843 »
657 792 770 848 Sed
800 797 858 848 et
888 797 1128 870 sanctus
1175 795 1547 868 Augustinus
1595 795 1654 851 in
1704 796 1852 852 libro
1898 797 1974 852 de

318 884 516 955 Agone
547 881 875 938 Christiano
897 882 1034 956 (cap.
1055 882 1147 954 27)
1170 883 1239 939 de
1268 883 1378 940 hac
1408 884 1704 958 Evangelii
1735 889 1970 941 senten-

319 972 402 1027 tia
421 971 562 1026 dicit
587 987 600 1028 :
645 994 673 1020 ‹‹
696 972 809 1042 Qui
843 987 956 1028 non
986 973 1176 1028 credit
1193 976 1330 1046 jam
1343 973 1652 1046 judicatus
1676 981 1782 1029 est.
1817 971 1974 1030 Prae-

319 1058 566 1116 scientia
617 1059 820 1131 utique
867 1057 987 1128 Dei,
1023 1059 1123 1132 qui
1153 1058 1313 1115 novit
1343 1059 1483 1132 quid
1517 1059 1823 1116 immineat
1853 1072 1969 1116 non

320 1148 759 1206 credentibus.»
781 1148 928 1205 Hinc
949 1147 1124 1205 etiam
1147 1153 1388 1222 apparet
1408 1149 1586 1205 menti
1594 1149 1640 1204 ri
1666 1147 1970 1205 Przedesti-

319 1238 690 1296 natianorum
724 1227 984 1294 scholam
1031 1237 1350 1310 dyscolam,
1383 1253 1511 1310 quae
1543 1253 1612 1294 ex
1643 1236 1752 1294 hac
1783 1238 1974 1295 Evan-

319 1328 450 1404 gelii
475 1327 766 1385 sententia
778 1325 1384 1384 afﬂrmareluctatura
1395 1326 1512 1384 Deo
1526 1327 1973 1400 praedestinatos

321 1419 392 1474 ad
416 1417 742 1474 interitum.
763 1417 832 1472 Et
861 1415 1000 1472 item
1030 1414 1380 1472 venerabilis
1401 1415 1556 1472 Beda
1577 1415 1880 1490 presbyter
1909 1414 1970 1475 in

319 1511 660 1566 Commento
689 1503 982 1578 Evangelii
1017 1505 1204 1573 Lucae,
1229 1504 1381 1561 beati
1407 1505 1720 1578 Augustini
1749 1507 1807 1562 et
1837 1505 1978 1566 alio‘

319 1615 450 1656 rum
475 1597 712 1653 Patrum
735 1595 1189 1651 orthodoxorum
1213 1609 1464 1667 sequens
1489 1595 1828 1665 sententias,
1849 1597 1930 1654 ait
1953 1613 1968 1654 :

325 1707 347 1736 α
374 1689 516 1746 Dico
549 1693 745 1744 autem
783 1684 964 1753 vobis,
985 1685 1120 1756 quia
1148 1684 1308 1740 omni
1329 1685 1570 1741 habenti
1597 1685 1866 1758 dabitur,
1896 1687 1978 1744 ab

317 1793 383 1835 eo
402 1782 597 1834 autem
635 1776 737 1850 qui
753 1790 866 1832 non
885 1773 1077 1841 habet,
1102 1781 1156 1828 et
1185 1773 1334 1845 quod
1363 1773 1538 1874 habet
1567 1775 1874 1843 auferetur
1900 1777 1973 1832 ab
2001 1807 2050 1878 Β

317 1885 384 1924 eo
409 1864 654 1936 (Matth.
700 1881 822 1931 xm,
875 1862 984 1928 il).
1037 1862 1167 1918 Haec
1218 1863 1289 1918 ad
1331 1861 1633 1935 superiora
1679 1863 1971 1924 sententia

319 1954 572 2028 respicit,
589 1954 803 2010 docens
824 1956 880 2008 et
909 1949 1075 2006 illum
1107 1967 1278 2023 posse
1307 1949 1574 2009 amittere
1603 1969 1825 2010 munus
1848 1955 1965 2024 Dei,

319 2045 420 2118 qui
465 2044 690 2100 habens
739 2059 854 2097 non
904 2039 1100 2110 habet,
1135 2039 1194 2096 id
1219 2043 1308 2097 est
1339 2057 1455 2098 non
1488 2041 1692 2111 utitur,
1725 2046 1782 2100 et
1809 2043 1870 2100 in
1901 2061 1967 2102 eo

319 2134 518 2208 augeri
551 2131 651 2205 qui
682 2131 906 2187 habens
935 2129 1130 2197 habet,
1165 2128 1272 2186 hoc
1303 2134 1392 2186 est
1421 2131 1569 2187 bene
1600 2131 1808 2188 utitur.
1839 2156 1868 2183 »
1899 2133 1970 2190 Et

319 2223 490 2296 paulo
519 2221 826 2294 superius:
869 2240 895 2272 α
917 2219 1088 2274 Recte
1121 2217 1338 2274 amittit
1380 2218 1650 2276 collatam
1691 2221 1964 2294 gratiam,

320 2327 496 2386 quam
521 2309 888 2384 praedicando
921 2307 1052 2364 aliis
1083 2307 1518 2365 communicare
1544 2309 1885 2383 neglexit,ut
1913 2311 1966 2366 ei

319 2404 602 2475 augeatur
649 2398 747 2472 qui
800 2397 936 2453 inde
993 2395 1296 2465 laboravit,
1341 2398 1512 2469 juxta
1554 2399 1709 2470 quod
1759 2399 1966 2474 angelo

318 2490 529 2564 Ephesi
560 2488 827 2548 Ecclesiae
859 2485 1072 2543 dicitur
1103 2502 1116 2542 :
1154 2490 1222 2543 Et
1268 2487 1502 2544 movebo
1545 2489 1968 2546 candelabrum

317 2597 486 2637 suum
515 2579 586 2635 de
620 2577 745 2634 loco
772 2593 897 2646 suo,
911 2576 1028 2632 nisi
1045 2575 1455 2649 paenitentiam
1483 2578 1672 2650 egerit
1695 2582 1713 2648 (
1735 2583 1880 2650 4poc
1901 2595 1964 2646 ιι,

316 2670 393 2742 5),
421 2673 478 2724 et
503 2684 636 2725 cum
668 2665 891 2739 regium
915 2665 1061 2722 207
1091 2664 1370 2735 chrisma,
1391 2667 1544 2738 quod
1575 2666 1966 2739 superbiendo

319 2755 458 2814 Saul
497 2755 715 2828 amisit,
739 2753 920 2811 David
951 2752 1274 2811 obediendo
1305 2754 1669 2827 promeruit:
1701 2755 1963 2828 Spiritus,

318 2846 528 2918 inquit,
561 2843 783 2902 Domini
799 2843 1045 2900 discessit
1062 2860 1096 2900 a
1115 2842 1326 2913 Saul,et
1343 2843 1580 2902 directus
1598 2851 1677 2902 est
1707 2847 1767 2903 in
1793 2845 1968 2903 David

319 2953 353 2991 α
381 2935 468 2992 die
498 2935 598 2992 illa
627 2942 680 2992 et
705 2933 974 3006 deinceps.
1011 2956 1039 2984 »

389 3024 694 3082 Proferunt
715 3040 948 3096 quoque
971 3021 1472 3079 Prmdestinatiani
1485 3023 1557 3080 ad
1573 3039 1742 3080 suam
1755 3025 1966 3082 confir-

319 3115 596 3170 mandum
628 3112 1000 3179 sententiam,
1037 3112 1315 3184 quoniam
1361 3113 1462 3184 qui
1512 3129 1628 3168 non
1666 3112 1968 3170 salvantur
2006 3176 2025 3184 Δ

2080 527 2288 585 merito
2310 531 2728 602 pereunt.Nam
2760 531 2913 588 sicut
2942 531 3210 588 conditor
3233 533 3505 588 naturam
3535 530 3727 587 homi-

2078 634 2244 686 num,
2267 617 2326 674 id
2357 623 2448 675 est
2489 619 2749 693 primum
2798 619 3120 687 hominem,
3152 619 3291 693 quia
3317 623 3376 677 et
3399 620 3514 676 Eva
3541 620 3726 678 Adam

2077 709 2186 775 est,
2219 707 2292 762 ad
2329 707 2712 763 aeternitatem
2743 707 3061 764 consistere
3082 707 3288 780 voluit,
3321 708 3460 780 quia
3488 711 3727 765 aeterna-

2076 791 2210 850 liter
2253 794 2444 852 bonus
2493 800 2600 853 est.
2634 797 2817 864 Quem
2845 797 2918 853 ab
2949 797 3273 854 aeternitate
3323 800 3527 854 contra
3555 811 3724 856 suam

2076 881 2436 940 voluntatem
2468 885 2771 942 cadentem
2795 887 2956 960 juste
2987 885 3604 958 damnavit,quoniam
3625 886 3726 960 ju-

2079 977 2208 1030 stus
2229 976 2335 1030 est.
2362 975 2662 1047 Quemque
2679 974 2752 1032 ad
2774 973 3025 1031 salutem
3046 975 3237 1048 gratia
3267 974 3576 1047 reparavit,
3593 973 3729 1048 quia

2080 1063 2411 1120 misericors
2435 1067 2543 1120 est.
2569 1063 2656 1119 lta
2677 1064 3011 1136 redemptor
3025 1064 3230 1136 justus
3247 1063 3306 1120 in
3329 1062 3604 1120 amnibus
3619 1063 3728 1122 viis

2079 1149 2224 1220 suis,
2258 1153 2316 1206 et
2347 1155 2587 1208 sanctus
2620 1151 2680 1208 in
2713 1152 2989 1210 omnibus
3038 1152 3314 1226 operibus
3346 1151 3492 1219 suis,
3523 1167 3728 1212 omnes

2078 1257 2148 1296 ex
2177 1237 2431 1314 generali
2480 1255 2679 1298 massa
2725 1241 3072 1314 perditionis
3118 1241 3347 1315 genitos
3383 1241 3510 1298 vult
3537 1241 3727 1299 salvos

2079 1328 2224 1396 fieri,
2243 1327 2384 1402 quia
2403 1329 2592 1386 bonus
2623 1333 2749 1387 est:
2775 1331 2876 1388 sed
2909 1331 3196 1404 quosdam
3221 1329 3280 1386 in
3297 1331 3498 1388 eadem
3529 1326 3732 1389 massa

2081 1415 2423 1491 perditionis
2435 1417 2662 1491 judicio
2689 1419 2904 1476 deserit
2924 1419 3202 1493 quoniam
3215 1421 3418 1493 justus
3440 1423 3732 1494 estquae-

2080 1506 2216 1562 dam
2239 1524 2273 1564 a
2291 1506 2616 1580 perditione
2637 1507 2864 1564 cunctis
2885 1508 3081 1566 debita
3101 1506 3252 1565 dono
3273 1509 3475 1583 gratiae
3495 1507 3727 1583 liberat,

2081 1594 2218 1668 quia
2259 1595 2591 1652 misericors
2637 1601 2746 1653 est.
2779 1597 2850 1654 Et
2898 1613 2968 1654 ne
3011 1596 3191 1654 velint
3237 1597 3406 1654 nobis
3462 1597 3730 1670 illudere,

2081 1683 2342 1742 dicentes
2390 1684 2585 1742 aemuli
2637 1689 2804 1742 rectae
2849 1687 3009 1756 ﬁdei,
3039 1685 3316 1760 quoniam
3347 1687 3640 1760 quosdam
3670 1687 3735 1746 in

2081 1788 2280 1829 massa
2308 1773 2652 1846 perditionis
2683 1775 2920 1844 deserit,
2954 1775 3084 1832 ideo
3107 1775 3262 1832 Deus
3283 1775 3488 1848 justus
3505 1775 3734 1844 est,ali-

2079 1863 2169 1918 ter
2194 1863 2351 1918 enim
2374 1864 2580 1936 justus
2607 1880 2736 1920 esse
2767 1882 2882 1921 non
2915 1867 3132 1938 posset,
3166 1865 3362 1940 legant
3403 1865 3733 1936 Psalmum,

2079 1950 2180 2008 ubi
2227 1951 2380 2008 inter
2425 1955 2632 2008 caetera
2681 1953 3030 2012 decantatur‘
3059 1971 3072 2011 :
3105 1953 3218 2026 Qui
3253 1955 3544 2028 percussit
3567 1965 3742 2029 reges

2076 2055 2341 2113 magnos,
2355 2047 2412 2097 et
2423 2043 2634 2099 occidit
2645 2059 2810 2116 reges
2819 2047 3020 2118 fortes,
3032 2050 3088 2102 et
3102 2035 3274 2103 dedit
3289 2050 3518 2102 terram
3530 2057 3738 2104 eorum

2078 2127 2494 2189 ha’redilalem
2507 2132 2726 2206 populo
2744 2135 3032 2205 suo.Quia
3063 2133 3122 2190 in
3159 2132 3502 2191 humilitate
3522 2139 3740 2194 nostra

2075 2235 2298 2277 memor
2306 2221 2426 2295 fuit
2441 2229 2568 2278 nost
2609 2221 2630 2276 i
2639 2230 2712 2291 ,et
2730 2222 2980 2278 redemit
3000 2237 3104 2278 nos
3121 2225 3196 2280 ab
3219 2221 3472 2280 inimicis
3485 2224 3734 2283 nostris:

2077 2325 2181 2382 per
2208 2309 2462 2384 singula,
2489 2311 2760 2385 quoniam
2780 2313 2843 2368 in
2860 2314 3145 2370 internum
3174 2313 3580 2370 misericordia
3597 2317 3742 2388 ejus

2075 2401 2256 2468 (Psal.
2290 2401 2632 2470 cxxxv,17).
2689 2402 2898 2459 Justus
2954 2398 3014 2456 in
3065 2402 3361 2472 omnibus,
3424 2402 3617 2460 bonus
3673 2403 3744 2460 in‘

2076 2488 2372 2557 omnibus,
2399 2493 2455 2544 et
2485 2505 2619 2545 cum
2651 2489 2822 2562 punit
2851 2489 3086 2564 impios,
3109 2495 3167 2547 et
3195 2507 3330 2548 cum
3363 2489 3570 2548 liberat
3601 2508 3746 2566 pec-

2076 2580 2326 2648 catores,
2357 2581 2416 2634 et
2446 2593 2580 2634 cum
2617 2582 2856 2636 coronat
2883 2581 3076 2653 gratia
3095 2580 3313 2652 justos.

2148 2666 2300 2723 208
2324 2667 2604 2722 Caeterum
2625 2667 2696 2724 de
2717 2667 2906 2740 primo
2929 2667 3086 2741 quod
3123 2673 3352 2742 ponunt
3385 2668 3743 2726 testimonio

2075 2753 2156 2811 ait
2185 2758 2427 2812 sanctus
2455 2755 2824 2830 Augustinus
2861 2755 2922 2813 in
2952 2756 3181 2830 psalmo
3207 2775 3320 2816 exn
3341 2759 3427 2829 (In
3455 2761 3742 2816 enarmt.

2073 2845 2178 2901 sub
2203 2841 2402 2916 ﬁnem.
2435 2844 2616 2914 (Psal.
2649 2861 2805 2914 cxm,
2839 2845 2964 2916 11);
3013 2851 3165 2903 Deus
3205 2855 3406 2904 autem
3435 2853 3648 2906 noster
3675 2849 3750 2907 in

2073 2931 2222 2992 calo
2239 2949 2504 2991 sursum:
2519 2958 2547 2985 «
2563 2933 2624 2990 In
2643 2933 2807 3005 ccelo,
2829 2933 3043 3008 inquit,
3067 2952 3327 3004 sursum,
3353 2935 3511 3010 quod
3533 2939 3744 2994 trans-

2075 3021 2338 3098 greditur
2383 3023 2581 3079 omnia
2621 3029 2864 3096 corpo’ra
2910 3021 3168 3080 cadestia
3211 3029 3270 3080 et
3305 3025 3640 3096 terrestria,
3675 3025 3747 3083 in

2075 3111 2236 3168 coelis
2257 3114 2315 3169 et
2335 3108 2393 3167 in
2416 3115 2570 3183 terra
2591 3113 2792 3170 omnia
2823 3125 3170 3186 quaecunque
3203 3111 3387 3170 voluit
3405 3113 3573 3188 fecit.
3610 3113 3746 3172 Nec

317 3223 432 3262 non
454 3208 543 3260 est
566 3203 800 3276 penitus
819 3179 1090 3259 voluntas
1113 3201 1348 3258 Domini
1378 3179 1442 3258 ut
1471 3201 1785 3272 salventur,
1806 3203 1962 3276 psaI-
1994 3179 2038 3248 (ἶ
2076 3198 2300 3274 indiget
2328 3179 2606 3273 operibus
2637 3199 2762 3257 suis
2800 3179 3086 3274 tanquam
3112 3201 3172 3257 in
3203 3201 3288 3258 eis
3317 3179 3645 3261 collocetur
3676 3207 3756 3261 ut:

316 3310 547 3350 morum
594 3291 975 3349 testimonia:
1010 3293 1166 3346 Deus
1213 3299 1411 3347 noster
1469 3292 1530 3348 in
1575 3292 1736 3363 oculo,
1766 3292 1964 3350 omnia

314 3397 658 3458 quaecunque
696 3377 882 3438 voluit
917 3379 1062 3450 fecit
1100 3377 1285 3450 (Psal.
1311 3396 1463 3448 cxm,
1487 3379 1596 3453 11).
1619 3380 1718 3437 Et:
1746 3381 1964 3442 Omnia

313 3487 662 3545 quaecunque
679 3471 860 3526 voluit
887 3469 1162 3525 Dominus
1181 3467 1322 3542 fecit
1350 3470 1412 3525 in
1437 3468 1584 3526 caelo
1603 3475 1660 3526 et
1679 3472 1743 3528 in
1771 3475 1960 3544 terra,

312 3563 378 3618 in
399 3560 554 3617 mari
570 3565 626 3616 ct
662 3559 722 3614 in
754 3557 1020 3615 omnibus
1057 3557 1280 3629 abyssis
1297 3559 1472 3627 (Psal.
1497 3575 1720 3629 cxxxrv,
1747 3561 1822 3630 8).
1848 3561 1960 3619 Sed

311 3649 483 3722 longe
513 3665 690 3704 sensu
723 3647 836 3702 alio
869 3647 970 3702 illa
1010 3651 1308 3719 exponunt
1349 3647 1616 3704 doctores
1663 3648 1958 3708 catholici.

311 3739 428 3796 Nos
449 3741 666 3806 autem,
692 3740 1008 3807 antequam
1035 3739 1372 3792 sanctorum
1404 3735 1540 3792 hinc
1571 3737 1960 3810 expositiones

311 3841 623 3899 ponamus,
655 3823 787 3880 illos
820 3824 1179 3897 interrogare
1209 3823 1502 3894 volumus,
1535 3829 1736 3882 utrum
1764 3825 1962 3884 volun-

312 3916 431 3970 tate
465 3912 566 3970 Dei
605 3911 797 3985 angeli
827 3913 898 3968 de
921 3911 1084 3981 cmlo,
1109 3917 1166 3969 et
1183 3913 1452 3970 homines
1471 3913 1532 3968 in
1564 3913 1836 3987 paradiso
1865 3932 1958 3972 ce-

311 4001 580 4060 ciderint.
600 4001 659 4059 Si
696 4001 948 4058 dixerint
977 4001 1116 4074 quia
1143 4001 1442 4058 voluntate
1475 4002 1705 4059 Domini
1736 4005 1958 4061 cecide-

310 4089 640 4164 runt,plebs
660 4091 931 4147 universa
949 4089 1235 4164 lapidabit
1256 4108 1354 4148 eos
1377 4109 1391 4148 :
1415 4108 1780 4164 consequens
1801 4092 1958 4150 enim

309 4184 398 4238 est
417 4184 482 4237 ut
501 4181 702 4238 dicant
722 4180 908 4237 Deum
931 4197 1104 4237 casus
1125 4179 1362 4236 illorum
1384 4185 1703 4238 auctorem.
1737 4181 1806 4237 Et
1826 4199 1958 4238 om-

309 4287 413 4327 nes
431 4270 628 4328 sciunt
647 4273 920 4327 sanctum
945 4269 1288 4344 Gregorium
1309 4269 1592 4327 veraciter
1621 4270 1681 4326 in
1713 4269 1958 4329 homilia

305 4361 376 4416 34
397 4360 615 4417 dicere:
635 4359 1028 4435 «Angelorum
1049 4359 1266 4432 quippe
1286 4357 1660 4416 ethominum
1685 4363 1958 4417 naturam

307 4449 380 4504 ad
412 4450 881 4522 cognoscendum
915 4467 976 4504 se
1009 4447 1290 4505 Dominus
1321 4448 1782 4521 condidit,quam
1811 4450 1954 4506 dum

2071 3290 2324 3358 maneat,
2349 3288 2451 3345 sed
2474 3288 2533 3344 in
2557 3306 2668 3346 sua
2701 3289 3021 3347 aeternitate
3045 3287 3328 3364 persistit,
3361 3291 3422 3348 in
3449 3308 3570 3365 qua
3604 3309 3750 3350 ma.

2071 3393 2218 3436 nens
2267 3377 2465 3436 omnia
2513 3394 2876 3452 quaecunque
2919 3377 3104 3436 voluit
3139 3377 3275 3436 fecit
3300 3379 3360 3435 in
3391 3378 3540 3438 coelo
3572 3385 3643 3439 et
3679 3381 3758 3438 in'

2071 3470 2244 3524 terra.
2279 3465 2425 3542 Ergo
2457 3465 2518 3524 in
2560 3465 2775 3540 quibus
2799 3471 2889 3524 est
2917 3467 3042 3541 ipse
3071 3471 3353 3541 tanquam
3385 3467 3750 3544 indigentia

2069 3557 2348 3624 continet,
2381 3573 2498 3612 non
2527 3555 2600 3613 ab
2633 3555 2717 3612 eis
2747 3559 3030 3630 tanquam
3061 3556 3336 3632 indigens
3363 3557 3750 3616 continetur.

2069 3645 2202 3702 Sive
2247 3643 2332 3702 sie
2379 3643 2771 3718 intelligitur:
2808 3645 2871 3702 In
2920 3644 3064 3702 caelo
3111 3648 3169 3702 et
3217 3645 3278 3702 in
3327 3650 3483 3703 terra
3526 3648 3767 3706 omnia

2069 3749 2432 3806 quacunque
2461 3732 2641 3790 voluit
2671 3733 2831 3802 fecit,
2873 3731 2964 3790 vel
2992 3733 3051 3789 in
3083 3733 3512 3808 superioribus,
3543 3733 3652 3794 vel
3689 3737 3761 3793 in

2068 3822 2444 3880 inferioribus
2476 3821 2675 3896 populi
2707 3823 2799 3880 sui
2829 3821 3218 3880 voluntariam
3263 3822 3518 3898 gratiam
3552 3839 3772 3883 suam

2067 3910 2392 3979 constituit,
2428 3927 2500 3968 ne
2528 3911 2662 3984 quis
2692 3912 2765 3968 de
2795 3927 3039 3985 operum
3086 3911 3316 3968 meritis
3354 3909 3692 3984 glorietur:
3732 3932 3771 3966 ιν

2066 3997 2138 4055 Et
2154 4003 2396 4056 sanctus
2421 3999 2834 4072 Hieronymus:
2861 4002 3015 4058 Deus
3032 4010 3229 4058 autem.
3249 4006 3450 4058 noster
3463 3999 3525 4057 in
3554 4000 3772 4074 celo,

2065 4091 2266 4146 omnia
2281 4104 2632 4163 quaecunque
2643 4087 2832 4147 voluit
2852 4089 3019 4166 fecit.
3034 4087 3190 4146 Deus
3210 4089 3271 4146 in
3293 4087 3436 4146 coelo
3455 4099 3767 4160 sursum,

2066 4179 2278 4234 dicunt
2307 4178 2498 4235 sancti
2528 4179 2600 4234 ad
2633 4175 2767 4236 illos
2813 4177 3080 4235 infideles
3110 4177 3212 4251 qui
3242 4176 3398 4234 idola
3427 4177 3719 4238 adorant
3747 4196 3767 4239 :

2064 4267 2181 4325 Vos
2209 4270 2435 4324 vestros
2467 4267 2620 4324 Deos
2652 4267 2722 4324 de
2751 4283 2932 4324 manu
2963 4265 3290 4341 tangitis,et
3309 4259 3496 4324 oculis
3527 4283 3780 4327 carna-

2063 4355 2222 4414 libus
2248 4355 2484 4412 cernitis
2513 4373 2528 4428 ;
2569 4357 2672 4414 sed
2701 4361 2903 4414 noster
2921 4355 3076 4414 Deus
3100 4355 3162 4412 in
3179 4354 3324 4413 cmlo
3345 4355 3440 4413 est
3455 4371 3773 4430 sursum,

2063 4446 2123 4502 in
2162 4445 2304 4504 caelo
2335 4448 2394 4503 ct
2423 4445 2482 4502 in
2515 4449 2672 4503 terra
2719 4445 2918 4504 omnia
2955 4461 3320 4519 quaecunque
3349 4444 3541 4503 voluit
3580 4448 3776 4507 fecit.

306 4538 624 4594 consistere
645 4539 718 4593 ad
749 4537 1132 4594 aeternitatem
1157 4537 1360 4605 voluit,
1383 4553 1513 4594 eam
1543 4538 1745 4612 procul
1776 4539 1954 4596 dubio
1981 4549 2032 4615 Β
2063 4537 2126 4593 In
2148 4535 2242 4592 bis
2265 4535 2365 4608 qui
2398 4534 2691 4592 caelestem
2723 4535 2904 4593 vitam
2938 4539 3142 4610 agunt,
3180 4538 3238 4592 et
3268 4533 3463 4592 adhuc
3493 4538 3782 4595 terrent

307 4626 378 4682 ad
411 4643 580 4682 suam
611 4625 1059 4683 similitudinem
1091 4625 1366 4682 creavit.»
1396 4627 1455 4683 Si
1487 4631 1680 4684 autem
1714 4627 1951 4685 veritate
2058 4642 2232 4684 carne
2253 4624 2594 4694 cluduntur,
2618 4624 2886 4698 implebit
2908 4625 3236 4682 voluntates
3259 4639 3421 4682 suas.
3437 4623 3532 4681 De
3551 4627 3794 4686 altera

305 4715 552 4772 convicti
604 4731 804 4771 verum
865 4715 1135 4782 dixerint,
1168 4732 1283 4771 non
1337 4715 1432 4771 Dei
1479 4715 1796 4786 voluntate,
1849 4717 1951 4775 sed

307 4803 540 4879 proprio
589 4803 720 4861 illos
773 4802 909 4861 vitio
956 4803 1258 4873 cecidisse,
1290 4805 1668 4862 manifestum
1699 4811 1788 4863 est
1816 4807 1954 4880 quia

305 4911 423 4950 non
445 4911 580 4951 cum
601 4895 706 4965 eis,
731 4894 834 4951 sed
869 4898 1071 4950 contra
1101 4909 1200 4950 eos
1221 4893 1446 4966 prolata
1469 4895 1540 4951 ab
1563 4893 1706 4968 ipsis
1729 4894 1954 4954 faciunt

302 4982 658 5041 testimonia.
683 4982 967 5052 Quoniam
991 4983 1145 5040 sicut
1167 4984 1284 5040 duo
1305 4983 1480 5056 primi
1511 4983 1800 5053 homines,
1835 5002 1952 5042 non

303 5072 407 5130 Dei
430 5072 743 5143 voluntate,
768 5072 870 5130 sed
909 5089 1014 5128 suo
1053 5071 1192 5128 vitio
1222 5071 1580 5144 ceciderunt,
1605 5071 1727 5144 qui,
1753 5077 1818 5128 ut
1837 5089 1955 5130 cre-

303 5161 502 5220 dimus
525 5163 696 5219 beato
715 5161 1040 5237 Augustino
1053 5165 1110 5218 et
1123 5161 1342 5218 czeteris
1355 5162 1575 5218 sanctis
1597 5160 1951 5235 dicentibus,

303 5251 404 5307 Dei
447 5253 638 5326 gratia
684 5269 787 5325 per
834 5249 1237 5324 paenitentiam
1267 5249 1340 5305 ad
1371 5249 1622 5308 salutem
1650 5251 1708 5306 in
1739 5249 1954 5308 Christi

303 5340 588 5413 sanguine
618 5340 951 5397 redierunt:
978 5339 1062 5394 ita
1085 5339 1156 5396 de
1177 5339 1451 5396 omnibus
1473 5338 1532 5395 in
1561 5339 1736 5412 primi
1763 5339 1953 5396 homi-

303 5427 398 5484 nis
417 5433 651 5501 peccato
673 5427 937 5503 perditis,
963 5427 1098 5486 etin
1120 5428 1384 5500 ejusdem
1423 5427 1746 5502 perditione
1780 5445 1954 5504 gene-

305 5516 466 5587 ratis,
499 5519 836 5592 quicunque
895 5517 1216 5587 salvantur,
1269 5517 1458 5592 gratia
1505 5517 1628 5587 Dei,
1679 5517 1781 5592 qui
1830 5517 1956 5576 vult

303 5620 506 5666 omnes
537 5608 806 5667 homines
855 5609 1046 5668 salvos
1086 5607 1235 5682 ﬁeri,
1267 5607 1584 5681 salvantur,
1619 5607 1963 5688 quicunque

2059 4733 2193 4773 vero
2223 4714 2561 4772 testimonio
2604 4731 2673 4770 ex
2692 4714 2922 4788 psalmo
2943 4732 3051 4773 CXL
3069 4713 3210 4772 item
3242 4717 3486 4772 sanctus
3516 4712 3784 4774 Hiero-

2061 4822 2272 4878 nymus
2285 4804 2454 4860 dicit:
2474 4828 2493 4854 α
2517 4807 2734 4861 Omnia
2763 4819 3110 4880 quaecunque
3138 4801 3580 4878 voluitfccit‘in
3607 4805 3792 4864 calo

2059 4903 2114 4951 et
2140 4895 2201 4950 in
2223 4903 2410 4966 terra,
2461 4894 2523 4950 in
2569 4895 2729 4950 mari
2775 4900 2834 4951 et
2877 4895 2940 4950 in
2974 4893 3238 4951 omnibus
3267 4892 3496 4966 abyssi:
3535 4895 3789 4964 (Psal.

2060 4999 2281 5052 cxxxxv,
2313 4983 2394 5051 6).
2431 4981 2537 5038 Pro
2577 4981 2876 5040 voluntate
2934 4981 3216 5039 bonitatis
3258 4979 3480 5056 placuit
3513 4978 3679 5042 Deo
3717 4985 3798 5044 in

2059 5072 2318 5131 excelsas
2331 5071 2650 5141 animas,in
2663 5072 2860 5130 aridas
2872 5071 3185 5141 mentes,in
3201 5070 3400 5129 seaculi
3414 5069 3798 5146 ﬂuctibus,

2060 5163 2121 5218 in
2139 5161 2532 5236 profunditate
2549 5159 2787 5218 malitia:
2804 5161 2992 5218 facere
3009 5159 3364 5218 mirabilia.»
3382 5157 3452 5215 Et
3471 5167 3802 5226 sanctus

2059 5249 2428 5324 Augustinus
2452 5249 2532 5306 ita
2563 5267 2668 5322 per
2695 5248 2824 5308 loca
2878 5266 3177 5324 exponens
3233 5247 3479 5306 dicit:«
3531 5249 3804 5313 Omnia

2062 5355 2396 5414 quwcunque
2449 5339 2622 5396 uoluit
2675 5339 2939 5398 Dominus
2966 5341 3097 5411 fecit
3125 5341 3186 5396 in
3215 5339 3345 5395 caelo
3371 5344 3424 5394 et
3454 5334 3534 5395 in
3579 5349 3806 5419 terra,

2063 5431 2120 5487 in
2151 5431 2299 5486 mari
2326 5434 2381 5485 et
2412 5430 2473 5484 in
2502 5429 2756 5485 omnibus
2783 5429 3017 5502 abyssis.
3050 5427 3191 5497 Quis
3221 5431 3415 5484 autem
3447 5441 3812 5507 compte-

2061 5517 2282 5574 hendat
2307 5517 2473 5574 haec?
2501 5517 2561 5574 Si
2593 5517 3088 5591 comprehendere
3126 5515 3324 5574 omnia
3353 5531 3470 5571 non
3518 5533 3814 5592 passu.

2063 5622 2217 5682 mus,
2247 5609 2448 5666 tamen
2497 5607 2730 5666 credere
2780 5607 2981 5666 omnia
3026 5605 3376 5664 inconcusse
3417 5607 3481 5662 et
3540 5611 3847 5680 tam
