  <div class='ocr_page' id='page_1' title='image "/cluster/home/n/w/nwhite01/storage/ocr_20150623/125/hvd.32044054759873/142.png"; bbox 0 0 3950 6172; ppageno 0'>
   <div class='ocr_carea' id='block_1_1' title="bbox 229 367 346 437">
    <p class='ocr_par' dir='ltr' id='par_1_1' title="bbox 229 367 346 437">
     <span class='ocr_line' id='line_1_1' title="bbox 229 367 346 437; baseline -0.034 0"><span class='ocrx_word' id='word_1_1' title='bbox 229 367 346 437; x_wconf 70' lang='grc'><strong>273</strong></span> 
     </span>
    </p>
   </div>
   <div class='ocr_carea' id='block_1_2' title="bbox 955 366 2919 432">
    <p class='ocr_par' dir='ltr' id='par_1_2' title="bbox 955 366 2919 432">
     <span class='ocr_line' id='line_1_2' title="bbox 955 366 2919 432; baseline 0 -3"><span class='ocrx_word' id='word_1_2' title='bbox 955 368 1057 430; x_wconf 89' lang='lat' dir='ltr'><strong>DE</strong></span> <span class='ocrx_word' id='word_1_3' title='bbox 1101 369 1851 431; x_wconf 70' lang='lat' dir='ltr'><strong>PR/EDESTINATIONE</strong></span> <span class='ocrx_word' id='word_1_4' title='bbox 1892 366 2411 431; x_wconf 74' lang='lat' dir='ltr'><strong>DlSSERTATIO</strong></span> <span class='ocrx_word' id='word_1_5' title='bbox 2454 368 2919 432; x_wconf 78' lang='lat' dir='ltr'><strong>POSTERIOR.</strong></span> 
     </span>
    </p>
   </div>
   <div class='ocr_carea' id='block_1_3' title="bbox 3521 373 3641 439">
    <p class='ocr_par' dir='ltr' id='par_1_3' title="bbox 3521 373 3641 439">
     <span class='ocr_line' id='line_1_3' title="bbox 3521 373 3641 439; baseline 0.025 -3"><span class='ocrx_word' id='word_1_6' title='bbox 3521 373 3641 439; x_wconf 68' lang='lat'><strong>2&#39;14</strong></span> 
     </span>
    </p>
   </div>
   <div class='ocr_carea' id='block_1_4' title="bbox 228 499 3643 577">
    <p class='ocr_par' dir='ltr' id='par_1_4' title="bbox 228 499 3643 577">
     <span class='ocr_line' id='line_1_4' title="bbox 228 499 3643 577; baseline -0 -13"><span class='ocrx_word' id='word_1_7' title='bbox 228 503 543 573; x_wconf 77' lang='lat' dir='ltr'><strong>debemus,</strong></span> <span class='ocrx_word' id='word_1_8' title='bbox 576 502 719 577; x_wconf 83' lang='lat' dir='ltr'><strong>quia</strong></span> <span class='ocrx_word' id='word_1_9' title='bbox 764 502 1053 577; x_wconf 81' lang='lat' dir='ltr'><strong>quidquid</strong></span> <span class='ocrx_word' id='word_1_10' title='bbox 1096 506 1376 560; x_wconf 62' lang='lat' dir='ltr'><strong>creaturae</strong></span> <span class='ocrx_word' id='word_1_11' title='bbox 1423 502 1484 559; x_wconf 90' lang='lat' dir='ltr'><strong>in</strong></span> <span class='ocrx_word' id='word_1_12' title='bbox 1533 502 1695 561; x_wconf 78' lang='lat' dir='ltr'><strong>ccelis</strong></span> <span class='ocrx_word' id='word_1_13' title='bbox 1742 506 1800 560; x_wconf 87' lang='lat' dir='ltr'><strong>et</strong></span> <span class='ocrx_word' id='word_1_14' title='bbox 1828 501 1888 560; x_wconf 92' lang='lat' dir='ltr'><strong>in</strong></span> <span class='ocrx_word' id='word_1_15' title='bbox 1917 502 1975 577; x_wconf 69' lang='grc' dir='ltr'><strong>Α</strong></span> <span class='ocrx_word' id='word_1_16' title='bbox 2074 499 3643 564; x_wconf 68' lang='lat' dir='ltr'><strong>PrassumuntnihilominusPraedestinatianisihibeati</strong></span> 
     </span>
    </p>
   </div>
   <div class='ocr_carea' id='block_1_5' title="bbox 228 590 1886 667">
    <p class='ocr_par' dir='ltr' id='par_1_5' title="bbox 228 590 1886 667">
     <span class='ocr_line' id='line_1_5' title="bbox 228 590 1886 667; baseline -0.003 -14"><span class='ocrx_word' id='word_1_17' title='bbox 228 596 389 653; x_wconf 77' lang='lat' dir='ltr'><strong>terra</strong></span> <span class='ocrx_word' id='word_1_18' title='bbox 416 597 478 651; x_wconf 90' lang='lat' dir='ltr'><strong>et</strong></span> <span class='ocrx_word' id='word_1_19' title='bbox 510 592 571 649; x_wconf 92' lang='lat' dir='ltr'><strong>in</strong></span> <span class='ocrx_word' id='word_1_20' title='bbox 596 593 879 650; x_wconf 87' lang='lat' dir='ltr'><strong>omnibus</strong></span> <span class='ocrx_word' id='word_1_21' title='bbox 908 590 1137 667; x_wconf 76' lang='lat' dir='ltr'><strong>abyssis</strong></span> <span class='ocrx_word' id='word_1_22' title='bbox 1165 597 1275 663; x_wconf 88' lang='lat' dir='ltr'><strong>est,</strong></span> <span class='ocrx_word' id='word_1_23' title='bbox 1308 609 1342 648; x_wconf 90' lang='lat' dir='ltr'><strong>a</strong></span> <span class='ocrx_word' id='word_1_24' title='bbox 1371 592 1617 649; x_wconf 89' lang='lat' dir='ltr'><strong>Domino</strong></span> <span class='ocrx_word' id='word_1_25' title='bbox 1667 593 1886 650; x_wconf 84' lang='lat' dir='ltr'><strong>factum</strong></span> 
     </span>
    </p>
   </div>
   <div class='ocr_carea' id='block_1_6' title="bbox 226 681 1887 754">
    <p class='ocr_par' dir='ltr' id='par_1_6' title="bbox 226 681 1887 754">
     <span class='ocr_line' id='line_1_6' title="bbox 226 681 1887 754; baseline -0.002 -11"><span class='ocrx_word' id='word_1_26' title='bbox 226 686 338 743; x_wconf 82' lang='lat' dir='ltr'><strong>est.</strong></span> <span class='ocrx_word' id='word_1_27' title='bbox 374 682 505 738; x_wconf 85' lang='lat' dir='ltr'><strong>Non</strong></span> <span class='ocrx_word' id='word_1_28' title='bbox 537 682 739 739; x_wconf 84' lang='lat' dir='ltr'><strong>omnia</strong></span> <span class='ocrx_word' id='word_1_29' title='bbox 769 699 897 754; x_wconf 69' lang='lat' dir='ltr'><strong>quae</strong></span> <span class='ocrx_word' id='word_1_30' title='bbox 940 681 1076 738; x_wconf 89' lang='lat' dir='ltr'><strong>fecit</strong></span> <span class='ocrx_word' id='word_1_31' title='bbox 1120 685 1358 738; x_wconf 90' lang='lat' dir='ltr'><strong>coactus</strong></span> <span class='ocrx_word' id='word_1_32' title='bbox 1407 686 1497 738; x_wconf 90' lang='lat' dir='ltr'><strong>est</strong></span> <span class='ocrx_word' id='word_1_33' title='bbox 1544 683 1751 750; x_wconf 85' lang='lat' dir='ltr'><strong>facere,</strong></span> <span class='ocrx_word' id='word_1_34' title='bbox 1785 683 1887 739; x_wconf 89' lang='lat' dir='ltr'><strong>sed</strong></span> 
     </span>
    </p>
   </div>
   <div class='ocr_carea' id='block_1_7' title="bbox 226 768 1889 843">
    <p class='ocr_par' dir='ltr' id='par_1_7' title="bbox 226 768 1889 843">
     <span class='ocr_line' id='line_1_7' title="bbox 226 768 1889 843; baseline 0.001 -18"><span class='ocrx_word' id='word_1_35' title='bbox 226 786 411 832; x_wconf 83' lang='lat' dir='ltr'><strong>causa</strong></span> <span class='ocrx_word' id='word_1_36' title='bbox 423 769 695 826; x_wconf 88' lang='lat' dir='ltr'><strong>omnium</strong></span> <span class='ocrx_word' id='word_1_37' title='bbox 709 786 835 843; x_wconf 66' lang='lat' dir='ltr'><strong>quae</strong></span> <span class='ocrx_word' id='word_1_38' title='bbox 858 769 994 825; x_wconf 90' lang='lat' dir='ltr'><strong>fecit</strong></span> <span class='ocrx_word' id='word_1_39' title='bbox 1011 768 1282 826; x_wconf 80' lang='lat' dir='ltr'><strong>voluntas</strong></span> <span class='ocrx_word' id='word_1_40' title='bbox 1304 771 1431 843; x_wconf 84' lang='lat' dir='ltr'><strong>ejus</strong></span> <span class='ocrx_word' id='word_1_41' title='bbox 1452 769 1889 838; x_wconf 89' lang='lat' dir='ltr'><strong>est,necessitas</strong></span> 
     </span>
    </p>
   </div>
   <div class='ocr_carea' id='block_1_8' title="bbox 228 857 1909 933">
    <p class='ocr_par' dir='ltr' id='par_1_8' title="bbox 228 857 1909 933">
     <span class='ocr_line' id='line_1_8' title="bbox 228 857 1909 933; baseline 0.001 -19"><span class='ocrx_word' id='word_1_42' title='bbox 228 857 423 933; x_wconf 83' lang='lat' dir='ltr'><strong>coegit</strong></span> <span class='ocrx_word' id='word_1_43' title='bbox 466 862 527 914; x_wconf 88' lang='lat' dir='ltr'><strong>te</strong></span> <span class='ocrx_word' id='word_1_44' title='bbox 569 858 760 915; x_wconf 81' lang='lat' dir='ltr'><strong>facere</strong></span> <span class='ocrx_word' id='word_1_45' title='bbox 808 858 1072 927; x_wconf 91' lang='lat' dir='ltr'><strong>domum,</strong></span> <span class='ocrx_word' id='word_1_46' title='bbox 1103 863 1348 927; x_wconf 86' lang='lat' dir='ltr'><strong>vestem,</strong></span> <span class='ocrx_word' id='word_1_47' title='bbox 1395 862 1453 915; x_wconf 91' lang='lat' dir='ltr'><strong>et</strong></span> <span class='ocrx_word' id='word_1_48' title='bbox 1500 863 1727 915; x_wconf 66' lang='lat' dir='ltr'><strong>caetera.</strong></span> <span class='ocrx_word' id='word_1_49' title='bbox 1765 882 1793 909; x_wconf 86' lang='lat'>»</span> <span class='ocrx_word' id='word_1_50' title='bbox 1821 861 1909 916; x_wconf 81' lang='lat' dir='ltr'><strong>Et&#39;</strong></span> 
     </span>
    </p>
   </div>
   <div class='ocr_carea' id='block_1_9' title="bbox 224 946 1886 1021">
    <p class='ocr_par' dir='ltr' id='par_1_9' title="bbox 224 946 1886 1021">
     <span class='ocr_line' id='line_1_9' title="bbox 224 946 1886 1021; baseline 0.001 -19"><span class='ocrx_word' id='word_1_51' title='bbox 224 946 405 1020; x_wconf 86' lang='lat' dir='ltr'><strong>paulo</strong></span> <span class='ocrx_word' id='word_1_52' title='bbox 437 950 611 1021; x_wconf 89' lang='lat' dir='ltr'><strong>post:</strong></span> <span class='ocrx_word' id='word_1_53' title='bbox 639 968 668 997; x_wconf 77' lang='grc' dir='ltr'>α</span> <span class='ocrx_word' id='word_1_54' title='bbox 692 946 1028 1004; x_wconf 83' lang='lat' dir='ltr'><strong>Invenimus</strong></span> <span class='ocrx_word' id='word_1_55' title='bbox 1057 946 1278 1020; x_wconf 86' lang='lat' dir='ltr'><strong>aliquid</strong></span> <span class='ocrx_word' id='word_1_56' title='bbox 1302 948 1455 1019; x_wconf 89' lang='lat' dir='ltr'><strong>quod</strong></span> <span class='ocrx_word' id='word_1_57' title='bbox 1480 946 1663 1004; x_wconf 91' lang='lat' dir='ltr'><strong>libera</strong></span> <span class='ocrx_word' id='word_1_58' title='bbox 1682 946 1886 1004; x_wconf 85' lang='lat' dir='ltr'><strong>volun-</strong></span> 
     </span>
    </p>
   </div>
   <div class='ocr_carea' id='block_1_10' title="bbox 226 1035 1885 1109">
    <p class='ocr_par' dir='ltr' id='par_1_10' title="bbox 226 1035 1885 1109">
     <span class='ocr_line' id='line_1_10' title="bbox 226 1035 1885 1109; baseline -0.003 -12"><span class='ocrx_word' id='word_1_59' title='bbox 226 1040 344 1097; x_wconf 77' lang='lat' dir='ltr'><strong>tate</strong></span> <span class='ocrx_word' id='word_1_60' title='bbox 376 1035 657 1105; x_wconf 83' lang='lat' dir='ltr'><strong>facimus,</strong></span> <span class='ocrx_word' id='word_1_61' title='bbox 681 1052 817 1093; x_wconf 84' lang='lat' dir='ltr'><strong>cum</strong></span> <span class='ocrx_word' id='word_1_62' title='bbox 848 1036 1044 1109; x_wconf 91' lang='lat' dir='ltr'><strong>ipsum</strong></span> <span class='ocrx_word' id='word_1_63' title='bbox 1068 1035 1252 1095; x_wconf 89' lang='lat' dir='ltr'><strong>Deum</strong></span> <span class='ocrx_word' id='word_1_64' title='bbox 1275 1036 1528 1092; x_wconf 86' lang='lat' dir='ltr'><strong>amando</strong></span> <span class='ocrx_word' id='word_1_65' title='bbox 1552 1035 1885 1094; x_wconf 83' lang='lat' dir='ltr'><strong>laudamus.</strong></span> 
     </span>
    </p>
   </div>
   <div class='ocr_carea' id='block_1_11' title="bbox 225 1124 1889 1197">
    <p class='ocr_par' dir='ltr' id='par_1_11' title="bbox 225 1124 1889 1197">
     <span class='ocr_line' id='line_1_11' title="bbox 225 1124 1889 1197; baseline -0.002 -12"><span class='ocrx_word' id='word_1_66' title='bbox 225 1124 355 1185; x_wconf 82' lang='lat' dir='ltr'><strong>Non</strong></span> <span class='ocrx_word' id='word_1_67' title='bbox 410 1124 575 1183; x_wconf 86' lang='lat' dir='ltr'><strong>enim</strong></span> <span class='ocrx_word' id='word_1_68' title='bbox 624 1140 695 1181; x_wconf 84' lang='lat' dir='ltr'><strong>ex</strong></span> <span class='ocrx_word' id='word_1_69' title='bbox 743 1124 1111 1191; x_wconf 82' lang='lat' dir='ltr'><strong>necessitate,</strong></span> <span class='ocrx_word' id='word_1_70' title='bbox 1148 1124 1248 1181; x_wconf 90' lang='lat' dir='ltr'><strong>sed</strong></span> <span class='ocrx_word' id='word_1_71' title='bbox 1300 1125 1441 1197; x_wconf 84' lang='lat' dir='ltr'><strong>quia</strong></span> <span class='ocrx_word' id='word_1_72' title='bbox 1480 1124 1691 1197; x_wconf 87' lang='lat' dir='ltr'><strong>placet.</strong></span> <span class='ocrx_word' id='word_1_73' title='bbox 1725 1124 1889 1181; x_wconf 88' lang='lat' dir='ltr'><strong>Unde</strong></span> 
     </span>
    </p>
   </div>
   <div class='ocr_carea' id='block_1_12' title="bbox 220 1212 1888 1287">
    <p class='ocr_par' dir='ltr' id='par_1_12' title="bbox 220 1212 1888 1287">
     <span class='ocr_line' id='line_1_12' title="bbox 220 1212 1888 1287; baseline 0.001 -18"><span class='ocrx_word' id='word_1_74' title='bbox 220 1212 411 1285; x_wconf 86' lang='lat' dir='ltr'><strong>justis</strong></span> <span class='ocrx_word' id='word_1_75' title='bbox 443 1216 503 1268; x_wconf 88' lang='lat' dir='ltr'><strong>et</strong></span> <span class='ocrx_word' id='word_1_76' title='bbox 533 1213 753 1271; x_wconf 84' lang='lat' dir='ltr'><strong>sanctis</strong></span> <span class='ocrx_word' id='word_1_77' title='bbox 782 1213 883 1270; x_wconf 91' lang='lat' dir='ltr'><strong>Dei</strong></span> <span class='ocrx_word' id='word_1_78' title='bbox 910 1212 1131 1286; x_wconf 85' lang='lat' dir='ltr'><strong>placuit</strong></span> <span class='ocrx_word' id='word_1_79' title='bbox 1163 1214 1331 1283; x_wconf 90' lang='lat' dir='ltr'><strong>Deus,</strong></span> <span class='ocrx_word' id='word_1_80' title='bbox 1362 1214 1539 1270; x_wconf 89' lang='lat' dir='ltr'><strong>etiam</strong></span> <span class='ocrx_word' id='word_1_81' title='bbox 1586 1212 1888 1287; x_wconf 87' lang='lat' dir='ltr'><strong>flagellans</strong></span> 
     </span>
    </p>
   </div>
   <div class='ocr_carea' id='block_1_13' title="bbox 227 1301 1890 1363">
    <p class='ocr_par' dir='ltr' id='par_1_13' title="bbox 227 1301 1890 1363">
     <span class='ocr_line' id='line_1_13' title="bbox 227 1301 1890 1363; baseline 0.001 -6"><span class='ocrx_word' id='word_1_82' title='bbox 227 1318 346 1363; x_wconf 68' lang='lat' dir='ltr'><strong>ms.</strong></span> <span class='ocrx_word' id='word_1_83' title='bbox 386 1326 417 1351; x_wconf 84' lang='lat'>»</span> <span class='ocrx_word' id='word_1_84' title='bbox 449 1302 523 1358; x_wconf 91' lang='lat' dir='ltr'><strong>Et</strong></span> <span class='ocrx_word' id='word_1_85' title='bbox 552 1301 694 1358; x_wconf 84' lang='lat' dir='ltr'><strong>item</strong></span> <span class='ocrx_word' id='word_1_86' title='bbox 729 1320 742 1358; x_wconf 94' lang='lat'>:</span> <span class='ocrx_word' id='word_1_87' title='bbox 779 1325 807 1352; x_wconf 76' lang='grc' dir='ltr'>κ</span> <span class='ocrx_word' id='word_1_88' title='bbox 839 1302 995 1359; x_wconf 89' lang='lat' dir='ltr'><strong>Deus</strong></span> <span class='ocrx_word' id='word_1_89' title='bbox 1046 1306 1242 1358; x_wconf 89' lang='lat' dir='ltr'><strong>autem</strong></span> <span class='ocrx_word' id='word_1_90' title='bbox 1290 1302 1349 1357; x_wconf 91' lang='lat' dir='ltr'><strong>in</strong></span> <span class='ocrx_word' id='word_1_91' title='bbox 1388 1302 1620 1359; x_wconf 7' lang='lat' dir='ltr'><strong>acceloet</strong></span> <span class='ocrx_word' id='word_1_92' title='bbox 1648 1303 1707 1360; x_wconf 88' lang='lat' dir='ltr'><strong>in</strong></span> <span class='ocrx_word' id='word_1_93' title='bbox 1734 1308 1890 1360; x_wconf 86' lang='lat' dir='ltr'><strong>terra</strong></span> 
     </span>
    </p>
   </div>
   <div class='ocr_carea' id='block_1_14' title="bbox 228 1390 1886 1466">
    <p class='ocr_par' dir='ltr' id='par_1_14' title="bbox 228 1390 1886 1466">
     <span class='ocr_line' id='line_1_14' title="bbox 228 1390 1886 1466; baseline 0.001 -18"><span class='ocrx_word' id='word_1_94' title='bbox 228 1391 434 1449; x_wconf 86' lang='lat' dir='ltr'><strong>omnia</strong></span> <span class='ocrx_word' id='word_1_95' title='bbox 462 1407 831 1465; x_wconf 74' lang='lat' dir='ltr'><strong>quaecunque</strong></span> <span class='ocrx_word' id='word_1_96' title='bbox 846 1390 1030 1447; x_wconf 90' lang='lat' dir='ltr'><strong>voluit</strong></span> <span class='ocrx_word' id='word_1_97' title='bbox 1049 1391 1203 1447; x_wconf 91' lang='lat' dir='ltr'><strong>fecit.</strong></span> <span class='ocrx_word' id='word_1_98' title='bbox 1221 1392 1350 1464; x_wconf 90' lang='lat' dir='ltr'><strong>Ipse</strong></span> <span class='ocrx_word' id='word_1_99' title='bbox 1371 1391 1475 1448; x_wconf 92' lang='lat' dir='ltr'><strong>tibi</strong></span> <span class='ocrx_word' id='word_1_100' title='bbox 1498 1393 1596 1449; x_wconf 92' lang='lat' dir='ltr'><strong>det</strong></span> <span class='ocrx_word' id='word_1_101' title='bbox 1612 1392 1886 1466; x_wconf 81' lang='lat' dir='ltr'><strong>gratiam,</strong></span> 
     </span>
    </p>
   </div>
   <div class='ocr_carea' id='block_1_15' title="bbox 228 1479 1889 1554">
    <p class='ocr_par' dir='ltr' id='par_1_15' title="bbox 228 1479 1889 1554">
     <span class='ocr_line' id='line_1_15' title="bbox 228 1479 1889 1554; baseline 0.001 -18"><span class='ocrx_word' id='word_1_102' title='bbox 228 1485 293 1542; x_wconf 83' lang='lat' dir='ltr'><strong>ut</strong></span> <span class='ocrx_word' id='word_1_103' title='bbox 321 1479 387 1536; x_wconf 87' lang='lat' dir='ltr'><strong>in</strong></span> <span class='ocrx_word' id='word_1_104' title='bbox 418 1482 478 1536; x_wconf 85' lang='lat' dir='ltr'><strong>te</strong></span> <span class='ocrx_word' id='word_1_105' title='bbox 510 1479 643 1553; x_wconf 92' lang='lat' dir='ltr'><strong>ipso</strong></span> <span class='ocrx_word' id='word_1_106' title='bbox 675 1479 854 1537; x_wconf 79' lang='lat' dir='ltr'><strong>facias</strong></span> <span class='ocrx_word' id='word_1_107' title='bbox 883 1481 1037 1552; x_wconf 92' lang='lat' dir='ltr'><strong>quod</strong></span> <span class='ocrx_word' id='word_1_108' title='bbox 1067 1479 1175 1539; x_wconf 87' lang='lat' dir='ltr'><strong>vis.</strong></span> <span class='ocrx_word' id='word_1_109' title='bbox 1208 1479 1332 1536; x_wconf 87' lang='lat' dir='ltr'><strong>Nisi</strong></span> <span class='ocrx_word' id='word_1_110' title='bbox 1363 1480 1521 1536; x_wconf 89' lang='lat' dir='ltr'><strong>enim</strong></span> <span class='ocrx_word' id='word_1_111' title='bbox 1560 1481 1687 1554; x_wconf 91' lang='lat' dir='ltr'><strong>ipso</strong></span> <span class='ocrx_word' id='word_1_112' title='bbox 1716 1482 1889 1554; x_wconf 87' lang='lat' dir='ltr'><strong>adju-</strong></span> 
     </span>
    </p>
   </div>
   <div class='ocr_carea' id='block_1_16' title="bbox 224 1567 1889 1643">
    <p class='ocr_par' dir='ltr' id='par_1_16' title="bbox 224 1567 1889 1643">
     <span class='ocr_line' id='line_1_16' title="bbox 224 1567 1889 1643; baseline -0.001 -14"><span class='ocrx_word' id='word_1_113' title='bbox 224 1574 404 1629; x_wconf 71' lang='lat' dir='ltr'><strong>vante</strong></span> <span class='ocrx_word' id='word_1_114' title='bbox 436 1585 547 1626; x_wconf 85' lang='lat' dir='ltr'><strong>nec</strong></span> <span class='ocrx_word' id='word_1_115' title='bbox 580 1567 641 1625; x_wconf 89' lang='lat' dir='ltr'><strong>in</strong></span> <span class='ocrx_word' id='word_1_116' title='bbox 670 1572 729 1625; x_wconf 86' lang='lat' dir='ltr'><strong>te</strong></span> <span class='ocrx_word' id='word_1_117' title='bbox 760 1568 934 1625; x_wconf 77' lang='lat' dir='ltr'><strong>facies</strong></span> <span class='ocrx_word' id='word_1_118' title='bbox 960 1570 1118 1643; x_wconf 88' lang='lat' dir='ltr'><strong>quod</strong></span> <span class='ocrx_word' id='word_1_119' title='bbox 1148 1569 1257 1636; x_wconf 89' lang='lat' dir='ltr'><strong>vis,</strong></span> <span class='ocrx_word' id='word_1_120' title='bbox 1278 1567 1419 1642; x_wconf 86' lang='lat' dir='ltr'><strong>quia</strong></span> <span class='ocrx_word' id='word_1_121' title='bbox 1432 1586 1566 1626; x_wconf 90' lang='lat' dir='ltr'><strong>caro</strong></span> <span class='ocrx_word' id='word_1_122' title='bbox 1587 1570 1889 1643; x_wconf 84' lang='lat' dir='ltr'><strong>concupis-</strong></span> 
     </span>
    </p>
   </div>
   <div class='ocr_carea' id='block_1_17' title="bbox 226 1656 1886 1730">
    <p class='ocr_par' dir='ltr' id='par_1_17' title="bbox 226 1656 1886 1730">
     <span class='ocr_line' id='line_1_17' title="bbox 226 1656 1886 1730; baseline -0.003 -11"><span class='ocrx_word' id='word_1_123' title='bbox 226 1657 305 1719; x_wconf 77' lang='lat' dir='ltr'><strong>cit</strong></span> <span class='ocrx_word' id='word_1_124' title='bbox 332 1658 631 1717; x_wconf 78' lang='lat' dir='ltr'><strong>adversus</strong></span> <span class='ocrx_word' id='word_1_125' title='bbox 660 1656 957 1730; x_wconf 79' lang='lat' dir='ltr'><strong>spiritum,</strong></span> <span class='ocrx_word' id='word_1_126' title='bbox 983 1662 1042 1716; x_wconf 91' lang='lat' dir='ltr'><strong>et</strong></span> <span class='ocrx_word' id='word_1_127' title='bbox 1064 1657 1309 1730; x_wconf 85' lang='lat' dir='ltr'><strong>spiritus</strong></span> <span class='ocrx_word' id='word_1_128' title='bbox 1330 1658 1610 1714; x_wconf 82' lang='lat' dir='ltr'><strong>adversus</strong></span> <span class='ocrx_word' id='word_1_129' title='bbox 1630 1675 1886 1727; x_wconf 90' lang='lat' dir='ltr'><strong>carnem,</strong></span> 
     </span>
    </p>
   </div>
   <div class='ocr_carea' id='block_1_18' title="bbox 222 1746 1891 1821">
    <p class='ocr_par' dir='ltr' id='par_1_18' title="bbox 222 1746 1891 1821">
     <span class='ocr_line' id='line_1_18' title="bbox 222 1746 1891 1821; baseline 0 -16"><span class='ocrx_word' id='word_1_130' title='bbox 222 1752 291 1805; x_wconf 77' lang='lat' dir='ltr'><strong>ut</strong></span> <span class='ocrx_word' id='word_1_131' title='bbox 337 1763 463 1803; x_wconf 88' lang='lat' dir='ltr'><strong>non</strong></span> <span class='ocrx_word' id='word_1_132' title='bbox 510 1762 880 1820; x_wconf 64' lang='lat' dir='ltr'><strong>quacunque</strong></span> <span class='ocrx_word' id='word_1_133' title='bbox 937 1746 1112 1802; x_wconf 85' lang='lat' dir='ltr'><strong>vultis</strong></span> <span class='ocrx_word' id='word_1_134' title='bbox 1160 1746 1262 1802; x_wconf 92' lang='lat' dir='ltr'><strong>illa</strong></span> <span class='ocrx_word' id='word_1_135' title='bbox 1306 1746 1554 1803; x_wconf 81' lang='lat' dir='ltr'><strong>faciatis.</strong></span> <span class='ocrx_word' id='word_1_136' title='bbox 1588 1771 1614 1800; x_wconf 77' lang='grc' dir='ltr'><strong><em>ι</em></strong></span> <span class='ocrx_word' id='word_1_137' title='bbox 1641 1748 1713 1804; x_wconf 89' lang='lat' dir='ltr'><strong>Et</strong></span> <span class='ocrx_word' id='word_1_138' title='bbox 1757 1753 1891 1821; x_wconf 91' lang='lat' dir='ltr'><strong>post</strong></span> 
     </span>
    </p>
   </div>
   <div class='ocr_carea' id='block_1_19' title="bbox 1994 589 3646 667">
    <p class='ocr_par' dir='ltr' id='par_1_19' title="bbox 1994 589 3646 667">
     <span class='ocr_line' id='line_1_19' title="bbox 1994 589 3646 667; baseline 0.003 -19"><span class='ocrx_word' id='word_1_139' title='bbox 1994 591 2104 648; x_wconf 83' lang='lat' dir='ltr'><strong>Job</strong></span> <span class='ocrx_word' id='word_1_140' title='bbox 2136 589 2271 647; x_wconf 82' lang='lat' dir='ltr'><strong>libri</strong></span> <span class='ocrx_word' id='word_1_141' title='bbox 2312 589 2686 659; x_wconf 88' lang='lat' dir='ltr'><strong>sententiam,</strong></span> <span class='ocrx_word' id='word_1_142' title='bbox 2720 593 2787 645; x_wconf 90' lang='lat' dir='ltr'><strong>ut</strong></span> <span class='ocrx_word' id='word_1_143' title='bbox 2832 590 3148 648; x_wconf 83' lang='lat' dir='ltr'><strong>verisimile</strong></span> <span class='ocrx_word' id='word_1_144' title='bbox 3195 611 3369 651; x_wconf 89' lang='lat' dir='ltr'><strong>suum</strong></span> <span class='ocrx_word' id='word_1_145' title='bbox 3415 595 3646 667; x_wconf 84' lang='lat' dir='ltr'><strong>possint</strong></span> 
     </span>
    </p>
   </div>
   <div class='ocr_carea' id='block_1_20' title="bbox 1996 678 3644 758">
    <p class='ocr_par' dir='ltr' id='par_1_20' title="bbox 1996 678 3644 758">
     <span class='ocr_line' id='line_1_20' title="bbox 1996 678 3644 758; baseline -0.002 -20"><span class='ocrx_word' id='word_1_146' title='bbox 1996 684 2289 738; x_wconf 87' lang='lat' dir='ltr'><strong>ostentare</strong></span> <span class='ocrx_word' id='word_1_147' title='bbox 2313 680 2834 752; x_wconf 88' lang='lat' dir='ltr'><strong>mendacium,qua</strong></span> <span class='ocrx_word' id='word_1_148' title='bbox 2854 678 3069 734; x_wconf 91' lang='lat' dir='ltr'><strong>dicitur</strong></span> <span class='ocrx_word' id='word_1_149' title='bbox 3093 698 3106 736; x_wconf 92' lang='lat'><strong>:</strong></span> <span class='ocrx_word' id='word_1_150' title='bbox 3130 681 3327 737; x_wconf 81' lang='lat' dir='ltr'><strong>Anima</strong></span> <span class='ocrx_word' id='word_1_151' title='bbox 3345 686 3459 742; x_wconf 81' lang='lat' dir='ltr'><strong>eius</strong></span> <span class='ocrx_word' id='word_1_152' title='bbox 3482 683 3644 758; x_wconf 81' lang='lat' dir='ltr'><strong>quod-</strong></span> 
     </span>
    </p>
   </div>
   <div class='ocr_carea' id='block_1_21' title="bbox 1994 768 3641 844">
    <p class='ocr_par' dir='ltr' id='par_1_21' title="bbox 1994 768 3641 844">
     <span class='ocr_line' id='line_1_21' title="bbox 1994 768 3641 844; baseline 0 -15"><span class='ocrx_word' id='word_1_153' title='bbox 1994 787 2208 844; x_wconf 82' lang='lat' dir='ltr'><strong>cunque</strong></span> <span class='ocrx_word' id='word_1_154' title='bbox 2253 771 2426 826; x_wconf 82' lang='lat' dir='ltr'><strong>votuit</strong></span> <span class='ocrx_word' id='word_1_155' title='bbox 2466 771 2563 826; x_wconf 87' lang='lat' dir='ltr'><strong>hoc</strong></span> <span class='ocrx_word' id='word_1_156' title='bbox 2589 770 2719 840; x_wconf 79' lang='lat' dir='ltr'><strong>fecit</strong></span> <span class='ocrx_word' id='word_1_157' title='bbox 2747 768 2863 841; x_wconf 83' lang='lat' dir='ltr'><strong>(Job</strong></span> <span class='ocrx_word' id='word_1_158' title='bbox 2894 785 3055 836; x_wconf 84' lang='lat' dir='ltr'><strong>xxm,</strong></span> <span class='ocrx_word' id='word_1_159' title='bbox 3091 771 3199 838; x_wconf 87' lang='grc'><strong>13).</strong></span> <span class='ocrx_word' id='word_1_160' title='bbox 3233 773 3419 834; x_wconf 85' lang='lat' dir='ltr'><strong>Quam</strong></span> <span class='ocrx_word' id='word_1_161' title='bbox 3468 789 3641 844; x_wconf 81' lang='lat' dir='ltr'><strong>expo-</strong></span> 
     </span>
    </p>
   </div>
   <div class='ocr_carea' id='block_1_22' title="bbox 1996 857 3641 931">
    <p class='ocr_par' dir='ltr' id='par_1_22' title="bbox 1996 857 3641 931">
     <span class='ocr_line' id='line_1_22' title="bbox 1996 857 3641 931; baseline -0.001 -14"><span class='ocrx_word' id='word_1_162' title='bbox 1996 877 2143 917; x_wconf 88' lang='lat' dir='ltr'><strong>nens</strong></span> <span class='ocrx_word' id='word_1_163' title='bbox 2175 859 2234 914; x_wconf 90' lang='lat' dir='ltr'><strong>in</strong></span> <span class='ocrx_word' id='word_1_164' title='bbox 2266 857 2584 915; x_wconf 87' lang='lat' dir='ltr'><strong>Moralibus</strong></span> <span class='ocrx_word' id='word_1_165' title='bbox 2614 858 2821 915; x_wconf 89' lang='lat' dir='ltr'><strong>beatus</strong></span> <span class='ocrx_word' id='word_1_166' title='bbox 2850 857 3165 931; x_wconf 89' lang='lat' dir='ltr'><strong>Gregorius</strong></span> <span class='ocrx_word' id='word_1_167' title='bbox 3210 860 3351 914; x_wconf 89' lang='lat' dir='ltr'><strong>dicit</strong></span> <span class='ocrx_word' id='word_1_168' title='bbox 3376 860 3494 928; x_wconf 85' lang='lat' dir='ltr'><strong>(lib.</strong></span> <span class='ocrx_word' id='word_1_169' title='bbox 3526 877 3641 929; x_wconf 78' lang='lat' dir='ltr'><strong>XVI,</strong></span> 
     </span>
    </p>
   </div>
   <div class='ocr_carea' id='block_1_23' title="bbox 1995 947 3644 1022">
    <p class='ocr_par' dir='ltr' id='par_1_23' title="bbox 1995 947 3644 1022">
     <span class='ocr_line' id='line_1_23' title="bbox 1995 947 3644 1022; baseline 0 -17"><span class='ocrx_word' id='word_1_170' title='bbox 1995 966 2113 1022; x_wconf 85' lang='lat' dir='ltr'><strong>cap.</strong></span> <span class='ocrx_word' id='word_1_171' title='bbox 2151 949 2236 1021; x_wconf 82' lang='lat'><strong>18)</strong></span> <span class='ocrx_word' id='word_1_172' title='bbox 2273 965 2285 1004; x_wconf 86' lang='lat'>:</span> <span class='ocrx_word' id='word_1_173' title='bbox 2319 971 2347 998; x_wconf 88' lang='grc'><strong>‹‹</strong></span> <span class='ocrx_word' id='word_1_174' title='bbox 2382 947 2476 1004; x_wconf 90' lang='lat' dir='ltr'><strong>Sic</strong></span> <span class='ocrx_word' id='word_1_175' title='bbox 2503 948 2700 1019; x_wconf 85' lang='lat' dir='ltr'><strong>itaque</strong></span> <span class='ocrx_word' id='word_1_176' title='bbox 2728 947 2859 1018; x_wconf 86' lang='lat' dir='ltr'><strong>ejus</strong></span> <span class='ocrx_word' id='word_1_177' title='bbox 2890 947 3088 1003; x_wconf 88' lang='lat' dir='ltr'><strong>anima</strong></span> <span class='ocrx_word' id='word_1_178' title='bbox 3127 949 3517 1021; x_wconf 84' lang='lat' dir='ltr'><strong>quodcunque</strong></span> <span class='ocrx_word' id='word_1_179' title='bbox 3546 966 3644 1006; x_wconf 88' lang='lat' dir='ltr'><strong>vo-</strong></span> 
     </span>
    </p>
   </div>
   <div class='ocr_carea' id='block_1_24' title="bbox 1996 1034 3643 1109">
    <p class='ocr_par' dir='ltr' id='par_1_24' title="bbox 1996 1034 3643 1109">
     <span class='ocr_line' id='line_1_24' title="bbox 1996 1034 3643 1109; baseline 0 -16"><span class='ocrx_word' id='word_1_180' title='bbox 1996 1037 2109 1093; x_wconf 90' lang='lat' dir='ltr'><strong>luit</strong></span> <span class='ocrx_word' id='word_1_181' title='bbox 2137 1037 2247 1093; x_wconf 90' lang='lat' dir='ltr'><strong>hoc</strong></span> <span class='ocrx_word' id='word_1_182' title='bbox 2279 1035 2431 1105; x_wconf 90' lang='lat' dir='ltr'><strong>fecit,</strong></span> <span class='ocrx_word' id='word_1_183' title='bbox 2457 1040 2521 1091; x_wconf 91' lang='lat' dir='ltr'><strong>ut</strong></span> <span class='ocrx_word' id='word_1_184' title='bbox 2541 1034 2675 1091; x_wconf 89' lang='lat' dir='ltr'><strong>inde</strong></span> <span class='ocrx_word' id='word_1_185' title='bbox 2698 1052 2930 1109; x_wconf 88' lang='lat' dir='ltr'><strong>quoque</strong></span> <span class='ocrx_word' id='word_1_186' title='bbox 2959 1036 3317 1093; x_wconf 75' lang='lat' dir='ltr'><strong>voluntatem</strong></span> <span class='ocrx_word' id='word_1_187' title='bbox 3342 1054 3509 1093; x_wconf 89' lang='lat' dir='ltr'><strong>suam</strong></span> <span class='ocrx_word' id='word_1_188' title='bbox 3532 1036 3643 1093; x_wconf 91' lang='lat' dir='ltr'><strong>im-</strong></span> 
     </span>
    </p>
   </div>
   <div class='ocr_carea' id='block_1_25' title="bbox 1998 1124 3639 1200">
    <p class='ocr_par' dir='ltr' id='par_1_25' title="bbox 1998 1124 3639 1200">
     <span class='ocr_line' id='line_1_25' title="bbox 1998 1124 3639 1200; baseline -0.002 -19"><span class='ocrx_word' id='word_1_189' title='bbox 1998 1126 2174 1200; x_wconf 89' lang='lat' dir='ltr'><strong>pleat,</strong></span> <span class='ocrx_word' id='word_1_190' title='bbox 2208 1126 2363 1182; x_wconf 91' lang='lat' dir='ltr'><strong>unde</strong></span> <span class='ocrx_word' id='word_1_191' title='bbox 2392 1125 2676 1181; x_wconf 84' lang='lat' dir='ltr'><strong>voluntati</strong></span> <span class='ocrx_word' id='word_1_192' title='bbox 2710 1124 2872 1180; x_wconf 89' lang='lat' dir='ltr'><strong>illius</strong></span> <span class='ocrx_word' id='word_1_193' title='bbox 2902 1125 3215 1198; x_wconf 81' lang='lat' dir='ltr'><strong>repugnari</strong></span> <span class='ocrx_word' id='word_1_194' title='bbox 3252 1127 3577 1182; x_wconf 87' lang='lat' dir='ltr'><strong>videbatur.</strong></span> <span class='ocrx_word' id='word_1_195' title='bbox 3611 1149 3639 1178; x_wconf 84' lang='lat'><strong>»</strong></span> 
     </span>
    </p>
   </div>
   <div class='ocr_carea' id='block_1_26' title="bbox 1996 1213 3643 1288">
    <p class='ocr_par' dir='ltr' id='par_1_26' title="bbox 1996 1213 3643 1288">
     <span class='ocr_line' id='line_1_26' title="bbox 1996 1213 3643 1288; baseline 0 -17"><span class='ocrx_word' id='word_1_196' title='bbox 1996 1215 2068 1271; x_wconf 85' lang='lat' dir='ltr'><strong>Et</strong></span> <span class='ocrx_word' id='word_1_197' title='bbox 2098 1214 2237 1271; x_wconf 88' lang='lat' dir='ltr'><strong>item</strong></span> <span class='ocrx_word' id='word_1_198' title='bbox 2269 1231 2283 1270; x_wconf 88' lang='lat'><strong>:</strong></span> <span class='ocrx_word' id='word_1_199' title='bbox 2319 1238 2347 1266; x_wconf 84' lang='lat'><strong><em>«</em></strong></span> <span class='ocrx_word' id='word_1_200' title='bbox 2378 1214 2705 1287; x_wconf 86' lang='lat' dir='ltr'><strong>Aliquando</strong></span> <span class='ocrx_word' id='word_1_201' title='bbox 2736 1214 2924 1269; x_wconf 86' lang='lat' dir='ltr'><strong>facere</strong></span> <span class='ocrx_word' id='word_1_202' title='bbox 2955 1213 3055 1270; x_wconf 90' lang='lat' dir='ltr'><strong>Dei</strong></span> <span class='ocrx_word' id='word_1_203' title='bbox 3088 1219 3197 1281; x_wconf 89' lang='lat' dir='ltr'><strong>est,</strong></span> <span class='ocrx_word' id='word_1_204' title='bbox 3229 1215 3288 1270; x_wconf 93' lang='lat' dir='ltr'><strong>id</strong></span> <span class='ocrx_word' id='word_1_205' title='bbox 3320 1216 3477 1288; x_wconf 91' lang='lat' dir='ltr'><strong>quod</strong></span> <span class='ocrx_word' id='word_1_206' title='bbox 3518 1216 3643 1272; x_wconf 80' lang='lat' dir='ltr'><strong>ﬁeri</strong></span> 
     </span>
    </p>
   </div>
   <div class='ocr_carea' id='block_1_27' title="bbox 1997 1302 3646 1378">
    <p class='ocr_par' dir='ltr' id='par_1_27' title="bbox 1997 1302 3646 1378">
     <span class='ocr_line' id='line_1_27' title="bbox 1997 1302 3646 1378; baseline 0.001 -19"><span class='ocrx_word' id='word_1_207' title='bbox 1997 1302 2267 1377; x_wconf 87' lang='lat' dir='ltr'><strong>prohibet</strong></span> <span class='ocrx_word' id='word_1_208' title='bbox 2296 1303 2599 1359; x_wconf 87' lang='lat' dir='ltr'><strong>irascendo</strong></span> <span class='ocrx_word' id='word_1_209' title='bbox 2626 1303 2980 1375; x_wconf 88' lang='lat' dir='ltr'><strong>permittere.</strong></span> <span class='ocrx_word' id='word_1_210' title='bbox 3013 1325 3041 1353; x_wconf 72' lang='grc' dir='ltr'>υ</span> <span class='ocrx_word' id='word_1_211' title='bbox 3077 1305 3145 1359; x_wconf 90' lang='lat' dir='ltr'><strong>Et</strong></span> <span class='ocrx_word' id='word_1_212' title='bbox 3173 1309 3412 1360; x_wconf 86' lang='lat' dir='ltr'><strong>sanctus</strong></span> <span class='ocrx_word' id='word_1_213' title='bbox 3440 1306 3646 1378; x_wconf 82' lang='lat' dir='ltr'><strong>Augu-</strong></span> 
     </span>
    </p>
   </div>
   <div class='ocr_carea' id='block_1_28' title="bbox 1997 1392 3636 1467">
    <p class='ocr_par' dir='ltr' id='par_1_28' title="bbox 1997 1392 3636 1467">
     <span class='ocr_line' id='line_1_28' title="bbox 1997 1392 3636 1467; baseline 0.001 -19"><span class='ocrx_word' id='word_1_214' title='bbox 1997 1392 2191 1449; x_wconf 90' lang='lat' dir='ltr'><strong>stinus</strong></span> <span class='ocrx_word' id='word_1_215' title='bbox 2222 1392 2280 1448; x_wconf 90' lang='lat' dir='ltr'><strong>in</strong></span> <span class='ocrx_word' id='word_1_216' title='bbox 2314 1392 2462 1447; x_wconf 90' lang='lat' dir='ltr'><strong>libro</strong></span> <span class='ocrx_word' id='word_1_217' title='bbox 2492 1392 2562 1447; x_wconf 92' lang='lat' dir='ltr'><strong>de</strong></span> <span class='ocrx_word' id='word_1_218' title='bbox 2611 1392 2769 1448; x_wconf 91' lang='lat' dir='ltr'><strong>Bono</strong></span> <span class='ocrx_word' id='word_1_219' title='bbox 2816 1392 3257 1464; x_wconf 74' lang='lat' dir='ltr'><strong>perseverantiae</strong></span> <span class='ocrx_word' id='word_1_220' title='bbox 3296 1398 3437 1466; x_wconf 82' lang='lat' dir='ltr'><strong>(cap.</strong></span> <span class='ocrx_word' id='word_1_221' title='bbox 3469 1393 3523 1467; x_wconf 88' lang='lat'><strong>6)</strong></span> <span class='ocrx_word' id='word_1_222' title='bbox 3552 1393 3636 1450; x_wconf 91' lang='lat' dir='ltr'><strong>di-</strong></span> 
     </span>
    </p>
   </div>
   <div class='ocr_carea' id='block_1_29' title="bbox 1997 1479 3644 1553">
    <p class='ocr_par' dir='ltr' id='par_1_29' title="bbox 1997 1479 3644 1553">
     <span class='ocr_line' id='line_1_29' title="bbox 1997 1479 3644 1553; baseline 0 -14"><span class='ocrx_word' id='word_1_223' title='bbox 1997 1482 2077 1539; x_wconf 90' lang='lat' dir='ltr'><strong>cit</strong></span> <span class='ocrx_word' id='word_1_224' title='bbox 2110 1498 2123 1539; x_wconf 89' lang='lat'><strong>:</strong></span> <span class='ocrx_word' id='word_1_225' title='bbox 2153 1504 2181 1531; x_wconf 89' lang='grc'><strong>‹‹</strong></span> <span class='ocrx_word' id='word_1_226' title='bbox 2210 1479 2368 1539; x_wconf 89' lang='lat' dir='ltr'><strong>Nihil</strong></span> <span class='ocrx_word' id='word_1_227' title='bbox 2399 1481 2483 1550; x_wconf 86' lang='lat' dir='ltr'><strong>ﬁt,</strong></span> <span class='ocrx_word' id='word_1_228' title='bbox 2518 1479 2630 1536; x_wconf 90' lang='lat' dir='ltr'><strong>nisi</strong></span> <span class='ocrx_word' id='word_1_229' title='bbox 2658 1480 2808 1553; x_wconf 90' lang='lat' dir='ltr'><strong>quod</strong></span> <span class='ocrx_word' id='word_1_230' title='bbox 2844 1483 2945 1536; x_wconf 90' lang='lat' dir='ltr'><strong>aut</strong></span> <span class='ocrx_word' id='word_1_231' title='bbox 2981 1480 3135 1536; x_wconf 89' lang='lat' dir='ltr'><strong>Deus</strong></span> <span class='ocrx_word' id='word_1_232' title='bbox 3182 1482 3340 1551; x_wconf 84' lang='lat' dir='ltr'><strong>facit,</strong></span> <span class='ocrx_word' id='word_1_233' title='bbox 3373 1487 3475 1539; x_wconf 91' lang='lat' dir='ltr'><strong>aut</strong></span> <span class='ocrx_word' id='word_1_234' title='bbox 3521 1482 3644 1539; x_wconf 78' lang='lat' dir='ltr'><strong>fieri</strong></span> 
     </span>
    </p>
   </div>
   <div class='ocr_carea' id='block_1_30' title="bbox 1996 1568 3642 1644">
    <p class='ocr_par' dir='ltr' id='par_1_30' title="bbox 1996 1568 3642 1644">
     <span class='ocr_line' id='line_1_30' title="bbox 1996 1568 3642 1644; baseline 0.001 -18"><span class='ocrx_word' id='word_1_235' title='bbox 1996 1569 2123 1644; x_wconf 89' lang='lat' dir='ltr'><strong>ipse</strong></span> <span class='ocrx_word' id='word_1_236' title='bbox 2144 1568 2450 1643; x_wconf 87' lang='lat' dir='ltr'><strong>permittit.</strong></span> <span class='ocrx_word' id='word_1_237' title='bbox 2468 1592 2496 1619; x_wconf 74' lang='grc' dir='ltr'><strong>ι»</strong></span> <span class='ocrx_word' id='word_1_238' title='bbox 2512 1570 2734 1643; x_wconf 88' lang='lat' dir='ltr'><strong>Legant</strong></span> <span class='ocrx_word' id='word_1_239' title='bbox 2746 1568 2939 1625; x_wconf 88' lang='lat' dir='ltr'><strong>adhuc</strong></span> <span class='ocrx_word' id='word_1_240' title='bbox 2960 1570 3308 1626; x_wconf 88' lang='lat' dir='ltr'><strong>contentiosi</strong></span> <span class='ocrx_word' id='word_1_241' title='bbox 3330 1588 3464 1626; x_wconf 88' lang='lat' dir='ltr'><strong>cum</strong></span> <span class='ocrx_word' id='word_1_242' title='bbox 3489 1570 3642 1640; x_wconf 89' lang='lat' dir='ltr'><strong>istis,</strong></span> 
     </span>
    </p>
   </div>
   <div class='ocr_carea' id='block_1_31' title="bbox 1999 1657 3645 1731">
    <p class='ocr_par' dir='ltr' id='par_1_31' title="bbox 1999 1657 3645 1731">
     <span class='ocr_line' id='line_1_31' title="bbox 1999 1657 3645 1731; baseline -0.001 -14"><span class='ocrx_word' id='word_1_243' title='bbox 1999 1661 2049 1717; x_wconf 90' lang='lat' dir='ltr'><strong>si</strong></span> <span class='ocrx_word' id='word_1_244' title='bbox 2081 1678 2196 1716; x_wconf 91' lang='lat' dir='ltr'><strong>non</strong></span> <span class='ocrx_word' id='word_1_245' title='bbox 2230 1659 2556 1730; x_wconf 78' lang='lat' dir='ltr'><strong>sufficiunt,</strong></span> <span class='ocrx_word' id='word_1_246' title='bbox 2587 1657 2992 1714; x_wconf 91' lang='lat' dir='ltr'><strong>testimonium</strong></span> <span class='ocrx_word' id='word_1_247' title='bbox 3041 1660 3192 1731; x_wconf 89' lang='lat' dir='ltr'><strong>quod</strong></span> <span class='ocrx_word' id='word_1_248' title='bbox 3244 1659 3550 1731; x_wconf 88' lang='lat' dir='ltr'><strong>posuimus</strong></span> <span class='ocrx_word' id='word_1_249' title='bbox 3576 1677 3645 1715; x_wconf 84' lang='lat' dir='ltr'><strong>ex</strong></span> 
     </span>
    </p>
   </div>
   <div class='ocr_carea' id='block_1_32' title="bbox 1997 1747 3644 1822">
    <p class='ocr_par' dir='ltr' id='par_1_32' title="bbox 1997 1747 3644 1822">
     <span class='ocr_line' id='line_1_32' title="bbox 1997 1747 3644 1822; baseline 0 -18"><span class='ocrx_word' id='word_1_250' title='bbox 1997 1748 2146 1805; x_wconf 91' lang='lat' dir='ltr'><strong>libro</strong></span> <span class='ocrx_word' id='word_1_251' title='bbox 2194 1749 2266 1805; x_wconf 90' lang='lat' dir='ltr'><strong>de</strong></span> <span class='ocrx_word' id='word_1_252' title='bbox 2315 1747 2535 1821; x_wconf 85' lang='lat' dir='ltr'><strong>Spiritu</strong></span> <span class='ocrx_word' id='word_1_253' title='bbox 2581 1751 2641 1804; x_wconf 91' lang='lat' dir='ltr'><strong>et</strong></span> <span class='ocrx_word' id='word_1_254' title='bbox 2687 1747 2908 1803; x_wconf 90' lang='lat' dir='ltr'><strong>Littera</strong></span> <span class='ocrx_word' id='word_1_255' title='bbox 2954 1747 3137 1803; x_wconf 86' lang='lat' dir='ltr'><strong>sancti</strong></span> <span class='ocrx_word' id='word_1_256' title='bbox 3195 1748 3525 1822; x_wconf 85' lang='lat' dir='ltr'><strong>Augustini.</strong></span> <span class='ocrx_word' id='word_1_257' title='bbox 3559 1749 3644 1805; x_wconf 91' lang='lat' dir='ltr'><strong>0b</strong></span> 
     </span>
    </p>
   </div>
   <div class='ocr_carea' id='block_1_33' title="bbox 224 1834 3648 1943">
    <p class='ocr_par' dir='ltr' id='par_1_33' title="bbox 224 1834 3648 1943">
     <span class='ocr_line' id='line_1_33' title="bbox 224 1834 3648 1943; baseline -0.001 -48"><span class='ocrx_word' id='word_1_258' title='bbox 224 1852 419 1911; x_wconf 85' lang='lat' dir='ltr'><strong>pauca</strong></span> <span class='ocrx_word' id='word_1_259' title='bbox 449 1852 464 1891; x_wconf 86' lang='lat'><strong>:</strong></span> <span class='ocrx_word' id='word_1_260' title='bbox 494 1858 528 1886; x_wconf 78' lang='grc' dir='ltr'>α</span> <span class='ocrx_word' id='word_1_261' title='bbox 564 1835 713 1902; x_wconf 85' lang='lat' dir='ltr'><strong>Quia</strong></span> <span class='ocrx_word' id='word_1_262' title='bbox 743 1852 859 1892; x_wconf 89' lang='lat' dir='ltr'><strong>non</strong></span> <span class='ocrx_word' id='word_1_263' title='bbox 890 1834 1084 1893; x_wconf 90' lang='lat' dir='ltr'><strong>solum</strong></span> <span class='ocrx_word' id='word_1_264' title='bbox 1115 1835 1173 1890; x_wconf 94' lang='lat' dir='ltr'><strong>in</strong></span> <span class='ocrx_word' id='word_1_265' title='bbox 1204 1836 1378 1892; x_wconf 91' lang='lat' dir='ltr'><strong>domo</strong></span> <span class='ocrx_word' id='word_1_266' title='bbox 1408 1853 1535 1906; x_wconf 87' lang='lat' dir='ltr'><strong>sua,</strong></span> <span class='ocrx_word' id='word_1_267' title='bbox 1561 1853 1664 1893; x_wconf 89' lang='lat' dir='ltr'><strong>nec</strong></span> <span class='ocrx_word' id='word_1_268' title='bbox 1696 1836 1888 1894; x_wconf 91' lang='lat' dir='ltr'><strong>solum</strong></span> <span class='ocrx_word' id='word_1_269' title='bbox 1916 1874 1966 1943; x_wconf 78' lang='grc' dir='ltr'>Β</span> <span class='ocrx_word' id='word_1_270' title='bbox 1998 1855 2248 1911; x_wconf 83' lang='lat' dir='ltr'><strong>quorum</strong></span> <span class='ocrx_word' id='word_1_271' title='bbox 2268 1837 2442 1895; x_wconf 88' lang='lat' dir='ltr'><strong>etiam</strong></span> <span class='ocrx_word' id='word_1_272' title='bbox 2456 1836 2912 1893; x_wconf 83' lang='lat' dir='ltr'><strong>controversiam</strong></span> <span class='ocrx_word' id='word_1_273' title='bbox 2926 1835 3648 1910; x_wconf 72' lang='lat' dir='ltr'><strong>simplicibuseXponcnda</strong></span> 
     </span>
    </p>
   </div>
   <div class='ocr_carea' id='block_1_34' title="bbox 225 1923 1887 1999">
    <p class='ocr_par' dir='ltr' id='par_1_34' title="bbox 225 1923 1887 1999">
     <span class='ocr_line' id='line_1_34' title="bbox 225 1923 1887 1999; baseline -0.002 -14"><span class='ocrx_word' id='word_1_274' title='bbox 225 1927 285 1985; x_wconf 90' lang='lat' dir='ltr'><strong>in</strong></span> <span class='ocrx_word' id='word_1_275' title='bbox 314 1941 466 1999; x_wconf 83' lang='lat' dir='ltr'><strong>agro</strong></span> <span class='ocrx_word' id='word_1_276' title='bbox 500 1940 634 1993; x_wconf 88' lang='lat' dir='ltr'><strong>suo,</strong></span> <span class='ocrx_word' id='word_1_277' title='bbox 666 1925 767 1980; x_wconf 89' lang='lat' dir='ltr'><strong>sed</strong></span> <span class='ocrx_word' id='word_1_278' title='bbox 800 1924 857 1980; x_wconf 90' lang='lat' dir='ltr'><strong>in</strong></span> <span class='ocrx_word' id='word_1_279' title='bbox 891 1940 1065 1981; x_wconf 88' lang='lat' dir='ltr'><strong>carne</strong></span> <span class='ocrx_word' id='word_1_280' title='bbox 1094 1941 1203 1981; x_wconf 92' lang='lat' dir='ltr'><strong>sua</strong></span> <span class='ocrx_word' id='word_1_281' title='bbox 1222 1929 1279 1980; x_wconf 89' lang='lat' dir='ltr'><strong>et</strong></span> <span class='ocrx_word' id='word_1_282' title='bbox 1303 1923 1361 1979; x_wconf 91' lang='lat' dir='ltr'><strong>in</strong></span> <span class='ocrx_word' id='word_1_283' title='bbox 1395 1924 1604 1997; x_wconf 86' lang='lat' dir='ltr'><strong>spiritu</strong></span> <span class='ocrx_word' id='word_1_284' title='bbox 1637 1942 1887 1994; x_wconf 90' lang='lat' dir='ltr'><strong>suo,non</strong></span> 
     </span>
    </p>
   </div>
   <div class='ocr_carea' id='block_1_35' title="bbox 227 2012 1892 2090">
    <p class='ocr_par' dir='ltr' id='par_1_35' title="bbox 227 2012 1892 2090">
     <span class='ocr_line' id='line_1_35' title="bbox 227 2012 1892 2090; baseline -0.001 -17"><span class='ocrx_word' id='word_1_285' title='bbox 227 2012 501 2090; x_wconf 82' lang='lat' dir='ltr'><strong>implevit</strong></span> <span class='ocrx_word' id='word_1_286' title='bbox 524 2014 685 2087; x_wconf 92' lang='lat' dir='ltr'><strong>quod</strong></span> <span class='ocrx_word' id='word_1_287' title='bbox 707 2012 954 2082; x_wconf 86' lang='lat' dir='ltr'><strong>volebat,</strong></span> <span class='ocrx_word' id='word_1_288' title='bbox 979 2013 1252 2070; x_wconf 85' lang='lat' dir='ltr'><strong>clamavit</strong></span> <span class='ocrx_word' id='word_1_289' title='bbox 1269 2014 1342 2069; x_wconf 89' lang='lat' dir='ltr'><strong>ad</strong></span> <span class='ocrx_word' id='word_1_290' title='bbox 1363 2014 1548 2072; x_wconf 90' lang='lat' dir='ltr'><strong>Deum</strong></span> <span class='ocrx_word' id='word_1_291' title='bbox 1570 2014 1669 2086; x_wconf 92' lang='lat' dir='ltr'><strong>qui</strong></span> <span class='ocrx_word' id='word_1_292' title='bbox 1692 2014 1892 2072; x_wconf 86' lang='lat' dir='ltr'><strong>omnia</strong></span> 
     </span>
    </p>
   </div>
   <div class='ocr_carea' id='block_1_36' title="bbox 227 2100 1886 2178">
    <p class='ocr_par' dir='ltr' id='par_1_36' title="bbox 227 2100 1886 2178">
     <span class='ocr_line' id='line_1_36' title="bbox 227 2100 1886 2178; baseline 0.001 -19"><span class='ocrx_word' id='word_1_293' title='bbox 227 2118 605 2178; x_wconf 69' lang='lat' dir='ltr'><strong>quaecunque</strong></span> <span class='ocrx_word' id='word_1_294' title='bbox 632 2100 817 2158; x_wconf 86' lang='lat' dir='ltr'><strong>voluit</strong></span> <span class='ocrx_word' id='word_1_295' title='bbox 846 2101 982 2158; x_wconf 89' lang='lat' dir='ltr'><strong>fecit</strong></span> <span class='ocrx_word' id='word_1_296' title='bbox 1008 2101 1069 2157; x_wconf 89' lang='lat' dir='ltr'><strong>in</strong></span> <span class='ocrx_word' id='word_1_297' title='bbox 1100 2101 1243 2157; x_wconf 63' lang='lat' dir='ltr'><strong>caelo</strong></span> <span class='ocrx_word' id='word_1_298' title='bbox 1273 2106 1333 2157; x_wconf 87' lang='lat' dir='ltr'><strong>et</strong></span> <span class='ocrx_word' id='word_1_299' title='bbox 1360 2100 1421 2157; x_wconf 91' lang='lat' dir='ltr'><strong>in</strong></span> <span class='ocrx_word' id='word_1_300' title='bbox 1442 2104 1680 2171; x_wconf 87' lang='lat' dir='ltr'><strong>terra,et</strong></span> <span class='ocrx_word' id='word_1_301' title='bbox 1705 2102 1886 2160; x_wconf 82' lang='lat' dir='ltr'><strong>dixit:</strong></span> 
     </span>
    </p>
   </div>
   <div class='ocr_carea' id='block_1_37' title="bbox 228 2190 1891 2266">
    <p class='ocr_par' dir='ltr' id='par_1_37' title="bbox 228 2190 1891 2266">
     <span class='ocr_line' id='line_1_37' title="bbox 228 2190 1891 2266; baseline -0.001 -15"><span class='ocrx_word' id='word_1_302' title='bbox 228 2193 438 2266; x_wconf 63' lang='lat' dir='ltr'><strong>Infelix</strong></span> <span class='ocrx_word' id='word_1_303' title='bbox 488 2190 676 2261; x_wconf 84' lang='lat' dir='ltr'><strong>homo,</strong></span> <span class='ocrx_word' id='word_1_304' title='bbox 719 2192 843 2264; x_wconf 82' lang='lat' dir='ltr'><strong>quis</strong></span> <span class='ocrx_word' id='word_1_305' title='bbox 888 2207 975 2247; x_wconf 86' lang='lat' dir='ltr'><strong>me</strong></span> <span class='ocrx_word' id='word_1_306' title='bbox 1021 2191 1279 2247; x_wconf 73' lang='lat' dir='ltr'><strong>liberabit</strong></span> <span class='ocrx_word' id='word_1_307' title='bbox 1322 2190 1390 2246; x_wconf 82' lang='lat' dir='ltr'><strong>de</strong></span> <span class='ocrx_word' id='word_1_308' title='bbox 1434 2206 1654 2262; x_wconf 83' lang='lat' dir='ltr'><strong>corpore</strong></span> <span class='ocrx_word' id='word_1_309' title='bbox 1698 2192 1891 2249; x_wconf 82' lang='lat' dir='ltr'><strong>mortis</strong></span> 
     </span>
    </p>
   </div>
   <div class='ocr_carea' id='block_1_38' title="bbox 231 2278 1888 2356">
    <p class='ocr_par' dir='ltr' id='par_1_38' title="bbox 231 2278 1888 2356">
     <span class='ocr_line' id='line_1_38' title="bbox 231 2278 1888 2356; baseline 0.001 -20"><span class='ocrx_word' id='word_1_310' title='bbox 231 2281 440 2356; x_wconf 74' lang='lat' dir='ltr'><strong>hujus?</strong></span> <span class='ocrx_word' id='word_1_311' title='bbox 470 2281 654 2351; x_wconf 86' lang='lat' dir='ltr'><strong>(Rom.</strong></span> <span class='ocrx_word' id='word_1_312' title='bbox 684 2297 787 2350; x_wconf 80' lang='lat' dir='ltr'><strong>vn,</strong></span> <span class='ocrx_word' id='word_1_313' title='bbox 834 2281 950 2349; x_wconf 78' lang='grc'><strong>24.)</strong></span> <span class='ocrx_word' id='word_1_314' title='bbox 988 2279 1058 2335; x_wconf 86' lang='lat' dir='ltr'><strong>Et</strong></span> <span class='ocrx_word' id='word_1_315' title='bbox 1102 2278 1203 2341; x_wconf 88' lang='lat' dir='ltr'><strong>ille</strong></span> <span class='ocrx_word' id='word_1_316' title='bbox 1251 2279 1464 2350; x_wconf 92' lang='lat' dir='ltr'><strong>bonus,</strong></span> <span class='ocrx_word' id='word_1_317' title='bbox 1515 2279 1615 2339; x_wconf 87' lang='lat' dir='ltr'><strong>ille</strong></span> <span class='ocrx_word' id='word_1_318' title='bbox 1670 2280 1888 2350; x_wconf 89' lang='lat' dir='ltr'><strong>suavis,</strong></span> 
     </span>
    </p>
   </div>
   <div class='ocr_carea' id='block_1_39' title="bbox 231 2368 1895 2443">
    <p class='ocr_par' dir='ltr' id='par_1_39' title="bbox 231 2368 1895 2443">
     <span class='ocr_line' id='line_1_39' title="bbox 231 2368 1895 2443; baseline -0.001 -16"><span class='ocrx_word' id='word_1_319' title='bbox 231 2373 519 2442; x_wconf 84' lang='lat' dir='ltr'><strong>tanquam</strong></span> <span class='ocrx_word' id='word_1_320' title='bbox 550 2368 929 2441; x_wconf 88' lang='lat' dir='ltr'><strong>responderet</strong></span> <span class='ocrx_word' id='word_1_321' title='bbox 958 2368 1011 2424; x_wconf 90' lang='lat' dir='ltr'><strong>ei</strong></span> <span class='ocrx_word' id='word_1_322' title='bbox 1053 2368 1329 2425; x_wconf 90' lang='lat' dir='ltr'><strong>continuo</strong></span> <span class='ocrx_word' id='word_1_323' title='bbox 1376 2369 1627 2443; x_wconf 88' lang='lat' dir='ltr'><strong>subjecit</strong></span> <span class='ocrx_word' id='word_1_324' title='bbox 1657 2386 1672 2425; x_wconf 89' lang='lat'><strong>:</strong></span> <span class='ocrx_word' id='word_1_325' title='bbox 1707 2368 1895 2427; x_wconf 81' lang='lat' dir='ltr'><strong>Gratia</strong></span> 
     </span>
    </p>
   </div>
   <div class='ocr_carea' id='block_1_40' title="bbox 230 2457 1893 2532">
    <p class='ocr_par' dir='ltr' id='par_1_40' title="bbox 230 2457 1893 2532">
     <span class='ocr_line' id='line_1_40' title="bbox 230 2457 1893 2532; baseline -0.002 -15"><span class='ocrx_word' id='word_1_326' title='bbox 230 2460 325 2517; x_wconf 77' lang='lat' dir='ltr'><strong>Dei</strong></span> <span class='ocrx_word' id='word_1_327' title='bbox 357 2475 469 2532; x_wconf 81' lang='lat' dir='ltr'><strong>per</strong></span> <span class='ocrx_word' id='word_1_328' title='bbox 513 2458 704 2516; x_wconf 74' lang='lat' dir='ltr'><strong>Iesum</strong></span> <span class='ocrx_word' id='word_1_329' title='bbox 752 2457 1029 2515; x_wconf 75' lang='lat' dir='ltr'><strong>Christum</strong></span> <span class='ocrx_word' id='word_1_330' title='bbox 1072 2458 1366 2515; x_wconf 86' lang='lat' dir='ltr'><strong>Dominum</strong></span> <span class='ocrx_word' id='word_1_331' title='bbox 1414 2466 1680 2515; x_wconf 84' lang='lat' dir='ltr'><strong>nostrum.</strong></span> <span class='ocrx_word' id='word_1_332' title='bbox 1732 2458 1893 2515; x_wconf 89' lang='lat' dir='ltr'><strong>Hanc</strong></span> 
     </span>
    </p>
   </div>
   <div class='ocr_carea' id='block_1_41' title="bbox 234 2546 1891 2622">
    <p class='ocr_par' dir='ltr' id='par_1_41' title="bbox 234 2546 1891 2622">
     <span class='ocr_line' id='line_1_41' title="bbox 234 2546 1891 2622; baseline -0.001 -18"><span class='ocrx_word' id='word_1_333' title='bbox 234 2564 367 2622; x_wconf 81' lang='lat' dir='ltr'><strong>ergo</strong></span> <span class='ocrx_word' id='word_1_334' title='bbox 398 2546 761 2604; x_wconf 84' lang='lat' dir='ltr'><strong>suavitatem</strong></span> <span class='ocrx_word' id='word_1_335' title='bbox 792 2551 1006 2618; x_wconf 88' lang='lat' dir='ltr'><strong>amate,</strong></span> <span class='ocrx_word' id='word_1_336' title='bbox 1038 2546 1189 2602; x_wconf 89' lang='lat' dir='ltr'><strong>hanc</strong></span> <span class='ocrx_word' id='word_1_337' title='bbox 1238 2546 1585 2603; x_wconf 88' lang='lat' dir='ltr'><strong>suavitatem</strong></span> <span class='ocrx_word' id='word_1_338' title='bbox 1636 2548 1891 2604; x_wconf 88' lang='lat' dir='ltr'><strong>laudate.</strong></span> 
     </span>
    </p>
   </div>
   <div class='ocr_carea' id='block_1_42' title="bbox 235 2634 1896 2710">
    <p class='ocr_par' dir='ltr' id='par_1_42' title="bbox 235 2634 1896 2710">
     <span class='ocr_line' id='line_1_42' title="bbox 235 2634 1896 2710; baseline -0.001 -14"><span class='ocrx_word' id='word_1_339' title='bbox 235 2636 557 2710; x_wconf 81' lang='lat' dir='ltr'><strong>Intelligite</strong></span> <span class='ocrx_word' id='word_1_340' title='bbox 588 2635 797 2703; x_wconf 89' lang='lat' dir='ltr'><strong>Deum,</strong></span> <span class='ocrx_word' id='word_1_341' title='bbox 831 2634 969 2707; x_wconf 89' lang='lat' dir='ltr'><strong>quia</strong></span> <span class='ocrx_word' id='word_1_342' title='bbox 998 2634 1197 2691; x_wconf 88' lang='lat' dir='ltr'><strong>omnia</strong></span> <span class='ocrx_word' id='word_1_343' title='bbox 1226 2652 1590 2709; x_wconf 67' lang='lat' dir='ltr'><strong>quaecunque</strong></span> <span class='ocrx_word' id='word_1_344' title='bbox 1618 2635 1802 2693; x_wconf 87' lang='lat' dir='ltr'><strong>voluit</strong></span> <span class='ocrx_word' id='word_1_345' title='bbox 1820 2638 1896 2695; x_wconf 84' lang='lat' dir='ltr'><strong>fe-</strong></span> 
     </span>
    </p>
   </div>
   <div class='ocr_carea' id='block_1_43' title="bbox 241 2723 1892 2799">
    <p class='ocr_par' dir='ltr' id='par_1_43' title="bbox 241 2723 1892 2799">
     <span class='ocr_line' id='line_1_43' title="bbox 241 2723 1892 2799; baseline -0.003 -12"><span class='ocrx_word' id='word_1_346' title='bbox 241 2726 319 2787; x_wconf 78' lang='lat' dir='ltr'><strong>cit</strong></span> <span class='ocrx_word' id='word_1_347' title='bbox 348 2727 410 2782; x_wconf 90' lang='lat' dir='ltr'><strong>in</strong></span> <span class='ocrx_word' id='word_1_348' title='bbox 442 2724 593 2785; x_wconf 63' lang='lat' dir='ltr'><strong>calo</strong></span> <span class='ocrx_word' id='word_1_349' title='bbox 623 2729 687 2783; x_wconf 88' lang='lat' dir='ltr'><strong>et</strong></span> <span class='ocrx_word' id='word_1_350' title='bbox 714 2723 775 2780; x_wconf 90' lang='lat' dir='ltr'><strong>in</strong></span> <span class='ocrx_word' id='word_1_351' title='bbox 808 2727 981 2792; x_wconf 89' lang='lat' dir='ltr'><strong>terra,</strong></span> <span class='ocrx_word' id='word_1_352' title='bbox 1015 2724 1137 2796; x_wconf 90' lang='lat' dir='ltr'><strong>ipse</strong></span> <span class='ocrx_word' id='word_1_353' title='bbox 1164 2728 1223 2781; x_wconf 92' lang='lat' dir='ltr'><strong>et</strong></span> <span class='ocrx_word' id='word_1_354' title='bbox 1252 2724 1311 2780; x_wconf 92' lang='lat' dir='ltr'><strong>in</strong></span> <span class='ocrx_word' id='word_1_355' title='bbox 1342 2724 1506 2781; x_wconf 89' lang='lat' dir='ltr'><strong>vobis</strong></span> <span class='ocrx_word' id='word_1_356' title='bbox 1538 2725 1709 2782; x_wconf 87' lang='lat' dir='ltr'><strong>faciet</strong></span> <span class='ocrx_word' id='word_1_357' title='bbox 1738 2727 1892 2799; x_wconf 91' lang='lat' dir='ltr'><strong>quod</strong></span> 
     </span>
    </p>
   </div>
   <div class='ocr_carea' id='block_1_44' title="bbox 236 2812 1894 2887">
    <p class='ocr_par' dir='ltr' id='par_1_44' title="bbox 236 2812 1894 2887">
     <span class='ocr_line' id='line_1_44' title="bbox 236 2812 1894 2887; baseline -0.001 -15"><span class='ocrx_word' id='word_1_358' title='bbox 236 2815 437 2883; x_wconf 76' lang='lat' dir='ltr'><strong>vultis,</strong></span> <span class='ocrx_word' id='word_1_359' title='bbox 471 2815 605 2887; x_wconf 87' lang='lat' dir='ltr'><strong>ipso</strong></span> <span class='ocrx_word' id='word_1_360' title='bbox 657 2813 972 2885; x_wconf 89' lang='lat' dir='ltr'><strong>adjuvante</strong></span> <span class='ocrx_word' id='word_1_361' title='bbox 1022 2812 1380 2869; x_wconf 77' lang='lat' dir='ltr'><strong>voluntatem</strong></span> <span class='ocrx_word' id='word_1_362' title='bbox 1439 2814 1592 2870; x_wconf 74' lang='lat'><strong>209</strong></span> <span class='ocrx_word' id='word_1_363' title='bbox 1642 2818 1894 2872; x_wconf 87' lang='lat' dir='ltr'><strong>vestram</strong></span> 
     </span>
    </p>
   </div>
   <div class='ocr_carea' id='block_1_45' title="bbox 238 2901 1893 2978">
    <p class='ocr_par' dir='ltr' id='par_1_45' title="bbox 238 2901 1893 2978">
     <span class='ocr_line' id='line_1_45' title="bbox 238 2901 1893 2978; baseline -0.004 -13"><span class='ocrx_word' id='word_1_364' title='bbox 238 2903 588 2978; x_wconf 77' lang='lat' dir='ltr'><strong>inlplebitis,</strong></span> <span class='ocrx_word' id='word_1_365' title='bbox 618 2904 720 2958; x_wconf 89' lang='lat' dir='ltr'><strong>sed</strong></span> <span class='ocrx_word' id='word_1_366' title='bbox 755 2902 1018 2958; x_wconf 90' lang='lat' dir='ltr'><strong>nondum</strong></span> <span class='ocrx_word' id='word_1_367' title='bbox 1062 2901 1325 2974; x_wconf 88' lang='lat' dir='ltr'><strong>potestis,</strong></span> <span class='ocrx_word' id='word_1_368' title='bbox 1352 2902 1708 2959; x_wconf 81' lang='lat' dir='ltr'><strong>conﬁtemini</strong></span> <span class='ocrx_word' id='word_1_369' title='bbox 1759 2919 1893 2960; x_wconf 89' lang='lat' dir='ltr'><strong>cum</strong></span> 
     </span>
    </p>
   </div>
   <div class='ocr_carea' id='block_1_46' title="bbox 240 2989 1896 3068">
    <p class='ocr_par' dir='ltr' id='par_1_46' title="bbox 240 2989 1896 3068">
     <span class='ocr_line' id='line_1_46' title="bbox 240 2989 1896 3068; baseline -0.001 -20"><span class='ocrx_word' id='word_1_370' title='bbox 240 2991 575 3068; x_wconf 84' lang='lat' dir='ltr'><strong>potueritis,</strong></span> <span class='ocrx_word' id='word_1_371' title='bbox 618 2990 844 3064; x_wconf 85' lang='lat' dir='ltr'><strong>gratias</strong></span> <span class='ocrx_word' id='word_1_372' title='bbox 892 2989 1066 3063; x_wconf 86' lang='lat' dir='ltr'><strong>agite,</strong></span> <span class='ocrx_word' id='word_1_373' title='bbox 1110 2991 1374 3061; x_wconf 87' lang='lat' dir='ltr'><strong>jacentes</strong></span> <span class='ocrx_word' id='word_1_374' title='bbox 1418 2990 1684 3060; x_wconf 88' lang='lat' dir='ltr'><strong>clamate,</strong></span> <span class='ocrx_word' id='word_1_375' title='bbox 1719 2991 1896 3049; x_wconf 89' lang='lat' dir='ltr'><strong>erecti</strong></span> 
     </span>
    </p>
   </div>
   <div class='ocr_carea' id='block_1_47' title="bbox 238 3078 841 3155">
    <p class='ocr_par' dir='ltr' id='par_1_47' title="bbox 238 3078 841 3155">
     <span class='ocr_line' id='line_1_47' title="bbox 238 3078 841 3155; baseline -0.013 -17"><span class='ocrx_word' id='word_1_376' title='bbox 238 3079 545 3155; x_wconf 82' lang='lat' dir='ltr'><strong>superbire</strong></span> <span class='ocrx_word' id='word_1_377' title='bbox 576 3078 776 3136; x_wconf 89' lang='lat' dir='ltr'><strong>nolite.</strong></span> <span class='ocrx_word' id='word_1_378' title='bbox 812 3101 841 3128; x_wconf 88' lang='grc'><strong>››</strong></span> 
     </span>
    </p>
   </div>
   <div class='ocr_carea' id='block_1_48' title="bbox 305 3166 1895 3241">
    <p class='ocr_par' dir='ltr' id='par_1_48' title="bbox 305 3166 1895 3241">
     <span class='ocr_line' id='line_1_48' title="bbox 305 3166 1895 3241; baseline 0 -17"><span class='ocrx_word' id='word_1_379' title='bbox 305 3171 392 3229; x_wconf 78' lang='lat' dir='ltr'><strong>Ad</strong></span> <span class='ocrx_word' id='word_1_380' title='bbox 426 3168 588 3241; x_wconf 89' lang='lat' dir='ltr'><strong>quod</strong></span> <span class='ocrx_word' id='word_1_381' title='bbox 615 3166 668 3226; x_wconf 89' lang='lat' dir='ltr'><strong>si</strong></span> <span class='ocrx_word' id='word_1_382' title='bbox 696 3171 950 3224; x_wconf 86' lang='lat' dir='ltr'><strong>veterem</strong></span> <span class='ocrx_word' id='word_1_383' title='bbox 976 3170 1198 3240; x_wconf 86' lang='lat' dir='ltr'><strong>pestem</strong></span> <span class='ocrx_word' id='word_1_384' title='bbox 1229 3168 1593 3225; x_wconf 88' lang='lat' dir='ltr'><strong>evomuerint</strong></span> <span class='ocrx_word' id='word_1_385' title='bbox 1631 3168 1895 3225; x_wconf 88' lang='lat' dir='ltr'><strong>moderni</strong></span> 
     </span>
    </p>
   </div>
   <div class='ocr_carea' id='block_1_49' title="bbox 1999 1925 3644 2000">
    <p class='ocr_par' dir='ltr' id='par_1_49' title="bbox 1999 1925 3644 2000">
     <span class='ocr_line' id='line_1_49' title="bbox 1999 1925 3644 2000; baseline -0.002 -14"><span class='ocrx_word' id='word_1_386' title='bbox 1999 1932 2089 1986; x_wconf 87' lang='lat' dir='ltr'><strong>est</strong></span> <span class='ocrx_word' id='word_1_387' title='bbox 2117 1925 2413 2000; x_wconf 83' lang='lat' dir='ltr'><strong>Evangelii</strong></span> <span class='ocrx_word' id='word_1_388' title='bbox 2444 1926 2612 1984; x_wconf 80' lang='lat' dir='ltr'><strong>Lucae</strong></span> <span class='ocrx_word' id='word_1_389' title='bbox 2642 1925 2933 1983; x_wconf 86' lang='lat' dir='ltr'><strong>sententia</strong></span> <span class='ocrx_word' id='word_1_390' title='bbox 2962 1942 3079 1997; x_wconf 89' lang='lat' dir='ltr'><strong>qua</strong></span> <span class='ocrx_word' id='word_1_391' title='bbox 3117 1926 3334 1982; x_wconf 89' lang='lat' dir='ltr'><strong>dicitur</strong></span> <span class='ocrx_word' id='word_1_392' title='bbox 3365 1942 3378 1979; x_wconf 90' lang='lat'><strong>:</strong></span> <span class='ocrx_word' id='word_1_393' title='bbox 3412 1926 3644 1983; x_wconf 79' lang='lat' dir='ltr'><strong>Conten-</strong></span> 
     </span>
    </p>
   </div>
   <div class='ocr_carea' id='block_1_50' title="bbox 1997 2015 3647 2088">
    <p class='ocr_par' dir='ltr' id='par_1_50' title="bbox 1997 2015 3647 2088">
     <span class='ocr_line' id='line_1_50' title="bbox 1997 2015 3647 2088; baseline -0.001 -15"><span class='ocrx_word' id='word_1_394' title='bbox 1997 2016 2109 2076; x_wconf 78' lang='lat' dir='ltr'><strong>dite</strong></span> <span class='ocrx_word' id='word_1_395' title='bbox 2154 2017 2365 2073; x_wconf 83' lang='lat' dir='ltr'><strong>intrare</strong></span> <span class='ocrx_word' id='word_1_396' title='bbox 2408 2032 2507 2088; x_wconf 85' lang='lat' dir='ltr'><strong>per</strong></span> <span class='ocrx_word' id='word_1_397' title='bbox 2554 2022 2843 2087; x_wconf 78' lang='lat' dir='ltr'><strong>angustam</strong></span> <span class='ocrx_word' id='word_1_398' title='bbox 2885 2021 3119 2087; x_wconf 83' lang='lat' dir='ltr'><strong>portam,</strong></span> <span class='ocrx_word' id='word_1_399' title='bbox 3153 2017 3282 2087; x_wconf 82' lang='lat' dir='ltr'><strong>quia</strong></span> <span class='ocrx_word' id='word_1_400' title='bbox 3320 2016 3500 2083; x_wconf 83' lang='lat' dir='ltr'><strong>multi,</strong></span> <span class='ocrx_word' id='word_1_401' title='bbox 3526 2015 3647 2072; x_wconf 85' lang='lat' dir='ltr'><strong>dico</strong></span> 
     </span>
    </p>
   </div>
   <div class='ocr_carea' id='block_1_51' title="bbox 1998 2105 3644 2179">
    <p class='ocr_par' dir='ltr' id='par_1_51' title="bbox 1998 2105 3644 2179">
     <span class='ocr_line' id='line_1_51' title="bbox 1998 2105 3644 2179; baseline -0.002 -17"><span class='ocrx_word' id='word_1_402' title='bbox 1998 2106 2172 2174; x_wconf 86' lang='lat' dir='ltr'><strong>vobis,</strong></span> <span class='ocrx_word' id='word_1_403' title='bbox 2226 2112 2474 2179; x_wconf 68' lang='lat' dir='ltr'><strong>quaerent</strong></span> <span class='ocrx_word' id='word_1_404' title='bbox 2522 2106 2730 2161; x_wconf 85' lang='lat' dir='ltr'><strong>intrare</strong></span> <span class='ocrx_word' id='word_1_405' title='bbox 2774 2112 2826 2160; x_wconf 87' lang='lat' dir='ltr'><strong>et</strong></span> <span class='ocrx_word' id='word_1_406' title='bbox 2870 2120 2977 2160; x_wconf 86' lang='lat' dir='ltr'><strong>non</strong></span> <span class='ocrx_word' id='word_1_407' title='bbox 3028 2112 3284 2176; x_wconf 83' lang='lat' dir='ltr'><strong>poterunt</strong></span> <span class='ocrx_word' id='word_1_408' title='bbox 3326 2105 3477 2175; x_wconf 87' lang='lat' dir='ltr'><strong>(Luc.</strong></span> <span class='ocrx_word' id='word_1_409' title='bbox 3521 2122 3644 2173; x_wconf 79' lang='lat' dir='ltr'><strong>xm,</strong></span> 
     </span>
    </p>
   </div>
   <div class='ocr_carea' id='block_1_52' title="bbox 1998 2193 3644 2267">
    <p class='ocr_par' dir='ltr' id='par_1_52' title="bbox 1998 2193 3644 2267">
     <span class='ocr_line' id='line_1_52' title="bbox 1998 2193 3644 2267; baseline -0.001 -17"><span class='ocrx_word' id='word_1_410' title='bbox 1998 2195 2111 2267; x_wconf 78' lang='grc'><strong>2-4).</strong></span> <span class='ocrx_word' id='word_1_411' title='bbox 2158 2194 2304 2250; x_wconf 88' lang='lat' dir='ltr'><strong>Hinc</strong></span> <span class='ocrx_word' id='word_1_412' title='bbox 2360 2193 2515 2249; x_wconf 87' lang='lat' dir='ltr'><strong>Beda</strong></span> <span class='ocrx_word' id='word_1_413' title='bbox 2561 2193 2642 2265; x_wconf 86' lang='lat' dir='ltr'><strong>(in</strong></span> <span class='ocrx_word' id='word_1_414' title='bbox 2703 2194 2900 2249; x_wconf 83' lang='lat' dir='ltr'><strong>Lucam</strong></span> <span class='ocrx_word' id='word_1_415' title='bbox 2953 2208 3072 2265; x_wconf 85' lang='lat' dir='ltr'><strong>cap.</strong></span> <span class='ocrx_word' id='word_1_416' title='bbox 3119 2194 3315 2263; x_wconf 84' lang='grc'><strong>13);‹‹</strong></span> <span class='ocrx_word' id='word_1_417' title='bbox 3349 2194 3644 2262; x_wconf 71' lang='lat' dir='ltr'><strong>Quaerunt,</strong></span> 
     </span>
    </p>
   </div>
   <div class='ocr_carea' id='block_1_53' title="bbox 2000 2281 3645 2356">
    <p class='ocr_par' dir='ltr' id='par_1_53' title="bbox 2000 2281 3645 2356">
     <span class='ocr_line' id='line_1_53' title="bbox 2000 2281 3645 2356; baseline -0.002 -16"><span class='ocrx_word' id='word_1_418' title='bbox 2000 2283 2213 2356; x_wconf 89' lang='lat' dir='ltr'><strong>inquit,</strong></span> <span class='ocrx_word' id='word_1_419' title='bbox 2264 2282 2481 2339; x_wconf 87' lang='lat' dir='ltr'><strong>intrare</strong></span> <span class='ocrx_word' id='word_1_420' title='bbox 2539 2281 2749 2339; x_wconf 89' lang='lat' dir='ltr'><strong>salutis</strong></span> <span class='ocrx_word' id='word_1_421' title='bbox 2807 2298 3003 2338; x_wconf 90' lang='lat' dir='ltr'><strong>amore</strong></span> <span class='ocrx_word' id='word_1_422' title='bbox 3060 2282 3374 2353; x_wconf 86' lang='lat' dir='ltr'><strong>provocati,</strong></span> <span class='ocrx_word' id='word_1_423' title='bbox 3423 2285 3483 2338; x_wconf 91' lang='lat' dir='ltr'><strong>et</strong></span> <span class='ocrx_word' id='word_1_424' title='bbox 3530 2299 3645 2338; x_wconf 91' lang='lat' dir='ltr'><strong>non</strong></span> 
     </span>
    </p>
   </div>
   <div class='ocr_carea' id='block_1_54' title="bbox 2001 2370 3647 2447">
    <p class='ocr_par' dir='ltr' id='par_1_54' title="bbox 2001 2370 3647 2447">
     <span class='ocr_line' id='line_1_54' title="bbox 2001 2370 3647 2447; baseline -0.001 -17"><span class='ocrx_word' id='word_1_425' title='bbox 2001 2376 2275 2447; x_wconf 89' lang='lat' dir='ltr'><strong>poterunt</strong></span> <span class='ocrx_word' id='word_1_426' title='bbox 2304 2370 2535 2431; x_wconf 88' lang='lat' dir='ltr'><strong>itineris</strong></span> <span class='ocrx_word' id='word_1_427' title='bbox 2565 2371 2878 2443; x_wconf 76' lang='lat' dir='ltr'><strong>asperitate</strong></span> <span class='ocrx_word' id='word_1_428' title='bbox 2916 2370 3198 2427; x_wconf 89' lang='lat' dir='ltr'><strong>deterriti.</strong></span> <span class='ocrx_word' id='word_1_429' title='bbox 3232 2374 3508 2438; x_wconf 69' lang='lat' dir='ltr'><strong>Quaerunt</strong></span> <span class='ocrx_word' id='word_1_430' title='bbox 3538 2371 3647 2428; x_wconf 90' lang='lat' dir='ltr'><strong>hoc</strong></span> 
     </span>
    </p>
   </div>
   <div class='ocr_carea' id='block_1_55' title="bbox 2001 2458 3648 2533">
    <p class='ocr_par' dir='ltr' id='par_1_55' title="bbox 2001 2458 3648 2533">
     <span class='ocr_line' id='line_1_55' title="bbox 2001 2458 3648 2533; baseline -0.002 -13"><span class='ocrx_word' id='word_1_431' title='bbox 2001 2460 2319 2520; x_wconf 85' lang='lat' dir='ltr'><strong>ambitione</strong></span> <span class='ocrx_word' id='word_1_432' title='bbox 2349 2458 2747 2533; x_wconf 64' lang='lat' dir='ltr'><strong>praemiorum,</strong></span> <span class='ocrx_word' id='word_1_433' title='bbox 2772 2477 2806 2515; x_wconf 90' lang='lat' dir='ltr'><strong>a</strong></span> <span class='ocrx_word' id='word_1_434' title='bbox 2835 2476 2950 2532; x_wconf 89' lang='lat' dir='ltr'><strong>quo</strong></span> <span class='ocrx_word' id='word_1_435' title='bbox 2980 2476 3112 2514; x_wconf 81' lang='lat' dir='ltr'><strong>mox</strong></span> <span class='ocrx_word' id='word_1_436' title='bbox 3144 2459 3409 2515; x_wconf 88' lang='lat' dir='ltr'><strong>laborum</strong></span> <span class='ocrx_word' id='word_1_437' title='bbox 3439 2459 3648 2516; x_wconf 83' lang='lat' dir='ltr'><strong>timore</strong></span> 
     </span>
    </p>
   </div>
   <div class='ocr_carea' id='block_1_56' title="bbox 2002 2547 3648 2623">
    <p class='ocr_par' dir='ltr' id='par_1_56' title="bbox 2002 2547 3648 2623">
     <span class='ocr_line' id='line_1_56' title="bbox 2002 2547 3648 2623; baseline -0.001 -16"><span class='ocrx_word' id='word_1_438' title='bbox 2002 2549 2318 2623; x_wconf 85' lang='lat' dir='ltr'><strong>refugiunt,</strong></span> <span class='ocrx_word' id='word_1_439' title='bbox 2344 2565 2459 2604; x_wconf 92' lang='lat' dir='ltr'><strong>non</strong></span> <span class='ocrx_word' id='word_1_440' title='bbox 2482 2547 2849 2621; x_wconf 86' lang='lat' dir='ltr'><strong>quiajugum</strong></span> <span class='ocrx_word' id='word_1_441' title='bbox 2872 2547 3103 2603; x_wconf 88' lang='lat' dir='ltr'><strong>Domini</strong></span> <span class='ocrx_word' id='word_1_442' title='bbox 3128 2565 3399 2620; x_wconf 83' lang='lat' dir='ltr'><strong>asperum</strong></span> <span class='ocrx_word' id='word_1_443' title='bbox 3423 2554 3479 2604; x_wconf 89' lang='lat' dir='ltr'><strong>et</strong></span> <span class='ocrx_word' id='word_1_444' title='bbox 3498 2565 3648 2606; x_wconf 89' lang='lat' dir='ltr'><strong>onus</strong></span> 
     </span>
    </p>
   </div>
   <div class='ocr_carea' id='block_1_57' title="bbox 2002 2635 3648 2712">
    <p class='ocr_par' dir='ltr' id='par_1_57' title="bbox 2002 2635 3648 2712">
     <span class='ocr_line' id='line_1_57' title="bbox 2002 2635 3648 2712; baseline -0.002 -15"><span class='ocrx_word' id='word_1_445' title='bbox 2002 2642 2091 2699; x_wconf 76' lang='lat' dir='ltr'><strong>est</strong></span> <span class='ocrx_word' id='word_1_446' title='bbox 2119 2654 2313 2712; x_wconf 86' lang='lat' dir='ltr'><strong>grave,</strong></span> <span class='ocrx_word' id='word_1_447' title='bbox 2344 2638 2447 2693; x_wconf 89' lang='lat' dir='ltr'><strong>sed</strong></span> <span class='ocrx_word' id='word_1_448' title='bbox 2479 2636 2619 2710; x_wconf 89' lang='lat' dir='ltr'><strong>quia</strong></span> <span class='ocrx_word' id='word_1_449' title='bbox 2648 2635 2859 2691; x_wconf 92' lang='lat' dir='ltr'><strong>nolunt</strong></span> <span class='ocrx_word' id='word_1_450' title='bbox 2885 2636 3107 2692; x_wconf 88' lang='lat' dir='ltr'><strong>discere</strong></span> <span class='ocrx_word' id='word_1_451' title='bbox 3136 2637 3207 2692; x_wconf 93' lang='lat' dir='ltr'><strong>ab</strong></span> <span class='ocrx_word' id='word_1_452' title='bbox 3253 2653 3319 2692; x_wconf 92' lang='lat' dir='ltr'><strong>eo</strong></span> <span class='ocrx_word' id='word_1_453' title='bbox 3367 2637 3648 2710; x_wconf 88' lang='lat' dir='ltr'><strong>quoniam</strong></span> 
     </span>
    </p>
   </div>
   <div class='ocr_carea' id='block_1_58' title="bbox 2004 2723 3648 2799">
    <p class='ocr_par' dir='ltr' id='par_1_58' title="bbox 2004 2723 3648 2799">
     <span class='ocr_line' id='line_1_58' title="bbox 2004 2723 3648 2799; baseline -0.001 -15"><span class='ocrx_word' id='word_1_454' title='bbox 2004 2726 2164 2784; x_wconf 91' lang='lat' dir='ltr'><strong>mitis</strong></span> <span class='ocrx_word' id='word_1_455' title='bbox 2190 2730 2282 2782; x_wconf 85' lang='lat' dir='ltr'><strong>est</strong></span> <span class='ocrx_word' id='word_1_456' title='bbox 2312 2730 2369 2782; x_wconf 91' lang='lat' dir='ltr'><strong>et</strong></span> <span class='ocrx_word' id='word_1_457' title='bbox 2416 2723 2661 2783; x_wconf 86' lang='lat' dir='ltr'><strong>humilis</strong></span> <span class='ocrx_word' id='word_1_458' title='bbox 2702 2725 2894 2791; x_wconf 90' lang='lat' dir='ltr'><strong>corde,</strong></span> <span class='ocrx_word' id='word_1_459' title='bbox 2929 2729 2993 2780; x_wconf 92' lang='lat' dir='ltr'><strong>ut</strong></span> <span class='ocrx_word' id='word_1_460' title='bbox 3038 2724 3337 2781; x_wconf 85' lang='lat' dir='ltr'><strong>inveniant</strong></span> <span class='ocrx_word' id='word_1_461' title='bbox 3384 2725 3648 2799; x_wconf 89' lang='lat' dir='ltr'><strong>requiem</strong></span> 
     </span>
    </p>
   </div>
   <div class='ocr_carea' id='block_1_59' title="bbox 2005 2814 3652 2888">
    <p class='ocr_par' dir='ltr' id='par_1_59' title="bbox 2005 2814 3652 2888">
     <span class='ocr_line' id='line_1_59' title="bbox 2005 2814 3652 2888; baseline -0.001 -17"><span class='ocrx_word' id='word_1_462' title='bbox 2005 2815 2317 2872; x_wconf 88' lang='lat' dir='ltr'><strong>animabus</strong></span> <span class='ocrx_word' id='word_1_463' title='bbox 2338 2814 2485 2885; x_wconf 88' lang='lat' dir='ltr'><strong>suis,</strong></span> <span class='ocrx_word' id='word_1_464' title='bbox 2506 2830 2692 2886; x_wconf 91' lang='lat' dir='ltr'><strong>eoque</strong></span> <span class='ocrx_word' id='word_1_465' title='bbox 2713 2814 2780 2868; x_wconf 85' lang='lat' dir='ltr'><strong>ﬁt</strong></span> <span class='ocrx_word' id='word_1_466' title='bbox 2799 2818 3053 2888; x_wconf 83' lang='lat' dir='ltr'><strong>angusta</strong></span> <span class='ocrx_word' id='word_1_467' title='bbox 3073 2817 3239 2885; x_wconf 87' lang='lat' dir='ltr'><strong>porta</strong></span> <span class='ocrx_word' id='word_1_468' title='bbox 3261 2831 3378 2886; x_wconf 91' lang='lat' dir='ltr'><strong>qua</strong></span> <span class='ocrx_word' id='word_1_469' title='bbox 3399 2814 3652 2871; x_wconf 90' lang='lat' dir='ltr'><strong>intratur</strong></span> 
     </span>
    </p>
   </div>
   <div class='ocr_carea' id='block_1_60' title="bbox 2004 2900 3649 2976">
    <p class='ocr_par' dir='ltr' id='par_1_60' title="bbox 2004 2900 3649 2976">
     <span class='ocr_line' id='line_1_60' title="bbox 2004 2900 3649 2976; baseline -0.002 -14"><span class='ocrx_word' id='word_1_470' title='bbox 2004 2905 2159 2963; x_wconf 72' lang='grc'>210</span> <span class='ocrx_word' id='word_1_471' title='bbox 2188 2904 2261 2960; x_wconf 88' lang='lat' dir='ltr'><strong>ad</strong></span> <span class='ocrx_word' id='word_1_472' title='bbox 2290 2903 2491 2959; x_wconf 89' lang='lat' dir='ltr'><strong>vitam.</strong></span> <span class='ocrx_word' id='word_1_473' title='bbox 2526 2924 2555 2952; x_wconf 85' lang='lat'><strong>»</strong></span> <span class='ocrx_word' id='word_1_474' title='bbox 2585 2903 2656 2958; x_wconf 91' lang='lat' dir='ltr'><strong>Et</strong></span> <span class='ocrx_word' id='word_1_475' title='bbox 2687 2906 2820 2976; x_wconf 90' lang='lat' dir='ltr'><strong>post</strong></span> <span class='ocrx_word' id='word_1_476' title='bbox 2858 2900 3165 2974; x_wconf 90' lang='lat' dir='ltr'><strong>paululum</strong></span> <span class='ocrx_word' id='word_1_477' title='bbox 3201 2918 3213 2956; x_wconf 89' lang='lat'>:</span> <span class='ocrx_word' id='word_1_478' title='bbox 3250 2925 3277 2952; x_wconf 91' lang='grc'><strong>‹‹</strong></span> <span class='ocrx_word' id='word_1_479' title='bbox 3311 2903 3457 2958; x_wconf 90' lang='lat' dir='ltr'><strong>Nam</strong></span> <span class='ocrx_word' id='word_1_480' title='bbox 3508 2903 3649 2959; x_wconf 90' lang='lat' dir='ltr'><strong>foris</strong></span> 
     </span>
    </p>
   </div>
   <div class='ocr_carea' id='block_1_61' title="bbox 2004 2991 3653 3064">
    <p class='ocr_par' dir='ltr' id='par_1_61' title="bbox 2004 2991 3653 3064">
     <span class='ocr_line' id='line_1_61' title="bbox 2004 2991 3653 3064; baseline -0.003 -13"><span class='ocrx_word' id='word_1_481' title='bbox 2004 2997 2225 3052; x_wconf 88' lang='lat' dir='ltr'><strong>stantes</strong></span> <span class='ocrx_word' id='word_1_482' title='bbox 2249 2991 2466 3049; x_wconf 90' lang='lat' dir='ltr'><strong>ostium</strong></span> <span class='ocrx_word' id='word_1_483' title='bbox 2494 2991 2729 3064; x_wconf 89' lang='lat' dir='ltr'><strong>pulsare</strong></span> <span class='ocrx_word' id='word_1_484' title='bbox 2760 2994 2871 3057; x_wconf 86' lang='lat' dir='ltr'><strong>est,</strong></span> <span class='ocrx_word' id='word_1_485' title='bbox 2895 3008 2929 3045; x_wconf 92' lang='lat' dir='ltr'><strong>a</strong></span> <span class='ocrx_word' id='word_1_486' title='bbox 2950 2991 3251 3045; x_wconf 88' lang='lat' dir='ltr'><strong>beatorum</strong></span> <span class='ocrx_word' id='word_1_487' title='bbox 3284 2994 3441 3046; x_wconf 89' lang='lat' dir='ltr'><strong>sorte</strong></span> <span class='ocrx_word' id='word_1_488' title='bbox 3468 3005 3653 3047; x_wconf 85' lang='lat' dir='ltr'><strong>secre-</strong></span> 
     </span>
    </p>
   </div>
   <div class='ocr_carea' id='block_1_62' title="bbox 2005 3077 3651 3153">
    <p class='ocr_par' dir='ltr' id='par_1_62' title="bbox 2005 3077 3651 3153">
     <span class='ocr_line' id='line_1_62' title="bbox 2005 3077 3651 3153; baseline -0.003 -13"><span class='ocrx_word' id='word_1_489' title='bbox 2005 3087 2095 3140; x_wconf 88' lang='lat' dir='ltr'><strong>tos</strong></span> <span class='ocrx_word' id='word_1_490' title='bbox 2126 3080 2588 3140; x_wconf 86' lang='lat' dir='ltr'><strong>misericordiam</strong></span> <span class='ocrx_word' id='word_1_491' title='bbox 2622 3095 2798 3153; x_wconf 88' lang='lat' dir='ltr'><strong>quam</strong></span> <span class='ocrx_word' id='word_1_492' title='bbox 2824 3078 3195 3152; x_wconf 81' lang='lat' dir='ltr'><strong>neglexerant</strong></span> <span class='ocrx_word' id='word_1_493' title='bbox 3223 3096 3257 3134; x_wconf 90' lang='lat' dir='ltr'><strong>a</strong></span> <span class='ocrx_word' id='word_1_494' title='bbox 3286 3079 3402 3134; x_wconf 87' lang='lat' dir='ltr'><strong>Deo</strong></span> <span class='ocrx_word' id='word_1_495' title='bbox 3431 3077 3651 3135; x_wconf 89' lang='lat' dir='ltr'><strong>frustra</strong></span> 
     </span>
    </p>
   </div>
   <div class='ocr_carea' id='block_1_63' title="bbox 2004 3166 3650 3243">
    <p class='ocr_par' dir='ltr' id='par_1_63' title="bbox 2004 3166 3650 3243">
     <span class='ocr_line' id='line_1_63' title="bbox 2004 3166 3650 3243; baseline -0.002 -15"><span class='ocrx_word' id='word_1_496' title='bbox 2004 3169 2285 3243; x_wconf 87' lang='lat' dir='ltr'><strong>ﬂagitare.</strong></span> <span class='ocrx_word' id='word_1_497' title='bbox 2324 3171 2397 3227; x_wconf 89' lang='lat' dir='ltr'><strong>Et</strong></span> <span class='ocrx_word' id='word_1_498' title='bbox 2444 3169 2803 3242; x_wconf 90' lang='lat' dir='ltr'><strong>respondens</strong></span> <span class='ocrx_word' id='word_1_499' title='bbox 2855 3167 3010 3223; x_wconf 86' lang='lat' dir='ltr'><strong>dicet</strong></span> <span class='ocrx_word' id='word_1_500' title='bbox 3054 3167 3219 3223; x_wconf 90' lang='lat' dir='ltr'><strong>vobis</strong></span> <span class='ocrx_word' id='word_1_501' title='bbox 3251 3183 3264 3221; x_wconf 88' lang='lat'>:</span> <span class='ocrx_word' id='word_1_502' title='bbox 3297 3166 3501 3223; x_wconf 87' lang='lat' dir='ltr'><strong>Nescio</strong></span> <span class='ocrx_word' id='word_1_503' title='bbox 3547 3183 3650 3225; x_wconf 88' lang='lat' dir='ltr'><strong>vos</strong></span> 
     </span>
    </p>
   </div>
   <div class='ocr_carea' id='block_1_64' title="bbox 240 3244 3646 3331">
    <p class='ocr_par' dir='ltr' id='par_1_64' title="bbox 240 3244 3646 3331">
     <span class='ocr_line' id='line_1_64' title="bbox 240 3244 3646 3331; baseline -0.001 -18"><span class='ocrx_word' id='word_1_504' title='bbox 240 3255 1036 3322; x_wconf 59' lang='lat' dir='ltr'><strong>Prmdestinatianiﬁicentes</strong></span> <span class='ocrx_word' id='word_1_505' title='bbox 1065 3272 1213 3328; x_wconf 91' lang='lat' dir='ltr'><strong>quos</strong></span> <span class='ocrx_word' id='word_1_506' title='bbox 1243 3273 1359 3312; x_wconf 92' lang='lat' dir='ltr'><strong>non</strong></span> <span class='ocrx_word' id='word_1_507' title='bbox 1386 3257 1513 3313; x_wconf 90' lang='lat' dir='ltr'><strong>vult</strong></span> <span class='ocrx_word' id='word_1_508' title='bbox 1530 3258 1687 3314; x_wconf 91' lang='lat' dir='ltr'><strong>Deus</strong></span> <span class='ocrx_word' id='word_1_509' title='bbox 1704 3257 1899 3315; x_wconf 88' lang='lat' dir='ltr'><strong>salvos</strong></span> <span class='ocrx_word' id='word_1_510' title='bbox 1929 3244 1972 3312; x_wconf 89' lang='lat' dir='ltr'><strong><em>C</em></strong></span> <span class='ocrx_word' id='word_1_511' title='bbox 2006 3261 2162 3318; x_wconf 87' lang='lat' dir='ltr'><strong>unde</strong></span> <span class='ocrx_word' id='word_1_512' title='bbox 2192 3259 2322 3317; x_wconf 85' lang='lat' dir='ltr'><strong>sitis</strong></span> <span class='ocrx_word' id='word_1_513' title='bbox 2346 3276 2360 3316; x_wconf 90' lang='lat'><strong>:</strong></span> <span class='ocrx_word' id='word_1_514' title='bbox 2383 3257 2526 3331; x_wconf 88' lang='lat' dir='ltr'><strong>quia</strong></span> <span class='ocrx_word' id='word_1_515' title='bbox 2547 3262 2688 3315; x_wconf 91' lang='lat' dir='ltr'><strong>tunc</strong></span> <span class='ocrx_word' id='word_1_516' title='bbox 2706 3256 2863 3314; x_wconf 89' lang='lat' dir='ltr'><strong>velut</strong></span> <span class='ocrx_word' id='word_1_517' title='bbox 2887 3256 3213 3328; x_wconf 86' lang='lat' dir='ltr'><strong>incognitos</strong></span> <span class='ocrx_word' id='word_1_518' title='bbox 3235 3255 3389 3311; x_wconf 90' lang='lat' dir='ltr'><strong>Deus</strong></span> <span class='ocrx_word' id='word_1_519' title='bbox 3409 3255 3646 3325; x_wconf 88' lang='lat' dir='ltr'><strong>deserit,</strong></span> 
     </span>
    </p>
   </div>
   <div class='ocr_carea' id='block_1_65' title="bbox 238 3345 1893 3418">
    <p class='ocr_par' dir='ltr' id='par_1_65' title="bbox 238 3345 1893 3418">
     <span class='ocr_line' id='line_1_65' title="bbox 238 3345 1893 3418; baseline 0.001 -16"><span class='ocrx_word' id='word_1_520' title='bbox 238 3346 381 3413; x_wconf 80' lang='lat' dir='ltr'><strong>ﬁeri,</strong></span> <span class='ocrx_word' id='word_1_521' title='bbox 396 3345 690 3418; x_wconf 90' lang='lat' dir='ltr'><strong>quoniam</strong></span> <span class='ocrx_word' id='word_1_522' title='bbox 719 3360 1085 3417; x_wconf 66' lang='lat' dir='ltr'><strong>quaecunque</strong></span> <span class='ocrx_word' id='word_1_523' title='bbox 1109 3345 1292 3403; x_wconf 91' lang='lat' dir='ltr'><strong>voluit</strong></span> <span class='ocrx_word' id='word_1_524' title='bbox 1321 3345 1456 3404; x_wconf 88' lang='lat' dir='ltr'><strong>fecit</strong></span> <span class='ocrx_word' id='word_1_525' title='bbox 1483 3347 1544 3403; x_wconf 92' lang='lat' dir='ltr'><strong>in</strong></span> <span class='ocrx_word' id='word_1_526' title='bbox 1574 3346 1716 3404; x_wconf 62' lang='lat' dir='ltr'><strong>coelo</strong></span> <span class='ocrx_word' id='word_1_527' title='bbox 1744 3351 1805 3403; x_wconf 89' lang='lat' dir='ltr'><strong>et</strong></span> <span class='ocrx_word' id='word_1_528' title='bbox 1833 3347 1893 3403; x_wconf 91' lang='lat' dir='ltr'><strong>in</strong></span> 
     </span>
    </p>
   </div>
   <div class='ocr_carea' id='block_1_66' title="bbox 238 3431 1897 3504">
    <p class='ocr_par' dir='ltr' id='par_1_66' title="bbox 238 3431 1897 3504">
     <span class='ocr_line' id='line_1_66' title="bbox 238 3431 1897 3504; baseline 0.001 -13"><span class='ocrx_word' id='word_1_529' title='bbox 238 3438 539 3501; x_wconf 68' lang='lat' dir='ltr'><strong>terr-amen</strong></span> <span class='ocrx_word' id='word_1_530' title='bbox 573 3432 717 3489; x_wconf 88' lang='lat' dir='ltr'><strong>facit</strong></span> <span class='ocrx_word' id='word_1_531' title='bbox 746 3449 847 3488; x_wconf 92' lang='lat' dir='ltr'><strong>eos</strong></span> <span class='ocrx_word' id='word_1_532' title='bbox 875 3431 1152 3501; x_wconf 88' lang='lat' dir='ltr'><strong>volentes,</strong></span> <span class='ocrx_word' id='word_1_533' title='bbox 1174 3451 1290 3490; x_wconf 92' lang='lat' dir='ltr'><strong>non</strong></span> <span class='ocrx_word' id='word_1_534' title='bbox 1316 3434 1452 3490; x_wconf 89' lang='lat' dir='ltr'><strong>facit</strong></span> <span class='ocrx_word' id='word_1_535' title='bbox 1471 3435 1897 3504; x_wconf 84' lang='lat' dir='ltr'><strong>confitentes,et</strong></span> 
     </span>
    </p>
   </div>
   <div class='ocr_carea' id='block_1_67' title="bbox 240 3521 1897 3597">
    <p class='ocr_par' dir='ltr' id='par_1_67' title="bbox 240 3521 1897 3597">
     <span class='ocr_line' id='line_1_67' title="bbox 240 3521 1897 3597; baseline 0 -17"><span class='ocrx_word' id='word_1_536' title='bbox 240 3540 352 3580; x_wconf 89' lang='lat' dir='ltr'><strong>non</strong></span> <span class='ocrx_word' id='word_1_537' title='bbox 366 3523 551 3597; x_wconf 85' lang='lat' dir='ltr'><strong>erigit</strong></span> <span class='ocrx_word' id='word_1_538' title='bbox 556 3524 732 3595; x_wconf 87' lang='lat' dir='ltr'><strong>jacen</strong></span> <span class='ocrx_word' id='word_1_539' title='bbox 740 3521 995 3595; x_wconf 87' lang='lat' dir='ltr'><strong>tes,quia</strong></span> <span class='ocrx_word' id='word_1_540' title='bbox 1007 3522 1077 3578; x_wconf 92' lang='lat' dir='ltr'><strong>ad</strong></span> <span class='ocrx_word' id='word_1_541' title='bbox 1091 3526 1338 3579; x_wconf 79' lang='lat' dir='ltr'><strong>mortem</strong></span> <span class='ocrx_word' id='word_1_542' title='bbox 1349 3541 1449 3581; x_wconf 91' lang='lat' dir='ltr'><strong>eos</strong></span> <span class='ocrx_word' id='word_1_543' title='bbox 1466 3523 1897 3597; x_wconf 65' lang='lat' dir='ltr'><strong>praedestinavit</strong></span> 
     </span>
    </p>
   </div>
   <div class='ocr_carea' id='block_1_68' title="bbox 241 3610 1895 3684">
    <p class='ocr_par' dir='ltr' id='par_1_68' title="bbox 241 3610 1895 3684">
     <span class='ocr_line' id='line_1_68' title="bbox 241 3610 1895 3684; baseline 0 -14"><span class='ocrx_word' id='word_1_544' title='bbox 241 3617 518 3670; x_wconf 69' lang='lat' dir='ltr'><strong>etei-nam</strong></span> <span class='ocrx_word' id='word_1_545' title='bbox 556 3630 570 3668; x_wconf 89' lang='lat'>:</span> <span class='ocrx_word' id='word_1_546' title='bbox 601 3615 663 3667; x_wconf 88' lang='lat' dir='ltr'><strong>et</strong></span> <span class='ocrx_word' id='word_1_547' title='bbox 705 3610 837 3667; x_wconf 90' lang='lat' dir='ltr'><strong>ideo</strong></span> <span class='ocrx_word' id='word_1_548' title='bbox 882 3616 1194 3684; x_wconf 89' lang='lat' dir='ltr'><strong>postquam</strong></span> <span class='ocrx_word' id='word_1_549' title='bbox 1246 3612 1560 3670; x_wconf 88' lang='lat' dir='ltr'><strong>ceciderint</strong></span> <span class='ocrx_word' id='word_1_550' title='bbox 1601 3613 1686 3670; x_wconf 87' lang='lat' dir='ltr'><strong>sic</strong></span> <span class='ocrx_word' id='word_1_551' title='bbox 1716 3631 1750 3669; x_wconf 89' lang='lat' dir='ltr'><strong>a</strong></span> <span class='ocrx_word' id='word_1_552' title='bbox 1778 3614 1895 3670; x_wconf 91' lang='lat' dir='ltr'><strong>Deo</strong></span> 
     </span>
    </p>
   </div>
   <div class='ocr_carea' id='block_1_69' title="bbox 241 3700 1898 3775">
    <p class='ocr_par' dir='ltr' id='par_1_69' title="bbox 241 3700 1898 3775">
     <span class='ocr_line' id='line_1_69' title="bbox 241 3700 1898 3775; baseline -0.001 -18"><span class='ocrx_word' id='word_1_553' title='bbox 241 3701 763 3775; x_wconf 84' lang='lat' dir='ltr'><strong>dispensantur,ut</strong></span> <span class='ocrx_word' id='word_1_554' title='bbox 784 3715 891 3755; x_wconf 89' lang='lat' dir='ltr'><strong>nec</strong></span> <span class='ocrx_word' id='word_1_555' title='bbox 913 3700 1143 3771; x_wconf 89' lang='lat' dir='ltr'><strong>possint</strong></span> <span class='ocrx_word' id='word_1_556' title='bbox 1162 3717 1266 3756; x_wconf 90' lang='lat' dir='ltr'><strong>nec</strong></span> <span class='ocrx_word' id='word_1_557' title='bbox 1286 3700 1467 3756; x_wconf 91' lang='lat' dir='ltr'><strong>velint</strong></span> <span class='ocrx_word' id='word_1_558' title='bbox 1486 3718 1591 3774; x_wconf 89' lang='lat' dir='ltr'><strong>per</strong></span> <span class='ocrx_word' id='word_1_559' title='bbox 1611 3701 1898 3774; x_wconf 65' lang='lat' dir='ltr'><strong>paeniten-</strong></span> 
     </span>
    </p>
   </div>
   <div class='ocr_carea' id='block_1_70' title="bbox 244 3788 1898 3862">
    <p class='ocr_par' dir='ltr' id='par_1_70' title="bbox 244 3788 1898 3862">
     <span class='ocr_line' id='line_1_70' title="bbox 244 3788 1898 3862; baseline -0.001 -15"><span class='ocrx_word' id='word_1_560' title='bbox 244 3790 381 3852; x_wconf 78' lang='lat' dir='ltr'><strong>tiam</strong></span> <span class='ocrx_word' id='word_1_561' title='bbox 409 3788 1056 3860; x_wconf 85' lang='lat' dir='ltr'><strong>liberari.Respondeat</strong></span> <span class='ocrx_word' id='word_1_562' title='bbox 1084 3788 1170 3845; x_wconf 88' lang='lat' dir='ltr'><strong>eis</strong></span> <span class='ocrx_word' id='word_1_563' title='bbox 1200 3789 1447 3862; x_wconf 88' lang='lat' dir='ltr'><strong>Prosper</strong></span> <span class='ocrx_word' id='word_1_564' title='bbox 1476 3790 1631 3862; x_wconf 92' lang='lat' dir='ltr'><strong>quod</strong></span> <span class='ocrx_word' id='word_1_565' title='bbox 1661 3807 1729 3846; x_wconf 87' lang='lat' dir='ltr'><strong>ex</strong></span> <span class='ocrx_word' id='word_1_566' title='bbox 1749 3789 1898 3847; x_wconf 85' lang='lat' dir='ltr'><strong>dele-</strong></span> 
     </span>
    </p>
   </div>
   <div class='ocr_carea' id='block_1_71' title="bbox 246 3876 1895 3952">
    <p class='ocr_par' dir='ltr' id='par_1_71' title="bbox 246 3876 1895 3952">
     <span class='ocr_line' id='line_1_71' title="bbox 246 3876 1895 3952; baseline 0.001 -19"><span class='ocrx_word' id='word_1_567' title='bbox 246 3879 473 3952; x_wconf 66' lang='lat' dir='ltr'><strong>satione</strong></span> <span class='ocrx_word' id='word_1_568' title='bbox 504 3877 672 3935; x_wconf 88' lang='lat' dir='ltr'><strong>sedis</strong></span> <span class='ocrx_word' id='word_1_569' title='bbox 703 3876 1036 3950; x_wconf 73' lang='lat' dir='ltr'><strong>apostolicae</strong></span> <span class='ocrx_word' id='word_1_570' title='bbox 1065 3878 1368 3949; x_wconf 88' lang='lat' dir='ltr'><strong>respondit</strong></span> <span class='ocrx_word' id='word_1_571' title='bbox 1403 3877 1627 3935; x_wconf 88' lang='lat' dir='ltr'><strong>actione</strong></span> <span class='ocrx_word' id='word_1_572' title='bbox 1663 3880 1727 3936; x_wconf 82' lang='lat' dir='ltr'><strong>l5</strong></span> <span class='ocrx_word' id='word_1_573' title='bbox 1756 3878 1895 3935; x_wconf 85' lang='lat' dir='ltr'><strong>Vin-</strong></span> 
     </span>
    </p>
   </div>
   <div class='ocr_carea' id='block_1_72' title="bbox 245 3966 1901 4040">
    <p class='ocr_par' dir='ltr' id='par_1_72' title="bbox 245 3966 1901 4040">
     <span class='ocr_line' id='line_1_72' title="bbox 245 3966 1901 4040; baseline -0.004 -11"><span class='ocrx_word' id='word_1_574' title='bbox 245 3967 531 4029; x_wconf 71' lang='lat' dir='ltr'><strong>centianis</strong></span> <span class='ocrx_word' id='word_1_575' title='bbox 563 3983 579 4021; x_wconf 89' lang='lat'><strong>:</strong></span> <span class='ocrx_word' id='word_1_576' title='bbox 614 3988 647 4019; x_wconf 73' lang='grc' dir='ltr'><strong>α</strong></span> <span class='ocrx_word' id='word_1_577' title='bbox 679 3966 806 4022; x_wconf 87' lang='lat' dir='ltr'><strong>Non</strong></span> <span class='ocrx_word' id='word_1_578' title='bbox 836 3966 1133 4035; x_wconf 85' lang='lat' dir='ltr'><strong>veraciter,</strong></span> <span class='ocrx_word' id='word_1_579' title='bbox 1160 3967 1453 4039; x_wconf 88' lang='lat' dir='ltr'><strong>inquiens,</strong></span> <span class='ocrx_word' id='word_1_580' title='bbox 1479 3983 1583 4023; x_wconf 90' lang='lat' dir='ltr'><strong>nec</strong></span> <span class='ocrx_word' id='word_1_581' title='bbox 1607 3966 1901 4040; x_wconf 87' lang='lat' dir='ltr'><strong>sapienter</strong></span> 
     </span>
    </p>
   </div>
   <div class='ocr_carea' id='block_1_73' title="bbox 251 4055 1896 4123">
    <p class='ocr_par' dir='ltr' id='par_1_73' title="bbox 251 4055 1896 4123">
     <span class='ocr_line' id='line_1_73' title="bbox 251 4055 1896 4123; baseline -0.002 -6"><span class='ocrx_word' id='word_1_582' title='bbox 251 4074 351 4117; x_wconf 78' lang='lat' dir='ltr'><strong>nec</strong></span> <span class='ocrx_word' id='word_1_583' title='bbox 377 4056 621 4113; x_wconf 88' lang='lat' dir='ltr'><strong>dicitur.</strong></span> <span class='ocrx_word' id='word_1_584' title='bbox 653 4055 764 4123; x_wconf 85' lang='lat' dir='ltr'><strong>Qui</strong></span> <span class='ocrx_word' id='word_1_585' title='bbox 795 4056 954 4112; x_wconf 90' lang='lat' dir='ltr'><strong>enim</strong></span> <span class='ocrx_word' id='word_1_586' title='bbox 986 4073 1021 4113; x_wconf 93' lang='lat' dir='ltr'><strong>a</strong></span> <span class='ocrx_word' id='word_1_587' title='bbox 1052 4056 1165 4112; x_wconf 79' lang='lat' dir='ltr'><strong>ﬁde</strong></span> <span class='ocrx_word' id='word_1_588' title='bbox 1213 4062 1270 4113; x_wconf 90' lang='lat' dir='ltr'><strong>et</strong></span> <span class='ocrx_word' id='word_1_589' title='bbox 1318 4055 1626 4113; x_wconf 88' lang='lat' dir='ltr'><strong>sanctitate</strong></span> <span class='ocrx_word' id='word_1_590' title='bbox 1671 4057 1896 4114; x_wconf 82' lang='lat' dir='ltr'><strong>excide-</strong></span> 
     </span>
    </p>
   </div>
   <div class='ocr_carea' id='block_1_74' title="bbox 250 4143 1897 4218">
    <p class='ocr_par' dir='ltr' id='par_1_74' title="bbox 250 4143 1897 4218">
     <span class='ocr_line' id='line_1_74' title="bbox 250 4143 1897 4218; baseline -0.001 -16"><span class='ocrx_word' id='word_1_591' title='bbox 250 4146 571 4213; x_wconf 78' lang='lat' dir='ltr'><strong>runt,sicut</strong></span> <span class='ocrx_word' id='word_1_592' title='bbox 589 4143 891 4201; x_wconf 87' lang='lat' dir='ltr'><strong>voluntate</strong></span> <span class='ocrx_word' id='word_1_593' title='bbox 915 4143 1171 4218; x_wconf 88' lang='lat' dir='ltr'><strong>prolapsi</strong></span> <span class='ocrx_word' id='word_1_594' title='bbox 1192 4144 1443 4212; x_wconf 90' lang='lat' dir='ltr'><strong>sunt,ita</strong></span> <span class='ocrx_word' id='word_1_595' title='bbox 1460 4144 1760 4202; x_wconf 91' lang='lat' dir='ltr'><strong>voluntate</strong></span> <span class='ocrx_word' id='word_1_596' title='bbox 1781 4162 1897 4202; x_wconf 90' lang='lat' dir='ltr'><strong>non</strong></span> 
     </span>
    </p>
   </div>
   <div class='ocr_carea' id='block_1_75' title="bbox 246 4231 1899 4307">
    <p class='ocr_par' dir='ltr' id='par_1_75' title="bbox 246 4231 1899 4307">
     <span class='ocr_line' id='line_1_75' title="bbox 246 4231 1899 4307; baseline 0.001 -17"><span class='ocrx_word' id='word_1_597' title='bbox 246 4231 1028 4307; x_wconf 74' lang='lat' dir='ltr'><strong>sesurgunt,etdominatum</strong></span> <span class='ocrx_word' id='word_1_598' title='bbox 1052 4233 1659 4306; x_wconf 88' lang='lat' dir='ltr'><strong>concupiscentiarum</strong></span> <span class='ocrx_word' id='word_1_599' title='bbox 1683 4232 1899 4305; x_wconf 85' lang='lat' dir='ltr'><strong>quibus</strong></span> 
     </span>
    </p>
   </div>
   <div class='ocr_carea' id='block_1_76' title="bbox 248 4321 1899 4395">
    <p class='ocr_par' dir='ltr' id='par_1_76' title="bbox 248 4321 1899 4395">
     <span class='ocr_line' id='line_1_76' title="bbox 248 4321 1899 4395; baseline -0.001 -17"><span class='ocrx_word' id='word_1_600' title='bbox 248 4322 692 4379; x_wconf 83' lang='lat' dir='ltr'><strong>succubuerunt</strong></span> <span class='ocrx_word' id='word_1_601' title='bbox 712 4326 921 4393; x_wconf 85' lang='lat' dir='ltr'><strong>sponte</strong></span> <span class='ocrx_word' id='word_1_602' title='bbox 943 4321 1269 4394; x_wconf 88' lang='lat' dir='ltr'><strong>patiuntur.</strong></span> <span class='ocrx_word' id='word_1_603' title='bbox 1298 4323 1357 4378; x_wconf 89' lang='lat' dir='ltr'><strong>Si</strong></span> <span class='ocrx_word' id='word_1_604' title='bbox 1380 4322 1479 4395; x_wconf 89' lang='lat' dir='ltr'><strong>qui</strong></span> <span class='ocrx_word' id='word_1_605' title='bbox 1504 4327 1702 4378; x_wconf 90' lang='lat' dir='ltr'><strong>autem</strong></span> <span class='ocrx_word' id='word_1_606' title='bbox 1725 4321 1899 4394; x_wconf 86' lang='lat' dir='ltr'><strong>capti-</strong></span> 
     </span>
    </p>
   </div>
   <div class='ocr_carea' id='block_1_77' title="bbox 246 4410 1899 4483">
    <p class='ocr_par' dir='ltr' id='par_1_77' title="bbox 246 4410 1899 4483">
     <span class='ocr_line' id='line_1_77' title="bbox 246 4410 1899 4483; baseline -0.001 -15"><span class='ocrx_word' id='word_1_607' title='bbox 246 4410 481 4468; x_wconf 78' lang='lat' dir='ltr'><strong>vitatem</strong></span> <span class='ocrx_word' id='word_1_608' title='bbox 513 4427 689 4466; x_wconf 86' lang='lat' dir='ltr'><strong>suam</strong></span> <span class='ocrx_word' id='word_1_609' title='bbox 719 4414 983 4483; x_wconf 89' lang='lat' dir='ltr'><strong>gemunt,</strong></span> <span class='ocrx_word' id='word_1_610' title='bbox 1017 4410 1417 4481; x_wconf 88' lang='lat' dir='ltr'><strong>etjudicantes</strong></span> <span class='ocrx_word' id='word_1_611' title='bbox 1449 4410 1797 4483; x_wconf 87' lang='lat' dir='ltr'><strong>semetipsos</strong></span> <span class='ocrx_word' id='word_1_612' title='bbox 1827 4410 1899 4466; x_wconf 91' lang='lat' dir='ltr'><strong>ad</strong></span> 
     </span>
    </p>
   </div>
   <div class='ocr_carea' id='block_1_78' title="bbox 251 4497 1902 4571">
    <p class='ocr_par' dir='ltr' id='par_1_78' title="bbox 251 4497 1902 4571">
     <span class='ocr_line' id='line_1_78' title="bbox 251 4497 1902 4571; baseline -0.001 -14"><span class='ocrx_word' id='word_1_613' title='bbox 251 4498 587 4557; x_wconf 84' lang='lat' dir='ltr'><strong>misericord</strong></span> <span class='ocrx_word' id='word_1_614' title='bbox 598 4498 715 4555; x_wconf 85' lang='lat' dir='ltr'><strong>iam</strong></span> <span class='ocrx_word' id='word_1_615' title='bbox 728 4497 830 4557; x_wconf 84' lang='lat' dir='ltr'><strong>Dei</strong></span> <span class='ocrx_word' id='word_1_616' title='bbox 844 4501 1069 4554; x_wconf 89' lang='lat' dir='ltr'><strong>mutato</strong></span> <span class='ocrx_word' id='word_1_617' title='bbox 1086 4499 1258 4555; x_wconf 90' lang='lat' dir='ltr'><strong>corde</strong></span> <span class='ocrx_word' id='word_1_618' title='bbox 1274 4515 1381 4554; x_wconf 91' lang='lat' dir='ltr'><strong>con</strong></span> <span class='ocrx_word' id='word_1_619' title='bbox 1390 4498 1762 4571; x_wconf 86' lang='lat' dir='ltr'><strong>fugiunt,non</strong></span> <span class='ocrx_word' id='word_1_620' title='bbox 1776 4498 1902 4555; x_wconf 90' lang='lat' dir='ltr'><strong>sine</strong></span> 
     </span>
    </p>
   </div>
   <div class='ocr_carea' id='block_1_79' title="bbox 250 4584 1977 4677">
    <p class='ocr_par' dir='ltr' id='par_1_79' title="bbox 250 4584 1977 4677">
     <span class='ocr_line' id='line_1_79' title="bbox 250 4584 1977 4677; baseline 0.001 -34"><span class='ocrx_word' id='word_1_621' title='bbox 250 4587 452 4677; x_wconf 74' lang='lat' dir='ltr'><strong>spiritu</strong></span> <span class='ocrx_word' id='word_1_622' title='bbox 484 4587 699 4677; x_wconf 71' lang='lat' dir='ltr'><strong>divinas</strong></span> <span class='ocrx_word' id='word_1_623' title='bbox 730 4584 1614 4677; x_wconf 25' lang='lat' dir='ltr'><strong>visitationis‘hocfaciuntlizec</strong></span> <span class='ocrx_word' id='word_1_624' title='bbox 1633 4587 1788 4677; x_wconf 83' lang='lat' dir='ltr'><strong>enim</strong></span> <span class='ocrx_word' id='word_1_625' title='bbox 1812 4591 1902 4677; x_wconf 90' lang='lat' dir='ltr'><strong>est</strong></span> <span class='ocrx_word' id='word_1_626' title='bbox 1931 4611 1977 4677; x_wconf 74' lang='grc' dir='ltr'><strong>ι)</strong></span> 
     </span>
    </p>
   </div>
   <div class='ocr_carea' id='block_1_80' title="bbox 251 4674 1904 4748">
    <p class='ocr_par' dir='ltr' id='par_1_80' title="bbox 251 4674 1904 4748">
     <span class='ocr_line' id='line_1_80' title="bbox 251 4674 1904 4748; baseline -0.001 -16"><span class='ocrx_word' id='word_1_627' title='bbox 251 4674 582 4733; x_wconf 80' lang='lat' dir='ltr'><strong>immutatio</strong></span> <span class='ocrx_word' id='word_1_628' title='bbox 604 4675 854 4731; x_wconf 63' lang='lat' dir='ltr'><strong>dextera</strong></span> <span class='ocrx_word' id='word_1_629' title='bbox 875 4674 1229 4747; x_wconf 79' lang='lat' dir='ltr'><strong>Excelsi,qui</strong></span> <span class='ocrx_word' id='word_1_630' title='bbox 1253 4674 1578 4732; x_wconf 87' lang='lat' dir='ltr'><strong>innumeris</strong></span> <span class='ocrx_word' id='word_1_631' title='bbox 1600 4674 1783 4748; x_wconf 90' lang='lat' dir='ltr'><strong>lapsis</strong></span> <span class='ocrx_word' id='word_1_632' title='bbox 1802 4676 1904 4732; x_wconf 87' lang='lat' dir='ltr'><strong>dat</strong></span> 
     </span>
    </p>
   </div>
   <div class='ocr_carea' id='block_1_81' title="bbox 251 4762 1904 4837">
    <p class='ocr_par' dir='ltr' id='par_1_81' title="bbox 251 4762 1904 4837">
     <span class='ocr_line' id='line_1_81' title="bbox 251 4762 1904 4837; baseline 0 -16"><span class='ocrx_word' id='word_1_633' title='bbox 251 4763 657 4837; x_wconf 64' lang='lat' dir='ltr'><strong>penitentiam</strong></span> <span class='ocrx_word' id='word_1_634' title='bbox 688 4767 756 4819; x_wconf 87' lang='lat' dir='ltr'><strong>ut</strong></span> <span class='ocrx_word' id='word_1_635' title='bbox 786 4763 1135 4835; x_wconf 88' lang='lat' dir='ltr'><strong>resipiscant</strong></span> <span class='ocrx_word' id='word_1_636' title='bbox 1159 4781 1193 4819; x_wconf 91' lang='lat' dir='ltr'><strong>a</strong></span> <span class='ocrx_word' id='word_1_637' title='bbox 1216 4763 1429 4820; x_wconf 89' lang='lat' dir='ltr'><strong>diaboli</strong></span> <span class='ocrx_word' id='word_1_638' title='bbox 1463 4762 1712 4836; x_wconf 87' lang='lat' dir='ltr'><strong>laqueis,</strong></span> <span class='ocrx_word' id='word_1_639' title='bbox 1736 4782 1770 4819; x_wconf 88' lang='lat' dir='ltr'><strong>a</strong></span> <span class='ocrx_word' id='word_1_640' title='bbox 1786 4781 1904 4837; x_wconf 92' lang='lat' dir='ltr'><strong>quo</strong></span> 
     </span>
    </p>
   </div>
   <div class='ocr_carea' id='block_1_82' title="bbox 253 4850 1902 4925">
    <p class='ocr_par' dir='ltr' id='par_1_82' title="bbox 253 4850 1902 4925">
     <span class='ocr_line' id='line_1_82' title="bbox 253 4850 1902 4925; baseline -0.002 -12"><span class='ocrx_word' id='word_1_641' title='bbox 253 4851 523 4923; x_wconf 69' lang='lat' dir='ltr'><strong>captivati</strong></span> <span class='ocrx_word' id='word_1_642' title='bbox 573 4856 852 4909; x_wconf 88' lang='lat' dir='ltr'><strong>tenentur</strong></span> <span class='ocrx_word' id='word_1_643' title='bbox 896 4852 969 4909; x_wconf 87' lang='lat' dir='ltr'><strong>ad</strong></span> <span class='ocrx_word' id='word_1_644' title='bbox 1022 4851 1209 4925; x_wconf 89' lang='lat' dir='ltr'><strong>ipsius</strong></span> <span class='ocrx_word' id='word_1_645' title='bbox 1259 4850 1639 4908; x_wconf 87' lang='lat' dir='ltr'><strong>voluntatem.</strong></span> <span class='ocrx_word' id='word_1_646' title='bbox 1671 4852 1902 4910; x_wconf 86' lang='lat' dir='ltr'><strong>Nemini</strong></span> 
     </span>
    </p>
   </div>
   <div class='ocr_carea' id='block_1_83' title="bbox 256 4939 1904 5013">
    <p class='ocr_par' dir='ltr' id='par_1_83' title="bbox 256 4939 1904 5013">
     <span class='ocr_line' id='line_1_83' title="bbox 256 4939 1904 5013; baseline 0.001 -17"><span class='ocrx_word' id='word_1_647' title='bbox 256 4944 444 4999; x_wconf 77' lang='lat' dir='ltr'><strong>autem</strong></span> <span class='ocrx_word' id='word_1_648' title='bbox 470 4945 631 4997; x_wconf 86' lang='lat' dir='ltr'><strong>Deus</strong></span> <span class='ocrx_word' id='word_1_649' title='bbox 662 4940 1037 4998; x_wconf 85' lang='lat' dir='ltr'><strong>correctionis</strong></span> <span class='ocrx_word' id='word_1_650' title='bbox 1086 4939 1295 4997; x_wconf 90' lang='lat' dir='ltr'><strong>adimit</strong></span> <span class='ocrx_word' id='word_1_651' title='bbox 1337 4939 1510 5008; x_wconf 89' lang='lat' dir='ltr'><strong>viam,</strong></span> <span class='ocrx_word' id='word_1_652' title='bbox 1541 4956 1647 4997; x_wconf 91' lang='lat' dir='ltr'><strong>nec</strong></span> <span class='ocrx_word' id='word_1_653' title='bbox 1694 4958 1904 5013; x_wconf 88' lang='lat' dir='ltr'><strong>quem-</strong></span> 
     </span>
    </p>
   </div>
   <div class='ocr_carea' id='block_1_84' title="bbox 256 5027 1905 5102">
    <p class='ocr_par' dir='ltr' id='par_1_84' title="bbox 256 5027 1905 5102">
     <span class='ocr_line' id='line_1_84' title="bbox 256 5027 1905 5102; baseline 0.001 -16"><span class='ocrx_word' id='word_1_654' title='bbox 256 5044 425 5100; x_wconf 76' lang='lat' dir='ltr'><strong>quam</strong></span> <span class='ocrx_word' id='word_1_655' title='bbox 456 5028 596 5087; x_wconf 90' lang='lat' dir='ltr'><strong>boni</strong></span> <span class='ocrx_word' id='word_1_656' title='bbox 632 5027 1023 5100; x_wconf 86' lang='lat' dir='ltr'><strong>possibilitate</strong></span> <span class='ocrx_word' id='word_1_657' title='bbox 1055 5027 1498 5102; x_wconf 88' lang='lat' dir='ltr'><strong>dispoliat,quia</strong></span> <span class='ocrx_word' id='word_1_658' title='bbox 1524 5028 1622 5101; x_wconf 92' lang='lat' dir='ltr'><strong>qui</strong></span> <span class='ocrx_word' id='word_1_659' title='bbox 1647 5045 1711 5085; x_wconf 89' lang='lat' dir='ltr'><strong>se</strong></span> <span class='ocrx_word' id='word_1_660' title='bbox 1733 5046 1767 5086; x_wconf 89' lang='lat' dir='ltr'><strong>a</strong></span> <span class='ocrx_word' id='word_1_661' title='bbox 1785 5030 1905 5087; x_wconf 89' lang='lat' dir='ltr'><strong>Deo</strong></span> 
     </span>
    </p>
   </div>
   <div class='ocr_carea' id='block_1_85' title="bbox 256 5115 1903 5190">
    <p class='ocr_par' dir='ltr' id='par_1_85' title="bbox 256 5115 1903 5190">
     <span class='ocr_line' id='line_1_85' title="bbox 256 5115 1903 5190; baseline 0.001 -18"><span class='ocrx_word' id='word_1_662' title='bbox 256 5116 610 5189; x_wconf 79' lang='lat' dir='ltr'><strong>avertit,ipse</strong></span> <span class='ocrx_word' id='word_1_663' title='bbox 641 5120 703 5172; x_wconf 89' lang='lat' dir='ltr'><strong>et</strong></span> <span class='ocrx_word' id='word_1_664' title='bbox 728 5115 875 5174; x_wconf 87' lang='lat' dir='ltr'><strong>velle</strong></span> <span class='ocrx_word' id='word_1_665' title='bbox 905 5118 1060 5189; x_wconf 91' lang='lat' dir='ltr'><strong>quod</strong></span> <span class='ocrx_word' id='word_1_666' title='bbox 1098 5119 1320 5174; x_wconf 89' lang='lat' dir='ltr'><strong>bonum</strong></span> <span class='ocrx_word' id='word_1_667' title='bbox 1358 5121 1467 5187; x_wconf 86' lang='lat' dir='ltr'><strong>est,</strong></span> <span class='ocrx_word' id='word_1_668' title='bbox 1503 5121 1560 5174; x_wconf 93' lang='lat' dir='ltr'><strong>et</strong></span> <span class='ocrx_word' id='word_1_669' title='bbox 1589 5133 1761 5190; x_wconf 87' lang='lat' dir='ltr'><strong>posse</strong></span> <span class='ocrx_word' id='word_1_670' title='bbox 1790 5118 1903 5176; x_wconf 89' lang='lat' dir='ltr'><strong>sibi</strong></span> 
     </span>
    </p>
   </div>
   <div class='ocr_carea' id='block_1_86' title="bbox 258 5204 1905 5279">
    <p class='ocr_par' dir='ltr' id='par_1_86' title="bbox 258 5204 1905 5279">
     <span class='ocr_line' id='line_1_86' title="bbox 258 5204 1905 5279; baseline 0 -17"><span class='ocrx_word' id='word_1_671' title='bbox 258 5204 512 5262; x_wconf 79' lang='lat' dir='ltr'><strong>sustulit.</strong></span> <span class='ocrx_word' id='word_1_672' title='bbox 547 5205 678 5261; x_wconf 88' lang='lat' dir='ltr'><strong>Non</strong></span> <span class='ocrx_word' id='word_1_673' title='bbox 711 5209 802 5261; x_wconf 89' lang='lat' dir='ltr'><strong>est</strong></span> <span class='ocrx_word' id='word_1_674' title='bbox 827 5221 964 5277; x_wconf 87' lang='lat' dir='ltr'><strong>ergo</strong></span> <span class='ocrx_word' id='word_1_675' title='bbox 984 5221 1373 5279; x_wconf 89' lang='lat' dir='ltr'><strong>consequens,</strong></span> <span class='ocrx_word' id='word_1_676' title='bbox 1398 5205 1553 5265; x_wconf 88' lang='lat' dir='ltr'><strong>sicut</strong></span> <span class='ocrx_word' id='word_1_677' title='bbox 1571 5209 1782 5278; x_wconf 89' lang='lat' dir='ltr'><strong>putant</strong></span> <span class='ocrx_word' id='word_1_678' title='bbox 1803 5206 1905 5279; x_wconf 90' lang='lat' dir='ltr'><strong>qui</strong></span> 
     </span>
    </p>
   </div>
   <div class='ocr_carea' id='block_1_87' title="bbox 258 5290 1904 5368">
    <p class='ocr_par' dir='ltr' id='par_1_87' title="bbox 258 5290 1904 5368">
     <span class='ocr_line' id='line_1_87' title="bbox 258 5290 1904 5368; baseline 0 -17"><span class='ocrx_word' id='word_1_679' title='bbox 258 5290 391 5351; x_wconf 75' lang='lat' dir='ltr'><strong>talia</strong></span> <span class='ocrx_word' id='word_1_680' title='bbox 418 5292 738 5365; x_wconf 85' lang='lat' dir='ltr'><strong>objiciunt,</strong></span> <span class='ocrx_word' id='word_1_681' title='bbox 770 5298 838 5349; x_wconf 87' lang='lat' dir='ltr'><strong>ut</strong></span> <span class='ocrx_word' id='word_1_682' title='bbox 867 5294 1024 5350; x_wconf 90' lang='lat' dir='ltr'><strong>Deus</strong></span> <span class='ocrx_word' id='word_1_683' title='bbox 1069 5295 1286 5367; x_wconf 90' lang='lat' dir='ltr'><strong>quibus</strong></span> <span class='ocrx_word' id='word_1_684' title='bbox 1335 5293 1736 5368; x_wconf 66' lang='lat' dir='ltr'><strong>paenitentiam</strong></span> <span class='ocrx_word' id='word_1_685' title='bbox 1787 5312 1904 5352; x_wconf 91' lang='lat' dir='ltr'><strong>non</strong></span> 
     </span>
    </p>
   </div>
   <div class='ocr_carea' id='block_1_88' title="bbox 260 5379 1907 5456">
    <p class='ocr_par' dir='ltr' id='par_1_88' title="bbox 260 5379 1907 5456">
     <span class='ocr_line' id='line_1_88' title="bbox 260 5379 1907 5456; baseline 0.002 -19"><span class='ocrx_word' id='word_1_686' title='bbox 260 5379 495 5449; x_wconf 82' lang='lat' dir='ltr'><strong>dederit,</strong></span> <span class='ocrx_word' id='word_1_687' title='bbox 533 5381 1004 5455; x_wconf 87' lang='lat' dir='ltr'><strong>resipiscentiam</strong></span> <span class='ocrx_word' id='word_1_688' title='bbox 1029 5383 1354 5450; x_wconf 89' lang='lat' dir='ltr'><strong>abstulerit,</strong></span> <span class='ocrx_word' id='word_1_689' title='bbox 1377 5387 1435 5439; x_wconf 89' lang='lat' dir='ltr'><strong>et</strong></span> <span class='ocrx_word' id='word_1_690' title='bbox 1455 5401 1603 5456; x_wconf 91' lang='lat' dir='ltr'><strong>quos</strong></span> <span class='ocrx_word' id='word_1_691' title='bbox 1625 5400 1738 5439; x_wconf 92' lang='lat' dir='ltr'><strong>non</strong></span> <span class='ocrx_word' id='word_1_692' title='bbox 1759 5383 1907 5441; x_wconf 85' lang='lat' dir='ltr'><strong>leva-</strong></span> 
     </span>
    </p>
   </div>
   <div class='ocr_carea' id='block_1_89' title="bbox 259 5468 1904 5541">
    <p class='ocr_par' dir='ltr' id='par_1_89' title="bbox 259 5468 1904 5541">
     <span class='ocr_line' id='line_1_89' title="bbox 259 5468 1904 5541; baseline 0.002 -17"><span class='ocrx_word' id='word_1_693' title='bbox 259 5468 394 5525; x_wconf 82' lang='lat' dir='ltr'><strong>verit</strong></span> <span class='ocrx_word' id='word_1_694' title='bbox 420 5468 694 5541; x_wconf 82' lang='lat' dir='ltr'><strong>alliserit,</strong></span> <span class='ocrx_word' id='word_1_695' title='bbox 725 5487 861 5526; x_wconf 90' lang='lat' dir='ltr'><strong>cum</strong></span> <span class='ocrx_word' id='word_1_696' title='bbox 900 5470 1059 5529; x_wconf 88' lang='lat' dir='ltr'><strong>aliud</strong></span> <span class='ocrx_word' id='word_1_697' title='bbox 1110 5472 1189 5529; x_wconf 89' lang='lat' dir='ltr'><strong>sit</strong></span> <span class='ocrx_word' id='word_1_698' title='bbox 1236 5472 1525 5528; x_wconf 89' lang='lat' dir='ltr'><strong>insontem</strong></span> <span class='ocrx_word' id='word_1_699' title='bbox 1572 5471 1630 5527; x_wconf 89' lang='lat' dir='ltr'><strong>in</strong></span> <span class='ocrx_word' id='word_1_700' title='bbox 1681 5472 1904 5528; x_wconf 90' lang='lat' dir='ltr'><strong>crimen</strong></span> 
     </span>
    </p>
   </div>
   <div class='ocr_carea' id='block_1_90' title="bbox 261 5556 1905 5632">
    <p class='ocr_par' dir='ltr' id='par_1_90' title="bbox 261 5556 1905 5632">
     <span class='ocr_line' id='line_1_90' title="bbox 261 5556 1905 5632; baseline 0.001 -17"><span class='ocrx_word' id='word_1_701' title='bbox 261 5556 462 5630; x_wconf 75' lang='lat' dir='ltr'><strong>egisse,</strong></span> <span class='ocrx_word' id='word_1_702' title='bbox 509 5559 672 5632; x_wconf 90' lang='lat' dir='ltr'><strong>quod</strong></span> <span class='ocrx_word' id='word_1_703' title='bbox 722 5558 983 5619; x_wconf 78' lang='lat' dir='ltr'><strong>alienum</strong></span> <span class='ocrx_word' id='word_1_704' title='bbox 1031 5566 1120 5618; x_wconf 89' lang='lat' dir='ltr'><strong>est</strong></span> <span class='ocrx_word' id='word_1_705' title='bbox 1147 5579 1182 5617; x_wconf 89' lang='lat' dir='ltr'><strong>a</strong></span> <span class='ocrx_word' id='word_1_706' title='bbox 1210 5560 1347 5628; x_wconf 92' lang='lat' dir='ltr'><strong>Deo,</strong></span> <span class='ocrx_word' id='word_1_707' title='bbox 1381 5559 1539 5616; x_wconf 89' lang='lat' dir='ltr'><strong>aliud</strong></span> <span class='ocrx_word' id='word_1_708' title='bbox 1588 5559 1905 5617; x_wconf 87' lang='lat' dir='ltr'><strong>criminose</strong></span> 
     </span>
    </p>
   </div>
   <div class='ocr_carea' id='block_1_91' title="bbox 260 5646 1902 5721">
    <p class='ocr_par' dir='ltr' id='par_1_91' title="bbox 260 5646 1902 5721">
     <span class='ocr_line' id='line_1_91' title="bbox 260 5646 1902 5721; baseline -0.001 -19"><span class='ocrx_word' id='word_1_709' title='bbox 260 5646 478 5707; x_wconf 79' lang='lat' dir='ltr'><strong>veniam</strong></span> <span class='ocrx_word' id='word_1_710' title='bbox 501 5666 621 5707; x_wconf 88' lang='lat' dir='ltr'><strong>non</strong></span> <span class='ocrx_word' id='word_1_711' title='bbox 647 5646 1064 5721; x_wconf 86' lang='lat' dir='ltr'><strong>dedisse,quod</strong></span> <span class='ocrx_word' id='word_1_712' title='bbox 1086 5650 1158 5705; x_wconf 90' lang='lat' dir='ltr'><strong>de</strong></span> <span class='ocrx_word' id='word_1_713' title='bbox 1181 5648 1498 5721; x_wconf 87' lang='lat' dir='ltr'><strong>peccatoris</strong></span> <span class='ocrx_word' id='word_1_714' title='bbox 1518 5652 1609 5706; x_wconf 87' lang='lat' dir='ltr'><strong>est</strong></span> <span class='ocrx_word' id='word_1_715' title='bbox 1630 5648 1902 5707; x_wconf 83' lang='lat' dir='ltr'><strong>merito.»</strong></span> 
     </span>
    </p>
   </div>
   <div class='ocr_carea' id='block_1_92' title="bbox 2004 3343 3648 3422">
    <p class='ocr_par' dir='ltr' id='par_1_92' title="bbox 2004 3343 3648 3422">
     <span class='ocr_line' id='line_1_92' title="bbox 2004 3343 3648 3422; baseline -0.007 -18"><span class='ocrx_word' id='word_1_716' title='bbox 2004 3365 2153 3422; x_wconf 90' lang='lat' dir='ltr'><strong>quos</strong></span> <span class='ocrx_word' id='word_1_717' title='bbox 2182 3347 2355 3404; x_wconf 88' lang='lat' dir='ltr'><strong>modo</strong></span> <span class='ocrx_word' id='word_1_718' title='bbox 2385 3363 2525 3404; x_wconf 88' lang='lat' dir='ltr'><strong>suos</strong></span> <span class='ocrx_word' id='word_1_719' title='bbox 2557 3364 2660 3419; x_wconf 90' lang='lat' dir='ltr'><strong>per</strong></span> <span class='ocrx_word' id='word_1_720' title='bbox 2682 3346 2810 3400; x_wconf 65' lang='lat' dir='ltr'><strong>vita:</strong></span> <span class='ocrx_word' id='word_1_721' title='bbox 2841 3345 3119 3400; x_wconf 88' lang='lat' dir='ltr'><strong>meritum</strong></span> <span class='ocrx_word' id='word_1_722' title='bbox 3151 3360 3265 3399; x_wconf 91' lang='lat' dir='ltr'><strong>non</strong></span> <span class='ocrx_word' id='word_1_723' title='bbox 3300 3343 3584 3416; x_wconf 88' lang='lat' dir='ltr'><strong>agnoscit.</strong></span> <span class='ocrx_word' id='word_1_724' title='bbox 3620 3364 3648 3393; x_wconf 75' lang='grc' dir='ltr'><strong>ι)</strong></span> 
     </span>
    </p>
   </div>
   <div class='ocr_carea' id='block_1_93' title="bbox 2003 3430 3649 3510">
    <p class='ocr_par' dir='ltr' id='par_1_93' title="bbox 2003 3430 3649 3510">
     <span class='ocr_line' id='line_1_93' title="bbox 2003 3430 3649 3510; baseline -0.006 -15"><span class='ocrx_word' id='word_1_725' title='bbox 2003 3438 2075 3495; x_wconf 89' lang='lat' dir='ltr'><strong>Et</strong></span> <span class='ocrx_word' id='word_1_726' title='bbox 2102 3437 2415 3510; x_wconf 86' lang='lat' dir='ltr'><strong>Gregorius</strong></span> <span class='ocrx_word' id='word_1_727' title='bbox 2463 3436 2630 3509; x_wconf 88' lang='lat' dir='ltr'><strong>(hom.</strong></span> <span class='ocrx_word' id='word_1_728' title='bbox 2667 3435 2733 3489; x_wconf 88' lang='grc'>13</span> <span class='ocrx_word' id='word_1_729' title='bbox 2764 3436 2824 3490; x_wconf 85' lang='lat' dir='ltr'><strong>in</strong></span> <span class='ocrx_word' id='word_1_730' title='bbox 2865 3432 3093 3505; x_wconf 84' lang='lat' dir='ltr'><strong>Evang.)</strong></span> <span class='ocrx_word' id='word_1_731' title='bbox 3129 3450 3141 3487; x_wconf 88' lang='lat'><strong>:</strong></span> <span class='ocrx_word' id='word_1_732' title='bbox 3177 3456 3203 3482; x_wconf 89' lang='grc'><em>‹‹</em></span> <span class='ocrx_word' id='word_1_733' title='bbox 3239 3430 3385 3487; x_wconf 86' lang='lat' dir='ltr'><strong>Hinc</strong></span> <span class='ocrx_word' id='word_1_734' title='bbox 3432 3431 3649 3488; x_wconf 90' lang='lat' dir='ltr'><strong>etenim</strong></span> 
     </span>
    </p>
   </div>
   <div class='ocr_carea' id='block_1_94' title="bbox 2005 3519 3651 3596">
    <p class='ocr_par' dir='ltr' id='par_1_94' title="bbox 2005 3519 3651 3596">
     <span class='ocr_line' id='line_1_94' title="bbox 2005 3519 3651 3596; baseline -0.005 -13"><span class='ocrx_word' id='word_1_735' title='bbox 2005 3526 2221 3583; x_wconf 89' lang='lat' dir='ltr'><strong>Paulus</strong></span> <span class='ocrx_word' id='word_1_736' title='bbox 2269 3525 2456 3581; x_wconf 89' lang='lat' dir='ltr'><strong>dicit:</strong></span> <span class='ocrx_word' id='word_1_737' title='bbox 2490 3525 2712 3596; x_wconf 82' lang='lat' dir='ltr'><strong>Ignoras</strong></span> <span class='ocrx_word' id='word_1_738' title='bbox 2762 3524 3021 3595; x_wconf 86' lang='lat' dir='ltr'><strong>quoniam</strong></span> <span class='ocrx_word' id='word_1_739' title='bbox 3077 3521 3381 3592; x_wconf 74' lang='lat' dir='ltr'><strong>benignitas</strong></span> <span class='ocrx_word' id='word_1_740' title='bbox 3429 3521 3536 3576; x_wconf 85' lang='lat' dir='ltr'><strong>Dei</strong></span> <span class='ocrx_word' id='word_1_741' title='bbox 3582 3519 3651 3575; x_wconf 85' lang='lat' dir='ltr'><strong>ad</strong></span> 
     </span>
    </p>
   </div>
   <div class='ocr_carea' id='block_1_95' title="bbox 2000 3610 3653 3688">
    <p class='ocr_par' dir='ltr' id='par_1_95' title="bbox 2000 3610 3653 3688">
     <span class='ocr_line' id='line_1_95' title="bbox 2000 3610 3653 3688; baseline -0.004 -17"><span class='ocrx_word' id='word_1_742' title='bbox 2000 3616 2376 3688; x_wconf 71' lang='lat' dir='ltr'><strong>paenitentiam</strong></span> <span class='ocrx_word' id='word_1_743' title='bbox 2422 3622 2471 3671; x_wconf 83' lang='lat' dir='ltr'><strong>te</strong></span> <span class='ocrx_word' id='word_1_744' title='bbox 2516 3612 2778 3669; x_wconf 78' lang='lat' dir='ltr'><strong>adducit?</strong></span> <span class='ocrx_word' id='word_1_745' title='bbox 2813 3610 3111 3667; x_wconf 79' lang='lat' dir='ltr'><strong>secundum</strong></span> <span class='ocrx_word' id='word_1_746' title='bbox 3160 3610 3421 3665; x_wconf 80' lang='lat' dir='ltr'><strong>duritiam</strong></span> <span class='ocrx_word' id='word_1_747' title='bbox 3471 3618 3653 3665; x_wconf 85' lang='lat' dir='ltr'><strong>autem</strong></span> 
     </span>
    </p>
   </div>
   <div class='ocr_carea' id='block_1_96' title="bbox 2005 3698 3653 3775">
    <p class='ocr_par' dir='ltr' id='par_1_96' title="bbox 2005 3698 3653 3775">
     <span class='ocr_line' id='line_1_96' title="bbox 2005 3698 3653 3775; baseline -0.005 -15"><span class='ocrx_word' id='word_1_748' title='bbox 2005 3712 2158 3761; x_wconf 82' lang='lat' dir='ltr'><strong>tuam</strong></span> <span class='ocrx_word' id='word_1_749' title='bbox 2185 3711 2237 3759; x_wconf 88' lang='lat' dir='ltr'><strong>et</strong></span> <span class='ocrx_word' id='word_1_750' title='bbox 2264 3719 2356 3760; x_wconf 87' lang='lat' dir='ltr'><strong>cor</strong></span> <span class='ocrx_word' id='word_1_751' title='bbox 2384 3704 2743 3775; x_wconf 74' lang='lat' dir='ltr'><strong>imptcnitens,</strong></span> <span class='ocrx_word' id='word_1_752' title='bbox 2777 3701 3117 3757; x_wconf 73' lang='lat' dir='ltr'><strong>t/iesaurims</strong></span> <span class='ocrx_word' id='word_1_753' title='bbox 3147 3699 3246 3755; x_wconf 86' lang='lat' dir='ltr'><strong>tibi</strong></span> <span class='ocrx_word' id='word_1_754' title='bbox 3286 3700 3429 3754; x_wconf 84' lang='lat' dir='ltr'><strong>iram</strong></span> <span class='ocrx_word' id='word_1_755' title='bbox 3474 3700 3535 3754; x_wconf 88' lang='lat' dir='ltr'><strong>in</strong></span> <span class='ocrx_word' id='word_1_756' title='bbox 3564 3698 3653 3753; x_wconf 85' lang='lat' dir='ltr'><strong>die</strong></span> 
     </span>
    </p>
   </div>
   <div class='ocr_carea' id='block_1_97' title="bbox 2006 3786 3652 3863">
    <p class='ocr_par' dir='ltr' id='par_1_97' title="bbox 2006 3786 3652 3863">
     <span class='ocr_line' id='line_1_97' title="bbox 2006 3786 3652 3863; baseline -0.006 -13"><span class='ocrx_word' id='word_1_757' title='bbox 2006 3795 2112 3852; x_wconf 67' lang='lat' dir='ltr'><strong>irae</strong></span> <span class='ocrx_word' id='word_1_758' title='bbox 2140 3800 2192 3849; x_wconf 86' lang='lat' dir='ltr'><strong>et</strong></span> <span class='ocrx_word' id='word_1_759' title='bbox 2216 3792 2562 3849; x_wconf 74' lang='lat' dir='ltr'><strong>reuelationis</strong></span> <span class='ocrx_word' id='word_1_760' title='bbox 2580 3792 2723 3863; x_wconf 86' lang='lat' dir='ltr'><strong>justi</strong></span> <span class='ocrx_word' id='word_1_761' title='bbox 2740 3790 2947 3862; x_wconf 86' lang='lat' dir='ltr'><strong>judicii</strong></span> <span class='ocrx_word' id='word_1_762' title='bbox 2973 3790 3071 3843; x_wconf 86' lang='lat' dir='ltr'><strong>Dei</strong></span> <span class='ocrx_word' id='word_1_763' title='bbox 3098 3788 3271 3859; x_wconf 85' lang='lat' dir='ltr'><strong>(Rom.</strong></span> <span class='ocrx_word' id='word_1_764' title='bbox 3304 3805 3366 3855; x_wconf 82' lang='grc' dir='ltr'><strong>ιι,</strong></span> <span class='ocrx_word' id='word_1_765' title='bbox 3400 3787 3472 3857; x_wconf 77' lang='grc'><strong>4).</strong></span> <span class='ocrx_word' id='word_1_766' title='bbox 3505 3786 3652 3841; x_wconf 87' lang='lat' dir='ltr'><strong>Hinc</strong></span> 
     </span>
    </p>
   </div>
   <div class='ocr_carea' id='block_1_98' title="bbox 2007 3877 3652 3951">
    <p class='ocr_par' dir='ltr' id='par_1_98' title="bbox 2007 3877 3652 3951">
     <span class='ocr_line' id='line_1_98' title="bbox 2007 3877 3652 3951; baseline -0.006 -11"><span class='ocrx_word' id='word_1_767' title='bbox 2007 3880 2320 3940; x_wconf 85' lang='lat' dir='ltr'><strong>Psalmista</strong></span> <span class='ocrx_word' id='word_1_768' title='bbox 2347 3880 2428 3936; x_wconf 90' lang='lat' dir='ltr'><strong>ait</strong></span> <span class='ocrx_word' id='word_1_769' title='bbox 2460 3897 2473 3936; x_wconf 91' lang='lat'><strong>:</strong></span> <span class='ocrx_word' id='word_1_770' title='bbox 2508 3881 2669 3947; x_wconf 83' lang='lat' dir='ltr'><strong>Deus,</strong></span> <span class='ocrx_word' id='word_1_771' title='bbox 2692 3878 2868 3951; x_wconf 72' lang='lat' dir='ltr'><strong>judex</strong></span> <span class='ocrx_word' id='word_1_772' title='bbox 2898 3879 3105 3951; x_wconf 83' lang='lat' dir='ltr'><strong>justus,</strong></span> <span class='ocrx_word' id='word_1_773' title='bbox 3130 3877 3288 3948; x_wconf 85' lang='lat' dir='ltr'><strong>fortis</strong></span> <span class='ocrx_word' id='word_1_774' title='bbox 3316 3883 3367 3933; x_wconf 85' lang='lat' dir='ltr'><strong>et</strong></span> <span class='ocrx_word' id='word_1_775' title='bbox 3395 3877 3652 3947; x_wconf 84' lang='lat' dir='ltr'><strong>longani-</strong></span> 
     </span>
    </p>
   </div>
   <div class='ocr_carea' id='block_1_99' title="bbox 2006 3963 3652 4042">
    <p class='ocr_par' dir='ltr' id='par_1_99' title="bbox 2006 3963 3652 4042">
     <span class='ocr_line' id='line_1_99' title="bbox 2006 3963 3652 4042; baseline -0.004 -16"><span class='ocrx_word' id='word_1_776' title='bbox 2006 3972 2113 4026; x_wconf 83' lang='lat' dir='ltr'><strong>mis</strong></span> <span class='ocrx_word' id='word_1_777' title='bbox 2160 3970 2329 4042; x_wconf 84' lang='lat' dir='ltr'><strong>(Psal.</strong></span> <span class='ocrx_word' id='word_1_778' title='bbox 2374 3986 2472 4034; x_wconf 84' lang='lat' dir='ltr'><strong>vn,</strong></span> <span class='ocrx_word' id='word_1_779' title='bbox 2503 3970 2612 4036; x_wconf 85' lang='grc'><strong>12).</strong></span> <span class='ocrx_word' id='word_1_780' title='bbox 2646 3967 2920 4023; x_wconf 89' lang='lat' dir='ltr'><strong>Dicturus</strong></span> <span class='ocrx_word' id='word_1_781' title='bbox 2970 3965 3183 4037; x_wconf 88' lang='lat' dir='ltr'><strong>quippe</strong></span> <span class='ocrx_word' id='word_1_782' title='bbox 3231 3963 3652 4037; x_wconf 88' lang='lat' dir='ltr'><strong>longanimem,</strong></span> 
     </span>
    </p>
   </div>
   <div class='ocr_carea' id='block_1_100' title="bbox 2007 4052 3655 4132">
    <p class='ocr_par' dir='ltr' id='par_1_100' title="bbox 2007 4052 3655 4132">
     <span class='ocr_line' id='line_1_100' title="bbox 2007 4052 3655 4132; baseline -0.005 -17"><span class='ocrx_word' id='word_1_783' title='bbox 2007 4057 2290 4132; x_wconf 63' lang='lat' dir='ltr'><strong>praemisit</strong></span> <span class='ocrx_word' id='word_1_784' title='bbox 2310 4058 2564 4129; x_wconf 89' lang='lat' dir='ltr'><strong>justum,</strong></span> <span class='ocrx_word' id='word_1_785' title='bbox 2598 4059 2664 4111; x_wconf 92' lang='lat' dir='ltr'><strong>ut</strong></span> <span class='ocrx_word' id='word_1_786' title='bbox 2683 4071 2858 4127; x_wconf 90' lang='lat' dir='ltr'><strong>quem</strong></span> <span class='ocrx_word' id='word_1_787' title='bbox 2880 4054 3041 4110; x_wconf 89' lang='lat' dir='ltr'><strong>vides</strong></span> <span class='ocrx_word' id='word_1_788' title='bbox 3064 4057 3300 4125; x_wconf 81' lang='lat' dir='ltr'><strong>peccata</strong></span> <span class='ocrx_word' id='word_1_789' title='bbox 3317 4052 3655 4123; x_wconf 87' lang='lat' dir='ltr'><strong>delinquen-</strong></span> 
     </span>
    </p>
   </div>
   <div class='ocr_carea' id='block_1_101' title="bbox 2007 4139 3653 4218">
    <p class='ocr_par' dir='ltr' id='par_1_101' title="bbox 2007 4139 3653 4218">
     <span class='ocr_line' id='line_1_101' title="bbox 2007 4139 3653 4218; baseline -0.007 -14"><span class='ocrx_word' id='word_1_790' title='bbox 2007 4148 2154 4204; x_wconf 89' lang='lat' dir='ltr'><strong>tium</strong></span> <span class='ocrx_word' id='word_1_791' title='bbox 2174 4146 2272 4201; x_wconf 91' lang='lat' dir='ltr'><strong>diu</strong></span> <span class='ocrx_word' id='word_1_792' title='bbox 2291 4145 2578 4218; x_wconf 88' lang='lat' dir='ltr'><strong>patienter</strong></span> <span class='ocrx_word' id='word_1_793' title='bbox 2594 4144 2922 4215; x_wconf 87' lang='lat' dir='ltr'><strong>ferre,scias</strong></span> <span class='ocrx_word' id='word_1_794' title='bbox 2934 4142 3091 4197; x_wconf 91' lang='lat' dir='ltr'><strong>hunc</strong></span> <span class='ocrx_word' id='word_1_795' title='bbox 3108 4141 3458 4213; x_wconf 88' lang='lat' dir='ltr'><strong>quandoque</strong></span> <span class='ocrx_word' id='word_1_796' title='bbox 3477 4139 3653 4195; x_wconf 90' lang='lat' dir='ltr'><strong>etiam</strong></span> 
     </span>
    </p>
   </div>
   <div class='ocr_carea' id='block_1_102' title="bbox 2009 4226 3653 4306">
    <p class='ocr_par' dir='ltr' id='par_1_102' title="bbox 2009 4226 3653 4306">
     <span class='ocr_line' id='line_1_102' title="bbox 2009 4226 3653 4306; baseline -0.007 -13"><span class='ocrx_word' id='word_1_797' title='bbox 2009 4235 2270 4293; x_wconf 86' lang='lat' dir='ltr'><strong>districto</strong></span> <span class='ocrx_word' id='word_1_798' title='bbox 2293 4233 2582 4306; x_wconf 86' lang='lat' dir='ltr'><strong>judicare.</strong></span> <span class='ocrx_word' id='word_1_799' title='bbox 2618 4232 2764 4288; x_wconf 86' lang='lat' dir='ltr'><strong>Hinc</strong></span> <span class='ocrx_word' id='word_1_800' title='bbox 2811 4248 2914 4302; x_wconf 90' lang='lat' dir='ltr'><strong>per</strong></span> <span class='ocrx_word' id='word_1_801' title='bbox 2963 4229 3277 4301; x_wconf 86' lang='lat' dir='ltr'><strong>quemdam</strong></span> <span class='ocrx_word' id='word_1_802' title='bbox 3329 4226 3653 4298; x_wconf 86' lang='lat' dir='ltr'><strong>sapientem</strong></span> 
     </span>
    </p>
   </div>
   <div class='ocr_carea' id='block_1_103' title="bbox 2010 4315 3651 4390">
    <p class='ocr_par' dir='ltr' id='par_1_103' title="bbox 2010 4315 3651 4390">
     <span class='ocr_line' id='line_1_103' title="bbox 2010 4315 3651 4390; baseline -0.008 -9"><span class='ocrx_word' id='word_1_803' title='bbox 2010 4323 2260 4381; x_wconf 88' lang='lat' dir='ltr'><strong>dicitur:</strong></span> <span class='ocrx_word' id='word_1_804' title='bbox 2294 4323 2602 4378; x_wconf 73' lang='lat' dir='ltr'><strong>Altissimus</strong></span> <span class='ocrx_word' id='word_1_805' title='bbox 2632 4328 2712 4377; x_wconf 83' lang='lat' dir='ltr'><strong>est</strong></span> <span class='ocrx_word' id='word_1_806' title='bbox 2750 4321 2899 4375; x_wconf 85' lang='lat' dir='ltr'><strong>enim</strong></span> <span class='ocrx_word' id='word_1_807' title='bbox 2941 4319 3150 4390; x_wconf 83' lang='lat' dir='ltr'><strong>patiens</strong></span> <span class='ocrx_word' id='word_1_808' title='bbox 3198 4315 3437 4370; x_wconf 84' lang='lat' dir='ltr'><strong>redditor</strong></span> <span class='ocrx_word' id='word_1_809' title='bbox 3465 4315 3651 4382; x_wconf 85' lang='lat' dir='ltr'><strong>(Eccli.</strong></span> 
     </span>
    </p>
   </div>
   <div class='ocr_carea' id='block_1_104' title="bbox 2008 4403 3658 4484">
    <p class='ocr_par' dir='ltr' id='par_1_104' title="bbox 2008 4403 3658 4484">
     <span class='ocr_line' id='line_1_104' title="bbox 2008 4403 3658 4484; baseline -0.007 -15"><span class='ocrx_word' id='word_1_810' title='bbox 2008 4431 2063 4484; x_wconf 84' lang='grc' dir='ltr'><strong>ν,</strong></span> <span class='ocrx_word' id='word_1_811' title='bbox 2098 4414 2173 4481; x_wconf 67' lang='lat' dir='ltr'><strong>li).</strong></span> <span class='ocrx_word' id='word_1_812' title='bbox 2206 4411 2440 4468; x_wconf 89' lang='lat' dir='ltr'><strong>Patiens</strong></span> <span class='ocrx_word' id='word_1_813' title='bbox 2468 4410 2627 4466; x_wconf 90' lang='lat' dir='ltr'><strong>enim</strong></span> <span class='ocrx_word' id='word_1_814' title='bbox 2666 4407 2923 4465; x_wconf 88' lang='lat' dir='ltr'><strong>redditor</strong></span> <span class='ocrx_word' id='word_1_815' title='bbox 2969 4404 3199 4471; x_wconf 89' lang='lat' dir='ltr'><strong>dicitur,</strong></span> <span class='ocrx_word' id='word_1_816' title='bbox 3234 4403 3371 4475; x_wconf 88' lang='lat' dir='ltr'><strong>quia</strong></span> <span class='ocrx_word' id='word_1_817' title='bbox 3420 4406 3658 4475; x_wconf 89' lang='lat' dir='ltr'><strong>peccata</strong></span> 
     </span>
    </p>
   </div>
   <div class='ocr_carea' id='block_1_105' title="bbox 2009 4491 3657 4572">
    <p class='ocr_par' dir='ltr' id='par_1_105' title="bbox 2009 4491 3657 4572">
     <span class='ocr_line' id='line_1_105' title="bbox 2009 4491 3657 4572; baseline -0.007 -14"><span class='ocrx_word' id='word_1_818' title='bbox 2009 4500 2317 4558; x_wconf 90' lang='lat' dir='ltr'><strong>hominum</strong></span> <span class='ocrx_word' id='word_1_819' title='bbox 2348 4498 2571 4572; x_wconf 89' lang='lat' dir='ltr'><strong>patitur</strong></span> <span class='ocrx_word' id='word_1_820' title='bbox 2594 4501 2657 4553; x_wconf 90' lang='lat' dir='ltr'><strong>et</strong></span> <span class='ocrx_word' id='word_1_821' title='bbox 2686 4495 2895 4552; x_wconf 89' lang='lat' dir='ltr'><strong>reddit.</strong></span> <span class='ocrx_word' id='word_1_822' title='bbox 2928 4494 3073 4549; x_wconf 88' lang='lat' dir='ltr'><strong>Nam</strong></span> <span class='ocrx_word' id='word_1_823' title='bbox 3106 4509 3254 4564; x_wconf 87' lang='lat' dir='ltr'><strong>quos</strong></span> <span class='ocrx_word' id='word_1_824' title='bbox 3295 4491 3394 4547; x_wconf 91' lang='lat' dir='ltr'><strong>diu</strong></span> <span class='ocrx_word' id='word_1_825' title='bbox 3426 4495 3491 4546; x_wconf 91' lang='lat' dir='ltr'><strong>ut</strong></span> <span class='ocrx_word' id='word_1_826' title='bbox 3515 4508 3657 4547; x_wconf 84' lang='lat' dir='ltr'><strong>con-</strong></span> 
     </span>
    </p>
   </div>
   <div class='ocr_carea' id='block_1_106' title="bbox 2009 4581 3655 4652">
    <p class='ocr_par' dir='ltr' id='par_1_106' title="bbox 2009 4581 3655 4652">
     <span class='ocr_line' id='line_1_106' title="bbox 2009 4581 3655 4652; baseline -0.006 -7"><span class='ocrx_word' id='word_1_827' title='bbox 2009 4593 2311 4645; x_wconf 86' lang='lat' dir='ltr'><strong>vertantur</strong></span> <span class='ocrx_word' id='word_1_828' title='bbox 2352 4586 2580 4652; x_wconf 84' lang='lat' dir='ltr'><strong>tolerat,</strong></span> <span class='ocrx_word' id='word_1_829' title='bbox 2616 4602 2731 4641; x_wconf 90' lang='lat' dir='ltr'><strong>non</strong></span> <span class='ocrx_word' id='word_1_830' title='bbox 2780 4598 3089 4639; x_wconf 89' lang='lat' dir='ltr'><strong>conversos</strong></span> <span class='ocrx_word' id='word_1_831' title='bbox 3140 4581 3349 4636; x_wconf 90' lang='lat' dir='ltr'><strong>durius</strong></span> <span class='ocrx_word' id='word_1_832' title='bbox 3394 4581 3655 4637; x_wconf 90' lang='lat' dir='ltr'><strong>damnat.</strong></span> 
     </span>
    </p>
   </div>
   <div class='ocr_carea' id='block_1_107' title="bbox 2010 4668 3659 4747">
    <p class='ocr_par' dir='ltr' id='par_1_107' title="bbox 2010 4668 3659 4747">
     <span class='ocr_line' id='line_1_107' title="bbox 2010 4668 3659 4747; baseline -0.005 -14"><span class='ocrx_word' id='word_1_833' title='bbox 2010 4677 2151 4733; x_wconf 86' lang='lat' dir='ltr'><strong>Vult</strong></span> <span class='ocrx_word' id='word_1_834' title='bbox 2178 4676 2335 4733; x_wconf 90' lang='lat' dir='ltr'><strong>enim</strong></span> <span class='ocrx_word' id='word_1_835' title='bbox 2366 4674 2583 4747; x_wconf 89' lang='lat' dir='ltr'><strong>placari</strong></span> <span class='ocrx_word' id='word_1_836' title='bbox 2616 4671 2912 4745; x_wconf 87' lang='lat' dir='ltr'><strong>precibus,</strong></span> <span class='ocrx_word' id='word_1_837' title='bbox 2944 4670 3043 4742; x_wconf 91' lang='lat' dir='ltr'><strong>qui</strong></span> <span class='ocrx_word' id='word_1_838' title='bbox 3093 4669 3204 4725; x_wconf 90' lang='lat' dir='ltr'><strong>scit</strong></span> <span class='ocrx_word' id='word_1_839' title='bbox 3254 4668 3394 4741; x_wconf 88' lang='lat' dir='ltr'><strong>quia</strong></span> <span class='ocrx_word' id='word_1_840' title='bbox 3440 4668 3659 4742; x_wconf 88' lang='lat' dir='ltr'><strong>portari</strong></span> 
     </span>
    </p>
   </div>
   <div class='ocr_carea' id='block_1_108' title="bbox 2012 4757 3658 4837">
    <p class='ocr_par' dir='ltr' id='par_1_108' title="bbox 2012 4757 3658 4837">
     <span class='ocr_line' id='line_1_108' title="bbox 2012 4757 3658 4837; baseline -0.005 -16"><span class='ocrx_word' id='word_1_841' title='bbox 2012 4783 2129 4823; x_wconf 89' lang='lat' dir='ltr'><strong>non</strong></span> <span class='ocrx_word' id='word_1_842' title='bbox 2158 4764 2346 4837; x_wconf 90' lang='lat' dir='ltr'><strong>possit</strong></span> <span class='ocrx_word' id='word_1_843' title='bbox 2376 4764 2563 4819; x_wconf 90' lang='lat' dir='ltr'><strong>iratus</strong></span> <span class='ocrx_word' id='word_1_844' title='bbox 2587 4778 2599 4817; x_wconf 92' lang='lat'>:</span> <span class='ocrx_word' id='word_1_845' title='bbox 2624 4777 2760 4819; x_wconf 90' lang='lat' dir='ltr'><strong>cum</strong></span> <span class='ocrx_word' id='word_1_846' title='bbox 2791 4759 2985 4815; x_wconf 89' lang='lat' dir='ltr'><strong>adhuc</strong></span> <span class='ocrx_word' id='word_1_847' title='bbox 3015 4775 3238 4814; x_wconf 89' lang='lat' dir='ltr'><strong>moram</strong></span> <span class='ocrx_word' id='word_1_848' title='bbox 3275 4758 3413 4813; x_wconf 89' lang='lat' dir='ltr'><strong>facit</strong></span> <span class='ocrx_word' id='word_1_849' title='bbox 3442 4757 3658 4829; x_wconf 85' lang='lat' dir='ltr'><strong>venire,</strong></span> 
     </span>
    </p>
   </div>
   <div class='ocr_carea' id='block_1_109' title="bbox 2010 4845 3660 4927">
    <p class='ocr_par' dir='ltr' id='par_1_109' title="bbox 2010 4845 3660 4927">
     <span class='ocr_line' id='line_1_109' title="bbox 2010 4845 3660 4927; baseline -0.006 -17"><span class='ocrx_word' id='word_1_850' title='bbox 2010 4853 2362 4927; x_wconf 83' lang='lat' dir='ltr'><strong>legationem</strong></span> <span class='ocrx_word' id='word_1_851' title='bbox 2394 4849 2556 4924; x_wconf 88' lang='lat' dir='ltr'><strong>pacis</strong></span> <span class='ocrx_word' id='word_1_852' title='bbox 2585 4849 2858 4906; x_wconf 88' lang='lat' dir='ltr'><strong>sustinet.</strong></span> <span class='ocrx_word' id='word_1_853' title='bbox 2884 4847 3154 4904; x_wconf 89' lang='lat' dir='ltr'><strong>Venisset</strong></span> <span class='ocrx_word' id='word_1_854' title='bbox 3176 4848 3303 4920; x_wconf 90' lang='lat' dir='ltr'><strong>jam</strong></span> <span class='ocrx_word' id='word_1_855' title='bbox 3335 4863 3589 4918; x_wconf 89' lang='lat' dir='ltr'><strong>namque</strong></span> <span class='ocrx_word' id='word_1_856' title='bbox 3610 4845 3660 4900; x_wconf 89' lang='lat' dir='ltr'><strong>si</strong></span> 
     </span>
    </p>
   </div>
   <div class='ocr_carea' id='block_1_110' title="bbox 2011 4932 3659 5012">
    <p class='ocr_par' dir='ltr' id='par_1_110' title="bbox 2011 4932 3659 5012">
     <span class='ocr_line' id='line_1_110' title="bbox 2011 4932 3659 5012; baseline -0.008 -12"><span class='ocrx_word' id='word_1_857' title='bbox 2011 4943 2202 5012; x_wconf 91' lang='lat' dir='ltr'><strong>vellet,</strong></span> <span class='ocrx_word' id='word_1_858' title='bbox 2235 4945 2292 4998; x_wconf 89' lang='lat' dir='ltr'><strong>et</strong></span> <span class='ocrx_word' id='word_1_859' title='bbox 2321 4943 2563 4998; x_wconf 89' lang='lat' dir='ltr'><strong>cunctos</strong></span> <span class='ocrx_word' id='word_1_860' title='bbox 2592 4955 2733 4995; x_wconf 91' lang='lat' dir='ltr'><strong>suos</strong></span> <span class='ocrx_word' id='word_1_861' title='bbox 2765 4936 3126 4994; x_wconf 88' lang='lat' dir='ltr'><strong>adversarios</strong></span> <span class='ocrx_word' id='word_1_862' title='bbox 3158 4936 3523 4992; x_wconf 89' lang='lat' dir='ltr'><strong>trucidasset.</strong></span> <span class='ocrx_word' id='word_1_863' title='bbox 3549 4932 3659 4988; x_wconf 89' lang='lat' dir='ltr'><strong>Sed</strong></span> 
     </span>
    </p>
   </div>
   <div class='ocr_carea' id='block_1_111' title="bbox 2012 5020 3662 5104">
    <p class='ocr_par' dir='ltr' id='par_1_111' title="bbox 2012 5020 3662 5104">
     <span class='ocr_line' id='line_1_111' title="bbox 2012 5020 3662 5104; baseline -0.01 -15"><span class='ocrx_word' id='word_1_864' title='bbox 2012 5036 2072 5090; x_wconf 87' lang='lat' dir='ltr'><strong>et</strong></span> <span class='ocrx_word' id='word_1_865' title='bbox 2099 5046 2278 5104; x_wconf 84' lang='lat' dir='ltr'><strong>quam</strong></span> <span class='ocrx_word' id='word_1_866' title='bbox 2309 5026 2588 5086; x_wconf 88' lang='lat' dir='ltr'><strong>terribilis</strong></span> <span class='ocrx_word' id='word_1_867' title='bbox 2616 5026 2811 5083; x_wconf 91' lang='lat' dir='ltr'><strong>veniet</strong></span> <span class='ocrx_word' id='word_1_868' title='bbox 2850 5025 3089 5093; x_wconf 88' lang='lat' dir='ltr'><strong>indicat,</strong></span> <span class='ocrx_word' id='word_1_869' title='bbox 3124 5029 3181 5080; x_wconf 90' lang='lat' dir='ltr'><strong>ct</strong></span> <span class='ocrx_word' id='word_1_870' title='bbox 3227 5028 3423 5078; x_wconf 88' lang='lat' dir='ltr'><strong>tamen</strong></span> <span class='ocrx_word' id='word_1_871' title='bbox 3468 5020 3539 5075; x_wconf 91' lang='lat' dir='ltr'><strong>ad</strong></span> <span class='ocrx_word' id='word_1_872' title='bbox 3570 5035 3662 5073; x_wconf 83' lang='lat' dir='ltr'><strong>ve-</strong></span> 
     </span>
    </p>
   </div>
   <div class='ocr_carea' id='block_1_112' title="bbox 2013 5106 3657 5188">
    <p class='ocr_par' dir='ltr' id='par_1_112' title="bbox 2013 5106 3657 5188">
     <span class='ocr_line' id='line_1_112' title="bbox 2013 5106 3657 5188; baseline -0.01 -12"><span class='ocrx_word' id='word_1_873' title='bbox 2013 5120 2294 5177; x_wconf 88' lang='lat' dir='ltr'><strong>niendum</strong></span> <span class='ocrx_word' id='word_1_874' title='bbox 2317 5117 2511 5174; x_wconf 87' lang='lat' dir='ltr'><strong>tardat</strong></span> <span class='ocrx_word' id='word_1_875' title='bbox 2533 5132 2547 5171; x_wconf 89' lang='lat'><strong>:</strong></span> <span class='ocrx_word' id='word_1_876' title='bbox 2575 5116 2715 5188; x_wconf 89' lang='lat' dir='ltr'><strong>quia</strong></span> <span class='ocrx_word' id='word_1_877' title='bbox 2734 5132 2849 5171; x_wconf 92' lang='lat' dir='ltr'><strong>non</strong></span> <span class='ocrx_word' id='word_1_878' title='bbox 2864 5112 3257 5170; x_wconf 88' lang='lat' dir='ltr'><strong>vultinvenirc</strong></span> <span class='ocrx_word' id='word_1_879' title='bbox 3269 5126 3417 5182; x_wconf 92' lang='lat' dir='ltr'><strong>quos</strong></span> <span class='ocrx_word' id='word_1_880' title='bbox 3429 5106 3657 5179; x_wconf 87' lang='lat' dir='ltr'><strong>puniat,</strong></span> 
     </span>
    </p>
   </div>
   <div class='ocr_carea' id='block_1_113' title="bbox 2013 5194 3658 5281">
    <p class='ocr_par' dir='ltr' id='par_1_113' title="bbox 2013 5194 3658 5281">
     <span class='ocr_line' id='line_1_113' title="bbox 2013 5194 3658 5281; baseline -0.01 -17"><span class='ocrx_word' id='word_1_881' title='bbox 2013 5208 2115 5281; x_wconf 92' lang='lat' dir='ltr'><strong>qui</strong></span> <span class='ocrx_word' id='word_1_882' title='bbox 2143 5206 2303 5264; x_wconf 89' lang='lat' dir='ltr'><strong>venit</strong></span> <span class='ocrx_word' id='word_1_883' title='bbox 2331 5222 2588 5278; x_wconf 54' lang='lat' dir='ltr'><strong>querere</strong></span> <span class='ocrx_word' id='word_1_884' title='bbox 2618 5209 2677 5260; x_wconf 89' lang='lat' dir='ltr'><strong>et</strong></span> <span class='ocrx_word' id='word_1_885' title='bbox 2709 5202 2935 5260; x_wconf 91' lang='lat' dir='ltr'><strong>salvum</strong></span> <span class='ocrx_word' id='word_1_886' title='bbox 2966 5204 3152 5257; x_wconf 88' lang='lat' dir='ltr'><strong>facere</strong></span> <span class='ocrx_word' id='word_1_887' title='bbox 3184 5198 3333 5270; x_wconf 91' lang='lat' dir='ltr'><strong>quod</strong></span> <span class='ocrx_word' id='word_1_888' title='bbox 3386 5194 3658 5267; x_wconf 89' lang='lat' dir='ltr'><strong>perierat,</strong></span> 
     </span>
    </p>
   </div>
   <div class='ocr_carea' id='block_1_114' title="bbox 2012 5280 3659 5371">
    <p class='ocr_par' dir='ltr' id='par_1_114' title="bbox 2012 5280 3659 5371">
     <span class='ocr_line' id='line_1_114' title="bbox 2012 5280 3659 5371; baseline -0.009 -17"><span class='ocrx_word' id='word_1_889' title='bbox 2012 5280 2112 5371; x_wconf 86' lang='lat' dir='ltr'><strong>qui</strong></span> <span class='ocrx_word' id='word_1_890' title='bbox 2144 5296 2270 5353; x_wconf 91' lang='lat' dir='ltr'><strong>vult</strong></span> <span class='ocrx_word' id='word_1_891' title='bbox 2298 5312 2504 5351; x_wconf 89' lang='lat' dir='ltr'><strong>omnes</strong></span> <span class='ocrx_word' id='word_1_892' title='bbox 2534 5293 2805 5350; x_wconf 86' lang='lat' dir='ltr'><strong>homines</strong></span> <span class='ocrx_word' id='word_1_893' title='bbox 2853 5290 3042 5346; x_wconf 89' lang='lat' dir='ltr'><strong>salvos</strong></span> <span class='ocrx_word' id='word_1_894' title='bbox 3090 5286 3231 5353; x_wconf 80' lang='lat' dir='ltr'><strong>fieri,</strong></span> <span class='ocrx_word' id='word_1_895' title='bbox 3268 5288 3324 5339; x_wconf 89' lang='lat' dir='ltr'><strong>et</strong></span> <span class='ocrx_word' id='word_1_896' title='bbox 3362 5280 3659 5371; x_wconf 88' lang='lat' dir='ltr'><strong>neminem</strong></span> 
     </span>
    </p>
   </div>
   <div class='ocr_carea' id='block_1_115' title="bbox 2010 5370 3659 5457">
    <p class='ocr_par' dir='ltr' id='par_1_115' title="bbox 2010 5370 3659 5457">
     <span class='ocr_line' id='line_1_115' title="bbox 2010 5370 3659 5457; baseline -0.008 -15"><span class='ocrx_word' id='word_1_897' title='bbox 2010 5370 2135 5442; x_wconf 83' lang='lat' dir='ltr'><strong>vult</strong></span> <span class='ocrx_word' id='word_1_898' title='bbox 2164 5384 2372 5457; x_wconf 88' lang='lat' dir='ltr'><strong>perire,</strong></span> <span class='ocrx_word' id='word_1_899' title='bbox 2397 5382 2497 5456; x_wconf 90' lang='lat' dir='ltr'><strong>qui</strong></span> <span class='ocrx_word' id='word_1_900' title='bbox 2526 5398 2731 5438; x_wconf 90' lang='lat' dir='ltr'><strong>omnes</strong></span> <span class='ocrx_word' id='word_1_901' title='bbox 2762 5380 2835 5435; x_wconf 88' lang='lat' dir='ltr'><strong>ad</strong></span> <span class='ocrx_word' id='word_1_902' title='bbox 2866 5377 3113 5434; x_wconf 85' lang='lat' dir='ltr'><strong>salutem</strong></span> <span class='ocrx_word' id='word_1_903' title='bbox 3145 5373 3418 5444; x_wconf 87' lang='lat' dir='ltr'><strong>dignatus</strong></span> <span class='ocrx_word' id='word_1_904' title='bbox 3450 5375 3541 5427; x_wconf 91' lang='lat' dir='ltr'><strong>est</strong></span> <span class='ocrx_word' id='word_1_905' title='bbox 3568 5370 3659 5428; x_wconf 87' lang='lat' dir='ltr'><strong>in-</strong></span> 
     </span>
    </p>
   </div>
   <div class='ocr_carea' id='block_1_116' title="bbox 2010 5459 3661 5543">
    <p class='ocr_par' dir='ltr' id='par_1_116' title="bbox 2010 5459 3661 5543">
     <span class='ocr_line' id='line_1_116' title="bbox 2010 5459 3661 5543; baseline -0.007 -12"><span class='ocrx_word' id='word_1_906' title='bbox 2010 5474 2192 5531; x_wconf 85' lang='lat' dir='ltr'><strong>vitare</strong></span> <span class='ocrx_word' id='word_1_907' title='bbox 2226 5490 2239 5528; x_wconf 93' lang='lat'>:</span> <span class='ocrx_word' id='word_1_908' title='bbox 2275 5475 2475 5539; x_wconf 83' lang='lat' dir='ltr'><strong>Venite,</strong></span> <span class='ocrx_word' id='word_1_909' title='bbox 2508 5470 2803 5543; x_wconf 88' lang='lat' dir='ltr'><strong>inquiens,</strong></span> <span class='ocrx_word' id='word_1_910' title='bbox 2835 5467 2905 5522; x_wconf 84' lang='lat' dir='ltr'><strong>ad</strong></span> <span class='ocrx_word' id='word_1_911' title='bbox 2936 5481 3020 5520; x_wconf 86' lang='lat' dir='ltr'><strong>me</strong></span> <span class='ocrx_word' id='word_1_912' title='bbox 3048 5478 3229 5520; x_wconf 83' lang='lat' dir='ltr'><strong>omnes</strong></span> <span class='ocrx_word' id='word_1_913' title='bbox 3259 5462 3356 5533; x_wconf 84' lang='lat' dir='ltr'><strong>qui</strong></span> <span class='ocrx_word' id='word_1_914' title='bbox 3402 5459 3661 5519; x_wconf 82' lang='lat' dir='ltr'><strong>laboratis</strong></span> 
     </span>
    </p>
   </div>
   <div class='ocr_carea' id='block_1_117' title="bbox 2010 5549 3661 5635">
    <p class='ocr_par' dir='ltr' id='par_1_117' title="bbox 2010 5549 3661 5635">
     <span class='ocr_line' id='line_1_117' title="bbox 2010 5549 3661 5635; baseline -0.01 -16"><span class='ocrx_word' id='word_1_915' title='bbox 2010 5570 2065 5618; x_wconf 82' lang='lat' dir='ltr'><strong>et</strong></span> <span class='ocrx_word' id='word_1_916' title='bbox 2088 5563 2296 5635; x_wconf 80' lang='lat' dir='ltr'><strong>operati</strong></span> <span class='ocrx_word' id='word_1_917' title='bbox 2322 5562 2470 5626; x_wconf 84' lang='lat' dir='ltr'><strong>estis,</strong></span> <span class='ocrx_word' id='word_1_918' title='bbox 2502 5567 2554 5614; x_wconf 79' lang='lat' dir='ltr'><strong>et</strong></span> <span class='ocrx_word' id='word_1_919' title='bbox 2580 5575 2678 5627; x_wconf 85' lang='lat' dir='ltr'><strong>ego</strong></span> <span class='ocrx_word' id='word_1_920' title='bbox 2722 5556 2966 5625; x_wconf 73' lang='lat' dir='ltr'><strong>reﬁciam</strong></span> <span class='ocrx_word' id='word_1_921' title='bbox 3012 5568 3099 5607; x_wconf 85' lang='lat' dir='ltr'><strong>vos</strong></span> <span class='ocrx_word' id='word_1_922' title='bbox 3147 5549 3353 5621; x_wconf 77' lang='lat' dir='ltr'><strong>(Matth.</strong></span> <span class='ocrx_word' id='word_1_923' title='bbox 3388 5566 3450 5621; x_wconf 78' lang='grc' dir='ltr'><strong>ιι,</strong></span> <span class='ocrx_word' id='word_1_924' title='bbox 3480 5549 3594 5621; x_wconf 83' lang='lat'><strong>28).</strong></span> <span class='ocrx_word' id='word_1_925' title='bbox 3632 5573 3661 5603; x_wconf 84' lang='grc'><strong>››</strong></span> 
     </span>
    </p>
   </div>
   <div class='ocr_carea' id='block_1_118' title="bbox 2013 5638 3668 5717">
    <p class='ocr_par' dir='ltr' id='par_1_118' title="bbox 2013 5638 3668 5717">
     <span class='ocr_line' id='line_1_118' title="bbox 2013 5638 3668 5717; baseline -0.01 -3"><span class='ocrx_word' id='word_1_926' title='bbox 2013 5651 2160 5714; x_wconf 76' lang='lat' dir='ltr'><strong>Hinc</strong></span> <span class='ocrx_word' id='word_1_927' title='bbox 2190 5652 2345 5710; x_wconf 88' lang='lat' dir='ltr'><strong>Beda</strong></span> <span class='ocrx_word' id='word_1_928' title='bbox 2368 5651 2428 5706; x_wconf 91' lang='lat' dir='ltr'><strong>in</strong></span> <span class='ocrx_word' id='word_1_929' title='bbox 2458 5645 2767 5717; x_wconf 83' lang='lat' dir='ltr'><strong>Evangelia</strong></span> <span class='ocrx_word' id='word_1_930' title='bbox 2802 5643 2967 5698; x_wconf 72' lang='lat' dir='ltr'><strong>Luca:</strong></span> <span class='ocrx_word' id='word_1_931' title='bbox 3002 5658 3014 5696; x_wconf 94' lang='lat'>:</span> <span class='ocrx_word' id='word_1_932' title='bbox 3053 5663 3078 5692; x_wconf 76' lang='grc' dir='ltr'>ι</span> <span class='ocrx_word' id='word_1_933' title='bbox 3111 5639 3348 5697; x_wconf 88' lang='lat' dir='ltr'><strong>Moralis</strong></span> <span class='ocrx_word' id='word_1_934' title='bbox 3378 5638 3668 5701; x_wconf 83' lang='lat' dir='ltr'><strong>Dominus</strong></span> 
     </span>
    </p>
   </div>
  </div>
