3970 6182
311 365 432 427 275

315 519 521 560 omnes
559 501 782 572 invitat,
815 518 921 558 nec
965 501 1222 558 volentes
1270 502 1558 576 repudiat,
1594 519 1700 558 nec
1748 501 1959 557 invitos
1987 501 2042 568 Α

318 591 541 666 alligat,
578 609 683 648 nec
714 593 995 648 adeuntes
1028 590 1238 661 rejicit,
1273 607 1380 646 nec
1409 591 1751 664 rogantibus
1781 591 1966 658 deest,

317 681 419 754 qui
451 697 626 753 prOpe
656 683 746 736 est
775 679 1053 735 omnibus
1082 679 1489 736 invocantibus
1517 697 1579 736 se
1610 681 1670 734 in
1701 679 1962 747 veritate,

315 774 586 826 scrutans
616 769 791 824 corda
827 773 885 824 et
932 785 1100 823 renes
1153 769 1328 834 Deus,
1363 767 1455 824 cui
1504 785 1638 824 cum
1690 769 1856 823 Patre
1903 767 1963 823 in

313 856 536 913 unitate
567 857 818 928 Spiritus
848 856 1037 912 sancti
1069 857 1314 912 debetur
1333 856 1528 914 omnis
1551 857 1738 912 honor
1752 860 1809 914 et
1831 857 1966 913 ado-

312 945 459 1003 ratio
490 961 593 1018 per
621 945 819 1002 omnia
849 945 1062 1002 saecula
1091 945 1458 1001 szeculorum.
1495 947 1692 1016 Amen.
1727 967 1756 995 »

883 1087 1120 1144 CAPUT
1171 1087 1388 1143 XXVII.

313 1203 458 1254 Ratio
485 1201 755 1252 reddenda
781 1203 958 1266 quarti
983 1202 1198 1264 βαρείαΙί
1245 1203 1440 1266 incipit,
1471 1205 1607 1266 quod
1649 1217 1740 1252 nos
1783 1206 1963 1252 contra

373 1275 857 1324 Przdestinatianos
913 1274 1279 1336 excerpsimus,
1327 1273 1566 1338 quodque
1621 1275 1961 1339 capitulorum

373 1368 486 1419 quae
512 1353 658 1402 nobis
687 1352 900 1402 dedistis
928 1354 1234 1415 compositor
1261 1367 1434 1402 errore
1475 1353 1634 1402 nimio
1681 1353 1960 1413 denotavit,

371 1425 619 1474 devocnns
648 1425 699 1472 in
730 1421 973 1480 medium,
1005 1421 1080 1470 ad
1106 1422 1525 1486 exaggerandam
1554 1424 1964 1488 reprehensionis

373 1498 561 1546 nostra!
586 1495 782 1550 notam,
814 1492 1186 1542 Antichristum
1208 1496 1257 1542 et
1285 1494 1468 1557 impios
1496 1495 1550 1544 in
1578 1509 1670 1544 sua
1701 1497 1963 1560 impietate

373 1567 661 1629 defunctos,
691 1567 742 1614 et
786 1567 907 1614 ante
954 1564 1231 1614 adventum
1281 1565 1478 1614 Christi
1525 1567 1644 1630 igne
1687 1565 1964 1618 damnatos

370 1639 579 1689 sterno.

381 1753 687 1810 Rationem
717 1753 1076 1808 reddendam
1123 1751 1316 1824 quarti
1364 1751 1608 1824 capituli
1655 1753 1959 1822 adeuntes,

309 1844 562 1918 gratiam
593 1841 806 1897 Christi
839 1839 1069 1896 Domini
1104 1841 1289 1897 nostri
1303 1841 1708 1934 deposcimus,
1732 1848 1797 1898 ut
1818 1841 1960 1900 sano
1989 1868 2038 1934 Β

309 1930 444 1988 fidei
475 1929 794 1993 intellectu,
818 1932 1089 1983 sanctaru
1100 1945 1274 1999 mque
1297 1929 1731 2002 Scripturarum
1756 1937 1956 1987 aucto-

310 2019 607 2087 ritatibus,
643 2021 700 2072 et
728 2017 1182 2072 orthodoxorum
1231 2017 1602 2084 testimoniis,
1637 2019 1710 2075 ab
1759 2021 1954 2076 obtre-

311 2111 600 2163 ctatorum
649 2109 988 2160 nostrorum
1037 2104 1593 2168 venundationibus.
1624 2106 1724 2178 qui
1753 2109 1824 2164 de
1853 2126 1955 2165 no-

310 2199 435 2254 stra
461 2194 844 2250 infamatione
864 2192 974 2248 sibi
1001 2198 1273 2264 quaerunt
1291 2209 1483 2249 emere
1501 2194 1693 2252 laudis
1712 2197 1952 2264 famam,

310 2284 560 2341 redimat
589 2299 696 2338 nos
726 2281 829 2354 qui
881 2281 1128 2337 redemit
1177 2281 1352 2336 Israel
1401 2298 1470 2337 ex
1517 2285 1794 2340 omnibus
1844 2285 1955 2342 ini-

309 2373 635 2446 quitatibus
666 2371 811 2436 suis,
841 2374 898 2426 et
947 2369 1023 2426 sit
1071 2369 1240 2426 nobis
1291 2387 1522 2443 semper
1573 2372 1631 2428 in
1679 2375 1954 2431 omnibus

309 2463 457 2518 211
493 2465 550 2516 et
580 2459 794 2531 ubique
824 2457 884 2512 in
917 2458 1102 2513 Deum
1135 2462 1538 2528 protectorem,
1573 2465 1630 2516 et
1660 2460 1718 2517 in
1759 2463 1952 2519 locum

309 2549 627 2614 munitum,
661 2551 727 2603 ut
763 2545 955 2602 salvos
1002 2547 1177 2602 faciat
1226 2563 1331 2602 nos
1381 2547 1454 2603 ab
1503 2549 1785 2606 hmreticae
1817 2569 1953 2624 pra-

305 2638 506 2696 vitatis
569 2633 919 2706 muscipulis
984 2635 1281 2708 captiosis.
1341 2637 1421 2692 De
1479 2637 1658 2708 hujus
1714 2640 1955 2712 capituli

308 2744 486 2785 sensu
514 2729 738 2782 veteres
767 2723 1263 2780 Praedestinatiani
1304 2725 1596 2796 dixerunt,
1631 2729 1785 2785 sicnt
1812 2728 1948 2802 Ygi-

307 2833 422 2873 nus
450 2815 676 2882 scribit,
706 2818 764 2870 et
791 2817 1031 2870 sanctus
1063 2814 1310 2888 Prosper
1355 2816 1720 2872 demonstrat
1756 2818 1952 2888 objec-

307 2905 465 2962 tione
488 2905 524 2958 9
552 2903 872 2970 Gallorum,
905 2903 1060 2974 quod
1093 2919 1208 2958 non
1240 2919 1343 2974 pro
1395 2903 1576 2959 totius
1624 2904 1830 2960 mundi
1864 2922 1952 2962 re-

305 2992 639 3067 demptione
668 2991 932 3048 Salvator
969 2991 1047 3046 sit
1091 2991 1424 3046 crucifixus.
1452 2991 1522 3046 Et
1566 2992 1707 3048 item
1763 2993 1954 3065 prima

301 3081 818 3140 Vincentianorum
863 3077 1188 3151 objections
1220 3095 1233 3132 :
1268 3079 1416 3144 Quia
1443 3079 1728 3138 Dominus
1758 3087 1955 3138 noster

299 3171 473 3230 Jesus
501 3168 772 3226 Christus
803 3185 916 3223 non
940 3183 1042 3240 pro
1064 3165 1328 3222 omnium
1353 3166 1660 3224 hominum
1682 3169 1870 3226 salute
1893 3175 1950 3226 et

301 3257 699 3330 redemptione
728 3256 805 3312 sit
835 3234 1064 3326 passus.
1096 3255 1166 3309 Et
1196 3254 1614 3312 Gothescalcus
1663 3274 1945 3314 novorum
1979 3234 2020 3300 C

295 3345 948 3402 Prtedestinatianorum
971 3341 1300 3414 signifer,in
1325 3341 1518 3398 libello
1541 3345 1612 3400 ad
1637 3345 1946 3402 Rabanum

295 3434 800 3508 archiepiscopum
833 3430 1264 3504 Moguntinum,
1297 3430 1380 3486 ita
1411 3431 1552 3487 dicit
1580 3433 1652 3488 ad
1700 3432 1892 3491 locum
1928 3452 1942 3492 :

296 3523 496 3580 «Illos
523 3539 726 3578 omnes
771 3519 982 3592 impios
1031 3524 1090 3575 ct
1133 3523 1484 3592 peccatores,
1517 3539 1665 3594 quos
1713 3523 1945 3596 pr0prio

293 3613 424 3670 fuso
455 3610 740 3682 sanguine
771 3608 953 3664 Filius
983 3607 1084 3664 Dei
1115 3609 1398 3663 redimere
1431 3609 1610 3676 venit,
1635 3610 1743 3668 hos
1765 3613 1947 3668 omni-

295 3700 550 3775 potentis
583 3699 681 3754 Dei
713 3696 946 3753 bonitas
977 3697 1048 3752 ad
1079 3695 1260 3751 vitam
1306 3697 1750 3768 praedestinatos
1799 3701 1944 3757 irre-

295 3787 677 3846 tractabiliter
704 3785 914 3842 salvari
949 3786 1358 3840 tantummodo
1392 3785 1526 3842 velit
1557 3803 1570 3842 :
1595 3792 1654 3842 et
1684 3805 1942 3857 rursum,

294 3875 427 3932 illos
453 3891 657 3930 omnes
687 3872 899 3944 impios
924 3877 981 3928 et
1009 3877 1361 3944 peccatores,
1395 3890 1499 3947 pro
1539 3875 1758 3948 quibus
1787 3876 1942 3934 idem

298 3962 479 4020 Filius
509 3961 610 4017 Dei
641 3977 745 4016 nec
775 3977 987 4032 corpus
1019 3961 1361 4033 assumpsit,
1387 3979 1492 4018 nec
1516 3963 1838 4020 orationem
1872 3984 1942 4022 ne

295 4049 424 4108 dico
455 4047 804 4122 sanguinem
835 4047 1004 4114 fudit,
1029 4065 1220 4121 neque
1252 4067 1354 4122 pro
1377 4049 1460 4106 eis
1484 4050 1602 4106 ullo
1625 4054 1798 4109 modo
1819 4072 1946 4110 cru-

294 4139 501 4196 ciﬁxus
532 4139 661 4205 fuit,
687 4139 903 4212 quippe
925 4155 1072 4210 quos
1094 4137 1380 4210 pessimos
1405 4141 1636 4198 futuros
1655 4160 1782 4198 esse
1805 4161 1944 4216 pra:-

293 4227 480 4295 scivit,
515 4245 778 4300 quosque
799 4225 1135 4299 justissima
1162 4227 1221 4282 in
1253 4232 1468 4284 (eterna
1493 4230 1942 4302 prmcipitandos

291 4321 584 4374 tormenta
612 4314 939 4388 praefinivit,
969 4315 1128 4388 ipsos
1157 4316 1396 4372 omnino
1421 4317 1705 4388 perpetim
1729 4320 1940 4376 salvari

291 4406 528 4478 penitus
559 4405 724 4460 nolit.
762 4426 790 4453 »
822 4404 1070 4476 Scripsit
1097 4409 1156 4460 et
1185 4403 1299 4460 alia
1327 4405 1439 4460 sub
1470 4405 1580 4461 hoc
1603 4423 1779 4462 sensu
1799 4408 1943 4464 mul-

291 4492 568 4565 tipliciter
596 4492 958 4563 replicando,
985 4509 1111 4564 qua:
1136 4492 1232 4548 hic
1267 4493 1630 4566 superfluum
1663 4495 1940 4553 duximus

291 4595 524 4652 ponere,
548 4595 683 4634 cum
706 4579 842 4635 hinc
865 4579 1114 4653 quisque
1134 4598 1374 4637 sensum
1398 4581 1558 4638 illius
1580 4583 1942 4642 sufficienter
1975 4602 2018 4666 υ

291 4667 479 4741 possit
524 4684 890 4740 cognoscere.
933 4669 1180 4740 Scripsit
1225 4675 1283 4726 et
1329 4671 1539 4727 domus
1584 4671 1938 4730 Prudentius

289 4755 352 4812 in
382 4773 534 4829 saepe
563 4759 884 4814 memorata
914 4757 1160 4830 epistola
1179 4759 1250 4813 ad
1273 4759 1636 4816 Wenilonem
1659 4761 1939 4834 archiepi-

289 4861 536 4918 scopum
584 4862 781 4913 suum,
831 4846 1305 4918 prO'ordinando
1351 4847 1530 4904 Ainea
1579 4849 1934 4906 Parisiorum

289 4933 583 5008 episcopo,
617 4933 874 5006 capitulo
903 4935 956 5001 3,
987 4927 1187 4990 dicens
1221 4951 1234 4990 :
1268 4959 1296 4986 ‹‹
1331 4935 1404 4992 Ut
1434 4938 1634 4993 credat
1663 4941 1721 4993 et
1748 4940 1934 4994 conﬁ-

287 5027 482 5081 teatur
509 5038 645 5078 cum
673 5023 950 5078 omnibus
979 5023 1300 5091 catholicis,
1328 5025 1677 5097 sanguinem
1699 5027 1933 5083 Domini

289 5113 474 5170 nostri
505 5113 644 5168 Jesu
677 5111 890 5168 Christi
921 5131 1024 5184 pro
1055 5113 1328 5168 omnibus
1359 5113 1699 5170 hominibus
1720 5132 1788 5171 ex
1811 5120 1932 5172 toto

289 5202 510 5257 mundo
541 5201 600 5255 in
633 5217 768 5256 eum
800 5199 1174 5257 credentibus
1206 5202 1402 5256 fusum
1437 5217 1449 5255 :
1475 5219 1590 5258 non
1612 5209 1806 5258 autem
1834 5221 1936 5274 pro

287 5287 404 5345 illis
426 5289 524 5360 qui
549 5304 856 5360 nunquam
879 5289 939 5342 in
960 5304 1094 5344 eum
1118 5289 1626 5355 crediderunt,nec
1649 5290 1936 5363 hodieque

287 5377 552 5442 credunt,
584 5393 888 5449 nunquam
917 5393 1022 5431 nec
1063 5375 1286 5432 credita
1339 5377 1761 5444 sunt,’dicente
1809 5379 1934 5450 ipso

289 5462 533 5519 Domino
557 5481 570 5520 :
599 5466 752 5522 Venit
777 5467 923 5521 enim
943 5467 1098 5535 ﬁlius
1119 5466 1357 5520 hominis
1375 5482 1488 5520 non
1507 5465 1936 5533 ministrari,sed

288 5551 623 5617 ministrare,
655 5561 706 5608 et
732 5553 864 5608 dare
894 5556 1143 5616 animam
1184 5569 1345 5608 suam
1391 5552 1808 5624 redemptionem
1833 5571 1936 5626 pro

287 5639 474 5694 multis
527 5639 730 5708 (Matth.
783 5659 874 5706 xx,
923 5642 1032 5713 28).
1081 5665 1108 5690 ιι
1157 5642 1226 5697 Et
1273 5641 1630 5714 compositor
1684 5641 1932 5699 istorum

1259 367 1646 430 HINCMARI
1697 365 2138 430 RHEMENSIS
2182 368 2774 436 AHCHIEPISCOPI

3603 377 3716 440 2'76

2075 503 2718 578 capitulorum,quibus
2730 525 2836 564 nos
2857 507 3206 582 respondere
3219 509 3719 584 jussistis,quarto

2073 591 2330 663 capitulo
2369 593 2556 650 dicit:
2591 618 2618 644 «
2654 596 2798 651 Item
2849 597 2921 652 de
2969 597 3368 670 redemptione
3415 601 3720 673 sanguinis

2074 679 2309 748 Christi,
2344 687 2580 754 propter
2609 685 2857 740 nimium
2890 703 3145 742 errorem
3177 687 3276 759 qui
3308 687 3380 744 de
3409 687 3518 744 hac
3547 706 3722 746 causa

2072 773 2308 826 exortus
2337 777 2446 838 est,
2479 772 2560 827 ita
2590 779 2655 827 ut
2684 774 2944 845 quidam,
2980 775 3134 830 sicut
3164 793 3364 832 eorum
3398 777 3615 850 scripta
3634 779 3718 834 in-

2053 857 2291 926 dicant,
2329 860 2505 915 etiam
2537 877 2642 932 pro
2673 859 2788 918 illis
2819 863 3042 934 impiis,
3075 864 3174 936 qui
3207 866 3466 921 amundi
3489 867 3719 924 exordio

2073 963 2261 1018 usque
2290 948 2362 1003 ad
2395 949 2728 1020 passionem
2762 951 2995 1006 Domini
3026 951 3085 1007 in
3117 969 3225 1009 sua
3255 952 3554 1026 impietate
3577 972 3721 1012 mor-

2071 1035 2156 1090 tui
2173 1041 2388 1092 teterna
2403 1037 2784 1094 damnatione
2807 1039 2996 1112 puniti
3020 1043 3438 1108 sunt,eﬁ‘usum
3460 1061 3596 1100 eum
3619 1045 3721 1100 dif-

2072 1124 2301 1193 ﬁniant,
2335 1131 2538 1182 contra
2564 1125 2708 1182 illud
2760 1128 3170 1200 propheticum
3195 1147 3208 1184 :
3233 1131 3338 1187 Ero
3367 1148 3514 1188 mors
3545 1141 3658 1200 tua,
3693 1150 3722 1190 0

2069 1230 2238 1282 mors,
2268 1231 2360 1272 ero
2388 1231 2604 1272 morsus
2633 1225 2781 1282 tuus,
2815 1219 3032 1288 inferne
3058 1217 3202 1287 (Ose.
3235 1237 3358 1289 xm,
3392 1221 3500 1293 14).
3532 1244 3560 1270 ››

2143 1303 2426 1359 Miramur
2474 1320 2580 1360 cur
2626 1304 2872 1361 istorum
2925 1307 3282 1380 compositor
3329 1309 3719 1381 capitulorum

2069 1391 2268 1448 omisit
2298 1393 2454 1464 quod
2488 1392 2750 1466 quidam,
2785 1395 2854 1450 ad
2889 1396 3278 1454 confutandos
3310 1398 3585 1471 nos,quia
3604 1417 3719 1456 non

2069 1485 2222 1536 recte
2251 1481 2571 1538 dixerimus
2603 1483 2901 1538 Christum
2934 1501 3038 1558 pro
3069 1486 3348 1544 omnibus
3378 1487 3720 1560 passum,li-

2069 1575 2160 1626 cet
2189 1587 2304 1626 non
2337 1587 2540 1627 omnes
2572 1571 2863 1643 passionis
2893 1574 3022 1645 ejus
3048 1575 3332 1646 mysterio
3355 1575 3476 1631 sint
3495 1576 3721 1632 redem-

2069 1659 2177 1733 pti,
2200 1659 2401 1732 impiis
2431 1665 2488 1716 et
2519 1661 2941 1732 peccatoribus,
2958 1662 3030 1717 ab
3053 1661 3222 1718 initio
3245 1664 3450 1720 mundi
3474 1681 3578 1738 pro
3599 1665 3726 1721 suis

2071 1747 2391 1804 sceleribus
2435 1749 2494 1804 in
2543 1749 2838 1804 infernum
2889 1750 3174 1807 demersis
3222 1755 3280 1808 et
3325 1753 3730 1811 zeternitaliter

2071 1837 2422 1904 crueiandis,
2457 1835 2754 1892 diabolum
2787 1853 2920 1892 cum
2966 1838 3092 1894 suis
3141 1840 3366 1912 refugis
3414 1841 3642 1914 angelis
3674 1847 3730 1899 et

2065 1924 2489 1980 Antichristum
2523 1925 2712 1980 solent
2743 1942 3053 1998 apponere.
3077 1928 3232 1993 Quos
3263 1944 3398 1984 cum
3421 1929 3552 1985 aliis
3573 1929 3725 1985 stul-

2065 2012 2194 2068 titia
2223 2013 2468 2085 perditis
2498 2012 2557 2068 in
2593 2012 2742 2069 libro
2775 2015 2848 2070 de
2888 2015 3295 2072 Consolatione
3337 2016 3724 2090 philosophia:

2068 2102 2244 2174 (parte
2283 2119 2322 2167 ι,
2352 2119 2473 2173 cap.
2506 2103 2561 2172 9)
2595 2101 2832 2158 Boetius
2879 2102 3257 2176 complangit,
3291 2105 3492 2161 dicens
3523 2123 3538 2160 :
3569 2106 3727 2162 Eheu

2065 2207 2229 2264 quam
2258 2192 2484 2246 miseros
2521 2192 2738 2246 tramite
2779 2189 2960 2247 devios
3007 2191 3231 2248 abducit
3269 2194 3618 2264 ignorantia!
3656 2196 3726 2251 Et

2064 2285 2306 2336 sanctus
2351 2279 2664 2352 Gregorius
2696 2279 2754 2334 in
2783 2279 3004 2353 Regula
3051 2280 3330 2352 pastorali
3379 2283 3452 2338 de
3496 2282 3725 2341 talibus

2065 2368 2226 2434 dicit,
2259 2369 2398 2442 quia
2445 2370 2601 2442 quod
2653 2369 2868 2441 albugo
2917 2369 3070 2424 212
3099 2369 3160 2424 in
3192 2368 3382 2439 oculo,
3415 2370 3523 2427 hoc
3553 2389 3721 2428 arro-

2062 2457 2264 2528 gantia
2291 2457 2413 2529 agit
2435 2456 2492 2510 in
2517 2462 2712 2512 mente
2737 2475 2749 2512 :
2774 2474 2900 2528 quae
2923 2473 3060 2512 cum
3081 2458 3394 2514 candorem
3415 2458 3526 2515 sibi
3541 2460 3727 2531 justi-

2063 2547 2154 2600 tizn
2187 2562 2289 2601 seu
2323 2543 2620 2616 sapientiae
2655 2543 2876 2612 tribuit,
2910 2561 2944 2600 a
2973 2543 3103 2600 luce
3132 2562 3194 2601 se
3226 2564 3488 2620 superna:
3519 2550 3726 2622 cogni-

2064 2633 2241 2690 tionis
2271 2633 2546 2700 excludit,
2577 2639 2633 2689 et
2653 2649 2718 2688 eo
2739 2631 3065 2689 claritatem
3084 2635 3202 2691 veri
3228 2634 3470 2693 luminis
3492 2655 3722 2710 nequa-

2063 2739 2240 2796 quam
2272 2726 2556 2794 penetrat,
2591 2738 2706 2793 quo
2740 2739 2800 2777 se
2850 2722 3005 2792 apud
3056 2739 3120 2778 se
3168 2741 3272 2796 per
3315 2727 3720 2798 arrogantiam

2063 2811 2296 2878 exultat,
2333 2810 2489 2866 sicut
2517 2811 2590 2866 de
2619 2809 2973 2882 quibusdam
3005 2811 3262 2868 dicitur:
3293 2814 3535 2870 Dicentes
3564 2817 3721 2870 enim

2060 2916 2118 2957 se
2146 2916 2259 2956 esse
2285 2903 2574 2972 sapientes,
2606 2901 2763 2955 stulti
2787 2901 2923 2970 facti
2947 2909 3080 2956 sunt
3100 2901 3274 2970 (Rom.
3309 2919 3348 2968 ι,
3377 2905 3490 2970 22).
3510 2903 3721 2976 Scrip-

2063 2990 2138 3046 sit
2153 2989 2311 3044 enim
2330 2988 2568 3060 quidam
2585 2988 2696 3044 deli
2709 2977 3009 3061 rus,quem
3033 3007 3213 3062 supra
3230 2992 3718 3062 memoravimus,

2061 3082 2264 3133 contra
2293 3095 2400 3132 nos
2431 3077 2632 3132 dicens
2666 3093 2678 3131 :
2712 3101 2739 3128 ‹‹
2775 3078 2855 3134 De
2879 3079 3157 3145 secunda,
3178 3078 3472 3150 inquiens,
3493 3080 3723 3137 difﬁni-

2059 3165 2239 3232 tione,
2271 3183 2390 3238 qua
2416 3165 2477 3221 in
2509 3165 2627 3222 illis
2652 3165 2924 3238 capitulis
2943 3166 3266 3222 diffinitum
3288 3170 3562 3240 est,quod
3589 3169 3725 3226 nul-

2059 3253 2154 3310 lus
2184 3254 2360 3310 homo
2391 3259 2500 3321 est,
2528 3253 2638 3310 fuit
2668 3253 2752 3310 vel
2783 3255 2912 3319 erit,
2944 3272 3048 3327 pro
3070 3272 3184 3326 quo
3207 3255 3474 3312 Christus
3495 3275 3724 3329 passus

2057 3360 2173 3399 non
2208 3342 2397 3410 fuerit,
2423 3343 2562 3416 quid
2587 3341 2745 3398 aliud
2769 3343 3118 3415 respondere
3139 3361 3478 3416 possumus,
3502 3345 3624 3402 nisi
3654 3352 3724 3402 ut

2058 3433 2314 3506 primum
2345 3432 2505 3505 ipsos
2530 3431 2630 3504 qui
2654 3432 2762 3487 hoc
2785 3431 3150 3488 dit'ﬁnierunt
3171 3433 3374 3489 sedulo
3396 3434 3726 3507 interroge-

2059 3539 2212 3587 mus,
2245 3526 2302 3578 et
2331 3521 2775 3587 admoneamus,
2813 3525 2876 3576 ut
2894 3520 3204 3594 vigilanter
3225 3525 3282 3577 et
3303 3522 3553 3578 ﬁdeliter
3571 3542 3722 3596 pen-

2057 3626 2186 3666 sare
2216 3610 2508 3674 studeant,
2544 3627 2615 3665 ne
2638 3611 2783 3666 forte
2827 3609 3024 3666 minus
3078 3609 3498 3666 considerando
3549 3614 3724 3686 quod

2055 3698 2370 3754 dicendum
2403 3702 2546 3765 erat,
2575 3703 2776 3754 contra
2803 3698 2975 3754 [idem
3005 3703 3062 3753 et
3089 3697 3507 3755 conscientiam
3532 3718 3722 3756 suam

2053 3785 2194 3841 talia
2223 3785 2472 3842 dixerint
2492 3785 2928 3858 et-scripserint.
2943 3786 3090 3841 Nam
3113 3791 3178 3842 ut
3199 3791 3496 3845 taceamus
3517 3789 3594 3846 de
3617 3789 3724 3846 his

2053 3873 2154 3947 qui
2186 3891 2343 3930 nunc
2375 3879 2534 3942 sunt,
2567 3874 2654 3931 vol
2678 3874 2870 3930 adhuc
2892 3891 3079 3946 usque
3099 3875 3170 3930 ad
3193 3876 3370 3932 ﬁnem
3398 3878 3600 3934 seaculi
3631 3879 3728 3935 fu-

2053 3963 2170 4019 turi
2203 3968 2364 4029 sunt,
2386 3963 2444 4018 in
2464 3964 2680 4036 quibus
2699 3963 2900 4036 utique
2915 3962 3308 4020 Antichristus
3325 3965 3625 4033 erit,certe
3642 3968 3724 4024 de

2051 4051 2152 4108 illa
2169 4052 2583 4109 innumerabili
2604 4051 2986 4108 multitudine
3002 4051 3446 4126 impiorum,qui
3461 4053 3727 4110 fuerunt

2051 4141 2124 4196 ab
2155 4140 2320 4196 initio
2351 4141 2554 4196 mundi
2587 4158 2770 4213 usque
2801 4141 2873 4196 ad
2906 4140 3218 4198 adventum
3249 4141 3502 4209 Domini,
3538 4148 3604 4199 et
3653 4142 3722 4199 in

2052 4247 2160 4286 sua
2189 4230 2489 4302 impietate
2517 4229 2729 4284 mortui
2760 4235 2819 4284 et
2859 4229 3089 4286 azternis
3137 4229 3325 4302 poenis
3373 4235 3513 4286 sunt
3562 4249 3726 4288 con-

2053 4318 2330 4385 demnati,
2367 4334 2471 4372 nec
2504 4315 2662 4390 ipsos
2694 4318 2794 4390 qui
2825 4319 2934 4374 hoc
2963 4318 3236 4374 dixerunt
3264 4319 3498 4375 credere
3530 4326 3726 4392 puta-

2051 4423 2206 4472 mus,
2239 4407 2393 4479 quod
2430 4423 2532 4479 pro
2583 4406 2676 4462 bis
2718 4406 2777 4462 in
2829 4423 2938 4462 sua
2984 4406 3287 4479 impietate
3337 4408 3622 4475 mortuis,
3663 4413 3730 4466 et

2049 4499 2263 4550 aeterno
2286 4495 2412 4565 jam
2435 4494 2660 4566 judicio
2691 4495 3119 4562 condemnatis,
3155 4493 3440 4550 Dominus
3483 4511 3728 4567 passus

2047 4599 2176 4638 esse
2205 4583 2532 4638 credendus
2559 4583 2656 4639 sit.
2691 4583 2750 4638 Si
2782 4583 2937 4638 enim
2960 4599 3062 4655 pro
3085 4582 3177 4638 his
3202 4599 3413 4654 passus
3431 4600 3565 4640 esse
3590 4601 3734 4642 cre-

2045 4671 2223 4739 ditur,
2257 4688 2363 4726 cur
2390 4671 2568 4726 ctiam
2599 4688 2702 4743 pro
2734 4670 2966 4728 diabolo
2997 4675 3054 4727 et
3081 4670 3304 4743 angelis
3332 4671 3463 4742 ejus
3485 4671 3730 4729 simili-

2046 4764 2134 4815 ter
2163 4777 2372 4832 passus
2403 4776 2532 4815 esse
2561 4777 2674 4814 non
2700 4758 3000 4816 creditur?
3021 4781 3049 4810 ››
3072 4757 3178 4814 Cui
3198 4759 3628 4818 convenienter
3650 4779 3736 4820 ex

2045 4847 2354 4920 Evangelio
2382 4847 2575 4904 verbis
2613 4848 2934 4904 Dominicis
2982 4847 3333 4921 respondere
3379 4847 3672 4907 valemus
3712 4868 3729 4906 :

2043 4937 2215 4993 Erras
2247 4937 2514 4992 nesciens
2535 4935 2892 5008 Seripturas,
2915 4953 3102 5010 neque
3123 4935 3399 4992 virtutem
3427 4937 3738 4995 Dei.Pau-

2043 5023 2135 5080 lus
2164 5025 2466 5098 apostolus
2494 5024 2672 5082 dicit:
2697 5030 2993 5099 Nusquam
3020 5025 3170 5081 enim
3194 5023 3444 5098 angelos
3475 5041 3740 5098 appre-

2039 5116 2232 5170 hendit
2262 5115 2454 5183 (Hebr.
2488 5131 2550 5178 ιι,
2576 5114 2685 5186 16),
2713 5115 2855 5186 quin
2891 5115 3186 5180 Deus,sed
3203 5131 3396 5169 semen
3426 5116 3740 5174 Abrahae

2044 5203 2454 5274 apprehendit.
2491 5203 2651 5259 Unde
2679 5203 2936 5259 Joannes
2965 5203 3418 5276 Chrysostomus
3443 5217 3456 5254 :
3483 5223 3510 5251 «
3551 5205 3742 5269 Quia

2045 5306 2161 5345 non
2193 5307 2547 5363 quemquam
2581 5290 2924 5365 angelorum
2954 5289 3358 5364 apprehendit,
3384 5289 3442 5344 id
3463 5293 3564 5345 est
3593 5309 3740 5350 non

2043 5377 2357 5449 cujuslibet
2413 5378 2600 5451 angeli
2661 5385 2931 5435 naturam
2989 5378 3266 5451 suscepit,
3330 5376 3432 5433 sed
3489 5395 3746 5440 semen

2042 5465 2283 5520 Abrahae
2315 5469 2850 5538 apprehendit.Non
2879 5469 3036 5524 enim
3069 5466 3294 5540 angelis
3315 5471 3480 5521 tanta
3498 5467 3747 5542 digni-

2043 5559 2134 5610 tas
2164 5554 2378 5610 donata
2407 5559 2514 5623 est,
2541 5561 2604 5610 ut
2630 5557 2688 5610 in
2723 5575 2841 5612 una
2869 5573 3119 5628 persona
3144 5557 3244 5612 Dei
3273 5553 3456 5612 Filius
3485 5570 3747 5620 eorum

2043 5647 2264 5698 natura:
2295 5643 2748 5716 conjungeretur
2780 5663 2792 5698 :
2828 5645 2927 5700 sed
2961 5644 3116 5702 hunc
3147 5643 3426 5700 honorem
3451 5643 3507 5696 et
3545 5641 3750 5705 hanc
