3950 6172
218 373 337 437 277

855 428 862 433 .
945 375 1048 437 DE
1088 375 1850 441 PRIEDESTINATIONE
1891 375 2410 442 DISSERTATIO
2451 379 2918 450 POSTERIOR.

3511 385 3630 451 278

214 511 567 588 dignitatem
587 507 862 566 humanas
884 511 1102 566 naturae
1119 509 1274 566 Deus
1300 509 1404 567 Dei
1444 509 1622 568 Filius
1641 527 1871 569 conces-
1898 509 1954 579 Α
1982 514 2041 567 et
2070 509 2268 569 volens
2299 528 2502 571 earum
2533 514 2878 572 auctoritate
2915 517 3148 576 firmare
3176 520 3333 593 quod
3381 522 3628 580 dubium

215 603 312 672 sit,
345 605 418 657 ut
445 601 604 657 Deus
635 603 694 656 et
717 598 894 655 homo
923 615 1042 654 una
1068 603 1224 655 esset
1253 615 1522 672 persona.
1555 601 1742 666 Quare
1791 599 1874 656 di-

212 693 297 750 xit
313 689 720 765 apprehendit?
739 688 879 762 quia
906 705 1014 744 nos
1045 687 1213 761 quasi
1254 689 1591 745 recedentes
1621 688 1695 745 ab
1716 706 1783 746 eo
1813 694 1872 746 et

212 781 386 855 longe
417 779 715 854 fugientes
739 777 1043 834 insecutus
1073 777 1478 851 apprehendit,
1512 782 1571 834 et
1599 778 1661 835 in
1687 795 1867 835 unam

211 885 532 946 personam
563 871 775 924 nostra;
808 865 1140 940 fragilitatis
1166 870 1436 923 naturam
1469 867 1580 924 sibi
1602 873 1866 924 contem-

211 955 456 1032 peravit.
474 956 594 1012 Hoc
619 970 757 1028 ergo
785 952 1069 1009 redimere
1099 953 1302 1010 debuit
1331 955 1487 1027 quod
1517 957 1864 1028 assumpsit.

209 1047 284 1105 Ut
311 1047 528 1103 beatus
569 1043 884 1117 Gregorius
917 1041 978 1098 in
1016 1041 1164 1098 libro
1187 1060 1240 1098 ix
1264 1042 1402 1115 (cap.
1433 1043 1523 1114 28)
1557 1043 1865 1101 Moralium

211 1137 354 1195 dicit
387 1151 403 1192 :
439 1133 822 1208 Angelorum,
854 1131 1146 1204 inquiens,
1181 1131 1427 1204 spiritus
1457 1132 1672 1189 idcirco
1724 1133 1866 1190 irre-

210 1224 584 1284 missibiliter
611 1223 1016 1296 peccaverunt,
1031 1220 1170 1293 quia
1195 1224 1358 1278 tanto
1382 1221 1682 1278 robustius
1711 1227 1866 1279 stare

209 1318 501 1392 poterant,
526 1315 748 1386 quanto
776 1327 876 1367 eos
904 1309 1100 1366 carnis
1129 1309 1402 1366 admistio
1446 1327 1562 1366 non
1609 1311 1863 1368 tenebat.

210 1407 394 1464 Homo
413 1419 554 1460 vero
578 1401 796 1457 idcirco
815 1403 948 1474 post
966 1399 1200 1472 culpam
1223 1399 1454 1456 veniam
1477 1399 1710 1469 meruit,
1728 1402 1867 1474 quia

209 1511 313 1570 per
341 1491 584 1550 carnale
612 1507 828 1562 corpus
875 1487 1098 1562 aliquid
1147 1505 1262 1562 quo
1309 1489 1624 1563 semetipso
1673 1489 1868 1546 minor

208 1587 364 1642 esset
392 1580 642 1654 accepit.
674 1579 836 1636 Unde
865 1582 924 1634 et
952 1577 1108 1650 apud
1141 1582 1469 1651 respectum
1503 1577 1725 1650 judicis
1771 1597 1865 1636 ar-

207 1675 562 1748 gumentum
593 1668 832 1744 pietatis
857 1671 948 1724 est
975 1666 1098 1723 haec
1129 1667 1334 1723 eadem
1378 1667 1690 1724 inﬁrmitas
1737 1685 1864 1725 car-

208 1763 321 1820 nis.
349 1783 381 1812 ιθ

274 1851 382 1908 Est
411 1853 471 1906 et
500 1845 618 1904 alia
639 1862 820 1945 causa
840 1861 957 1918 qua
976 1844 1276 1943 perierunt
1307 1843 1762 1945 inreparabiliter
1895 1879 1942 1945 Β

205 1939 329 2014 fugi
358 1937 632 2012 spiritus,
667 1939 728 1991 et
754 1933 931 1990 homo
960 1932 1150 2006 gratia
1178 1932 1395 1988 meruit
1424 1933 1702 2006 reparari.
1736 1935 1859 1992 Sci-

203 2029 358 2097 licet,
393 2027 542 2100 quia
568 2023 840 2081 diabolus
871 2021 1110 2096 propria
1139 2021 1312 2094 periit
1337 2021 1858 2095 iniquitate,homo

202 2135 334 2176 vero
354 2117 542 2174 etiam
578 2111 867 2170 diabolica
896 2109 1291 2184 persuasione,
1311 2110 1465 2166 sicut
1491 2109 1774 2169 Alcuinus
1798 2111 1858 2169 in

201 2207 351 2264 libro
382 2202 837 2278 responsionum
863 2201 1151 2258 Geneseos
1181 2201 1252 2255 ad
1293 2199 1590 2272 Sigulfum
1618 2201 1859 2258 demon-

205 2300 370 2354 strat.
404 2293 574 2352 Unde
604 2295 663 2350 et
692 2292 933 2348 sanctus
960 2288 1301 2345 Ambrosius
1331 2287 1392 2344 in
1421 2289 1649 2362 psalmo
1686 2307 1858 2348 cxvm

204 2385 344 2442 dicit
376 2401 392 2440 :
429 2405 460 2434 κ
484 2383 758 2440 Fortasse
781 2379 944 2435 dicas
975 2395 990 2433 :
1025 2379 1151 2444 Qua
1179 2377 1404 2433 ratione
1436 2379 1588 2434 218
1619 2395 1734 2435 non
1768 2377 1856 2434 di-

203 2477 356 2531 ctum
389 2473 492 2540 sit,
527 2467 931 2527 misericordia
960 2465 1192 2522 Domini
1224 2465 1466 2539 plenum
1504 2471 1594 2523 est
1623 2467 1856 2540 coelum,

203 2563 336 2637 quia
363 2565 514 2618 sunt
543 2559 721 2616 etiam
750 2555 1045 2630 spiritales
1074 2554 1346 2627 nequitia:
1395 2553 1454 2609 in
1495 2554 1853 2612 coelestibus.
1905 2619 1916 2628 _

207 2653 312 2710 Sed
343 2668 466 2707 non
495 2647 614 2704 illae
645 2647 718 2702 ad
748 2660 1060 2702 commune
1081 2645 1212 2716 ejus
1233 2642 1611 2717 indulgentia
1634 2645 1855 2702 donum

202 2738 734 2809 remissionemque
753 2734 1046 2808 pertinent
1059 2731 1677 2805 peccatorum,quibus
1701 2733 1856 2808 ignis

201 2833 465 2889 servatur
495 2830 774 2883 internus.
804 2845 832 2873 ››
863 2823 934 2878 Et
962 2825 1202 2878 sanctus
1232 2821 1596 2894 Theophilus
1617 2821 1858 2878 Alexan-

201 2920 402 2976 drinus
421 2917 743 2991 episcopus
761 2911 822 2968 in
845 2911 1102 2968 secunda
1121 2909 1383 2984 synodali
1405 2909 1653 2982 epistola
1671 2909 1814 2967 dicit
1836 2929 1850 2968 :

202 3033 228 3060 α
251 3009 472 3066 Verum
497 3004 646 3079 quid
671 3003 786 3060 ista
807 3016 1224 3067 memoramus,
1244 3015 1378 3056 cum
1398 2998 1457 3054 in
1481 3003 1705 3055 tantam
1729 3015 1856 3057 eru-

200 3098 341 3172 perit
407 3095 698 3167 Origenes
750 3089 1104 3158 vecordiam,
1162 3086 1280 3143 imo
1355 3087 1733 3155 dementiam,
1789 3092 1857 3145 ut

202 3183 350 3242 aliud
381 3177 681 3240 Salvatori
711 3175 933 3233 crimen
966 3174 1274 3248 impingat,
1297 3173 1498 3230 dicens
1517 3191 1652 3230 eum
1671 3179 1729 3231 et
1749 3192 1853 3248 pro

1979 603 2089 656 est.
2121 601 2400 675 Origenes
2430 607 2649 671 autem,
2683 604 2905 677 absque
2925 605 3046 662 ullo
3067 608 3275 665 divinae
3293 611 3451 668 vocis
3471 612 3631 669 testi-

1980 688 2198 757 monio,
2225 690 2343 748 vim
2373 691 2558 748 facere
2589 691 2797 749 nititur
2825 693 3071 762 veritati,
3105 700 3162 752 et
3208 698 3490 756 exstincta
3535 701 3625 758 lu-

1979 795 2152 835 cerna
2180 777 2439 836 invenire
2468 797 2618 836 eam.
2654 783 2868 838 Fautor
2903 783 3258 852 daemonum,
3291 791 3348 842 et
3377 805 3492 844 non
3523 789 3627 845 ho-

1979 866 2230 936 minum,
2267 868 2487 925 crebris
2536 869 2850 927 calumniis
2892 871 3127 928 lacessit
3173 873 3385 930 Filium
3416 875 3539 944 Dei,
3572 881 3631 933 et

1975 957 2168 1013 denuo
2191 957 2624 1031 cruciﬁgit,non
2649 959 2981 1033 intelligens
3001 960 3056 1016 in
3077 978 3252 1034 quam
3279 963 3628 1035 profundam

1973 1049 2032 1101 et
2053 1045 2393 1102 horribilem
2413 1046 2730 1120 impietatis
2745 1049 3082 1120 voraginem
3105 1051 3464 1107 detrahatur.
3480 1053 3628 1110 Con-

1976 1149 2229 1207 sequens
2246 1135 2402 1191 enim
2423 1141 2513 1192 est
2532 1141 2597 1192 ut
2617 1137 2719 1209 qui
2757 1137 2952 1210 priora
2981 1139 3322 1212 susceperit,
3348 1141 3632 1214 suscipiat

1974 1226 2032 1279 et
2061 1240 2189 1296 qua:
2222 1228 2558 1296 sequentur,
2583 1229 2648 1280 ut
2676 1225 2778 1298 qui
2802 1244 2903 1300 pro
2935 1227 3300 1285 daemonibus
3329 1229 3628 1288 Christum

1974 1310 2185 1368 dixerit
2227 1313 2606 1386 cruciﬁgi,ad
2658 1314 2817 1387 ipsos
2873 1332 3107 1389 quoque
3155 1317 3466 1374 dicendum
3500 1337 3629 1376 esse

1974 1400 2262 1473 suscipiat
2293 1418 2308 1456 :
2341 1401 2576 1474 Accipite
2601 1410 2654 1458 et
2677 1403 2836 1472 edite,
2852 1406 2950 1460 hoc
2977 1411 3057 1460 est
3073 1421 3267 1477 corpus
3295 1422 3498 1462 meum.
3515 1409 3586 1464 Et
3610 1426 3623 1464 :

1973 1488 2166 1562 Accipe
2189 1497 2244 1546 et
2270 1490 2454 1555 bibite,
2473 1491 2564 1546 hic
2589 1499 2669 1547 est
2693 1494 2920 1564 sanguis
2947 1509 3100 1548 meus
3130 1493 3314 1560 (Marc.
3339 1497 3623 1564 xxv1,26).

1975 1575 2035 1633 Si
2065 1577 2222 1633 enim
2244 1581 2302 1634 et
2325 1595 2429 1651 pro
2457 1579 2821 1636 daemonibus
2843 1581 3234 1652 crucifigetur,
3257 1586 3322 1637 ut
3342 1600 3620 1640 novorum

1974 1665 2316 1738 dogmatum
2348 1671 2604 1724 assertor
2622 1669 3067 1741 afﬁrmat,quod
3097 1670 3206 1726 erit
3227 1671 3620 1744 privilegium,

1974 1759 2080 1810 aut
2107 1772 2234 1827 quae
2256 1754 2502 1823 ratio,ut
2530 1756 2640 1813 soli
2671 1757 2942 1814 homines
2971 1758 3194 1831 corpori
3229 1761 3357 1831 ejus
3387 1760 3625 1834 sangui-

1976 1843 2154 1916 nique
2191 1845 2648 1914 communicent,
2674 1850 2732 1902 et
2753 1863 2868 1902 non
2902 1847 3197 1904 daemones
3235 1865 3488 1922 quoque,
3521 1865 3624 1922 pro

1975 1931 2288 2004 quibusin
2339 1932 2610 2004 passione
2663 1935 3012 2007 sanguinem
3063 1935 3318 1992 fuderit?
3349 1938 3460 1993 Sed
3519 1955 3626 1994 nec

1971 2020 2264 2077 daemones
2313 2020 2594 2078 audient:
2622 2022 2860 2095 Accipite
2893 2031 2946 2080 et
2989 2024 3152 2091 edite,
3181 2029 3273 2079 et:
3309 2025 3541 2096 Accipite
3575 2033 3628 2080 ct

1970 2109 2156 2174 bibite,
2176 2125 2281 2164 nec
2303 2109 2590 2166 Dominus
2621 2127 2728 2166 sua
2759 2117 3047 2185 praecepta
3075 2111 3370 2180 dissolvet,
3405 2113 3503 2185 qui
3537 2113 3623 2168 di-

1968 2197 2213 2270 scipulis
2243 2197 2325 2253 ait
2356 2213 2370 2254 :
2403 2199 2580 2256 Nolite
2605 2199 2738 2256 dare
2763 2208 3012 2257 sanctum
3041 2202 3288 2272 canibus,
3313 2218 3412 2256 nec
3449 2203 3627 2258 mitta-

1966 2288 2038 2342 tis
2065 2288 2399 2357 margaritas
2432 2295 2634 2343 vestras
2664 2295 2790 2344 ante
2813 2306 3024 2360 porcos,
3042 2306 3112 2346 ne
3139 2291 3277 2361 forte
3305 2291 3631 2348 condutccnt

1966 2390 2057 2431 eas
2083 2374 2312 2447 pedibus
2337 2377 2477 2448 suis,
2498 2384 2553 2432 et
2583 2380 2830 2434 conversi
2847 2378 3196 2449 disrumpunt
3219 2395 3309 2435 vos
3339 2379 3542 2447 (Matth.
3564 2397 3622 2449 v,

1965 2463 2044 2532 6).
2076 2463 2223 2519 Nam
2255 2466 2314 2519 et
2341 2463 2656 2536 Apostolus
2685 2466 2951 2522 scribens
2985 2483 2998 2522 :
3034 2467 3165 2522 Noto
3203 2484 3294 2522 vos
3333 2469 3624 2540 participes

1965 2551 2280 2609 daemonum
2304 2554 2429 2624 ﬁeri
2457 2553 2506 2625 (ι
2533 2553 2654 2608 Cor.
2689 2572 2744 2619 x,
2767 2558 2844 2621 2).
2879 2556 2995 2610 Non
3039 2559 3258 2626 potestis
3289 2558 3444 2613 214
3492 2558 3625 2613 cali-

1964 2656 2080 2696 cem
2109 2641 2333 2696 Domini
2361 2641 2544 2698 bibere
2573 2649 2624 2698 et
2651 2643 2878 2698 calicem
2906 2645 3323 2713 dwmonorium,
3355 2662 3467 2701 non
3518 2662 3621 2718 po-

1966 2727 2134 2785 testis
2163 2745 2380 2785 mensze
2411 2729 2642 2786 Domini
2691 2731 3024 2804 participari
3075 2737 3131 2788 et
3161 2750 3375 2803 mensa;
3415 2735 3624 2791 daemo-

1965 2817 2220 2884 niorum,
2247 2817 2613 2890 impossibile
2644 2835 2774 2875 esse
2803 2819 3188 2888 demonstrat,
3221 2823 3518 2879 daemones
3548 2825 3621 2880 de

1965 2905 2143 2962 calice
2176 2906 2409 2962 Domini
2440 2906 2661 2976 bibere,
2677 2911 2734 2963 et
2763 2907 2836 2963 de
2867 2925 3072 2964 mensa
3101 2911 3230 2980 ejus
3261 2911 3618 2984 participari.

1963 2993 2142 3052 Cibus
2161 2994 2378 3050 diaboli
2401 2999 2707 3068 negatores
2723 2995 2823 3051 Dei
2849 2997 3283 3063 sunt,llabacuc
3307 2999 3578 3072 loquente
3601 3017 3616 3056 :

1962 3083 2115 3140 Escae
2140 3085 2256 3156 ejus
2283 3083 2468 3142 electae
2495 3083 2716 3156 (Habac.
2751 3101 2791 3150 1,
2826 3085 2934 3155 16).
2969 3085 3144 3140 Cibus
3175 3089 3373 3141 autem
3408 3087 3620 3160 impio-

1964 3189 2098 3228 rum
2129 3171 2394 3228 omnium
2425 3172 2799 3230 exsecrabilis
2830 3172 2954 3245 ipse
2996 3173 3286 3242 diabolus,
3322 3176 3618 3248 prophetae

203 3271 568 3331 demonibus
597 3284 666 3325 ac
694 3245 1070 3339 spiritalibus
1091 3245 1368 3335 nequitiis
1407 3263 1562 3336 apud
1610 3245 1856 3337 superos
1885 3245 1929 3314 C
1965 3259 2237 3316 vaticinio
2285 3266 2708 3333 concrepante:
2734 3261 2939 3318 Dedisti
2985 3279 3110 3318 eum
3171 3245 3351 3319 escam
3399 3245 3621 3337 populis

204 3361 566 3436 afﬁgendum
589 3355 771 3423 cruci,
795 3369 903 3410 nec
924 3351 1195 3426 intelligit
1216 3351 1275 3407 in
1298 3368 1472 3424 quam
1497 3353 1856 3425 profundum

203 3448 524 3525 impietatis
563 3447 802 3502 corruat
849 3439 1224 3498 barathrum?
1256 3439 1316 3497 Si
1371 3439 1530 3496 enim
1587 3439 1859 3499 Christus

205 3557 298 3614 pro
316 3535 673 3596 hominibus
695 3548 909 3606 passus
935 3530 1110 3586 homo
1141 3529 1331 3586 factus
1351 3533 1462 3596 est,
1495 3533 1562 3586 ut
1591 3529 1856 3602 Scriptu-

205 3645 394 3686 rarum
445 3627 753 3681 testantur
779 3619 1029 3692 eloquia,
1062 3633 1426 3690 consequens
1468 3617 1578 3674 erit
1606 3621 1673 3674 ut
1702 3619 1860 3674 dicat

206 3716 476 3789 Origenes
502 3731 518 3768 :
541 3712 617 3768 Et
645 3727 750 3784 pro
784 3707 1148 3764 daemonibus
1191 3723 1478 3779 passurus
1509 3706 1733 3762 daemon
1764 3706 1856 3762 fu-

205 3809 364 3862 turus
393 3807 513 3860 est.
533 3801 658 3857 Hoc
687 3797 846 3855 enim
876 3795 1224 3853 necessitate
1253 3799 1493 3868 cogetur
1530 3799 1597 3851 ut
1626 3795 1856 3864 inferat,

207 3911 271 3952 ne
295 3894 368 3951 ab
399 3909 473 3949 eo
495 3889 659 3964 quod
691 3885 866 3959 cmpit
911 3884 1243 3956 discrepare
1282 3883 1550 3940 videatur
1575 3882 1854 3940 imitator.

207 3983 268 4042 Et
293 3982 378 4039 illi
407 3979 580 4038 enim
612 3975 842 4033 Christo
891 3972 1162 4030 similiter
1195 3971 1622 4044 loquebantur:
1644 3972 1858 4030 Damo-

210 4073 352 4128 nium
378 4069 553 4126 habes
583 4065 789 4138 (Matth.
817 4080 896 4130 xI,
928 4062 1122 4130 i8).Et
1154 4062 1259 4116 :In
1289 4059 1583 4116 Beelzebub
1609 4061 1860 4133 principe

208 4158 607 4218 dmoniorum
653 4153 813 4225 cjicis
869 4149 1143 4208 daemonia
1199 4149 1401 4222 (Matth.
1452 4165 1553 4215 xu,
1600 4147 1712 4220 24).
1745 4149 1856 4204 Sed

207 4248 352 4305 absit
379 4251 448 4302 ut
479 4261 590 4318 pro
623 4239 988 4298 daemonibus
1018 4237 1284 4294 Christus
1313 4254 1526 4310 passus
1571 4235 1667 4303 sit,
1701 4254 1771 4293 ne
1799 4241 1859 4294 et

207 4335 320 4408 ipse
342 4335 582 4391 daemon
616 4329 823 4385 ﬁat.Et
850 4326 950 4400 qui
981 4326 1092 4383 hoc
1121 4327 1388 4393 credunt,
1413 4341 1649 4382 rursum
1669 4324 1856 4382 cruci-

202 4423 384 4497 figunt
411 4427 474 4480 et
521 4416 786 4476 ostentui
833 4415 1050 4472 habent
1081 4413 1292 4470 Filium
1324 4413 1447 4480 Dei,
1481 4414 1582 4487 qui
1631 4431 1857 4487 nequa-

199 4528 367 4585 quam
390 4515 462 4568 ut
493 4523 702 4566 semen
735 4503 978 4560 Abrahae
1027 4502 1432 4576 apprehendit,
1465 4503 1546 4558 ita
1595 4506 1858 4559 assumat

1965 3350 2489 3422 Ethiopibus(Psal.
2506 3367 2652 3417 LXXI,
2669 3351 2776 3418 14).
2791 3352 2874 3406 Ex
2889 3351 3104 3424 quibus
3121 3352 3400 3410 omnibus
3419 3370 3630 3426 appro-

1965 3437 2158 3506 batur,
2173 3437 2471 3494 Christum
2495 3455 2598 3510 pro
2619 3439 2987 3496 daemonibus
3009 3457 3123 3496 non
3149 3457 3319 3512 posse
3335 3442 3621 3516 cruciﬁgi,

1968 3543 2040 3582 ne
2075 3527 2370 3582 daemones
2411 3526 2672 3599 corporis
2704 3532 2761 3582 ct
2790 3528 3097 3599 sanguinis
3131 3530 3262 3600 ejus
3307 3530 3622 3602 participes

1968 3617 2130 3672 ﬁant.
2145 3615 2290 3671 Cum
2313 3632 2449 3687 ergo
2469 3621 2526 3671 et
2539 3615 2853 3687 Apostolus
2884 3617 2954 3672 de
2973 3617 3267 3674 Salvatore
3289 3619 3576 3693 signiﬁcet
3604 3638 3618 3676 :

1967 3704 2075 3762 Hoc
2101 3707 2250 3760 enim
2275 3705 2405 3776 fecit
2436 3705 2600 3760 semel
2645 3707 2885 3777 seipsum
2913 3705 3142 3777 offerens
3169 3707 3351 3775 (Hebr.
3376 3725 3474 3776 vn,
3501 3709 3614 3780 27),

1968 3797 2028 3849 et
2057 3793 2334 3865 Origenes
2355 3797 2474 3848 tam
2497 3793 2798 3849 audaciter
2825 3793 2984 3850 illius
3017 3794 3313 3850 sententiae
3331 3796 3620 3851 contradi-

1967 3885 2330 3954 cat,tempus
2358 3885 2448 3937 est
2477 3880 2621 3938 illud
2646 3881 2860 3938 inferre
2893 3899 2905 3936 :
2945 3884 3126 3954 Terra,
3150 3891 3316 3952 terra,
3334 3891 3616 3948 terra,au-

1965 3969 2026 4026 di
2044 3972 2268 4026 verbum
2295 3971 2534 4036 Domini,
2547 3972 2724 4026 scribe
2741 3973 2922 4026 virum
2951 3973 3117 4028 istum
3140 3972 3452 4029 abdicatum
3478 3977 3616 4044 (Jer.

1966 4064 2126 4124 χχιι).
2149 4058 2256 4126 Qui
2279 4059 2437 4115 enim
2463 4059 2728 4115 infernus
2749 4058 2870 4114 haec
2895 4059 3050 4114 mala
3069 4061 3364 4132 suscipere
3389 4064 3619 4134 potest?

1968 4146 2070 4220 qui
2117 4148 2399 4204 Tartarus
2447 4148 2520 4203 de
2565 4149 2741 4204 rebus
2791 4147 3121 4204 istiusmodi
3170 4149 3461 4221 cogitare?
3489 4167 3616 4222 quae

1966 4236 2274 4310 gigantum
2297 4235 2527 4292 insania
2547 4241 2668 4292 tam
2692 4235 2926 4306 rebellis
2945 4237 3250 4307 cxstitit,et
3272 4242 3488 4292 turrem
3513 4238 3618 4294 im-

1968 4326 2200 4400 pietatis
2211 4325 2533 4382 exstruxit?
2549 4343 2675 4397 quis
2690 4324 2870 4380 libido
2882 4325 3612 4394 lasciviens,etdaamonum

1968 4429 2166 4470 amore
2195 4413 2520 4486 deperiens,
2545 4411 2630 4469 sic
2665 4413 2931 4468 universo
2976 4413 3234 4485 dogmati
3284 4415 3613 4470 transeunti

1968 4501 2372 4558 divaricaverit
2401 4518 2572 4558 crura
2601 4499 2814 4556 mentis
2847 4501 3005 4557 suae?
3034 4501 3174 4567 Quis
3217 4500 3514 4558 intentum
3547 4503 3618 4560 de

201 4605 253 4658 et
280 4601 643 4666 daemonum,
667 4598 735 4650 ut
763 4610 868 4667 pro
900 4591 1018 4648 illis
1047 4607 1280 4664 quoque
1311 4591 1708 4663 cruciﬂgatur.
1742 4591 1857 4646 Nec
1885 4613 1935 4680 Β
1967 4590 2324 4648 Sodomitica
2351 4591 2518 4680 vinea
2547 4590 2716 4680 bibit,
2749 4594 2825 4680 ut;
2859 4589 3184 4680 inebriatus
3214 4590 3361 4680 ivino
3405 4591 3620 4648 furoris

205 4689 493 4746 demonss
522 4701 632 4760 pro
668 4683 949 4749 se,Deum
979 4680 1040 4736 in
1071 4679 1342 4753 passione
1371 4683 1693 4746 cernentes,
1719 4695 1855 4735 cum

206 4777 485 4850 propheta
513 4771 858 4832 clamabunt
889 4787 902 4826 :
935 4770 1035 4826 llic
1057 4776 1273 4842 peccata
1301 4776 1488 4824 nostra
1519 4769 1773 4840 portavit,
1806 4775 1860 4825 et

205 4865 474 4938 pronobis
494 4863 668 4926 dolet;
691 4874 880 4931 neque
909 4873 1044 4914 cum
1075 4856 1227 4912 Isaia
1255 4853 1452 4912 dicent
1484 4871 1498 4910 :
1530 4857 1721 4913 Livore
1740 4857 1856 4930 ejus

211 4956 386 5011 sanati
411 4967 607 5010 sumus
639 4950 765 5023 (Isa.
793 4963 910 5016 Lm,
933 4948 1016 5019 5);
1055 4962 1160 5002 nec
1181 4961 1284 5018 pro
1306 4944 1692 5017 daemonibus,
1705 4945 1860 5002 sicut

211 5059 310 5115 pro
329 5040 644 5098 hominum
667 5053 901 5110 genere,
918 5037 1076 5108 quasi
1099 5035 1214 5091 ovis
1245 5033 1490 5089 Christus
1537 5033 1764 5090 ducetur
1789 5033 1860 5090 ad

214 5132 502 5198 mnam;
548 5144 658 5184 nec
715 5141 819 5198 pro
871 5140 1072 5180 eorum
1133 5121 1321 5179 salute
1354 5121 1600 5186 dicetur,
1637 5124 1861 5195 proprio

213 5219 348 5276 Filio
377 5236 490 5276 non
513 5215 785 5290 pepercit;
817 5211 958 5285 quia
995 5228 1099 5268 nec
1147 5213 1440 5268 dazmones
1471 5209 1812 5266 clamabunt
1843 5227 1858 5267 :

219 5307 464 5364 Traditus
520 5313 604 5362 est
644 5319 747 5376 pro
789 5301 1020 5374 peccatis
1065 5302 1286 5366 nostris,
1318 5307 1370 5356 ct
1423 5301 1730 5356 resurrexit
1759 5315 1862 5372 pro

208 5397 596 5469 jmtiﬁcatione
618 5399 827 5448 nostra.
863 5389 1079 5446 Paulus
1107 5389 1342 5461 quidem
1375 5388 1681 5462 perspicue
1719 5386 1863 5443 scri-

217 5484 301 5540 bit
327 5502 342 5540 :
379 5482 606 5540 Tradidi
630 5483 784 5538 enim
804 5481 957 5536 vobis
987 5481 1048 5534 in
1075 5479 1272 5550 primis
1321 5477 1461 5550 quod
1501 5479 1701 5550 accepi,
1733 5479 1866 5551 quia

218 5571 456 5628 Christus
486 5577 738 5626 mortuus
783 5574 862 5624 est
902 5581 1002 5638 pro
1045 5565 1276 5638 peccatis
1315 5565 1516 5622 nostris
1569 5565 1867 5622 secundum

219 5659 522 5734 Scripturas
548 5662 606 5730 (ι
633 5657 755 5715 Cor.
789 5655 902 5727 xv).
936 5653 1070 5712 Illas
1101 5654 1161 5708 in
1194 5654 1597 5711 testimonium
1627 5670 1862 5723 vocans,

1965 4681 2096 4752 ejus
2122 4682 2244 4734 toto
2273 4679 2446 4734 corde
2477 4677 2832 4734 conciderit?
2865 4678 3006 4747 Quis
3053 4679 3504 4752 Babyloniorum
3537 4681 3619 4737 ita

1965 4767 2277 4826 ﬂuminum
2308 4767 2639 4841 gurgitibus
2685 4767 2964 4841 irrigatus
3013 4769 3172 4826 vivos
3223 4769 3397 4826 Israel
3430 4771 3620 4827 fontes
3671 4801 3676 4807 ν

1965 4855 2238 4928 reliquit?
2266 4855 2400 4928 quis
2429 4855 2734 4929 egrediens
2754 4857 2825 4912 de
2861 4857 3187 4914 Jerusalem
3223 4862 3282 4914 et
3307 4859 3616 4916 Jeroboam

1967 4945 2072 5002 filii
2099 4945 2327 5001 Nabath
2365 4944 2628 5002 imitator
2655 4945 2932 5011 existens,
2954 4951 3039 5003 tot
3069 4965 3334 5005 errorum
3365 4949 3613 5006 fabrica-

1966 5039 2064 5090 tus
2092 5033 2300 5090 altaria
2324 5038 2431 5102 est,
2456 5037 2513 5089 et
2543 5049 2778 5090 ararum
2811 5037 3055 5107 profana
3083 5037 3256 5092 thura
3273 5036 3616 5092 succendit?

1969 5123 2086 5180 Cur
2114 5122 2342 5178 Dathan
2372 5125 2428 5178 et
2463 5122 2818 5195 Abiron,qui
2863 5125 3092 5180 minora
3131 5129 3465 5198 pcccarunt,
3500 5140 3616 5178 non

1968 5212 2202 5268 venient
2231 5215 2366 5267 ante
2394 5210 2652 5267 tribunal
2684 5211 3004 5280 Christi,ut
3033 5213 3122 5269 sui
3155 5230 3288 5268 eum
3321 5229 3620 5284 compara-

1966 5299 2125 5356 tione
2158 5300 2578 5370 ,condemnent,
2593 5300 2691 5372 qui
2737 5305 2900 5356 extra
2947 5301 3266 5356 Ecclesium
3297 5299 3616 5358 Salvatoris

1967 5387 2261 5444 variarum
2319 5388 2716 5445 doctrinarum
2777 5387 3079 5444 thuribula
3133 5389 3418 5446 diabolica
3483 5389 3619 5464 igne

1973 5476 2317 5549 complevit?
2347 5477 2546 5550 Neque
2575 5475 2732 5532 enim
2764 5476 3050 5532 Dominus
3081 5475 3179 5547 qui
3225 5475 3486 5549 loquitur
3515 5495 3620 5551 per

1973 5564 2359 5638 prophetam:
2391 5567 2503 5636 Ego
2557 5565 2794 5621 visicmes
2848 5564 3240 5635 multiplicari,
3285 5573 3336 5624 et
3391 5569 3452 5622 in
3497 5585 3619 5624 ma-

1975 5655 2138 5711 nibus
2181 5653 2568 5726 prophetarum
2623 5654 2962 5710 assimilatas
3017 5669 3141 5709 sum
3195 5655 3336 5725 (Ose.
3387 5673 3466 5723 x1,
3507 5656 3623 5732 10),
