3970 6182
238 355 412 454 179.

1231 351 1614 420 HIRCMARI
1660 347 2110 418 RHEMENSIS
2155 348 2756 416 ABGHIEPISCOPI

3581 349 3702 414 280

293 485 654 556 adulterinas
676 503 812 544 eum
845 486 1045 546 docuit
1071 487 1330 561 proferre
1359 487 1675 554 doctrinas,
1709 501 1814 542 nec
1837 483 1937 557 qui
1965 481 2022 554 Α
2052 501 2162 540 non
2196 483 2448 556 perdidit
2473 484 2563 541 vel
2597 485 2878 556 dejectus.
2913 505 2944 535 »
2969 483 3039 540 Et
3066 483 3208 541 item
3237 481 3298 541 in
3326 482 3530 542 Edicto
3562 483 3704 542 civi-

295 593 332 644 a
358 575 647 650 principio
678 576 790 650 ipsi
819 577 1114 646 viderunt,
1146 582 1206 634 et
1236 577 1491 634 ministri
1524 577 1760 632 fuerunt
1788 573 1949 632 verbi

297 664 421 722 Dei.
454 665 570 722 Nec
599 665 1018 738 prophetarum
1047 665 1398 738 cborus,qui
1431 664 1571 722 olim
1593 665 1950 722 vocabantur

293 753 592 821 Yidentes,
625 753 745 809 hac
772 770 907 809 eum
933 754 1190 810 instituit
1219 771 1233 810 :
1267 755 1370 810 sed
1399 754 1525 826 ipse
1561 770 1684 810 suis
1731 753 1948 808 mentis

292 841 537 906 arbitrio
559 841 740 896 furori
763 842 1096 898 daamonum
1119 841 1401 908 serviens,
1417 846 1474 897 et
1493 840 1706 898 blando
1727 839 1946 912 cogita~

297 929 531 988 tionum
561 945 756 986 errore
785 930 1086 1003 deceptus,
1123 947 1380 1003 gregem,
1405 935 1482 998 et,
1505 934 1572 986 ut
1617 929 1702 986 ita
1729 929 1945 997 dicam,

295 1035 540 1076 examen
571 1019 913 1092 dogmatum
945 1037 1346 1091 perversorum
1381 1035 1482 1092 per
1529 1023 1716 1076 totum
1747 1019 1948 1076 orbem

291 1106 542 1164 immisit
572 1106 871 1164 mentibus
902 1107 1292 1166 iddoctorum.
1311 1109 1424 1164 Iste
1454 1111 1542 1164 est
1571 1108 1670 1180 qui
1693 1107 1948 1180 Assyriis

290 1196 748 1270 Babyloniisque
780 1195 1123 1254 ﬂuminibus
1155 1197 1384 1270 aperuit
1411 1213 1477 1254 os
1507 1214 1703 1262 suum,
1727 1197 1828 1270 qui
1851 1213 1949 1253 na-

287 1301 418 1341 vem
441 1283 732 1352 Ecclesiae,
749 1285 1039 1342 bonarum
1063 1286 1344 1341 mercium
1368 1285 1599 1359 plenam
1621 1285 1832 1342 salutis
1851 1287 1948 1341 do—

288 1373 775 1441 trinze,lluctibus
797 1375 1022 1446 operire
1069 1380 1317 1432 conatus
1346 1375 1612 1442 cst,dum
1653 1375 1948 1446 imperito-

289 1479 423 1524 rum
441 1461 614 1518 laude
633 1462 1047 1532 sustollitur,et
1058 1463 1496 1537 Scripturarum
1515 1481 1757 1521 sensum
1779 1463 1947 1520 aliter

291 1567 470 1624 quam
507 1568 569 1608 se
598 1551 776 1608 habet
797 1551 1010 1608 veritas
1033 1551 1383 1620 edisserens,
1402 1552 1689 1626 gloriatur
1713 1551 1775 1608 in
1805 1569 1945 1609 con-

287 1638 536 1696 fusione.
554 1634 696 1706 Quis
717 1639 874 1696 enim
897 1645 1018 1696 tam
1043 1639 1505 1698 innumerabiles
1519 1645 1578 1698 et
1597 1641 1866 1714 garrulus
1885 1645 1946 1697 et

283 1726 656 1784 verbositatis
688 1732 866 1800 atque
898 1729 1203 1801 imperitiae
1234 1728 1439 1802 plenos
1481 1729 1828 1802 conscripsit
1873 1729 1942 1785 li-

285 1815 506 1883 bros,et
523 1815 874 1890 infatigabili
897 1817 1094 1874 studio
1115 1819 1241 1874 dies
1270 1823 1588 1890 noctesque
1615 1819 1940 1891 conjunxit,

281 1909 348 1960 ut
367 1908 632 1960 errorum
651 1907 1352 1969 monumentadimittens
1366 1912 1685 1966 mereretur
1703 1908 1936 1964 audire:

283 1993 466 2050 Multis
490 1994 781 2050 itineribus
801 1997 911 2050 tuis
929 1995 1178 2067 deceptus
1197 1996 1440 2054 es.Usus
1466 2001 1557 2054 est
1589 1997 1750 2053 enim
1791 1998 1941 2055 duce

285 2081 542 2154 pessimo
565 2098 710 2140 aura
745 2083 1034 2155 pepuleri,
1059 2089 1118 2140 et
1166 2084 1438 2156 plurimis
1479 2085 1636 2142 falsae
1684 2087 1938 2142 scientia:

282 2167 686 2226 voluminibus
715 2172 1070 2239 exaratis,ac
1087 2173 1286 2231 rebelli
1303 2178 1508 2230 contra
1526 2175 1710 2230 Deum
1743 2181 1938 2232 mente

282 2274 576 2330 pugnans,
603 2263 904 2331 unguento
929 2259 1254 2319 ccelestium
1289 2262 1687 2320 doctrinarum
1709 2264 1933 2322 saniem

283 2347 604 2419 quamdam
621 2351 679 2402 et
701 2353 968 2420 putorem
990 2349 1083 2406 sui
1116 2351 1315 2407 fetoris
1354 2351 1768 2420 immiseuit,ut
1805 2372 1932 2409 rur-

281 2452 416 2492 sum
438 2436 512 2492 ad
535 2453 704 2494 suam
727 2437 989 2494 animam
1001 2439 1320 2496 diceretur:
1336 2440 1606 2498 Immuda
1633 2448 1692 2498 et
1707 2443 1933 2506 famosa

287 2527 348 2581 et
370 2523 555 2580 nimia
575 2524 1006 2598 iniquitatibus.
1031 2528 1229 2602 Neque
1249 2529 1404 2586 enim
1426 2531 1708 2604 propheta
1727 2533 1932 2590 audire

281 2613 432 2674 πη
464 2613 647 2671 voluit
671 2621 1144 2674 commonentem
1179 2635 1192 2674 :
1225 2623 1415 2693 Quare
1441 2620 1676 2692 diligitis
1713 2623 1929 2678 vanita-

278 2710 404 2770 tem,
431 2711 482 2760 et
528 2706 780 2777 quwritis
834 2706 1214 2762 mendacium?
1242 2709 1413 2776 (Psal.
1464 2726 1541 2774 IV,
1582 2711 1637 2778 3)
1670 2709 1778 2776 Qui
1825 2727 1930 2782 pro

276 2791 650 2851 daemonibus
695 2791 997 2850 Christum
1045 2795 1233 2868 afﬁgit
1277 2797 1460 2868 cruci,
1483 2802 1550 2853 ut
1579 2814 1692 2854 non
1733 2797 1927 2855 solum

276 2878 380 2939 Dei
410 2884 470 2936 et
498 2879 828 2947 hominum,
863 2883 961 2940 sed
995 2883 1329 2940 daemonum
1361 2902 1594 2958 quoque
1641 2887 1930 2943 mediator

275 2969 398 3032 fiat.
430 2969 645 3028 Verum
683 2971 838 3028 absit
865 2975 987 3027 tam
1015 2971 1274 3030 immane
1321 2975 1486 3032 nefas
1515 2977 1588 3031 de
1631 2975 1928 3032 Salvatore

273 3059 527 3126 credere,
561 3063 628 3116 ut
655 3059 941 3132 templum
973 3061 1234 3134 corporis
1263 3063 1378 3132 sui,
1413 3065 1568 3136 quod
1606 3081 1710 3136 pro
1756 3066 1927 3122 nobis

273 3147 560 3205 suscitare
590 3147 866 3220 dignatus
897 3154 1007 3214 est,
1042 3150 1394 3220 amissurus,
1428 3151 1586 3208 aliud
1627 3153 1738 3209 sibi
1771 3158 1924 3209 tem-

2057 573 2170 631 bus
2203 573 2481 630 Romanis
2528 573 2822 646 proposito
2851 573 3018 646 (libro
3047 589 3124 642 χι,
3155 575 3310 646 epist.
3333 572 3422 645 3):
3447 596 3476 624 (ί
3502 573 3704 632 Ρθιννὼ

2057 661 2165 729 nit,
2199 661 2408 734 inquit,
2443 663 2513 718 ad
2559 679 2652 718 me
2700 663 2988 734 quosdam
3034 663 3404 735 presbyteros
3451 663 3706 734 perversi

2058 751 2304 822 spiritus
2333 751 2620 816 homines,
2643 768 2819 824 prava
2847 749 3000 807 inter
3027 767 3128 807 vos
3155 750 3375 824 aliqua,
3409 757 3467 807 et
3487 755 3704 814 sancta

2057 839 2191 896 ﬁdei
2215 841 2463 914 adversa
2493 839 2836 908 seminasse,
2866 841 2948 895 ita
2975 844 3041 896 ut
3070 839 3164 898 die
3191 839 3432 898 Sabbati
3479 839 3704 914 aliquid

2056 929 2282 1002 operari
2316 929 2710 1001 prohiberent.
2739 931 2893 994 Quos
2909 927 3051 1001 quid
3073 928 3232 986 aliud
3267 928 3382 986 nisi
3410 929 3705 988 Antichri-

2057 1017 2132 1076 sti
2163 1019 2574 1090 praedicatores
2605 1017 2869 1086 dixerim,
2901 1019 3004 1091 qui
3032 1019 3271 1075 veniens
3303 1019 3458 1076 diem
3488 1019 3709 1077 Sabba-e

2057 1113 2184 1164 tum
2205 1113 2382 1180 atque
2401 1108 2770 1164 Dominicum
2793 1109 2866 1164 ab
2888 1107 3044 1164 omni
3069 1107 3242 1164 faciet
3261 1123 3434 1180 opere
3453 1107 3712 1166 custodi-

2055 1196 2144 1252 ri?
2175 1197 2321 1263 Quia
2342 1197 2500 1252 enim
2535 1197 2684 1253 mori
2722 1213 2786 1253 se
2823 1200 2881 1252 et
2919 1213 3228 1270 resurgare
3247 1197 3571 1263 simulabit,
3605 1196 3708 1252 hai

2055 1285 2176 1343 beri
2207 1286 2266 1340 in
2297 1286 2666 1343 veneratione
2694 1285 2820 1342 vult
2839 1285 2994 1341 diem
3025 1285 3396 1342 Dominicum
3429 1301 3444 1342 :
3475 1290 3535 1342 et
3561 1286 3714 1358 quia

2049 1374 2358 1434 Judaizare
2387 1375 2669 1448 populum
2701 1374 3028 1448 compellet,
3062 1378 3128 1430 ut
3155 1373 3492 1432 exteriorem
3521 1373 3706 1432 ritum

2049 1454 2200 1538 legis
2230 1468 2474 1530 revocet,
2505 1468 2564 1520 et
2593 1464 2705 1520 sibi
2733 1464 3072 1521 Judzeorum
3103 1463 3410 1537 perfidiam
3457 1463 3708 1532 subdat,

2053 1551 2165 1608 coli
2194 1551 2321 1608 vult
2351 1552 2695 1608 Sabbatum.
2729 1575 2756 1604 »
2787 1553 2858 1608 Et
2907 1553 3064 1610 Beda
3111 1553 3169 1608 in
3212 1552 3502 1610 Chronica
3541 1569 3653 1614 sua
3686 1570 3705 1609 :

2055 1663 2082 1691 α
2117 1642 2188 1698 Et
2214 1640 2353 1707 vidi,
2387 1641 2685 1714 inquit,de
2717 1642 2864 1698 mari
2897 1642 3145 1699 bestiam
3183 1643 3620 1709 ascendentem,
3645 1647 3714 1704 et

2051 1730 2212 1786 dedit
2240 1729 2324 1785 illi
2352 1729 2526 1786 draco
2555 1731 2829 1786 virtutem
2861 1747 3030 1788 suam
3076 1736 3137 1788 et
3177 1734 3527 1803 potestatem
3577 1747 3712 1794 ma-

2055 1836 2254 1892 gnam.
2290 1819 2354 1876 Id
2386 1824 2494 1886 est,
2525 1819 2642 1874 vidi
2675 1819 2974 1876 hominem
3005 1819 3309 1877 saevissimi
3360 1818 3600 1892 ingenii,
3631 1821 3713 1877 de

2056 1909 2420 1966 tumultuosa
2448 1909 2764 1981 impiorum
2795 1907 2976 1980 stirpe
3007 1907 3399 1982 progenitum.
3432 1908 3539 1966 Cui
3570 1927 3715 1969 mox

2049 2002 2208 2062 nato,
2239 2003 2296 2054 et
2323 2014 2428 2069 per
2457 1997 2717 2070 magicas
2739 2001 2896 2054 artes
2926 2015 2961 2052 a
2991 1997 3267 2070 pessimis
3311 1997 3543 2055 imbuta
3583 2015 3714 2057 ma-

2047 2085 2267 2158 gistris,
2301 2087 2630 2160 adjungens
2660 2103 2723 2142 se
2755 2086 3042 2154 diabolus,
3077 2091 3262 2143 totam
3306 2085 3542 2146 virtutis
3579 2105 3710 2146 suae

2046 2175 2385 2246 potentiam,
2412 2192 2514 2247 per
2543 2192 2722 2247 quam
2754 2175 2982 2250 magica
3009 2176 3235 2233 caeteris
3266 2177 3542 2236 omnibus
3571 2193 3709 2236 ma-

2036 2263 2170 2334 jora
2198 2269 2473 2337 patraret,
2507 2263 2786 2321 inviduus
2834 2279 3034 2321 comes
3079 2265 3298 2322 attulit.
3321 2265 3392 2320 Et
3422 2265 3558 2324 data
3609 2270 3710 2322 est

2043 2359 2321 2425 potestas,
2354 2353 2566 2427 inquit,
2601 2354 2684 2408 illi
2717 2355 2905 2410 facere
2955 2369 3188 2412 menses
3227 2355 3318 2424 42,
3348 2353 3408 2410 id
3437 2357 3546 2421 est,
3578 2357 3708 2416 tres

2041 2460 2228 2502 annos
2259 2447 2318 2499 et
2345 2442 2677 2498 dimidium.
2700 2444 2980 2499 Percusso
3003 2447 3201 2498 autem
3227 2441 3329 2500 illo
3344 2441 3699 2516 perditionis

2010 2531 2314 2608 .filio,sive
2343 2533 2416 2587 ab
2447 2533 2574 2604 ipso
2605 2531 2872 2598 Domino,
2898 2531 3018 2588 sive
3047 2549 3082 2587 a
3111 2530 3392 2589 Michaele
3438 2531 3697 2590 archan-

2039 2617 2271 2692 gelo,ut
2298 2617 2542 2690 quidam
2572 2619 2800 2684 docent,
2815 2622 2872 2673 et
2895 2620 3121 2674 aeternae
3152 2617 3372 2676 ultione
3390 2618 3698 2687 damnato,

2039 2724 2154 2764 non
2186 2707 2464 2764 continuo
2495 2708 2648 2764 216
2678 2706 2804 2762 dies
2825 2705 3036 2778 judicii
3067 2711 3378 2764 secuturus
3409 2723 3538 2765 esse
3566 2723 3700 2764 cre-

2037 2797 2265 2856 dendus
2308 2799 2417 2851 est.
2464 2795 2696 2868 Alioqui
2751 2795 2902 2852 scire
2948 2799 3189 2868 possent
3230 2795 3501 2852 homines
3532 2795 3702 2857 illius

2036 2885 2138 2942 aevi
2162 2891 2396 2957 tempus
2409 2883 2700 2955 judicii,si
2723 2889 2854 2955 post
2872 2889 2992 2940 tres
3009 2883 3192 2940 semis
3206 2883 3700 2950 annosinchoate

2034 2972 2458 3048 persecutionis
2511 2972 2852 3028 Antichristi
2903 2973 3212 3029 confestim
3263 2978 3625 3045 sequeretur.
3668 2996 3700 3023 ι)

2035 3064 2102 3120 Et
2132 3065 2376 3125 sanctus
2409 3062 2813 3134 Hieronymus,
2845 3078 3141 3134 exponens
3189 3061 3541 3118 sententiam
3585 3062 3704 3118 Da-

2041 3151 2214 3208 nielis
2247 3169 2260 3208 :
2295 3173 2323 3202 «
2357 3151 2534 3216 Beati,
2579 3150 2792 3223 inquit,
2825 3149 2927 3223 qui
2975 3150 3279 3208 interfecto
3327 3150 3699 3208 Antichristo

277 3233 444 3308 plum
467 3219 800 3293 daemonica:
821 3237 1174 3295 conditionis
1195 3219 1504 3312 affigat,ut
1524 3241 1759 3298 illorum
1790 3260 1927 3314 quo-
1961 3219 2006 3288 C
2043 3257 2223 3314 supra
2251 3257 2439 3297 mccxx
2469 3239 2614 3304 dies,
2647 3219 2707 3294 id
2737 3219 2828 3294 est
2845 3219 2976 3296 tres
2997 3239 3178 3297 semis
3208 3255 3396 3296 annos
3440 3239 3566 3296 dies
3597 3240 3697 3306 45,

275 3339 390 3395 que
402 3327 636 3396 recepta
653 3323 1042 3382 similitudine
1063 3345 1166 3399 pro
1189 3328 1334 3400 ipsis
1355 3329 1685 3402 patibulum
1698 3331 1924 3386 subeat.

276 3409 551 3482 Obsecro,
575 3412 785 3469 fratres
841 3413 1226 3480 dilectissimi,
1259 3422 1326 3472 ut
1373 3417 1694 3492 ignoscatis
1741 3419 1924 3476 dolori

272 3513 402 3554 meo
437 3498 722 3558 doctrinis
755 3501 952 3573 impiis
981 3505 1294 3561 resistenti.
1347 3507 1498 3562 Dum
1530 3507 1687 3563 enim
1732 3509 1924 3580 impu-

273 3585 532 3650 dentiam
557 3595 913 3647 sectatorum
943 3594 1071 3664 ejus
1100 3600 1462 3666 repercutere
1488 3595 1752 3664 nitimur,
1769 3615 1926 3653 com-

274 3691 488 3750 pagem
519 3675 710 3738 loricae
741 3678 929 3752 ipsius
956 3685 1014 3737 et
1040 3681 1305 3738 venenati
1324 3684 1575 3754 pectoris
1597 3684 1927 3741 fraudulen-

273 3763 387 3827 tias
409 3765 469 3821 in
495 3763 757 3824 medium
780 3768 1154 3841 protulimus,
1170 3776 1236 3826 ut
1256 3770 1398 3826 illud
1427 3790 1661 3846 quoque
1680 3773 1927 3846 comple-

271 3857 433 3916 retur
460 3853 521 3914 in
548 3871 618 3916 eo
642 3872 656 3911 :
681 3857 940 3914 Revelabo
991 3859 1356 3930 ignominiam
1381 3868 1614 3929 tuam,et
1651 3863 1928 3918 ostendam

269 3958 392 4005 eam
419 3945 754 4004 amatoribus
779 3949 890 4003 tuis
917 3949 1130 4016 (Ewch.
1161 3965 1277 4016 xvr,
1309 3950 1422 4018 37).
1457 3971 1486 3998 »

341 4031 423 4088 De
441 4031 799 4091 Antichristo
821 4040 1020 4092 autem
1057 4042 1298 4092 sanctus
1327 4036 1640 4108 Gregorius
1677 4038 1735 4093 in
1777 4038 1924 4096 libro

270 4118 580 4181 Moralium
599 4139 732 4178 xxxx
755 4127 896 4198 (cap.
911 4125 1124 4193 2)dicit
1145 4141 1159 4180 :
1185 4148 1211 4176 «
1227 4125 1376 4192 Quia
1392 4143 1528 4197 ergo
1556 4143 1658 4198 per
1674 4128 1928 4183 undena-

269 4208 423 4272 rium
437 4227 748 4270 numerum
762 4212 1148 4286 transgressio
1161 4211 1474 4286 exprimitu
1484 4214 1636 4286 r,huj
1647 4233 1716 4272 us
1729 4215 1925 4272 bestiae

268 4314 449 4357 cornu
477 4301 787 4360 undecimo
817 4301 944 4376 ipse
972 4306 1179 4358 auctor
1192 4302 1680 4375 transgressionis
1703 4305 1928 4375 judica-

267 4389 548 4460 tur,quo.d
567 4389 837 4448 videlicet
849 4390 1156 4463 parvulum
1177 4391 1530 4463 oritur,quia
1553 4409 1736 4463 purus
1752 4392 1926 4448 homo

267 4481 602 4546 generatur,
619 4479 720 4534 sed
755 4479 1092 4535 immaniter
1110 4479 1455 4552 crescit,qui
1478 4497 1666 4552 usque
1701 4481 1774 4536 ad
1795 4498 1928 4536 con-

2036 3327 2467 3401 pmstolantur,
2502 3328 2723 3399 quibus
2751 3331 2841 3383 est
2885 3327 3172 3386 Dominus
3213 3331 3391 3400 atque
3428 3325 3702 3384 salvator

2033 3417 2095 3475 in
2125 3435 2234 3474 sua
2261 3416 2571 3487 majestate
2603 3421 2904 3472 venturus.
2937 3438 2964 3466 η
3000 3416 3071 3473 Et
3099 3414 3244 3473 item
3269 3415 3587 3486 Gregorius
3629 3415 3698 3472 in

2033 3523 2182 3562 xxxx:
2207 3503 2516 3562 Moralium
2548 3503 2694 3560 libro
2723 3504 2865 3576 (cap.
2897 3505 2987 3573 12)
3019 3519 3032 3559 :
3072 3526 3100 3554 ‹‹
3132 3503 3297 3570 Quod
3328 3519 3432 3576 per
3471 3502 3698 3561 Danie-

2035 3595 2150 3651 lem
2189 3593 2570 3665 subjungitur
2601 3609 2615 3648 :
2647 3593 2780 3648 Siue
2806 3610 2980 3650 manu
3023 3599 3327 3651 conteretur
3368 3594 3530 3665 (Dan.
3562 3609 3699 3661 VIII,

2037 3684 2144 3756 15),
2176 3683 2286 3738 hoc
2331 3699 2434 3754 per
2483 3680 2729 3738 Paulum
2782 3681 3174 3753 exprimitur:
3209 3681 3378 3749 Quem
3421 3683 3697 3738 Dominus

2030 3775 2183 3831 Iesus
2213 3771 2501 3842 interﬁciat
2541 3771 2745 3841 spiritu
2791 3772 2902 3827 oris
2941 3772 3052 3837 sui,
3080 3779 3132 3827 et
3168 3769 3406 3826 destinet
3433 3771 3696 3831 illustra-

2034 3863 2180 3917 tiouc
2205 3859 2466 3915 adventus
2493 3859 2585 3915 sui
2613 3859 2686 3926 (II
2720 3859 2895 3914 Thess.
2919 3875 2959 3926 ι,
2983 3859 3059 3926 8).
3085 3857 3222 3914 Sine
3251 3874 3432 3919 manu
3463 3858 3702 3922 scilicet

2033 3952 2383 4013 conteretur,
2418 3947 2558 4019 quia
2587 3963 2704 4004 non
2733 3945 3077 4019 angelorum
3109 3945 3283 4014 bello,
3315 3963 3432 4005 non
3461 3952 3701 4013 saneto,

2034 4055 2165 4095 rum
2188 4035 2525 4102 certamine,
2559 4035 2660 4091 sed
2693 4051 2795 4106 per
2824 4034 3138 4092 adventum
3165 4033 3389 4106 judicis
3421 4034 3549 4095 solo
3569 4035 3700 4095 oris

2035 4126 2245 4200 Spiritu
2277 4131 2493 4180 (eterna
2522 4128 2710 4180 morte
2740 4123 3000 4180 ferietur.
3035 4144 3064 4172 ››
3095 4123 3167 4180 Et
3201 4123 3343 4185 item
3374 4123 3514 4195 (cap.
3550 4125 3641 4196 13)
3679 4141 3695 4178 :

2037 4215 2203 4272 «Sed
2238 4212 2375 4286 quia
2407 4211 2579 4284 quale
2607 4210 2686 4267 sit
2739 4209 3079 4283 iniquorum
3107 4216 3285 4284 caput
3329 4210 3695 4282 audivimus,

2036 4321 2193 4360 nunc
2223 4301 2361 4358 huic
2387 4299 2559 4372 capiti
2591 4317 2719 4372 quin
2751 4299 3017 4356 membra
3047 4299 3383 4360 adhaereant
3401 4317 3699 4372 agnoscas-

2036 4410 2191 4448 mus.
2220 4387 2496 4461 Quisquis
2527 4405 2776 4458 namque
2805 4387 2865 4444 in
2897 4386 3173 4460 superbia
3199 4386 3702 4461 extollitur,quis~

2035 4480 2168 4554 quis
2199 4477 2452 4535 avaritiae
2484 4475 2792 4532 desideriis
2819 4475 3134 4541 cruciatur,
3153 4475 3700 4549 quisquisrluxuria

261 4563 683 4653 jun‘ctamsibi
708 4567 826 4624 vim
878 4569 1152 4640 angelica:
1202 4567 1564 4625 fortitudinis
1613 4569 1861 4641 proﬁcit.
1897 4593 1926 4620 »
1957 4589 2004 4653 D
2033 4567 2436 4640 voluptatibus
2467 4564 2734 4632 solvitur,
2767 4565 3038 4638 quisquis
3087 4565 3318 4638 injuste
3361 4583 3430 4626 ac
3469 4565 3700 4625 immo-

269 4651 340 4713 Et
367 4649 508 4710 item
540 4652 680 4726 (cap.
717 4657 807 4724 18)
840 4671 854 4710 :
887 4679 916 4707 «
951 4657 1308 4730 Principium
1337 4659 1565 4714 viarum
1605 4658 1704 4714 Dei
1735 4658 1925 4714 Vehe-
1957 4649 1993 4653 ”
2035 4659 2247 4714 deratze
2277 4655 2377 4710 ira:
2404 4653 2602 4725 ﬂagris
2633 4653 2876 4724 ignitur,
2909 4653 3050 4725 quid
3088 4653 3253 4710 aliud
3300 4671 3482 4726 quam
3515 4656 3698 4716 Anti-

269 4738 432 4798 moth
475 4741 738 4799 dicitur:
771 4744 911 4817 quia
960 4745 1241 4802 nimirum
1271 4763 1407 4803 cum
1458 4753 1674 4803 cuncta
1719 4764 1926 4805 creans

267 4828 649 4900 ageret,hunc
669 4829 929 4903 primum
953 4833 1419 4908 condidit,quem
1441 4835 1687 4908 reliquis
1700 4836 1924 4908 angelis

267 4915 720 4978 eminentiorem
753 4920 910 4977 fecit.
939 4944 968 4974 ››
1003 4924 1070 4978 Et
1092 4922 1233 4979 item
1263 4924 1404 4996 (cap.
1432 4924 1516 4996 12)
1549 4940 1562 4978 :
1599 4947 1627 4976 α
1651 4924 1799 4989 Quid
1820 4941 1924 4981 au-

267 5009 388 5068 tem
408 5006 596 5064 cauda
614 5006 939 5066 Vehemoth
970 5009 1164 5079 istius,
1197 5012 1312 5068 nisi
1345 5011 1446 5067 illa
1471 5011 1698 5082 antiqui
1739 5011 1926 5068 hostis

266 5095 604 5155 extremitas
633 5096 866 5166 dicitur,
899 5115 1034 5156 cum
1067 5117 1168 5156 vas
1199 5100 1502 5172 proprium
1532 5099 1700 5155 illum
1733 5101 1924 5172 pcrdi-

262 5187 392 5240 tum
425 5185 722 5244 hominem
753 5188 1100 5261 ingreditur,
1134 5189 1235 5260 qui
1269 5186 1598 5260 specialiter
1625 5187 1918 5244 Antichri-

267 5275 396 5334 stus
427 5277 842 5348 nuncupatur?
872 5299 900 5327 »
933 5278 1001 5332 Et
1031 5277 1170 5332 item
1219 5279 1357 5350 (cap.
1389 5275 1594 5344 eodem)
1629 5293 1642 5330 :
1689 5299 1717 5328 «
1752 5278 1918 5333 Tunc

266 5360 664 5418 Antichristus
685 5365 890 5420 mundi
920 5365 1167 5436 gloriam
1195 5363 1596 5436 temporaliter
1625 5364 1915 5430 obtinens,

269 5461 578 5506 mensuras
601 5451 908 5509 hominum
927 5458 984 5507 et
1003 5453 1244 5508 honoris
1263 5451 1518 5508 culmine
1537 5455 1594 5508 et
1615 5451 1918 5523 signorum

270 5537 558 5604 potestate
588 5541 968 5598 transcendit.
1004 5540 1258 5614 Spiritus
1290 5541 1505 5613 quippe
1558 5539 1616 5594 in
1666 5539 1764 5594 illo
1806 5545 1914 5608 est,

271 5619 370 5691 qui
399 5619 460 5676 in
491 5625 846 5685 sublimibus
877 5631 1168 5702 conditus,
1203 5628 1522 5702 potentiam
1553 5631 1774 5684 naturae
1797 5645 1918 5684 suae

2033 4745 2240 4803 christi
2268 4743 2438 4800 testis
2485 4742 2614 4799 est?
2645 4743 2714 4799 Et
2759 4742 2818 4798 in
2871 4741 3119 4814 epistola
3162 4742 3408 4820 Joannis
3437 4744 3702 4815 apostoli

2035 4834 2320 4906 scriptum
2377 4837 2466 4887 est
2497 4847 2510 4886 :
2541 4832 2608 4887 Et
2660 4832 2805 4887 sicut
2855 4831 3088 4888 audistis
3143 4833 3276 4904 quia
3320 4831 3698 4897 Antiehmm

2032 4925 2228 4990 veniet,
2261 4929 2312 4978 et
2355 4937 2506 4977 nunc
2552 4919 2876 4976 Antichristi
2921 4920 3088 4977 multi
3133 4928 3265 4978 sunt
3292 4920 3338 4992 (ι
3379 4921 3536 4979 locu.
3578 4939 3696 4990 xu,

2036 5014 2144 5084 18).
2183 5035 2210 5062 ..

2105 5099 2252 5156 Hinc
2297 5097 2643 5154 venerabilis
2691 5098 2994 5169 presbyter
3036 5098 3190 5155 Beda
3234 5098 3424 5154 dicit:
3459 5121 3488 5148 «
3518 5099 3698 5156 Anti-

2027 5187 2278 5244 christos
2307 5187 2450 5243 dicit
2479 5185 2806 5252 hmreticos,
2837 5187 2939 5242 sed
2967 5189 3024 5242 et
3049 5185 3183 5242 illos
3213 5185 3336 5258 qui,
3374 5187 3548 5245 ﬁdem
3577 5204 3698 5244 ca-

2026 5275 2303 5332 tholicam
2335 5291 2514 5348 quam
2547 5273 2920 5340 confitentur,
2953 5273 3240 5346 perversis
3269 5273 3497 5330 actibus
3543 5275 3658 5334 des
3679 5307 3699 5318 ο

2027 5369 2250 5420 truunt.
2287 5365 2449 5420 Unde
2479 5366 2710 5418 constat
2741 5361 2880 5433 quia
2909 5362 3310 5420 Antichristus
3351 5363 3701 5422 contrarius

2027 5453 2255 5510 Christo
2286 5457 2547 5509 vocatur.
2569 5451 2785 5508 Omnes
2817 5451 2900 5506 illi
2931 5452 3188 5509 maxime
3231 5451 3590 5512 Antiohristo
3621 5451 3698 5509 in

2027 5542 2142 5596 fine
2166 5541 2362 5596 saeculi
2391 5543 2634 5596 venturo
2681 5538 2850 5610 quasi
2899 5554 3006 5594 suo
3049 5537 3226 5612 capiti
3271 5537 3698 5597 testimonium

2028 5629 2299 5685 reddunt.
2320 5627 2483 5684 Sicut
2511 5632 2570 5682 et
2613 5626 2828 5683 Paulus
2859 5625 3002 5683 dicit
3031 5626 3170 5698 quia
3211 5628 3538 5698 mysterium
3556 5627 3697 5696 jam
