3950 6172
201 393 308 458 281

913 396 1017 458 DE
1057 394 1824 460 PRIEDESTlNATlONE
1867 391 2383 463 DISSERTATIO
2425 399 2895 464 POSTERIOR.

199 537 455 602 optatur
483 529 798 604 iniquittuis
827 531 900 600 (II
931 531 1114 588 Thess.
1146 549 1208 599 ιι,
1228 534 1308 600 7).
1331 532 1412 587 De
1433 533 1604 604 cujus
1634 546 1848 604 prisco-
1875 528 1935 598 Α
1961 531 2108 588 suis.
2143 533 2203 590 Si
2231 549 2458 606 omnes,
2481 538 2540 592 et
2569 533 2666 591 ille
2695 533 2871 592 homo
2900 534 2972 592 de
2999 551 3115 608 quo
3147 535 3361 610 agitur,
3382 537 3506 612 qui,
3538 541 3607 595 ut

199 619 370 676 nibus
399 620 621 676 iterum
667 621 951 694 scriptum
983 626 1074 678 est
1107 622 1228 677 :Ea:
1255 621 1412 677 nobis
1459 623 1732 685 exierunt,
1758 619 1852 677 sed

195 724 302 766 non
328 717 497 766 erant
519 725 594 765 ex
621 709 780 766 nobis
809 711 858 782 (Ι
874 715 1039 768 Joan.
1063 727 1126 774 ιι,
1151 711 1258 782 19).
1293 711 1419 766 Non
1454 710 1611 766 enim
1642 713 1854 767 exeunt

193 797 346 854 foras
377 797 501 854 nisi
545 798 910 854 Antichristi.
945 799 1110 856 Unde
1153 803 1210 854 et
1246 800 1318 854 de
1355 799 1526 866 Juda,
1561 799 1851 872 praecipuo

193 887 578 954 Antichristo,
603 888 790 944 totius
808 887 1089 961 temporis
1110 905 1418 961 usquequo
1441 888 1539 944 ille
1559 889 1852 945 maximus

193 973 385 1032 veniat
415 975 838 1043 Antichristus,
862 977 1150 1048 scriptum
1179 980 1268 1033 est
1298 977 1436 1049 quia
1477 977 1631 1048 misit
1661 977 1850 1034 diabo-

197 1064 278 1119 ιω
303 1065 370 1118 in
397 1081 497 1120 cor
535 1065 700 1122 Iuda?
725 1072 788 1121 ut
815 1064 1048 1121 traderet
1072 1081 1220 1132 eum,
1251 1069 1309 1121 et
1355 1069 1488 1137 post
1534 1065 1848 1132 bucellam,

198 1155 448 1210 introivit
473 1155 539 1209 in
566 1169 694 1210 eum
721 1153 976 1218 Satanas,
995 1162 1047 1210 et
1061 1155 1236 1212 exivit
1259 1156 1516 1212 continuo
1533 1157 1686 1224 (Luc.
1710 1172 1846 1222 xxu,

196 1243 266 1315 3).
285 1241 402 1310 Qui
457 1243 790 1315 appellatus
848 1247 937 1299 est
992 1243 1152 1300 illius
1208 1245 1579 1317 perditionis,
1611 1244 1766 1300 sicut
1793 1247 1853 1300 et

197 1332 496 1388 maximus
523 1331 940 1388 Antichristus.
957 1355 986 1383 υ
1011 1335 1080 1390 Et
1108 1333 1248 1388 item
1275 1349 1332 1389 :«
1363 1333 1548 1390 Judas
1575 1332 1852 1388 antichri-

199 1424 320 1476 stus
346 1420 602 1476 tradidit
626 1437 764 1476 eum
797 1420 897 1493 qui
927 1421 1207 1478 veraciter
1235 1421 1449 1478 dicitur
1475 1420 1764 1487 Christus,
1795 1425 1854 1477 et

197 1508 408 1566 colitur
450 1509 630 1576 Deus,
655 1509 758 1582 qui
805 1515 898 1566 est
944 1527 1122 1582 super
1167 1509 1366 1567 omnia
1415 1511 1760 1568 benedictus
1790 1511 1852 1565 in

196 1597 437 1654 secula.
465 1597 571 1654 Ille
628 1603 824 1655 autem
855 1597 915 1654 in
959 1604 1222 1672 tempore
1279 1617 1386 1656 suo
1441 1599 1769 1656 adversitur
1798 1603 1856 1655 et

195 1685 508 1744 extolletur
535 1703 716 1759 super
743 1703 918 1744 omne
947 1689 1102 1760 quod
1133 1688 1347 1744 dicitur
1373 1689 1548 1760 Deus,
1573 1693 1676 1746 aut
1695 1688 1852 1761 quod

195 1774 430 1847 colitur,
455 1775 545 1831 ita
581 1779 650 1831 ut
677 1775 740 1831 in
765 1777 986 1849 templo
1016 1778 1114 1833 Dei
1146 1779 1364 1845 sedeat,
1387 1782 1692 1835 ostentans
1737 1779 1852 1835 sei-

195 1881 365 1965 psum
397 1864 574 1938 quasi
606 1864 736 1965 ipse
784 1865 1122 1965 situDeus-Z»
1157 1867 1240 1922 De
1268 1867 1379 1922 isto
1409 1871 1628 1965 autem,
1658 1867 1718 1965 id
1765 1874 1856 1925 est
1882 1899 1930 1965 Β

194 1953 364 2021 Juda,
389 1957 532 2026 post
560 1953 752 2010 multa
779 1954 839 2009 in
873 1954 1020 2010 libro
1053 1955 1540 2028 Hypomnesticon
1575 1957 1634 2012 S.
1655 1957 1853 2029 Augu-

196 2043 388 2099 stinus
409 2041 561 2098 dicit
581 2058 632 2098 εκ
657 2041 818 2098 Talis
836 2047 926 2099 est
949 2043 1342 2118 periturorum
1367 2044 1630 2100 omnium
1653 2063 1852 2113 causa,

200 2129 330 2188 licet
350 2129 537 2202 culpa
554 2129 634 2186 sit
651 2147 687 2186 a
705 2129 880 2203 culpa
899 2131 1225 2188 dissimilis.
1251 2153 1280 2182 υ
1302 2133 1371 2188 Et
1388 2133 1460 2188 de
1491 2132 1589 2188 illo
1609 2135 1856 2207 ejusque

204 2236 444 2292 corpore
468 2220 536 2275 S.
563 2219 880 2291 Gregorius
907 2218 969 2275 in
998 2220 1148 2276 libro
1179 2237 1354 2277 xxxm
1383 2222 1522 2294 (cap.
1547 2221 1634 2293 19)
1665 2223 1854 2278 Mora-

203 2307 340 2365 lium
379 2307 534 2366 dicit
557 2324 572 2364 :
597 2328 626 2358 ‹‹
649 2310 714 2366 Et
753 2309 1061 2366 videntibus
1117 2318 1342 2366 cunctus
1392 2313 1851 2384 praecipitabitur.

202 2397 439 2454 Cunctis
469 2396 630 2453 enim
663 2395 1002 2454 videntibus
1031 2399 1510 2472 praecipitabitur,
1537 2401 1675 2474 quia
1699 2406 1857 2457 aeter-

204 2503 272 2542 no
297 2491 444 2542 tunc
460 2485 672 2558 judice
700 2486 1043 2542 terribiliter
1061 2493 1396 2560 apparente,
1423 2491 1753 2546 astantibus
1774 2490 1854 2547 le-

204 2573 476 2648 gionibus
500 2573 872 2647 angelorum,
896 2575 1207 2632 assistente
1229 2582 1370 2633 tunc
1393 2579 1720 2635 ministerio
1751 2597 1856 2636 cm-

201 2663 431 2721 lestium
465 2668 856 2745 potestatum,
891 2669 1066 2737 atque
1095 2665 1296 2722 electis
1336 2667 1612 2724 omnibus
1640 2670 1710 2726 ad
1747 2669 1857 2726 hoc

203 2752 604 2826 spectaculum
625 2751 914 2820 deductis,
931 2753 1044 2808 ista
1063 2753 1525 2812 belluacredulis
1540 2762 1596 2812 et
1615 2758 1780 2814 fortis
1795 2757 1856 2814 in

202 2841 462 2898 medium
481 2840 720 2914 captiva
737 2841 1082 2904 deducetur,
1105 2847 1161 2898 et
1193 2860 1328 2898 cum
1358 2860 1764 2922 suo-corpore;
1796 2847 1854 2903 id

203 2935 432 2988 autcum
445 2930 718 3002 reprobis
731 2931 1271 2997 omnibus,aeternis
1281 2932 1858 3006 gehennzeincendiis

202 3019 642 3092 mancipabitur
653 3034 792 3074 cum
815 3018 1046 3075 dicetur
1065 3035 1077 3074 :
1102 3021 1371 3078 Discedite
1387 3038 1421 3078 a
1437 3039 1543 3090 me,
1557 3024 1854 3094 maledicti,

202 3109 453 3180 unionem
475 3108 575 3164 21
590 3109 628 3162 1
651 3109 1048 3180 διαπταίη.ᾳυί
1062 3117 1288 3180 paratus
1307 3118 1386 3166 est
1399 3111 1610 3170 diabolo
1631 3121 1683 3169 et
1699 3129 1860 3184 ange-

203 3195 270 3252 lis
289 3199 407 3268 ejus
427 3195 642 3268 (latth.
664 3212 796 3260 xxv,
819 3196 964 3268 45)..
987 3196 1151 3253 Unde
1167 3198 1310 3270 quia
1329 3199 1504 3255 homo
1525 3199 1636 3256 erit
1654 3193 1856 3274 repro-

1958 623 2246 693 scriptum
2267 627 2376 690 est,
2404 623 2466 679 in
2497 640 2602 681 suo
2627 623 2864 680 nomine
2890 624 3083 680 veniet
3101 626 3512 684 Antichristus.
3535 628 3607 688 Et

1959 711 2008 768 si
2041 711 2263 785 aliquid
2312 713 2443 768 aliis
2475 714 2758 785 reprobis,
2791 713 2982 786 ipsius
3027 712 3252 772 scilicet
3301 715 3601 784 membris,

1960 799 2155 873 passio
2183 801 2397 858 Christi
2447 801 2716 868 contulit,
2739 818 2812 859 ne
2863 801 3038 874 capiti
3091 802 3417 876 denegavit,
3455 804 3611 866 sicut

1960 889 2378 946 catholicorum
2412 889 2717 948 sententiis
2745 891 3146 948 ostendemus.
3181 891 3372 948 Primo
3409 895 3607 950 tamen

1960 982 2162 1034 contra
2182 980 2630 1052 oompositorem
2651 978 3140 1051 capitulorum,de
3156 978 3372 1052 quibus
3391 979 3605 1054 agitur,

1960 1067 2033 1122 de
2053 1070 2218 1140 parte
2241 1067 2415 1124 istius
2439 1066 2677 1140 capituli
2702 1068 2858 1140 quod
2883 1068 3038 1124 Deus
3057 1068 3283 1125 dederit
3303 1069 3612 1143 responde-

1960 1155 2176 1223 bimus,
2201 1161 2260 1212 et
2279 1162 2418 1212 tunc
2445 1173 2514 1212 ex
2535 1155 2738 1212 ordine
2759 1157 2830 1212 ad
2865 1158 3338 1230 respondendum
3360 1157 3460 1214 his
3479 1175 3609 1232 qua

1961 1248 2310 1316 sequuntur,
2335 1245 2462 1316 ipso
2490 1245 2732 1312 favente,
2759 1245 3221 1318 progrediamur.

2031 1333 2157 1388 Non
2189 1333 2272 1388 ita
2301 1331 2669 1405 scripsimus,
2693 1333 2848 1389 sicut
2870 1333 3218 1407 compilator
3244 1334 3355 1392 iste
3381 1351 3612 1409 compo-

1960 1421 2100 1488 suit,
2125 1425 2181 1476 ct
2199 1438 2382 1493 quare
2401 1421 2658 1494 capitula
2677 1438 2711 1477 a
2732 1421 2902 1478 nobis
2922 1426 3193 1495 excerpta
3221 1440 3436 1496 ponere
3459 1424 3612 1482 sicut

1961 1514 2102 1564 sunt
2132 1509 2351 1582 scripta
2379 1509 2657 1578 noluerit,
2679 1510 2806 1582 ipse
2823 1510 3053 1567 viderit.
3077 1511 3383 1570 Credimus
3411 1516 3607 1571 tamen

1961 1597 2100 1670 quia
2123 1599 2250 1669 jam
2296 1597 2444 1654 vidit
2473 1615 2508 1654 a
2537 1597 2858 1670 pictoribus
2887 1600 3124 1673 nigrum
3173 1601 3425 1659 colorem
3475 1602 3610 1660 albo

1961 1687 2350 1754 substratum,
2365 1691 2432 1743 ut
2452 1688 2610 1760 quod
2631 1692 2756 1744 erat
2776 1687 3038 1744 lucidum
3055 1706 3126 1746 ex
3141 1690 3436 1748 tenebrosi
3456 1708 3614 1748 com-

1961 1776 2262 1848 paratione
2281 1776 2496 1832 clarius
2516 1776 2836 1833 videretur:
2853 1781 2910 1832 et
2929 1777 3061 1834 ideo
3084 1777 3272 1834 nol-uit
3285 1779 3608 1850 veritatem,

1961 1882 1996 1920 a
2027 1864 2195 1922 nobis
2223 1865 2295 1921 de
2324 1863 2593 1921 veridicis
2630 1863 2969 1922 auctoribus
3008 1871 3329 1940 sumptam,
3351 1869 3610 1928 tenebris

1963 1953 2253 2010 mendacii
2284 1954 2377 2011 sui
2409 1971 2776 2026 componere,
2801 1971 2874 2010 ne
2895 1955 3092 2012 minus
3117 1954 3384 2013 incautos
3412 1950 3611 2015 lallére

1963 2042 2381 2116 praevaleret,et
2397 2041 2626 2098 facilius
2644 2043 2892 2098 mendax
2911 2043 3185 2100 fidelibus
3201 2037 3619 2103 innotesceret.‘

1963 2131 2322 2204 Scripsimus
2354 2147 2606 2202 namque
2635 2131 2708 2186 de
2737 2131 3001 2204 Prosperi
3022 2131 3313 2200 verbis,et
3333 2133 3524 2206 ipsius
3543 2150 3612 2191 ac

1961 2220 2212 2276 aliorum
2233 2219 2689 2276 orthodoxorum
2714 2218 3009 2284 sensibus,
3032 2237 3160 2293 cap.
3185 2222 3216 2276 4
3240 2239 3253 2277 :
3281 2242 3310 2272 α
3337 2221 3612 2280 Christus

1961 2309 2134 2366 Jesus
2164 2308 2450 2365 Dominus
2482 2313 2678 2364 noster
2711 2309 2867 2364 sicut
2895 2307 3096 2364 nullus
3131 2309 3309 2366 homo
3337 2315 3446 2378 est,
3477 2310 3608 2380 fuit,

1960 2399 2047 2456 vel
2072 2399 2201 2466 erit,
2226 2399 2398 2468 cujus
2420 2401 2630 2453 natura
2648 2397 2709 2453 in
2732 2397 2832 2452 illo
2853 2403 3163 2470 assumpta
3181 2415 3296 2455 non
3320 2399 3512 2468 fuerit,
3531 2389 3612 2458 ita

1963 2488 2162 2544 nullus
2191 2492 2298 2555 est,
2333 2487 2463 2545 fuit.
2484 2485 2573 2542 vel
2602 2485 2715 2542 erit
2743 2486 2938 2556 homo,
2971 2503 3076 2559 pro
3104 2505 3223 2560 quo
3249 2505 3463 2562 passus
3492 2495 3620 2545 non

1963 2575 2158 2642 fuerit,
2183 2575 2318 2630 licet
2338 2592 2453 2629 non
2475 2591 2683 2630 omnes
2704 2574 2998 2648 passionis
3017 2577 3146 2648 ejus
3168 2576 3444 2650 mysterio
3469 2577 3615 2634 redi-

1965 2670 2221 2722 mantur.
2248 2663 2396 2728 Quia
2421 2679 2556 2719 vero
2603 2680 2808 2721 omnes
2837 2663 3130 2736 passionis
3155 2666 3287 2737 ejus
3335 2667 3612 2740 materie

1964 2771 2082 2810 non
2113 2752 2502 2820 redimuntur,
2526 2769 2642 2808 non
2681 2751 2920 2825 respicit
2949 2754 3022 2810 ad
3055 2754 3524 2828 magnitudinem
3553 2759 3614 2813 et

1964 2841 2137 2916 pretii
2162 2839 2589 2914 cepiositatem,
2612 2840 2713 2896 sed
2736 2841 2808 2895 ad
2839 2839 3167 2897 infidelium
3187 2846 3246 2898 et
3265 2844 3334 2899 ad
3358 2861 3472 2902 non
3488 2861 3614 2902 ere—

1964 2931 2231 2987 dentium
2252 2945 2322 2985 ea
2341 2929 2453 2983 fide
2473 2945 2602 3000 quae
2634 2944 2739 2999 per
2766 2927 3136 2984 dilectionem
3170 2935 3465 3002 operatur,
3491 2949 3612 2989 res-

1965 3019 2107 3094 picit
2134 3023 2384 3090 partem,
2409 3015 2547 3088 quia
2577 3017 2732 3074 218
2772 3015 3050 3088 poculum
3083 3017 3355 3074 humanae
3377 3019 3610 3090 salutis,

1964 3109 2119 3181 quod
2149 3106 2477 3162 confectum
2507 3109 2598 3160 est
2621 3105 2693 3160 de
2723 3103 3065 3162 inﬁrmitate
3086 3110 3288 3162 nostra
3315 3111 3374 3162 et
3399 3105 3614 3164 virtute

1965 3197 2182 3262 divina,
2203 3195 2378 3250 habet
2401 3193 2640 3265 quidem
2661 3192 2721 3248 in
2743 3209 2808 3248 se
2827 3197 2894 3248 ut
2913 3193 3190 3250 omnibus
3211 3195 3418 3267 prosit,
3435 3197 3539 3253 sed
3561 3196 3612 3254 si

199 3261 384 3340 bus-et
400 3261 586 3356 caput
607 3261 1017 3356 reproborum,
1041 3261 1242 3340 eorum
1267 3285 1490 3343 scilicet
1516 3292 1574 3343 et
1602 3261 1853 3346 aliorum
1885 3261 1929 3330 CI
1968 3302 2084 3344 non
2115 3261 2341 3340 bibitur
2379 3261 2493 3337 non
2531 3282 2817 3337 medetur.
2843 3302 2872 3332 ››
2908 3281 3073 3337 Paret
3100 3261 3244 3354 quia
3279 3261 3434 3340 sicut
3467 3284 3615 3341 dixit

206 3371 599 3445 omnium,qui
617 3373 694 3428 ab
709 3370 882 3427 initio
900 3371 1105 3428 mundi
1123 3389 1308 3446 usque
1325 3375 1398 3430 ad
1416 3376 1732 3432 adventum
1755 3377 1862 3435 Do-

209 3459 532 3534 mini,quos
551 3460 805 3517 istorum
823 3461 1184 3532 compositor
1205 3461 1623 3534 capitulorum,
1640 3465 1698 3519 in
1722 3481 1862 3538 sug-

199 3548 558 3622 gillationem
578 3549 1112 3612 nostramunternie
1135 3550 1323 3622 pmnis
1347 3552 1596 3607 traditos
1615 3552 1675 3607 in
1696 3555 1862 3610 testi-

203 3638 458 3694 monium
477 3636 858 3703 deduxit,sed
878 3641 934 3692 et
948 3654 1149 3693 eorum
1167 3637 1266 3710 qui
1284 3644 1416 3710 post
1429 3641 1741 3697 adventum
1756 3644 1863 3699 Do-

205 3727 340 3782 mini
357 3743 553 3798 usque
568 3725 648 3782 ad
665 3726 844 3781 ﬁnem
867 3726 1074 3782 mundi
1093 3727 1153 3782 in
1173 3727 1515 3785 infidelitate
1530 3734 1587 3784 et
1601 3747 1863 3803 perseve-

203 3815 344 3870 ranti
358 3813 682 3888 iniquitate
697 3815 774 3870 ad
789 3814 920 3885 ejus
939 3815 1243 3887 pertinebu
1254 3821 1316 3871 nt
1337 3818 1586 3874 consorti
1597 3837 1858 3886 um,cum

205 3903 258 3958 in
271 3904 539 3976 proximo
556 3903 634 3959 de
657 3901 882 3958 eisdem
904 3903 1168 3974 mprobis
1187 3903 1288 3976 qui
1304 3905 1574 3963 catholici
1590 3909 1860 3967 doctores

204 3993 450 4050 sentiant
459 3992 824 4061 scribemus,
841 3991 1231 4064 quiscumque
1248 3993 1642 4051 calumniator
1660 4002 1859 4054 noster

205 4096 266 4136 se
279 4086 410 4139 ante
428 4099 494 4138 se
515 4084 788 4154 ponat,et
803 4085 1004 4136 utrum
1021 4097 1130 4137 nos
1149 4098 1251 4153 per
1262 4082 1690 4140 Antichristum
1710 4085 1858 4142 falsa

204 4169 506 4244 scripsisse
521 4168 721 4242 possit
741 4169 1036 4226 revincere
1051 4169 1261 4237 videat,
1269 4175 1327 4226 et
1341 4171 1391 4227 si
1410 4172 1744 4230 defensores
1760 4179 1853 4230 at-

203 4261 632 4331 queadjutores
643 4255 965 4314 catholicos
982 4258 1294 4330 magistros
1306 4265 1509 4315 contra
1523 4259 1689 4317 illum
1705 4261 1856 4319 inve-

201 4347 322 4404 nire
347 4365 468 4404 non
499 4345 896 4421 potuerimus,
921 4363 1056 4402 cum
1083 4347 1342 4420 tripudio
1363 4349 1434 4404 de
1455 4349 1625 4406 nobis
1653 4350 1858 4406 trium-

199 4435 354 4508 phet.
378 4435 696 4494 Hominem
727 4434 965 4508 quippe,
995 4440 1060 4490 ut
1089 4436 1502 4507 praemisimus,
1527 4442 1586 4493 et
1614 4443 1854 4496 sanctus

199 4523 418 4582 Paulus
429 4527 747 4581 etsanctus
757 4523 1074 4596 Gregorius
1086 4529 1143 4580 et
1155 4525 1578 4598 ceteriquique
1588 4528 1852 4585 doctores

1969 3391 2086 3430 non
2118 3372 2467 3445 scripsimus
2488 3375 2692 3427 contra
2719 3369 2863 3426 illud
2895 3369 3323 3443 propheticum,
3345 3373 3448 3430 Ero
3465 3389 3613 3430 mors

1967 3471 2081 3530 tua,
2113 3478 2144 3519 ο
2165 3477 2346 3526 mors;
2375 3475 2467 3516 ero
2505 3475 2719 3516 nwrsus
2770 3467 2914 3526 tuus,
2955 3459 3331 3533 infeme(0se.
3353 3478 3478 3532 xm,
3500 3463 3610 3536 14),

1969 3551 2248 3616 dicentes,
2275 3548 2414 3620 quia
2441 3563 2575 3602 vero
2611 3563 2818 3602 omnes
2855 3547 3148 3618 passionis
3175 3548 3308 3619 ejus
3334 3550 3614 3624 mysterio

1969 3658 2084 3696 non
2117 3638 2503 3702 redimuntur,
2538 3653 2653 3690 non
2687 3635 2923 3708 respicit
2951 3636 3023 3691 ad
3057 3637 3525 3710 magnitudinem
3553 3643 3615 3698 et

1969 3728 2138 3802 pretii
2160 3724 2584 3799 copiositatem,
2603 3725 2704 3779 sed
2727 3723 2799 3780 ad
2828 3723 3156 3780 inﬁdelium
3177 3729 3236 3780 et
3254 3727 3326 3782 ad
3349 3743 3466 3782 non
3485 3744 3610 3784 cre-

1968 3817 2235 3874 dentium
2266 3832 2335 3870 ea
2364 3814 2477 3868 {ide
2508 3830 2636 3885 quae
2666 3829 2770 3892 per
2799 3811 3168 3870 dilectionem
3199 3820 3495 3888 operatur,
3517 3835 3610 3874 re-

1967 3905 2139 3980 spicit
2164 3908 2412 3981 pariem.
2435 3902 2634 3974 Neque
2676 3900 2832 3959 enim
2864 3906 3134 3962 sanctum
3174 3903 3518 3978 Gregorium
3549 3906 3610 3964 in

1964 3993 2209 4052 homiiia
2223 3995 2314 4058 22,
2340 3991 2573 4062 quando
2595 3989 2716 4046 haec
2737 3989 3106 4064 scripsimus,
3129 3991 3346 4050 dixisse
3365 3993 3610 4051 nescivi-

1965 4099 2100 4140 mus
2117 4098 2169 4136 τα
2191 4081 2296 4136 Per
2317 4078 2468 4135 hanc
2487 4077 2712 4148 eclecti,
2727 4079 2824 4152 qui
2853 4080 3121 4152 quamvis
3140 4081 3202 4136 in
3225 4083 3612 4155 tranquillita-

1962 4173 2040 4228 tis
2062 4171 2217 4236 sinu,
2238 4173 2435 4225 tamen
2458 4168 2612 4241 apud
2635 4167 2846 4224 inferni
2867 4168 3124 4225 claustra
3140 4171 3507 4240 tenebantur,
3535 4173 3607 4228 ad

1963 4257 2220 4333 paradisi
2242 4275 2473 4313 ammna
2493 4257 2715 4312 reducti
2749 4262 2906 4312 sunt.
2931 4257 3093 4323 Quod
3116 4263 3250 4319 ante
3273 4259 3606 4330 passionem

1962 4348 2128 4414 dixit,
2141 4348 2202 4402 in
2227 4344 2652 4403 resurrectione
2673 4362 2781 4402 sua
2793 4344 3064 4401 Christus
3086 4344 3366 4417 implevit,
3379 4346 3444 4402 Si
3457 4347 3609 4402 exal-

1961 4445 2102 4494 tatus
2144 4439 2298 4508 fuero
2327 4451 2362 4490 α
2389 4442 2555 4502 terra,
2579 4435 2767 4489 omnia
2813 4433 3028 4488 traham
3068 4432 3144 4488 ad
3186 4449 3274 4489 me
3297 4436 3606 4502 (laenam,

1961 4527 2072 4594 32).
2105 4523 2316 4581 Omnia
2339 4521 2557 4578 etenim
2589 4521 2786 4588 traxit,
2811 4520 2913 4592 qui
2943 4521 3016 4576 de
3041 4519 3242 4577 electis
3287 4522 3412 4578 suis
3451 4525 3606 4597 apud

197 4611 366 4671 illum
389 4614 662 4670 futurum
683 4613 892 4668 dicunt
909 4617 968 4668 et
987 4629 1094 4668 nos
1115 4613 1492 4678 credimus,et
1505 4614 1753 4687 quilibet
1774 4635 1856 4673 re-
1883 4630 1931 4694 ι)
1961 4614 2180 4669 inferos
2209 4611 2436 4667 nullum
2468 4609 2720 4681 reliquit.
2745 4609 2954 4664 Omnia
2977 4609 3244 4680 abstulit,
3269 4611 3474 4684 utique
3499 4611 3612 4670 ele-

197 4702 521 4773 pmhensor
540 4706 746 4758 noster
759 4701 1046 4773 denegare
1063 4718 1178 4757 non
1194 4701 1364 4758 volet.
1379 4704 1450 4758 Et
1468 4703 1516 4759 si
1533 4704 1708 4761 homo
1721 4704 1854 4776 erit,

194 4789 327 4848 licet
347 4791 590 4848 diabolo
610 4789 828 4846 comite
847 4789 1079 4862 plenus,
1091 4790 1152 4845 in
1174 4795 1462 4862 quantum
1486 4792 1660 4849 homo
1676 4811 1860 4866 quan-

196 4894 374 4950 quam
389 4880 684 4952 reprobus
701 4878 1192 4945 morietur.Quem
1210 4879 1494 4937 Dominus
1504 4881 1859 4954 Jesus,sicut

195 4967 486 5040 scriptum
517 4971 630 5035 est,
651 4966 963 5023 interﬁciet
989 4967 1202 5039 spiritu
1233 4967 1350 5023 oris
1379 4969 1572 5037 sui,et
1596 4971 1858 5028 destruet

193 5053 592 5112 illustrations
605 5056 894 5112 adventus
909 5056 1003 5111 sui
1023 5073 1036 5110 :
1051 5057 1288 5128 quando
1303 5057 1460 5113 sicut
1473 5057 1856 5132 fulgur,quod

193 5144 308 5200 exit
337 5145 418 5201 ab
445 5145 678 5202 oriente
705 5148 765 5200 et
805 5149 970 5216 paret
999 5145 1058 5200 in
1089 5143 1408 5212 occidente,
1431 5147 1542 5201 erit
1569 5148 1856 5206 adventus

191 5230 383 5304 ipsius
406 5234 510 5290 Dei
531 5239 592 5289 et
609 5233 868 5288 hominis
887 5233 1012 5288 lilii.
1027 5235 1096 5290 Et
1115 5233 1254 5306 quia
1269 5234 1552 5290 morietur
1565 5243 1852 5310 resurget,

192 5321 346 5377 sicut
391 5321 542 5378 item
597 5322 885 5393 scriptum
915 5327 1006 5378 est
1039 5341 1051 5378 :
1085 5322 1164 5378 Ad
1193 5331 1244 5378 te
1279 5326 1458 5379 omnis
1509 5340 1633 5380 caro
1677 5328 1858 5382 veniet

193 5409 364 5479 (Psal.
395 5426 546 5474 ων,
570 5411 650 5476 3),
671 5413 732 5464 et
768 5408 972 5464 videbit
998 5413 1175 5466 omnis
1205 5427 1350 5475 caro,
1375 5411 1527 5482 quod
1573 5429 1685 5467 non
1726 5413 1853 5469 sine

191 5497 397 5554 anima
421 5498 485 5554 in
507 5497 938 5554 resurrectione
960 5499 1080 5565 liet,
1099 5501 1350 5555 salutare
1375 5501 1479 5554 Dei
1497 5501 1648 5567 (Luc.
1672 5519 1756 5568 ιιι,
1773 5502 1850 5573 6).

187 5586 270 5641 Ad
299 5587 484 5658 cujus
524 5585 865 5650 adventum,
899 5587 1221 5642 secundum
1259 5587 1434 5642 ﬁdem
1477 5587 1850 5657 catholicam,

189 5690 400 5732 omnes
429 5675 706 5732 homines
746 5689 1048 5745 resurgere
1085 5675 1304 5730 habent
1342 5691 1477 5732 cum
1509 5677 1852 5749 corporibus

1966 4707 2080 4759 cta.
2099 4702 2296 4773 Neque
2317 4698 2530 4754 etenim
2554 4696 2822 4754 inﬁdeles
2837 4714 3122 4770 quosque,
3138 4703 3200 4756 et
3224 4716 3328 4772 pro
3347 4700 3473 4757 suis
3491 4702 3610 4757 cri—

1965 4789 2226 4846 minibus
2246 4786 2476 4843 teternis
2491 4785 2799 4858 suppliciis
2817 4787 3066 4854 deditos,
3079 4785 3154 4842 ad
3175 4787 3404 4852 veniam
3422 4789 3612 4846 Domi-

1965 4896 2079 4936 nus
2090 4877 2446 4950 resurgendo
2458 4875 2772 4948 reparavit:
2787 4877 2889 4933 sed
2905 4875 2942 4932 il
2951 4877 3038 4933 los
3049 4893 3118 4934 ex
3131 4877 3342 4936 infami
3355 4878 3610 4936 claustro

1965 4967 2178 5040 rapuit,
2199 4982 2350 5038 quos
2379 4981 2520 5022 suos
2548 4963 2608 5020 in
2638 4965 2753 5021 fide
2781 4970 2838 5022 et
2865 4965 3096 5022 actibus
3121 4967 3476 5042 recognovit.
3493 4991 3522 5018 »
3541 4969 3612 5024 Et

1963 5057 2102 5113 hinc
2123 5054 2402 5122 diximus,
2419 5056 2551 5127 quia
2570 5055 2668 5127 qui
2691 5071 2804 5114 non
2832 5055 3202 5125 redimuntur,
3221 5074 3334 5114 non
3353 5057 3424 5113 ad
3447 5059 3612 5124 pretii

1963 5147 2347 5218 copiositatem,
2369 5143 2463 5202 sed
2488 5143 2559 5199 ad
2596 5143 2906 5216 inﬁdelium
2945 5147 3168 5217 respicit
3204 5153 3436 5218 partem.
3464 5143 3610 5200 Sub-

1961 5234 2227 5306 sequitur
2253 5237 2493 5288 sanctus
2524 5231 2837 5304 Gregorius
2861 5249 2910 5287 :a
2933 5232 3097 5290 Unde
3123 5238 3277 5289 recte
3299 5232 3475 5289 etiam
3505 5247 3610 5304 per

1961 5323 2106 5379 Osee
2133 5321 2310 5378 dicit:
2340 5323 2447 5378 Ero
2473 5337 2622 5377 mors
2652 5317 2767 5388 tua,
2799 5337 2830 5378 ο
2857 5338 3024 5378 mors.
3057 5343 3078 5371 ιι
3110 5323 3191 5376 Ac
3222 5321 3272 5377 si
3303 5324 3498 5393 aperte
3527 5321 3612 5376 di-

1961 5416 2056 5468 cat
2088 5427 2102 5465 :
2131 5411 2278 5477 Quia
2307 5410 2365 5465 in
2398 5409 2596 5465 electis
2635 5412 2791 5489 meis
2829 5414 2884 5464 te
2937 5409 3204 5464 funditus
3249 5407 3492 5481 perimo,
3515 5427 3609 5468 ero

1959 5516 2172 5556 morsus
2208 5506 2354 5566 tuus,
2386 5500 2622 5570 inferne,
2654 5488 2793 5570 quia
2833 5497 3086 5553 sublatis
3112 5497 3197 5552 eis
3226 5501 3283 5554 te
3327 5513 3399 5554 ex
3446 5503 3612 5572 parte

1960 5589 2262 5659 transﬁgo.
2282 5588 2351 5642 Et
2373 5587 2510 5642 hinc
2541 5587 2800 5642 diximus
2824 5602 2837 5640 :
2863 5587 3060 5642 Nullus
3089 5585 3245 5642 homo
3271 5594 3352 5644 est
3373 5603 3474 5660 pro
3505 5605 3612 5661 quo

1961 5676 2207 5732 Christus
2233 5692 2430 5748 passus
2457 5691 2568 5731 non
2596 5677 2784 5746 fuerit,
2819 5675 2944 5730 licet
2979 5691 3092 5732 non
3127 5690 3312 5734 mones
3338 5679 3612 5750 passionis
