3970 6182
343 380 462 448 283

1192 379 1654 443 ΗΙΝΟΜΑΒΠΞ
1701 375 2147 441 ηΗΕΜΕΝδΙε
2192 374 2886 440 ARCHIEPlSCOl’US.

3627 370 3748 434 284

341 517 459 592 ejus
485 514 748 590 mysterio
787 512 1150 572 redimantur.
1177 514 1289 571 Sed
1331 516 1389 569 et
1424 513 1660 586 quando
1691 511 1812 568 haec
1843 510 1991 568 scri-
2019 511 2076 579 Α
2103 510 2342 584 profuit.
2365 510 2518 567 Sicut
2544 507 2724 577 enim,
2763 507 2957 582 inquit
2997 505 3232 574 Paulus,
3256 508 3318 564 in
3355 503 3524 564 Adam
3569 521 3755 562 omnes

341 605 592 681 psimus,
615 621 732 660 non
765 603 1162 676 ignoravimus
1185 606 1460 658 sanctum
1489 599 1910 674 Augustinum,
1938 600 1997 654 in

339 694 616 767 Catalogo
633 693 927 748 hmreseon
945 691 1016 747 ad
1033 691 1502 758 Quodvultdeum
1526 689 1840 746 diaconum
1859 687 1998 745 scri-

339 788 460 858 pto,
488 779 840 854 octogesimo
872 779 998 836 loco
1041 779 1311 835 haeresim
1355 777 1738 850 descripsisse
1777 778 1846 834 de
1877 795 1996 850 qua

341 872 485 928 dicit
507 889 556 926 :«
578 871 682 926 Est
711 869 972 934 hazresis.
999 885 1124 941 quas
1156 867 1299 923 dicit
1327 867 1716 923 descendente
1741 867 1810 921 ad
1845 865 1991 922 infc-

338 976 436 1016 ros
464 957 698 1014 Christo
728 955 1046 1013 credidisse
1084 955 1436 1021 incredulos,
1459 959 1516 1010 et
1545 971 1750 1012 omnes
1786 953 1992 1010 exinde

335 1046 632 1104 liberatos.
661 1068 689 1096 ››
711 1046 782 1102 Et
810 1043 1200 1102 venerabilem
1246 1043 1652 1116 presbyterum
1681 1043 1898 1099 Bedam
1931 1044 1990 1098 in

335 1135 694 1210 expositione
722 1135 924 1206 prima:
956 1132 1227 1206 Epistolze
1263 1132 1413 1187 Petri
1436 1137 1578 1204 (cap.
1601 1132 1656 1203 3)
1681 1132 1990 1205 scripsisse

335 1224 588 1298 legimus
605 1241 654 1278 :a
675 1223 924 1291 Quidam
947 1222 980 1278 h
993 1239 1104 1277 unc
1124 1221 1318 1277 locum
1339 1221 1421 1276 ita
1441 1219 1860 1293 interpretatus
1876 1226 1988 1289 est,

334 1313 489 1387 quod
513 1311 972 1369 consolationem
993 1309 1252 1374 illam,de
1272 1325 1389 1381 qua
1407 1308 1550 1364 dicit
1570 1308 1852 1381 apostolis
1873 1309 1983 1365 Do-

335 1402 554 1474 minus,
577 1401 731 1457 Multi
757 1399 1038 1474 prop/tetu
1065 1406 1118 1454 et
1135 1399 1278 1472 justi
1321 1399 1610 1470 cupierunt
1647 1401 1826 1454 videre
1862 1414 1988 1471 qum

333 1509 424 1550 vos
455 1491 669 1558 videtis,
693 1499 745 1547 et
770 1507 880 1546 non
932 1489 1200 1556 viderunt,
1233 1496 1288 1544 et
1321 1488 1518 1544 audire
1547 1505 1673 1562 qum
1700 1489 1905 1546 auditis
1935 1497 1995 1545 et-

331 1597 444 1638 non
471 1579 772 1636 audierunt
791 1578 994 1647 (Matth.
1018 1594 1141 1645 xm,
1170 1575 1278 1650 17),
1303 1577 1373 1633 de
1394 1594 1510 1649 qua
1543 1582 1596 1634 et
1631 1576 1942 1634 Psalmista
1965 1593 1980 1632 ε

331 1671 668 1742 Defecerunt‘
702 1665 912 1740 inquit.
946 1667 1094 1722 oculi
1119 1668 1229 1722 mei
1276 1669 1333 1722 in
1379 1667 1656 1740 eloquium
1685 1675 1860 1732 tuum,
1891 1666 1983 1722 di-

330 1766 508 1816 centes
567 1756 782 1832 quando
837 1755 1200 1812 consolaberis
1249 1758 1375 1811 me?
1415 1756 1588 1822 (Psal'.
1630 1773 1824 1822 cxvm,
1867 1757 1978 1824 82).

2103 601 2440 667 moriuntur,
2475 600 2551 655 ita
2587 607 2638 655 et
2685 599 2746 654 in
2776 597 2988 654 Christo
3031 613 3215 653 omnes
3261 595 3684 667 viviﬁcabuntur
3703 594 3759 664 (1

2105 689 2225 745 Cor.
2247 706 2341 758 xv,
2367 691 2480 756 22).
2504 689 2648 744 Hinc
2681 692 2920 744 sanctus
2940 685 3286 742 Ambrosius
3317 685 3372 741 in
3404 685 3748 742 Commenta

2103 777 2292 850 ipsius
2323 775 2594 850 Epistolas
2626 793 2675 831 ;‹‹
2709 777 2827 832 Hoc
2857 775 3019 843 dicit,
3049 775 3186 848 quia
3213 773 3368 831 sicut
3394 775 3578 830 Adam
3608 789 3748 846 pec-

2102 883 2244 922 cans
2273 871 2522 922 mortem
2565 864 2806 930 invenit,
2839 869 2896 920 et
2933 863 3144 932 tenuit,
3173 867 3240 919 ut
3268 879 3473 919 omnes
3510 879 3578 919 ex
3615 862 3746 934 ejus

2100 955 2324 1029 origine
2345 954 2760 1020 dissolvantur,
2785 953 2866 1009 ita
2885 957 2940 1010 et
2959 951 3228 1008 Christus
3252 968 3369 1008 non
3397 967 3666 1026 peccans,
3689 955 3752 1007 et

2098 1061 2202 1116 per
2232 1043 2340 1100 hoc
2369 1043 2609 1098 vincens
2640 1046 2890 1098 mortem
2921 1041 3084 1115 (quia
3112 1042 3213 1114 qui
3243 1058 3360 1097 non
3391 1045 3591 1113 peccat
3616 1040 3747 1094 vin-

2097 1133 2178 1188 cit
2207 1137 2477 1200 mortem,
2510 1131 2650 1205 quia
2681 1148 2841 1188 mors
2885 1148 2955 1186 ex
3005 1133 3284 1203 peccato),
3319 1129 3594 1186 omnibus
3642 1127 3749 1202 qui

2096 1226 2236 1278 sunt
2269 1239 2337 1276 ex
2366 1222 2494 1294 ejus
2519 1237 2756 1294 corpore
2786 1218 3094 1293 acquisivit
3115 1219 3314 1286 vitam,
3337 1218 3396 1274 id
3427 1223 3518 1274 est
3547 1233 3747 1274 resur-

2095 1307 2714 1376 rectionem.Quamvis
2734 1325 2870 1382 ergo
2886 1306 3216 1382 generalem
3232 1307 3511 1364 omnibus
3530 1306 3752 1362 tribue-

2095 1397 2172 1454 rit
2203 1398 2714 1468 resurrectionem,
2741 1401 2808 1453 ut
2853 1397 3009 1453 sicut
3051 1396 3109 1452 in
3139 1395 3326 1451 Adam
3371 1410 3573 1452 omnes
3622 1393 3750 1451 sive

2085 1488 2232 1560 justi
2267 1488 2388 1544 sive
2415 1486 2620 1560 injusti
2649 1486 3002 1554 moriuntur,
3025 1485 3108 1540 ita
3127 1489 3184 1541 et
3202 1484 3261 1540 in
3282 1483 3514 1540 Christo
3536 1500 3748 1542 omnes

2091 1581 2211 1633 tam
2241 1577 2540 1633 credentes
2561 1593 2737 1649 quam
2761 1575 3092 1631 diffidentes
3113 1577 3444 1646 resurgant,
3464 1572 3599 1630 licet
3617 1573 3750 1646 qui-

2091 1665 2228 1721 dam
2251 1665 2321 1721 ad
2347 1681 2607 1738 poenam:
2625 1662 2910 1720 increduli
2930 1667 3127 1720 tamen
3147 1660 3424 1718 viviﬁcari
3443 1659 3745 1731 videntur,

2091 1755 2230 1827 quia
2257 1770 2502 1828 corpora
2531 1770 2642 1810 sua
2671 1751 3112 1826 recipient,jam
3157 1768 3275 1808 non
3315 1749 3604 1818 morituri,
3635 1751 3746 1807 sed

331 1847 532 1905 Sancti
569 1847 941 1919 quiescentes
999 1843 1060 1899 in
1118 1843 1346 1900 inferno
1378 1843 1790 1913 desidaverint,
1825 1844 1980 1917 quod
2009 1881 2058 1945 B
2090 1843 2322 1915 passuri
2342 1859 2575 1916 pinnam
2603 1841 2664 1896 in
2695 1841 2781 1898 eis
2802 1842 2928 1898 sine
2947 1842 3082 1910 fine,
3107 1839 3261 1913 quod
3283 1839 3516 1896 credere
3537 1837 3744 1896 nolue-

331 1936 454 1992 huic
486 1934 874 1992 descendente
904 1933 962 1988 in
996 1932 1224 1988 inferna
1257 1932 1518 1999 Domino‘,
1551 1933 1728 1989 etiam
1759 1933 1852 1989 his
1879 1933 1980 2006 qui
2009 1927 2058 1945 ”
2090 1939 2282 1988 runt.«
2310 1933 2380 1987 Et
2407 1931 2616 1987 beatus
2643 1930 2900 1986 Joannes
2927 1929 3380 2002 Chrysostomus
3405 1927 3466 1984 in
3488 1927 3636 1984 libro
3667 1927 3747 1984 de

330 2023 392 2080 in
423 2039 652 2080 carcere
683 2027 867 2087 erant,
891 2025 948 2077 et
995 2020 1278 2077 increduli
1331 2023 1628 2094 quondam
1660 2022 1891 2078 fuerant
1921 2022 1982 2078 in

334 2109 547 2166 diebus
569 2109 710 2176 Noe,
735 2106 1056 2164 consolatio
1076 2108 1160 2164 vel
1183 2107 1508 2164 exhortatio
1533 2108 1848 2181 praedicata
1867 2109 1988 2165 fue-

331 2197 428 2254 rit.
451 2197 582 2253 Haec
611 2194 709 2252 ille
737 2195 968 2252 dixerit.
990 2196 1100 2252 Sed
1127 2195 1413 2253 catholica
1441 2197 1587 2254 ﬁdes
1617 2197 1810 2266 habet,
1843 2198 1982 2270 quia

331 2285 694 2343 descendens
715 2285 787 2340 ad
813 2283 1040 2341 inferna
1059 2285 1366 2354 Dominus,
1390 2302 1504 2341 non
1539 2285 1870 2342 incredulos
1892 2287 1979 2342 in-

333 2374 542 2442 de,sed
565 2373 766 2430 fideles
787 2372 1157 2430 solummodo
1178 2391 1318 2430 suos
1340 2374 1616 2441 educens,
1631 2374 1702 2429 ad
1725 2374 1983 2431 coelestia

332 2479 512 2536 regna
542 2479 742 2518 secum
773 2462 1108 2535 perduxerit
1129 2479 1142 2519 :
1169 2479 1358 2536 neque
1378 2462 1566 2520 exutis
1586 2480 1826 2536 corpore
1847 2463 1978 2520 ani-

333 2552 564 2620 mabus,
583 2555 642 2607 et
670 2551 989 2607 inferorum
1011 2567 1242 2608 carcere
1263 2551 1548 2608 scelerum
1583 2551 1848 2620 inclusis,
1875 2553 1975 2609 sed

332 2639 393 2696 in
419 2639 528 2696 hac
547 2638 664 2695 vita
684 2638 770 2696 vel
794 2657 896 2712 per
913 2637 1196 2712 seipsum,
1211 2639 1297 2696 vel
1322 2657 1426 2714 per
1445 2657 1689 2696 suorum
1715 2640 1982 2714 exempla

332 2729 460 2788 sine
479 2729 655 2786 verba
675 2729 960 2798 ﬁdelium,
975 2729 1236 2802 quotidie
1256 2731 1380 2786 vias
1403 2729 1532 2786 vitae
1559 2731 1978 2787 demonstret.»

333 2821 694 2892 Quapropter
709 2819 966 2874 diximus
985 2835 1034 2875 :«
1057 2819 1163 2874 Pro
1185 2819 1462 2875 omnibus
1479 2818 1743 2875 Christus
1767 2835 1980 2892 passus

333 2909 463 2978 fuit,
489 2907 628 2965 licet
656 2925 771 2964 non
803 2925 1006 2964 omnes
1035 2907 1328 2980 passionis
1361 2908 1490 2980 ejus
1521 2906 1796 2982 mysterio
1829 2907 1978 2964 redi-

335 3001 596 3066 mantur,
610 3000 669 3054 et
687 2996 828 3070 quia
841 3013 958 3053 non
980 3013 1185 3052 omnes
1207 2995 1600 3064 redimuntur,
1615 3013 1730 3052 non
1753 2997 1826 3052 ad
1851 3013 1976 3070 pre-

331 3085 398 3142 tii
431 3085 920 3160 magnitudinem,
955 3085 1056 3142 sed
1089 3085 1161 3140 ad
1203 3102 1318 3141 non
1351 3085 1713 3142 credentium
1745 3085 1980 3158 respicit

333 3178 616 3248 partem.»
629 3174 698 3229 Et
717 3173 994 3246 quoniam
1015 3173 1075 3227 in
1094 3173 1246 3230 211)
1269 3191 1544 3245 processu
1569 3173 1873 3229 reddendas
1897 3191 1982 3228 ra-

2091 2021 2474 2093 Reparatione
2494 2019 2724 2100 lapsi_:«
2755 2020 3076 2093 Scriptura,
3099 2017 3314 2092 inquit,
3341 2017 3484 2074 dicit
3512 2016 3656 2090 quia
3686 2021 3746 2074 et

2088 2113 2422 2182 peccatores
2451 2107 2698 2166 induent
2725 2107 3241 2180 incorruptionem,
3266 2105 3490 2164 scilicet
3515 2123 3637 2164 non
3667 2107 3742 2164 ad

2087 2199 2369 2255 honorem
2395 2198 2548 2266 vitis,
2577 2197 2678 2254 sed
2710 2197 2782 2254 ad
2815 2197 3260 2254 diuturnitatem
3295 2195 3568 2270 supplicii
3601 2213 3742 2268 pro-

2089 2287 2401 2344 futuram»
2420 2287 2490 2342 Et
2511 2291 2749 2344 sanctus
2771 2285 3028 2343 Hilarius
3049 2286 3108 2341 in
3129 2285 3488 2358 expositione
3519 2284 3740 2359 psalmi

2087 2393 2258 2432 cxvm
2292 2377 2451 2450 (vers.
2484 2378 2613 2444 22):
2639 2399 2668 2426 «
2699 2375 3022 2449 Exprobrat
3063 2374 3220 2432 enim
3259 2372 3530 2447 superbis
3558 2378 3744 2448 atque

2088 2465 2419 2522 maledictis
2443 2482 2548 2521 cur
2568 2464 2714 2522 nihil
2743 2465 2803 2520 in
2827 2468 3192 2520 sacramento
3212 2462 3520 2537 sanguinis
3543 2463 3638 2519 sui
3661 2466 3748 2519 at-

2087 2572 2202 2628 que
2233 2555 2440 2611 mortis
2471 2553 2742 2610 utilitatis
2779 2571 2898 2610 sua:
2937 2569 3068 2610 esse
3096 2551 3575 2620 cxistimaverint,
3597 2569 3740 2608 cum

2085 2641 2184 2698 ille
2214 2643 2396 2698 nostri
2435 2659 2616 2699 causa
2664 2645 2721 2698 et
2765 2645 2960 2710 natus,
2991 2644 3050 2697 et
3097 2657 3328 2713 passus,
3360 2644 3420 2696 et
3467 2645 3744 2698 mortuus

2087 2730 2186 2787 sit.
2215 2753 2243 2780 »
2275 2732 2429 2788 220
2457 2732 2528 2786 Et
2556 2730 2697 2786 item
2729 2729 2882 2786 idem
2933 2733 3176 2786 sanctus
3223 2729 3477 2786 Hilarius
3505 2745 3746 2786 concor-

2052 2817 2236 2876 ’dans
2266 2823 2468 2876 sancto
2497 2819 2806 2876 Ambrosio
2829 2817 2887 2874 in
2920 2817 3148 2892 psalmo
3170 2834 3238 2874 LV
3261 2817 3420 2889 (vers.
3442 2816 3518 2889 8),
3541 2816 3696 2873 dicit
3725 2834 3740 2874 :

2087 2930 2117 2960 «
2149 2908 2303 2964 Sicut
2344 2915 2806 2980 exspectaverunt,
2857 2905 3071 2980 inquit,
3118 2907 3366 2962 animam
3411 2921 3610 2972 meam,
3637 2922 3746 2979 pro

2085 2997 2266 3054 nihilo
2293 2997 2473 3054 salvos
2514 2999 2683 3069 facies
2713 2996 2857 3064 ilics,
2891 2997 2949 3052 in
2981 2998 3072 3051 ira
3103 2995 3329 3068 papulas
3351 2993 3598 3051 deduces.
3632 2995 3748 3052 No-

2086 3103 2194 3143 vus
2225 3085 2320 3142 hic
2349 3085 2642 3160 propheta:
2671 3103 2863 3142 sermo
2901 3088 3008 3152 est,
3035 3087 3099 3140 ut
3129 3101 3228 3140 eos
3257 3083 3357 3158 qui
3395 3087 3747 3157 exspectant

2089 3175 2348 3231 animam
2373 3191 2542 3230 suam
2565 3175 2637 3230 ad
2660 3173 2910 3230 nihilum
2933 3173 3087 3230 Deus
3109 3172 3310 3230 salvet.
3327 3173 3556 3229 Etcum
3575 3171 3742 3230 aliud

331 3247 510 3319 tionis
532 3263 604 3317 de
629 3261 742 3318 isto
763 3260 1020 3334 capitulo
1042 3278 1110 3316 ex
1140 3261 1562 3317 catholicorum
1589 3261 1760 3317 dictis
1791 3265 1982 3318 osten-
2009 3247 2052 3314 C
2087 3264 2164 3319 sit
2193 3265 2267 3320 ad
2299 3263 2569 3332 nihilum,
2596 3263 2754 3320 aliud
2777 3263 3011 3336 salvari,
3035 3279 3190 3319 nunc
3211 3261 3374 3319 salus
3393 3279 3522 3336 quae
3552 3261 3612 3317 in
3635 3278 3746 3320 eos

333 3351 470 3407 dere
491 3347 958 3422 procurabimus,
973 3349 1130 3421 quod
1151 3347 1435 3405 catholice
1454 3348 1822 3421 scripsimus,
1851 3353 1984 3423 quia

333 3437 580 3494 Christus
604 3453 703 3510 pro
721 3437 974 3492 omnibus
989 3453 1184 3509 passus
1213 3438 1342 3508 fuit,
1365 3438 1489 3494 licet
1505 3453 1616 3493 non
1643 3454 1826 3494 omnes
1851 3454 1981 3510 pas-

331 3528 507 3584 sionis
551 3528 668 3600 ejus
703 3527 962 3598 mysterio
997 3525 1358 3581 redimantur.
1384 3525 1618 3582 Scilicet
1646 3531 1703 3583 et
1731 3543 1834 3598 pro
1865 3525 1977 3593 his,

333 3615 435 3690 qui
465 3619 600 3673 ante
625 3615 938 3671 adventum
962 3613 1144 3670 illlius
1164 3613 1532 3681 exstiterunt,
1557 3615 1657 3670 sed
1689 3619 1745 3671 et
1764 3632 1867 3688 pro
1888 3613 1981 3670 his

333 3723 482 3780 quos
511 3705 706 3778 passio
737 3703 898 3762 illius
929 3703 988 3760 in
1020 3719 1194 3759 carne
1224 3701 1462 3759 invenit.

903 3827 1136 3884 CAPUT
1173 3828 1420 3885 XXVIII.

333 3918 562 3980 Qualiter
589 3917 652 3967 de
681 3917 852 3982 impiis
881 3916 933 3968 in
972 3931 1066 3966 sua
1107 3916 1370 3982 impietate
1412 3917 1671 3982 defunctis
1714 3921 1984 3968 sensa-unt

393 3987 650 4049 catholici,
675 4002 770 4053 pro
799 3987 880 4036 lus
919 3989 1075 4036 etiam
1112 4003 1324 4052 passum
1351 3989 1514 4052 fuisse
1561 3989 1838 4039 Dominum
1867 3987 1980 4040 licet

393 4073 497 4109 non
525 4057 640 4123 ejus
664 4058 920 4123 passionis
939 4059 1182 4122 mysterio
1207 4057 1280 4107 ad
1305 4057 1522 4108 salutem
1547 4060 1845 4124 perpetuam
1875 4061 1982 4109 sint

391 4129 666 4194 redempti.

401 4239 618 4296 Verum
649 4242 706 4294 et
735 4254 838 4311 pro
869 4236 961 4294 his
993 4237 1092 4310 qui
1123 4242 1256 4311 post
1279 4237 1613 4310 passionem
1643 4242 1703 4294 ct
1729 4255 1981 4295 resurre-

331 4327 584 4385 ctionem
615 4327 824 4400 ipsius,
845 4331 902 4383 et
940 4325 1142 4394 exorti,
1165 4330 1224 4383 et
1251 4327 1505 4382 exorturi
1535 4331 1678 4382 sunt
1703 4343 1889 4400 usque
1917 4327 1976 4382 in

333 4418 510 4475 tinem
539 4415 755 4482 saeculi,
785 4421 848 4472 ut
867 4417 1342 4472 demonstremus
1373 4433 1486 4472 non
1517 4415 1722 4472 timere
1754 4433 1860 4472 nos
1891 4433 1982 4472 ca-

331 4505 590 4562 lumnias
612 4505 782 4562 istius
801 4504 1206 4562 obtrectatoris
1228 4503 1581 4578 nostri,quid
1599 4505 1670 4561 de
1691 4504 1976 4578 reprobis.

2090 3353 2188 3408 fiet
2217 3351 2278 3406 in
2310 3352 2561 3408 nihilum
2593 3352 2689 3409 sit.
2720 3353 2822 3409 Est
2850 3369 2988 3426 ergo
3019 3352 3174 3426 quod
3207 3351 3462 3409 salvetur
3489 3351 3548 3406 in
3581 3351 3746 3408 nihi-

2090 3439 2236 3508 lum,
2260 3445 2348 3496 est
2367 3441 2560 3513 plane,
2585 3439 2872 3514 quidquid
2899 3440 3325 3498 resurrectione
3345 3456 3624 3496 concessa
3645 3441 3750 3498 de-

2090 3528 2414 3584 mutatione
2437 3546 2550 3584 non
2573 3529 2818 3604 dignum
2843 3533 2952 3585 est.
2973 3530 3118 3584 Nam
3141 3545 3274 3584 cum
3291 3527 3486 3584 omnis
3499 3544 3636 3584 caro
3661 3545 3751 3586 re-

2091 3617 2324 3690 dempte
2354 3617 2414 3672 in
2445 3617 2675 3674 Christo
2707 3618 2784 3672 sit
2822 3623 2887 3672 ut
2924 3622 3210 3690 resurgat,
3235 3621 3294 3672 et
3321 3633 3555 3674 omnem
3585 3617 3744 3674 assi-

2089 3711 2240 3764 stere
2261 3713 2394 3764 ante
2419 3707 2675 3764 tribunal
2697 3709 2826 3780 ejus
2857 3723 3098 3764 necesse
3127 3707 3226 3778 sit,
3249 3723 3366 3764 non
3387 3711 3584 3763 tamen
3604 3722 3746 3764 om-

2089 3795 2266 3852 nibus
2313 3795 2500 3868 gloria
2529 3801 2588 3852 et
2615 3795 2802 3852 honor
2829 3801 2920 3852 est
2948 3795 3323 3869 promiscuus
3370 3795 3748 3868 resurgendi.

2088 3884 2316 3954 Quibus
2345 3899 2483 3957 ergo
2511 3888 2741 3940 tantum
2784 3885 3152 3955 resurrectio,
3174 3901 3290 3940 non
3321 3883 3496 3940 etiam
3526 3883 3750 3940 demu-

2087 3971 2229 4030 tatio
2273 3977 2364 4029 est
2409 3971 2648 4040 tributa,
2685 3973 2742 4028 hi
2793 3972 3095 4029 salvantur
3140 3971 3200 4028 in
3247 3971 3519 4029 nihilum.
3555 3973 3622 4028 In
3654 3972 3750 4030 ira

2088 4061 2244 4118 enim
2267 4061 2631 4118 deducentur
2649 4061 2709 4117 hi
2732 4061 2931 4134 populi
2956 4061 3172 4134 quibus
3193 4061 3265 4118 ad
3287 4078 3468 4136 pinnae
3489 4077 3744 4119 sensum

2088 4149 2252 4207 salus
2281 4149 2724 4206 resurrectionis
2772 4153 2861 4206 est
2905 4149 3225 4206 constituta
3273 4151 3323 4206 A
3349 4167 3468 4223 qua
3504 4149 3596 4205 ira
3625 4150 3746 4207 cri-

2087 4239 2332 4314 piendos
2363 4256 2468 4294 nos
2496 4237 2812 4310 Apostolus
2841 4237 3148 4312 pollicetur
3177 4239 3378 4295 dicens
3405 4255 3420 4294 :
3455 4241 3750 4312 Quoniam

2085 4329 2138 4384 si
2164 4345 2289 4384 cum
2315 4327 2494 4383 adhuc
2520 4333 2822 4398 peccatores
2851 4343 3110 4395 essemus,
3141 4327 3388 4383 Christus
3431 4343 3532 4399 pro
3581 4326 3752 4384 nobis

2085 4423 2334 4472 mortuus
2362 4423 2458 4482 est,
2487 4416 2659 4472 multo
2700 4416 2875 4488 magis
2913 4416 3206 4488 justi/irati
3234 4417 3294 4471 in
3321 4415 3594 4487 sanguine
3621 4417 3751 4489 ejus

2085 4505 2426 4562 salvabimur
2461 4519 2562 4576 per
2587 4520 2714 4560 eum
2749 4504 2818 4560 ab
2855 4506 2962 4560 ira.
2996 4505 3168 4572 (Rom.
3200 4521 3256 4572 v,
3288 4504 3364 4576 8).
3398 4503 3507 4560 Pro
3531 4521 3752 4577 pecca-

334 4611 482 4666 quos
512 4594 572 4648 in
603 4610 710 4650 suo
739 4597 948 4666 quarto
979 4592 1235 4667 capitulo
1266 4594 1338 4649 ad
1369 4593 1749 4650 revincendos
1779 4610 1886 4649 nos
1917 4593 1978 4648 in
2007 4612 2056 4678 D
2085 4593 2312 4650 toribus
2341 4592 2524 4666 igitur
2569 4593 2642 4649 ad
2681 4591 2935 4650 salutem
2967 4591 3413 4649 resurrectionis
3450 4597 3543 4649 est
3580 4609 3750 4650 mor-

335 4681 594 4738 medium
625 4680 941 4749 devocavit,
970 4685 1281 4738 senserunt
1309 4685 1366 4737 et
1394 4681 1760 4755 scripserunt
1787 4681 1979 4738 catho-

334 4768 451 4837 lici,
475 4773 672 4825 utrum
696 4767 978 4840 quiddam
1001 4768 1085 4824 eis
1104 4770 1300 4842 passio
1321 4774 1378 4826 et
1397 4769 1740 4826 resurrectio
1763 4768 1979 4826 Christi

334 4855 667 4926 contulerit,
700 4855 810 4913 etsi
855 4855 1001 4912 nihil
1044 4857 1182 4926 illis,
1214 4875 1418 4914 eorum
1457 4858 1824 4932 exigentibus
1854 4857 1976 4914 cul-

334 4946 448 5022 pis,
479 4946 552 5002 ad
601 4944 854 5001 salutem
902 4945 1204 5018 profuerit,
1255 4947 1657 5003 ostendamus.
1691 4947 1976 5013 Quoniam

333 5039 560 5092 certum
591 5038 700 5100 est,
723 5031 772 5090 si
803 5032 1024 5106 aliquid
1055 5033 1141 5090 eis
1187 5034 1383 5108 passio
1433 5033 1664 5090 Domini
1709 5034 1976 5101 contulit,

335 5141 438 5198 pro
460 5123 544 5180 eis
559 5123 737 5179 etiam
756 5123 1040 5178 Dominus
1057 5139 1269 5194 passus
1289 5122 1418 5189 fuit,
1433 5123 1604 5194 cujus
1625 5123 1822 5195 passio
1842 5139 1982 5195 quo-

335 5213 496 5270 niam
527 5213 599 5269 ad
630 5212 882 5269 salutem
913 5211 1032 5268 illis
1074 5229 1186 5268 non
1240 5210 1476 5283 profuit,
1507 5212 1581 5266 ad
1629 5211 1978 5278 infidelium,

336 5301 488 5359 sicut
516 5305 755 5358 sanctus
786 5301 1032 5374 Prosper
1066 5299 1228 5368 dicit,
1263 5303 1320 5356 et
1348 5317 1455 5356 nos
1484 5316 1553 5355 ex
1579 5299 1772 5356 verbis
1822 5299 1981 5356 illius

337 5389 704 5462 scripsimus,
731 5389 966 5461 respicit
982 5393 1227 5460 partem,
1253 5405 1366 5443 non
1399 5389 1470 5443 ad
1498 5389 1845 5444 sacramenti
1875 5387 1983 5442 vir-

336 5483 544 5534 tutem.
577 5479 742 5534 Dicat
771 5483 966 5535 autem
1007 5476 1221 5533 Paulus
1260 5481 1318 5533 et
1360 5482 1610 5549 exponat
1637 5475 1982 5532 Ambrosius

339 5565 481 5637 quid
513 5567 707 5638 passio
737 5565 951 5623 Christi
979 5567 1206 5622 cunctis
1243 5565 1592 5638 generaliter
1623 5564 1896 5620 ﬁdelibus
1925 5569 1982 5620 et

339 5651 676 5711 inﬁdelibus
704 5654 972 5724 contulit,
995 5671 1121 5727 quae
1153 5653 1292 5712 solis
1325 5653 1396 5710 ad
1428 5652 1678 5711 salutem
1709 5652 1979 5710 fidelibus

2089 4686 2250 4748 tuus,
2283 4681 2383 4738 sed
2415 4680 2810 4738 sanctiﬁcatos
2841 4679 2899 4736 in
2931 4681 3218 4754 sanguine
3247 4697 3355 4738 suo
3385 4680 3640 4738 salvabit
3669 4682 3752 4738 ab

2087 4771 2230 4826 ira.»
2253 4771 2322 4826 Et
2351 4769 2492 4825 item
2525 4772 2764 4827 sanctus
2790 4769 3138 4827 Ambrosius
3164 4768 3224 4825 in
3248 4769 3511 4843 Epistola
3537 4769 3611 4826 ad
3641 4769 3756 4826 Co-

2087 4857 2336 4914 rinthios
2370 4873 2382 4913 :
2413 4879 2441 4909 «
2471 4857 2622 4924 Quid
2650 4861 2741 4914 est
2769 4860 2963 4913 autem
3015 4874 3142 4914 reos
3185 4874 3335 4928 esse,
3369 4857 3484 4914 nisi
3532 4874 3756 4929 poenas

2087 4948 2226 5003 dare
2252 4946 2459 5002 mortis
2487 4945 2758 5001 Domini?
2777 4945 3019 5002 Occisus
3059 4949 3150 5002 est
3184 4945 3340 5002 enim
3372 4960 3476 5017 pro
3507 4943 3602 5000 his
3636 4946 3757 5018 qui

2087 5033 2437 5090 beneﬁcium
2458 5034 2587 5104 ejus
2609 5033 2668 5088 in
2689 5032 2924 5088 irritum
2949 5033 3227 5088 ducunt.»
3241 5033 3313 5090 Et
3331 5033 3472 5089 item
3494 5038 3758 5090 sanctus

2087 5121 2344 5178 Hilarius
2389 5121 2448 5176 in
2488 5119 2638 5176 libro
2669 5138 2732 5176 In
2762 5122 2833 5178 de
2863 5120 3001 5176 Fide
3050 5121 3168 5194 (lib.
3210 5138 3274 5177 ιιι
3311 5119 3378 5176 de
3411 5122 3753 5191 Trinitate):

2091 5234 2118 5260 «
2146 5211 2246 5266 Dei
2279 5209 2460 5266 Filius
2490 5209 2870 5282 cruciﬁgitur,
2893 5210 2996 5266 sed
3017 5208 3076 5263 in
3097 5225 3270 5265 cruce
3298 5207 3556 5265 hominis
3587 5225 3762 5266 mor-

2087 5303 2208 5356 tem
2242 5300 2390 5355 Deus
2436 5299 2637 5354 vincit.
2662 5297 2929 5354 Christus
2960 5297 3061 5353 Dei
3101 5297 3284 5354 Filius
3330 5296 3601 5364 moritur,
3639 5299 3759 5355 sed

2090 5387 2283 5442 omnis
2312 5404 2446 5443 caro
2473 5387 2818 5442 viviﬁcatur.
2845 5407 2872 5436 »
2895 5387 2966 5440 Et
3002 5391 3243 5442 sanctus
3280 5384 3658 5459 Augustinus
3695 5387 3764 5444 in

2089 5475 2237 5532 libro
2266 5493 2339 5532 xx
2370 5477 2442 5532 de
2460 5475 2704 5531 Civitate
2733 5475 2855 5542 Dei,
2877 5474 3132 5548 capitulo
3152 5477 3188 5529 6
3211 5475 3284 5530 ad
3315 5473 3510 5530 locum
3535 5489 3590 5528 :«
3627 5475 3767 5534 Nec

2089 5565 2227 5622 fecit
2255 5563 2352 5620 hic
2381 5564 2563 5621 ullam
2593 5562 2978 5620 differentium
3015 5563 3302 5619 bonorum
3333 5565 3391 5618 et
3419 5559 3766 5621 malorum.

2089 5653 2376 5712 Omnibus
2403 5651 2558 5709 enim
2589 5652 2808 5708 bonum
2839 5654 2928 5708 est
2956 5650 3158 5708 audire
3175 5666 3374 5706 vocem
3405 5649 3556 5721 ejus,
3577 5653 3650 5706 et
3668 5650 3770 5708 vi-
