3970 6182
267 261 385 323 293

989 261 1092 321 DE
1134 258 1894 320 PBJEDESTINATIONE
1939 257 2458 322 DISSERTATIO
2503 262 2962 325 POSTERIOR.

3555 271 3675 331 294

266 392 501 464 Alioqui
521 390 787 447 nonnulli
807 391 1447 463 haireticiconﬁtentur,
1462 390 1630 447 multi
1646 390 1926 448 schisma-
1953 391 2005 459 Α
2036 391 2483 464 iucorporantur
2510 393 2758 450 Christo.
2792 394 3097 468 Responde
3141 399 3330 467 nobis,
3364 400 3414 455 si
3462 400 3674 473 placet,

267 481 384 547 tici,
408 480 589 537 multi
618 480 748 536 falsi
779 479 1293 546 catholici,Jesum
1325 480 1625 536 Christum
1657 480 1714 535 in
1749 496 1921 536 carne

265 570 519 636 venisse,
550 570 652 625 sed
684 568 1112 626 confessionem
1143 586 1313 624 suam
1345 568 1513 624 factis
1546 573 1778 642 negant,
1804 586 1919 623 non

264 657 538 714 habendo
575 656 944 714 charitatem.
977 657 1244 714 Charitas
1293 657 1510 730 quippe
1556 658 1657 713 Dei
1707 656 1918 713 Filium

264 746 512 803 adduxit
562 746 623 802 in
673 763 931 813 carnem,
965 751 1022 804 et
1050 746 1180 803 ideo
1236 746 1509 819 quisquis
1568 764 1683 802 non
1742 747 1921 803 habet

264 836 639 903 charitatem,
663 839 837 908 negat
864 834 1035 890 illum
1064 835 1123 891 in
1165 852 1338 892 carne
1368 836 1618 892 venisse.
1642 835 1920 908 Talisque

266 925 546 999 spiritum
577 942 646 981 ex
674 924 793 981 Deo
824 942 939 980 non
970 924 1183 981 habere
1215 924 1636 980 convincitur.»
1658 925 1725 980 Et
1754 924 1915 993 item,

270 1037 297 1066 α
324 1015 456 1072 Haec
476 1021 561 1071 est
585 1015 816 1070 victoria
847 1030 965 1087 quae
991 1015 1163 1071 vineit
1193 1013 1480 1083 mundum,
1503 1013 1635 1087 ﬁdes
1668 1021 1854 1069 nostra
1874 1013 1921 1085 (Ι

264 1107 425 1161 Joan.
448 1121 505 1171 v,
531 1105 608 1173 4).
628 1103 736 1160 Illa
765 1103 1045 1160 nimirum
1078 1104 1244 1175 fides,
1267 1120 1395 1176 quae
1427 1121 1530 1176 per
1551 1101 1918 1159 dilectionem

264 1198 562 1266 operatur.
589 1215 618 1243 ››
642 1193 713 1248 Et
741 1192 882 1248 item
914 1193 1067 1249 Beda
1096 1193 1488 1265 (Inepistolam
1519 1191 1721 1261 Jacobi,
1750 1208 1796 1247 ε.
1819 1195 1876 1260 2)
1901 1207 1914 1246 :

262 1306 286 1331 α
313 1282 430 1337 lloc
448 1298 688 1354 quoque
704 1285 983 1353 tempore,
1004 1280 1053 1336 si
1072 1281 1173 1353 qui
1195 1299 1383 1354 nuper
1397 1282 1469 1337 ad
1488 1282 1661 1337 ﬁdem
1678 1280 1918 1337 veniens

258 1369 627 1443 baptismum
659 1370 965 1442 acceperit,
999 1374 1057 1426 et
1094 1387 1427 1443 proponens
1456 1374 1578 1427 toto
1618 1370 1788 1426 corde
1819 1369 1916 1426 Dei

257 1476 492 1519 scrvare
547 1464 860 1532 praecepta,
894 1476 1026 1515 mox
1080 1460 1150 1515 de
1204 1459 1312 1516 hac
1368 1458 1499 1516 luce
1558 1458 1913 1532 migraverit,

249 1548 621 1620 justiﬁcatus
640 1548 845 1620 utique
867 1565 968 1620 per
990 1548 1164 1604 tidem
1182 1548 1309 1605 sine
1325 1548 1600 1621 operibus
1622 1547 1914 1621 migravit,

257 1639 394 1711 quia
416 1643 661 1710 tempus
681 1637 981 1710 operandi,
1007 1637 1162 1693 unde
1187 1638 1361 1693 ﬁdem
1385 1638 1677 1710 probaret,
1704 1637 1831 1710 ipso
1854 1636 1913 1692 in

255 1743 431 1800 quem
468 1726 721 1827 credidit
760 1727 874 1783 Deo
907 1726 1252 1828 disponente
1292 1744 1406 1782 non
1436 1726 1676 1828 .habuit.
1709 1728 1782 1782 At
1813 1726 1910 1799 qui
1944 1763 1990 1828 Β

256 1815 549 1889 perceptis
581 1814 967 1872 sacramentis
1011 1815 1184 1888 longo
1222 1815 1599 1888 supervivunt
1629 1820 1908 1888 tempore,

254 1922 357 1961 nec
388 1903 568 1962 bonis
609 1905 883 1962 insistere
913 1909 1122 1961 curant
1149 1904 1444 1978 cperibus,
1470 1905 1567 1961 his
1605 1904 1909 1961 inculcan-

253 1994 394 2050 dum
413 1998 509 2049 est
528 1995 687 2066 quod
715 1993 922 2050 beatus
941 1994 1217 2062 Jacobus,
1243 1994 1539 2067 proposito
1565 1993 1826 2066 exemplo
1851 1994 1911 2049 [i-

254 2082 344 2139 dei
373 2083 561 2139 simul
591 2087 649 2139 et
677 2100 921 2155 operum
937 2082 1202 2150 Abrahae,
1227 2100 1362 2139 mox
1384 2083 1650 2139 subdidit
1668 2083 1867 2138 dicens
1891 2098 1906 2138 :

257 2170 453 2227 Videtis
485 2174 750 2244 quoniam
776 2188 847 2227 ex
875 2171 1125 2243 operibus
1152 2173 1490 2245 justiﬁcatur
1519 2172 1699 2238 homo,
1721 2179 1773 2227 et
1800 2187 1911 2227 non

254 2277 320 2315 ea:
344 2260 454 2330 ﬁde
482 2263 742 2317 tantum?
770 2261 901 2332 (Jac.
931 2278 993 2327 ιι,
1015 2262 1127 2330 24).
1152 2262 1315 2327 Quod
1365 2261 1448 2317 ait
1493 2278 1563 2317 ex
1610 2260 1904 2333 operibus,

256 2349 550 2423 significat
571 2366 639 2406 ex
659 2349 933 2421 operibus
954 2348 1089 2405 ﬁdei
1115 2366 1127 2403 :
1155 2350 1292 2421 quia
1313 2349 1568 2421 perfecta
1587 2366 1762 2421 opera
1781 2347 1908 2403 sine

257 2439 366 2494 ﬁde
395 2437 607 2494 nullus
634 2437 850 2493 habere
877 2442 1070 2509 potest
1093 2455 1106 2493 :
1130 2438 1306 2494 fidem
1328 2455 1460 2494 vero
1483 2437 1608 2493 sine
1633 2436 1908 2510 operibus

258 2526 443 2594 multi,
460 2526 514 2582 si
535 2526 653 2583 illis
674 2543 915 2599 operum
938 2531 1172 2600 tempus
1197 2544 1313 2582 non
1334 2527 1507 2582 adsit.
1528 2526 1607 2582 De
1630 2525 1908 2599 qualibus

254 2615 478 2672 dictum
512 2621 606 2672 est
632 2633 646 2671 :
673 2617 873 2688 Raptus
899 2624 977 2672 est
1001 2632 1071 2672 ne
1088 2616 1305 2672 malitia
1323 2624 1557 2671 mutaret
1576 2616 1907 2672 intellectum

256 2705 543 2773 iiiius,aut
567 2706 714 2776 fictio
732 2704 1000 2778 deciperet
1018 2706 1265 2761 animam
1294 2705 1451 2760 illius
1476 2704 1625 2776 (Sep.
1650 2722 1726 2771 1v,
1760 2705 1903 2772 11).»

254 2794 359 2849 Sed
386 2800 445 2850 et
475 2794 538 2849 in
566 2793 788 2850 talibus
810 2793 939 2866 ipsa
958 2794 1105 2850 fides
1135 2810 1283 2865 opus
1303 2796 1412 2862 est,
1437 2792 1589 2848 sicut
1618 2792 1904 2865 scriptum

254 2887 340 2939 est
364 2882 426 2939 in
457 2881 793 2956 Evangelio,
820 2883 928 2939 Hoc
955 2891 1034 2939 est
1058 2890 1237 2938 autem
1262 2898 1394 2955 opus
1431 2882 1548 2950 Dei,
1574 2890 1633 2937 ut
1672 2881 1905 2937 credatis

254 2974 308 3027 in
345 2988 474 3028 eum
522 2987 686 3044 quem
727 2973 883 3027 misit
929 2972 1024 3028 itte
1075 2972 1255 3044 (Joan.
1288 2988 1364 3039 vr,
1394 2970 1507 3039 29).
1541 2970 1703 3037 Quod
1755 2987 1902 3042 opus

251 3063 524 3132 operatur
553 3058 655 3131 qui
695 3058 755 3114 in
800 3075 936 3114 eum
983 3058 1188 3127 credit,
1211 3058 1351 3130 quia
1380 3059 1533 3116 229
1563 3058 1741 3114 etiam
1773 3058 1903 3131 ipsa

250 3127 730 3203 credulitas—vera
758 3146 904 3202 ﬁdes
935 3150 1044 3211 est,
1070 3164 1198 3219 quae
1229 3127 1333 3218 per
1362 3145 1733 3203 dilectionem
1766 3127 1973 3218 ope-‘C

250 3242 427 3303 ratur,
461 3236 754 3292 credendo
786 3234 845 3290 in
877 3234 1044 3291 illum
1091 3235 1191 3308 qui
1224 3235 1513 3308 justiticat
1542 3236 1814 3308 impium,
1846 3240 1905 3291 et

248 3327 415 3397 cujus
436 3324 642 3381 omnia
660 3341 838 3397 opera
859 3329 1000 3381 sunt
1028 3324 1089 3380 in
1115 3325 1249 3393 ﬁde,
1274 3324 1400 3381 sine
1422 3342 1539 3397 qua
1559 3325 1806 3397 quisque
1827 3324 1901 3380 ad

247 3413 624 3488 baptismatis
655 3418 1088 3470 sacramentum
1119 3413 1363 3481 accedit,
1401 3414 1777 3486 baptismatis
1809 3430 1901 3469 sa-

247 3506 545 3559 cramento
578 3503 841 3559 renovari
874 3519 987 3559 non
1020 3501 1346 3574 valet,quia
1365 3502 1617 3574 Spiritus
1638 3505 1898 3571 sanctus,

248 3609 361 3664 quo
381 3592 442 3647 in
468 3590 626 3648 ﬁlios
645 3592 998 3663 adoptamur
1021 3590 1364 3663 disciplinas,
1391 3590 1595 3662 etl‘ugit
1617 3590 1903 3657 ﬁctum,et

248 3681 435 3738 aufert
465 3698 530 3737 se
559 3699 596 3737 a
625 3679 1080 3753 cogitationibus
1102 3696 1229 3752 quae
1256 3682 1397 3735 sunt
1423 3679 1548 3734 sine
1579 3679 1898 3747 intellectu,

247 3770 409 3827 Unde
438 3775 688 3827 sanctus
716 3769 1062 3825 Ambrosius
1093 3769 1151 3824 in
1176 3767 1437 3841 Epistola
1461 3769 1532 3823 ad
1555 3767 1791 3825 Galatas
1822 3768 1904 3824 di-

247 3859 325 3915 cit
346 3876 397 3915 :«
422 3859 573 3926 Quia
593 3859 721 3915 sine
742 3858 949 3930 spiritu
972 3873 1091 3914 non
1111 3862 1234 3914 erat
1264 3856 1503 3930 plenum
1526 3874 1738 3914 nomen
1760 3858 1901 3914 filio-

248 3963 401 4003 rum.
425 3970 455 3997 »
477 3947 547 4003 Et
577 3946 721 4003 item
752 3946 906 4002 idem
936 3946 997 4001 in
1026 3946 1176 4003 libro
1205 3946 1276 4002 de
1308 3946 1701 4003 Sacramentis
1731 3964 1744 4002 :
1771 3970 1799 3998 ‹‹
1835 3948 1899 4004 In

250 4036 599 4109 baptismate
616 4035 861 4109 spiritus
878 4039 1135 4091 mentem
1153 4039 1566 4107 renovat,aqua
1581 4035 1809 4108 proﬁcit
1826 4036 1899 4092 ad

245 4123 563 4191 lavacrum,
588 4124 832 4195 sanguis
864 4127 1090 4197 spectat
1120 4124 1191 4179 ad
1223 4122 1495 4197 pretium.
1529 4122 1690 4180 Sacri
1720 4124 1900 4181 fontis

246 4215 406 4270 unda
423 4230 535 4270 nos
554 4212 762 4282 abluit,
783 4212 1025 4287 sanguis
1047 4213 1280 4269 Domini
1313 4230 1421 4268 nos
1444 4212 1696 4281 redimit,
1723 4212 1902 4286 Spiri-

244 4307 340 4358 tus
370 4319 480 4358 nos
512 4319 617 4375 per
644 4301 1017 4373 adoptionem
1049 4300 1201 4357 filios
1226 4300 1329 4357 Dei
1359 4301 1554 4357 facit.»
1581 4301 1661 4358 De
1692 4319 1807 4374 qua
1838 4302 1898 4358 in

242 4390 492 4447 humilia
518 4388 814 4463 Evangelii
854 4390 945 4459 30,
969 4390 1049 4446 sit
1088 4394 1328 4445 sanctus
1367 4388 1508 4445 dicit
1536 4390 1849 4464 Gregorius
1880 4409 1894 4449 :

2030 480 2142 535 fide
2163 498 2237 536 an
2260 480 2601 538 inﬁdelitate
2623 499 2655 537 a
2686 484 3028 554 parentibus
3055 486 3125 540 ad
3149 486 3451 545 ecclesiam
3476 491 3677 563 depor-

2031 570 2268 626 tantur?
2289 569 2598 626 dilectione
2620 570 2851 639 salutis,
2871 589 2943 627 an
2969 572 3101 627 odio
3123 575 3464 645 perditionis
3483 583 3674 652 patro-

2029 657 2121 713 nis
2153 676 2187 713 a
2216 659 2558 731 parentibus
2607 659 2950 728 offeruntur,
2984 677 3018 716 a
3049 662 3308 733 patronis
3354 667 3674 723 sacerdoti-

2027 746 2139 802 bus
2160 746 2361 803 itidem
2383 749 2717 817 oﬂ‘erentur,
2740 765 2775 804 a
2795 749 3195 805 sacerdotibus
3215 754 3599 811 exsufﬂantur
3617 760 3676 814 et

2028 834 2448 903 exorcizantur,
2483 841 2549 891 ut
2588 855 2621 892 a
2663 841 2946 909 potestate
2996 838 3211 894 diaboli
3254 844 3579 899 eruantur?
3608 846 3673 901 In

2028 928 2215 980 morte
2244 923 2459 980 Christi
2491 926 2884 997 baptizantur,
2909 930 2971 982 ut
3000 927 3207 983 mortis
3238 929 3367 1001 ejus
3392 930 3673 988 similitu-

2027 1011 2152 1068 dini
2182 1013 2559 1085 complantati
2590 1020 2827 1087 peccato
2876 1015 3076 1088 utique
3110 1016 3473 1075 moriantur?
3518 1019 3674 1078 Velis

2028 1099 2179 1157 nolis
2209 1101 2331 1157 haec
2354 1102 2552 1159 omnia
2580 1102 2699 1175 geri
2726 1103 2839 1159 fide
2860 1121 2986 1176 qua:
3017 1122 3121 1177 per
3143 1105 3514 1164 dllectionem
3537 1125 3674 1183 ope-

2027 1194 2210 1258 ratur,
2245 1195 2502 1248 arctatus
2534 1192 2862 1248 arctissime
2903 1194 3303 1265 respondebis,
3336 1195 3449 1253 nisi
3479 1196 3673 1270 impu-

2025 1278 2185 1335 denti
2200 1280 2385 1336 fronte
2398 1280 2629 1336 mentiri
2645 1282 3051 1353 praesumendo
3064 1282 3518 1342 decreveris.»Et
3533 1286 3672 1345 item

2026 1366 2181 1423 idem
2204 1368 2264 1422 in
2285 1373 2444 1425 sexto
2472 1368 2619 1425 libro
2642 1370 2780 1442 (cap.
2804 1369 2856 1442 4)
2882 1388 2895 1426 :
2923 1394 2950 1420 ‹‹
2984 1370 3128 1426 Nam
3152 1373 3444 1444 quomodo
3476 1392 3672 1448 repor-

2024 1459 2112 1511 tat
2131 1456 2352 1512 bonum
2386 1461 2451 1512 ut
2480 1457 2657 1514 intret
2686 1458 2746 1512 in
2778 1475 3023 1532 regnum
3051 1460 3166 1529 Dei,
3192 1461 3241 1517 si
3273 1461 3384 1519 hoc
3414 1467 3674 1537 reportat

2024 1545 2274 1617 quisque
2291 1546 2447 1617 quod
2462 1546 2665 1619 gessit,
2686 1546 2799 1603 nisi
2818 1546 2957 1620 quia
2971 1548 3223 1621 pertinet
3244 1551 3316 1606 ad
3337 1552 3669 1624 parvulum,

2022 1633 2198 1689 etiam
2221 1634 2376 1706 quod
2401 1652 2502 1708 per
2519 1635 2769 1692 alterum
2791 1636 2995 1710 gessit,
3016 1637 3072 1692 id
3094 1643 3183 1695 est
3204 1640 3489 1697 credidit?
3509 1641 3674 1700 Sicut

2023 1721 2220 1794 itaque
2241 1724 2394 1795 quod
2427 1724 2615 1780 credit
2646 1726 2898 1797 pertinet
2932 1727 3004 1782 ad
3037 1744 3171 1783 eum
3205 1732 3270 1783 ut
3291 1732 3549 1802 reportet
3575 1730 3674 1788 bo-

2024 1826 2186 1879 num,
2211 1810 2320 1866 hoc
2351 1815 2442 1867 est
2470 1813 2755 1885 percipiat
2776 1814 2875 1870 Dei
2900 1831 3167 1887 regnum,
3192 1816 3276 1872 sic
3296 1818 3368 1873 ad
3391 1834 3527 1875 eum
3548 1836 3673 1892 per-

2018 1899 2184 1967 tinet,
2208 1900 2438 1956 etiamsi
2471 1919 2586 1957 non
2618 1902 2884 1971 credidit,
2919 1908 2983 1959 ut
3023 1909 3280 1977 reportet
3311 1907 3670 1964 condemna-

2018 1988 2525 2060 tionisjudicium,
2543 1991 2679 2064 quia
2696 1992 3030 2065 evangelica
3046 1996 3137 2049 est
3156 1998 3214 2049 et
3233 1994 3362 2065 ipsa
3384 1995 3672 2054 sententia

2018 2076 2262 2133 dicendo
2296 2094 2309 2133 :
2354 2078 2459 2147 Qui
2503 2096 2616 2135 non
2654 2080 2949 2137 crediderit
2992 2081 3441 2138 condmnnabitur
3481 2082 3667 2153 (Mare.

2016 2183 2130 2232 xvx,
2166 2166 2273 2239 16).
2300 2190 2328 2216 ››
2361 2168 2429 2222 Et
2460 2172 2593 2240 post
2631 2186 2820 2241 pauca
2854 2187 2920 2225 ;‹‹
2951 2169 3222 2226 Alienum
3263 2172 3481 2244 quippe
3521 2189 3669 2245 opus

2016 2258 2105 2309 est
2134 2271 2269 2310 cum
2301 2255 2483 2311 credit
2512 2273 2615 2328 per
2635 2255 2909 2325 alterum,
2933 2257 3087 2313 sicut
3113 2257 3367 2314 alienum
3388 2274 3537 2331 opus
3560 2258 3671 2317 fuit

2015 2360 2151 2398 cum
2199 2344 2460 2416 peccavit
2488 2344 2549 2399 in
2581 2344 2783 2401 altero.
2818 2345 2933 2401 Nec
2981 2363 3089 2402 nos
3136 2347 3480 2404 dubitamus
3528 2348 3669 2421 quia

2015 2431 2367 2504 baptismate
2389 2432 2668 2488 delictum
2692 2450 2864 2490 omne
2885 2434 3221 2503 mandetur,
3241 2436 3341 2492 sed
3365 2453 3669 2494 renascen-

2015 2520 2088 2576 do
2111 2521 2360 2594 quisque
2385 2522 2724 2579 inundatur.
2741 2525 2903 2589 Quod
2926 2540 3062 2597 ergo
3086 2543 3202 2581 non
3226 2526 3562 2585 adimitnisi
3586 2545 3668 2585 re-

2011 2610 2327 2681 generatio,
2351 2627 2463 2665 non
2495 2615 2686 2666 cessat
2704 2611 2934 2669 trahere
2962 2614 3281 2686 generatio.
3299 2638 3327 2665 ››
3347 2615 3662 2674 Venerabi-

2012 2696 2086 2752 lis
2109 2714 2342 2770 quoque
2370 2699 2673 2771 presbyter
2702 2699 2856 2755 Beda
2886 2699 2944 2755 in
2976 2702 3336 2775 expositione
3367 2705 3660 2779 Evangelii

2012 2785 2191 2841 Marci
2211 2802 2261 2841 :«
2283 2786 2636 2843 Intuendum
2655 2804 2793 2844 sane
2810 2793 3097 2861 quantum
3119 2792 3356 2865 prOpria
3373 2795 3661 2868 cujusque

2011 2875 2157 2930 ﬁdes
2185 2877 2341 2947 apud
2372 2876 2559 2932 Deum
2584 2877 2820 2943 valebit,
2842 2879 2942 2934 ubi
2974 2883 3204 2936 tantum
3235 2880 3420 2938 valuit
3446 2884 3658 2955 aliena,

2011 2969 2076 3020 ut
2105 2968 2263 3020 totus
2292 2965 2467 3022 homo
2498 2971 2753 3038 repente,
2785 2968 2940 3025 280
2969 2968 3078 3024 hoc
3108 2973 3198 3025 est
3228 2970 3473 3028 interius
3503 2978 3659 3029 exte-

2008 3054 2248 3125 riusque
2262 3055 2389 3125 jam
2410 3053 2669 3110 salvatus
2690 3061 3045 3129 exsurgeret,
3064 3056 3431 3131 aliorumque
3451 3062 3658 3118 merito

2010 3142 2108 3198 alii
2139 3142 2475 3199 laxarentur
2493 3144 2868 3219 errat_a.Unde
2886 3151 2942 3201 et
2963 3146 3132 3218 plura
3150 3145 3212 3202 in
3232 3165 3383 3220 stepe
3400 3166 3656 3207 comme-

2013 3231 2253 3287 moratis
2284 3231 2499 3288 libellis
2523 3236 2726 3289 contra
2755 3234 3171 3291 obtrectatores
3202 3240 3433 3293 nostros
3464 3255 3656 3295 exem-

2012 3319 2109 3393 pla
2138 3321 2467 3392 posuimus,
2501 3338 2626 3394 quae
2650 3321 2742 3377 hic
2763 3338 3074 3396 congerere
3105 3341 3261 3380 nunc
3292 3326 3658 3398 superﬂuum

2012 3409 2305 3466 ducimus.
2340 3410 2664 3466 Praesertim
2696 3428 2830 3467 cum
2872 3411 2974 3467 illa
3013 3413 3351 3486 quicunque
3382 3414 3658 3488 dignatus

2010 3498 2184 3555 fuerit
2212 3499 2422 3573 legere,
2446 3500 2687 3556 collecta
2717 3501 2885 3573 quasi
2918 3500 2977 3557 in
3008 3502 3305 3559 fasciculis
3329 3505 3439 3560 sub
3466 3505 3662 3562 celeri.

2011 3591 2128 3643 tate
2159 3592 2216 3643 et
2244 3587 2371 3644 sine
2401 3587 2599 3660 aliqua
2628 3589 2971 3646 difﬁcultate
3000 3589 3214 3646 valebit
3243 3608 3610 3665 cognoscere.
3629 3616 3659 3645 ››

2613 3703 2846 3761 CAPUT
2884 3704 3041 3760 XXX.

2011 3791 2179 3852 Quod,
2219 3794 2442 3857 exceptis
2488 3792 2567 3842 his
2612 3793 2811 3842 duobus
2856 3795 3009 3858 quasi
3059 3793 3320 3859 syllabicis
3372 3797 3659 3859 sententiis,

2069 3863 2206 3912 nihil
2249 3865 2303 3913 in
2348 3864 2442 3913 hoc
2486 3865 2708 3929 capitulo
2750 3867 3032 3929 posuimus,
3078 3867 3180 3915 nisi
3228 3880 3366 3932 quod
3410 3882 3475 3918 ea:
3520 3867 3659 3919 beati

2070 3935 2312 3999 Prosperi
2338 3935 2504 3985 verbis
2531 3937 2837 4000 excepimus.

2080 4033 2249 4089 Modo
2278 4037 2474 4089 autem
2507 4033 2599 4089 his
2625 4034 2855 4093 duabus
2880 4035 3135 4108 exceptis
3164 4037 3656 4109 superadditioni-

2008 4121 2139 4189 bus,
2175 4124 2245 4179 de
2277 4122 2491 4195 quibus
2530 4122 2816 4180 rationem
2860 4124 3249 4192 reddidimus,
3273 4125 3573 4182 videamus
3605 4127 3655 4183 si

2006 4215 2339 4268 transverso
2370 4228 2584 4286 ungue,
2621 4217 2685 4269 ut
2714 4212 2947 4281 dicitur,
2975 4230 3009 4268 a
3037 4213 3311 4270 sensibus
3339 4215 3494 4271 beati
3526 4215 3658 4272 Pro-

2007 4299 2161 4373 speri
2213 4300 2272 4355 in
2321 4300 2708 4373 descriptione
2737 4300 2933 4373 quarti
2982 4300 3222 4374 capituli
3272 4301 3652 4359 deviavimus.

2008 4390 2255 4462 Prosper
2292 4389 2518 4446 actione
2548 4392 2583 4445 8
2619 4390 2986 4463 (responsione
3013 4390 3067 4463 9)
3096 4394 3300 4447 contra
3340 4389 3536 4448 Gallos
3565 4391 3655 4447 di-

243 4502 271 4528 u
307 4480 441 4552 ipse
472 4496 729 4552 namque
766 4478 1020 4551 Spiritus
1057 4481 1297 4535 sanctus
1326 4495 1492 4534 amor
1520 4483 1627 4535 est.
1652 4479 1901 4537 Undeet
1927 4497 1976 4563 D
2007 4479 2087 4536 cit
2118 4497 2132 4536 :
2158 4502 2184 4529 «
2211 4478 2419 4535 Nullus
2451 4479 2690 4534 omnino
2717 4482 2806 4535 est
2848 4496 2917 4534 ex
2966 4478 3242 4535 omnibus
3290 4479 3652 4550 hominibus,

240 4568 502 4625 Joannes
534 4567 678 4624 dicit
710 4584 725 4622 :
755 4569 897 4623 Deus
943 4568 1183 4624 charitas
1220 4576 1301 4624 est
1327 4567 1375 4640 (Ι
1397 4568 1553 4624 Joan.
1578 4586 1654 4636 ιν,
1677 4569 1752 4642 8).
1787 4570 1896 4636 Qui

240 4674 382 4730 ergo
414 4661 611 4713 mente
658 4658 883 4730 integra
911 4656 1098 4713 Deum
1127 4657 1438 4728 desiderat,
1470 4658 1726 4730 profecto
1768 4659 1897 4730 jam

239 4744 422 4801 habet
469 4761 648 4817 quem
693 4749 870 4802 amat.
903 4746 1102 4818 Neque
1151 4747 1306 4803 enim
1337 4747 1649 4819 quisquam
1701 4750 1900 4819 posset

239 4833 429 4891 Deum
458 4834 724 4908 diligere,
755 4834 805 4890 si
836 4851 972 4890 eum
1004 4852 1177 4907 quem
1211 4833 1402 4907 diligit
1431 4852 1547 4891 non
1580 4835 1774 4891 habet.
1797 4859 1825 4886 ››

310 4923 459 4979 Ecce
480 4924 774 4995 quomodo
795 4923 975 4979 etiam
1000 4922 1061 4977 in
1085 4923 1436 4997 baptismate
1458 4928 1579 4980 tam
1611 4924 1669 4980 in
1703 4925 1896 4997 parvis

238 5026 425 5085 quam
454 5011 518 5068 in
539 5011 771 5085 magnis
797 5011 917 5084 agit
937 5012 1082 5069 ﬁdes
1104 5030 1233 5085 qua:
1254 5029 1359 5085 per
1378 5012 1745 5070 dilectionem
1768 5030 1896 5087 Ope-

239 5107 430 5169 ratur,
446 5100 601 5158 sicut
620 5105 861 5158 sanctus
891 5101 1253 5174 Augustinus
1274 5102 1332 5157 in
1355 5101 1503 5159 libro
1525 5107 1734 5175 quarto
1756 5120 1892 5159 con-

235 5193 329 5245 tra
355 5189 665 5247 Julianum
686 5189 831 5247 dicit
854 5208 903 5246 ;‹‹
928 5191 1041 5246 Sed
1074 5190 1222 5247 forte
1252 5191 1399 5248 dicis
1424 5208 1437 5246 :
1461 5193 1610 5265 Ergo
1636 5192 1893 5249 infantes

237 5280 339 5352 qui
373 5296 491 5335 non
521 5280 790 5349 credunt,
804 5279 895 5336 vel
925 5279 1078 5336 sicut
1102 5284 1169 5336 tu
1199 5280 1474 5354 posuisti,
1499 5282 1598 5354 qui
1639 5298 1755 5337 non
1786 5281 1891 5337 ha-

234 5367 378 5424 bent
403 5384 536 5425 eam
555 5369 732 5425 fidem
758 5386 886 5441 qua:
916 5386 1021 5441 per
1049 5368 1419 5426 dilectionem
1446 5374 1743 5443 operatur,
1774 5387 1891 5426 non

234 5461 629 5514 renascuntur
656 5457 719 5514 in
750 5457 1002 5529 Christo,
1027 5475 1215 5531 neque
1245 5475 1349 5532 per
1378 5459 1553 5516 ﬁdem
1586 5458 1891 5534 sanguinis

233 5544 455 5606 Christi
485 5545 546 5603 in
576 5546 930 5624 baptismate
970 5552 1320 5607 renovantur
1356 5548 1417 5606 in
1444 5548 1693 5619 Christo,
1716 5552 1891 5626 atque

2006 4569 2176 4640 cujus
2198 4571 2408 4624 natura
2428 4566 2486 4621 in
2509 4567 2738 4623 Christo
2754 4567 3001 4623 Domino
3022 4571 3220 4624 nostro
3243 4572 3518 4642 suscepta
3539 4586 3654 4626 non

2005 4656 2200 4713 fuerit.
2226 4678 2253 4707 »
2278 4657 2349 4711 Et
2376 4656 2515 4711 item
2546 4656 2793 4728 Prosper
2820 4660 3023 4712 contra
3052 4655 3286 4714 Gallos:
3319 4679 3347 4709 ι(
3369 4659 3514 4714 Cum
3544 4658 3655 4715 ita-

2005 4762 2118 4818 que
2140 4744 2464 4801 rectissime
2485 4745 2714 4801 dicatur
2729 4745 2992 4811 Salvator
3011 4762 3115 4819 pro
3135 4747 3317 4803 totius
3334 4747 3553 4804 munde
3575 4764 3659 4804 re-

2005 4834 2340 4907 demptione
2360 4832 2691 4903 crucifixus,
2715 4837 2954 4907 prepter
2972 4852 3166 4891 veram
3194 4834 3466 4892 humanae
3492 4840 3657 4893 natu-

2004 4939 2079 4976 rae
2110 4921 2563 4995 susceptionem.
2597 4926 2654 4977 et
2691 4926 2927 4995 propter
2964 4940 3339 4981 communem
3371 4924 3431 4980 in
3463 4925 3653 4997 primo

2006 5010 2241 5068 homine
2271 5012 2537 5068 omnium
2580 5011 2990 5085 perditionem.
3017 5035 3046 5063 »
3076 5014 3145 5068 Et
3173 5018 3377 5070 contra
3404 5013 3652 5068 Vincen-

2003 5099 2194 5156 tianos
2226 5100 2388 5173 (resp.
2416 5101 2467 5173 1)
2493 5117 2505 5156 :
2533 5123 2560 5151 ‹‹
2590 5100 2660 5156 Et
2688 5103 2885 5155 tamen
2915 5117 3033 5156 non
3072 5117 3279 5156 omnes
3318 5098 3587 5155 homines
3618 5114 3653 5154 a

2001 5190 2333 5263 captivitate
2363 5193 2501 5245 sunt
2529 5189 2736 5245 eruti.»
2760 5190 2830 5246 Et
2863 5206 2971 5246 nos
3007 5189 3354 5261 scripsimus
3380 5188 3497 5242 :Ita
3522 5186 3649 5241 nui-

2001 5281 2087 5335 tus
2115 5286 2193 5336 est
2222 5279 2380 5336 homo
2403 5296 2505 5352 pro
2534 5296 2638 5352 quo
2663 5296 2858 5352 passus
2888 5296 2998 5336 non
3024 5278 3213 5350 fuerit,
3244 5277 3367 5332 licet
3394 5291 3502 5331 non
3533 5272 3649 5332 am-

1997 5387 2093 5426 nes
2117 5371 2397 5442 passionis
2421 5371 2539 5443 ejus
2560 5369 2819 5442 mysterio
2838 5368 3196 5424 redimantur.
3219 5367 3292 5421 Et
3313 5365 3558 5439 Prosper
3587 5364 3647 5420 in

2000 5458 2480 5534 recapitulatione
2510 5460 2564 5529 9,
2606 5462 2808 5515 contra
2836 5456 3032 5512 Gallos
3059 5456 3347 5525 (sententia
3374 5454 3430 5527 9)
3456 5470 3507 5509 τι(
3539 5452 3649 5522 Qui

1999 5548 2139 5607 dicit
2162 5549 2317 5626 quod
2340 5566 2456 5606 non
2481 5566 2586 5624 pro
2606 5548 2788 5604 totius
2810 5545 3012 5601 mundi
3037 5544 3436 5620 redemptione
3457 5545 3649 5604 Salva-
