3970 6182
305 247 424 306 295

1153 237 1614 302 HINCMARUS
1661 237 2109 300 ltHEMENSlS
2153 235 2844 328 ARCHIEPISGQPUS.

303 381 395 434 tor
422 375 499 431 sit
527 372 861 442 cruciﬁxus,
893 387 1010 428 non
1040 373 1112 428 ad
1141 371 1494 429 sacramenti
1522 370 1818 435 virtutem,
1841 363 1942 426 sed
1971 371 2028 438 Α
2055 369 2390 426 dixeramus
2428 369 2828 426 auctoritative
2868 367 3182 425 resisteret.
3216 366 3278 424 Si
3316 369 3516 424 autem
3545 372 3604 424 et
3630 369 3708 424 d’e

303 465 376 522 ad
408 459 737 519 inﬁdelium
759 461 998 534 respicit
1027 466 1273 533 partem,
1296 477 1431 515 cum
1453 459 1697 532 sanguis
1717 458 1948 514 Domini

303 553 488 612 nostri
507 551 646 609 Jesu
668 547 884 608 Christi
906 549 1160 623 pretium
1180 549 1363 606 totius
1382 549 1459 604 sit
1479 547 1740 604 mundi.»
1754 549 1824 602 Et
1845 563 1950 604 nos

301 642 690 716 scripsimus:
727 639 865 708 Quia
893 655 1018 696 vero
1045 655 1230 696 omnes
1255 639 1530 710 passionis
1557 639 1674 710 ejus
1691 637 1951 709 mysterio

301 746 414 790 non
465 729 834 796 redimuntur,
865 745 978 785 non
1023 730 1246 801 respicit
1299 727 1370 783 ad
1425 725 1859 800 magnitudinem
1903 731 1955 782 et

297 822 468 894 pretii
501 819 884 892 wpiositatem,
901 817 994 874 sed
1025 817 1096 874 ad
1126 816 1434 888 inﬁdelium
1473 817 1694 888 respicit
1716 822 1946 887 partem.

303 911 550 982 Prosper
580 907 805 963 actione
835 906 1027 979 prima
1045 909 1248 962 contra
1263 901 1680 961 Vincentianos
1710 903 1870 975 (resp.
1895 902 1950 970 1)

303 993 446 1054 dicit
467 1013 518 1053 :«
552 988 834 1053 Poculum
866 995 1084 1068 quippe
1122 993 1601 1064 immortalitatis,
1627 991 1782 1064 quod
1813 1007 1950 1047 con-

304 1087 520 1144 fectum
551 1082 643 1142 est
672 1085 742 1140 de
785 1080 1126 1140 infirmitate
1156 1086 1356 1139 nostra
1395 1086 1452 1138 et
1487 1081 1702 1138 virtute
1731 1081 1948 1146 divina,

302 1176 484 1233 habet
511 1175 750 1248 quidem
783 1173 842 1228 in
873 1187 939 1228 se
963 1175 1032 1228 ut
1069 1173 1344 1228 omnibus
1374 1171 1586 1242 prosit;
1621 1169 1721 1226 sed
1751 1170 1801 1226 si
1834 1181 1949 1224 non

302 1265 544 1332 bibitur,
570 1277 687 1319 non
717 1262 1044 1318 medetur.»
1066 1261 1138 1316 Et
1156 1277 1265 1316 nos
1285 1259 1631 1332 scripsimus
1655 1275 1668 1313 :
1695 1259 1837 1327 Quia
1860 1273 1952 1330 po-

301 1355 488 1412 culum
515 1353 776 1410 humum
820 1351 1016 1406 salutis
1045 1349 1186 1422 quod
1221 1351 1524 1420 confectum
1549 1354 1628 1404 est
1672 1347 1736 1404 de
1786 1347 1950 1418 inﬁr-

300 1446 488 1501 mitate
515 1449 701 1498 nostra
727 1447 781 1496 et
805 1441 1004 1495 virtute
1045 1438 1256 1504 divina,
1287 1438 1444 1494 habet
1477 1437 1695 1509 quidem
1718 1437 1779 1492 in
1806 1452 1864 1492 se
1891 1442 1955 1491 ut

301 1531 552 1590 omnibus
571 1531 765 1602 prosit.
787 1527 883 1584 sed
899 1530 950 1583 si
969 1538 1080 1584 non
1101 1527 1306 1584 bibitur
1323 1543 1435 1582 non
1453 1525 1714 1582 medetur.
1740 1525 1803 1580 ln
1826 1522 1951 1596 quis

301 1619 414 1676 bus
441 1617 634 1676 verbis
652 1617 703 1672 si
731 1613 991 1688 aliquam
1023 1615 1308 1688 syllabam
1330 1632 1447 1670 non
1477 1619 1673 1670 autem
1705 1629 1947 1669 sensum

297 1707 768 1772 immutavimus,
788 1716 902 1761 non
926 1719 1028 1776 per
1043 1703 1329 1771 studium,
1351 1717 1538 1775 neque
1559 1719 1661 1774 per
1679 1715 1950 1774 arrogan-

297 1794 690 1864 tiam-aocidii,
711 1794 812 1850 sed
835 1805 954 1866 qua
970 1792 1188 1848 librum
1215 1792 1480 1864 ejusdem
1501 1791 1656 1847 beati
1679 1789 1944 1863 Prceperi

299 1903 420 1959 pra;
447 1884 725 1941 manibus
755 1895 874 1938 non
914 1880 1254 1948 habuimus,
1277 1886 1335 1936 et
1363 1880 1619 1953 spatium
1653 1884 1717 1934 ut
1753 1876 1946 1934 afferri

297 1974 600 2042 valuisset,
618 1968 900 2027 instantia
918 1969 1260 2026 Christianae
1286 1969 1607 2024 devotionis
1627 1971 1828 2024 vestrae
1849 1983 1946 2022 co-

299 2067 492 2136 gente,
520 2060 675 2117 sicut
703 2058 817 2132 ipsi
847 2057 1060 2114 melius
1091 2057 1276 2124 scitis,
1298 2055 1645 2112 venerabilis
1674 2055 1946 2128 princeps

300 2155 500 2207 noster
528 2147 732 2206 Karole
786 2162 886 2204 rex
939 2143 1211 2220 gloriose,
1233 2146 1497 2202 obtinere
1550 2143 1942 2218 nequivimus,

300 2237 718 2313 compellantes
751 2253 856 2292 nos
900 2235 1289 2292 coarctatione
1336 2235 1704 2307 dignissima,
1737 2235 1945 2289 dantes

298 2325 630 2400 exemplum
660 2338 730 2381 ex
757 2323 907 2380 libro
939 2323 1270 2396 Hieronymi
1290 2323 1362 2380 de
1382 2322 1602 2396 optimo
1624 2337 1833 2395 genere
1862 2321 1947 2377 in-

296 2415 678 2494 terpretandi,
711 2413 852 2486 quia
897 2429 1014 2468 non
1065 2417 1296 2468 tantum
1344 2413 1693 2484 quaerebatis
1744 2411 1946 2468 alienas

299 2501 742 2577 compositionis
781 2502 975 2569 verba,
1001 2517 1179 2573 quam
1212 2501 1449 2556 sincerae
1494 2505 1552 2556 et
1597 2499 1944 2573 episcopalis

300 2585 667 2650 conscientia)
697 2589 986 2647 catholica
1015 2590 1389 2645 documenta.

371 2681 517 2740 281
556 2677 692 2736 Post
720 2677 1026 2752 prtbmissa
1045 2671 1115 2734 de
1146 2678 1362 2751 quibus
1394 2676 1675 2734 rationem
1698 2678 1948 2734 reddidi-

298 2782 453 2838 mus,
478 2766 797 2826 subnexuit
821 2780 891 2824 ex
919 2766 1121 2822 ordine
1139 2765 1529 2840 capitulorum
1551 2766 1941 2838 compositor:

300 2883 328 2910 α
355 2860 553 2926 Porro,
583 2857 794 2929 inquit,
826 2853 1084 2929 capitula
1113 2871 1357 2912 numero
1397 2855 1597 2911 decem
1627 2860 1688 2910 et
1715 2871 1944 2922 novem,

299 2946 659 3022 syllogismis
688 2944 1056 3020 ineptissime
1075 2948 1133 3002 et
1153 2943 1604 3000 mendacissime
1634 2961 1668 2999 a
1688 2945 1840 3016 quod
1850 2955 1944 2999 am

299 3037 494 3094 Scotto
537 3033 838 3102 conclusa,
865 3033 968 3090 ubi
1018 3049 1133 3090 non
1193 3037 1606 3106 argumentum
1654 3031 1813 3099 ﬁdei,
1844 3033 1944 3088 sed

299 3125 506 3198 potius
534 3101 934 3181 commentum
982 3123 1238 3196 perﬁdiae
1264 3101 1463 3195 ipatct,
1496 3121 1660 3178 nulla
1705 3123 1945 3179 omnino
1975 3101 2020 3174 Ε

301 3213 707 3288 philosophica
727 3216 868 3281 arte,
895 3217 964 3268 ut
979 3215 1318 3284 arroganter
1335 3228 1368 3266 a
1390 3211 1746 3283 quibusdam
1765 3213 1949 3284 jacta-

300 3309 419 3369 tur,
440 3304 868 3371 constructum,
902 3300 1002 3356 sed
1042 3299 1203 3355 inani
1247 3297 1478 3355 fallacia
1516 3304 1573 3355 et
1607 3301 1947 3372 deceptione
1979 3332 1986 3338 ο

302 3388 720 3463 impertissime
762 3388 1098 3456 confusum,
1119 3405 1154 3444 a
1182 3387 1278 3460 pio
1307 3387 1516 3443 auditu
1555 3387 1816 3444 ﬁdelium
1848 3404 1946 3460 pe-

301 3477 464 3534 nitus
491 3475 881 3548 explodimus.
906 3475 976 3532 Et
1017 3481 1082 3532 ut
1114 3475 1253 3532 talia
1280 3478 1338 3532 et
1367 3474 1584 3532 similia
1613 3482 1944 3545 caveantur,

300 3583 408 3639 per
422 3565 620 3622 omnia
637 3565 983 3621 auctoritate
999 3564 1252 3638 Spiritus
1274 3565 1460 3620 sancti
1481 3565 1944 3623 interdicimus.»

301 3655 382 3712 De
413 3655 522 3712 hoc
553 3654 811 3727 capitulo
841 3655 1107 3728 quaedam
1143 3655 1382 3719 dempta
1419 3653 1748 3710 invenimus
1779 3673 1845 3711 ex
1880 3672 1947 3712 eo

300 3745 455 3816 quod
490 3744 660 3800 nobis
689 3747 822 3800 ante
851 3742 1193 3808 triennium,
1222 3742 1376 3797 sicut
1405 3759 1584 3814 supra
1611 3743 1949 3800 memoravi-

301 3844 456 3900 mus,
489 3833 550 3888 in
581 3830 767 3888 Niell‘a
792 3829 931 3886 villa
971 3830 1460 3904 Rhotomagensis
1488 3832 1768 3905 episcopii
1797 3849 1950 3890 com-

302 3921 575 3978 misistis.
611 3920 829 3976 ibidem
887 3920 1044 3975 enim
1076 3919 1359 3992 scriptum
1407 3919 1658 3976 habetur
1707 3938 1720 3976 :
1773 3921 1947 3978 Porro

299 4009 561 4082 capitula
589 4013 859 4082 quatuor,
884 4025 1014 4081 quae
1057 4009 1302 4064 consilio
1350 4010 1597 4065 fratrum
1643 4013 1946 4066 nostorum

300 4096 502 4154 minus
515 4101 822 4170 prospecte
837 4101 1112 4170 suscepta
1127 4101 1532 4170 sunt,propter
1546 4098 1945 4167 inutilitatem,

297 4185 388 4242 vel
415 4185 597 4242 etiam
627 4185 997 4253 noxietatem,
1020 4190 1080 4242 et
1124 4203 1380 4242 errorem
1411 4187 1770 4243 contrarium
1799 4187 1952 4243 veri-'

298 4274 428 4343 tati,
451 4277 553 4333 sed
584 4278 644 4332 et
672 4274 790 4332 alia
833 4273 1090 4349 capitula
1117 4291 1364 4332 numero
1401 4276 1602 4333 decem
1632 4280 1690 4332 et
1718 4291 1945 4346 novem,

298 4363 657 4439 syllogismis
671 4363 1040 4438 ineptissime
1051 4369 1114 4421 et
1123 4365 1577 4422 mendacissime
1592 4364 1954 4432 conclusa,et

2057 474 2270 526 errore,
2295 457 2646 514 conscientia
2677 475 2740 513 se
2771 457 3156 524 remordente,
3181 455 3470 530 corrigere
3497 455 3703 526 voluit,

2056 551 2116 602 et
2145 547 2272 602 ideo
2301 549 2376 602 de
2407 547 2596 602 medio
2637 547 2751 602 ista
2783 545 3027 610 abrasit,
3059 549 3116 601 et
3144 545 3534 618 praecedentes
3563 563 3707 604 suos

2055 651 2304 706 errores,
2317 641 2374 692 et
2393 637 2818 710 subsequentes
2838 640 3070 691 nostras
3091 633 3385 692 indebitus
3402 635 3708 708 reprehen-

2058 725 2273 795 siones,
2307 725 2542 798 penitus
2567 725 2888 782 absumere
2909 723 3131 779 debuit.

2651 893 2881 950 CAPUT
2919 892 3108 948 XXXI.

2058 1010 2133 1059 De
2161 1009 2330 1060 decem
2360 1011 2409 1058 et
2438 1023 2619 1059 novem
2661 1008 2918 1074 capitulis,
2961 1023 3072 1073 qua:
3113 1006 3416 1074 compilator
3453 1011 3708 1075 capitula-

2117 1095 2235 1130 rum
2263 1079 2412 1130 nobis
2437 1094 2468 1130 a
2497 1081 2643 1145 regia
2687 1081 3038 1129 dominatione
3079 1081 3342 1140 datorum,
3371 1081 3425 1130 in
3452 1082 3704 1146 suggillet.

2117 1151 2256 1202 tione
2299 1154 2474 1202 nostra
2507 1153 2890 1209 commemorat,
2922 1153 2972 1200 et
3017 1150 3082 1200 de
3125 1151 3264 1211 aliis,
3305 1152 3412 1200 sive
3457 1166 3566 1216 qua
3609 1168 3708 1206 nec

2111 1223 2306 1287 passim
2335 1223 2526 1286 scripta
2555 1222 2856 1281 invenimus,
2877 1222 2984 1270 sive
3002 1236 3114 1286 quae
3132 1236 3164 1272 α
3185 1221 3489 1288 quibusdam
3509 1222 3708 1274 levibus

2118 1295 2396 1359 querendo
2424 1295 2706 1344 adinveutd
2736 1293 3048 1342 audivimus.

2126 1438 2208 1495 De
2238 1439 2440 1494 decem
2459 1435 2750 1508 siquidem
2773 1440 2832 1492 et
2851 1453 3058 1492 novem
3082 1437 3376 1510 capitulis,
3399 1450 3528 1511 quae
3549 1453 3712 1498 com-

2056 1531 2361 1595 memorat,
2402 1542 2561 1581 nunc
2607 1526 2679 1580 ad
2738 1525 2852 1580 alia
2909 1524 3393 1598 occupationibus
3441 1527 3712 1586 devocati

2054 1617 2307 1673 scribere
2332 1613 2794 1686 supersedimus.
2817 1613 2888 1670 Et
2906 1615 3046 1686 quia
3068 1614 3402 1672 audivimus
3419 1618 3708 1689 quoniam

2054 1703 2168 1776 ipsi
2205 1703 2305 1776 qui
2354 1703 2458 1759 illa
2513 1702 3003 1774 reprehenderant
3031 1707 3232 1759 contra
3287 1720 3356 1760 ea
3411 1707 3707 1776 scribunt,

2052 1797 2460 1866 exspectamus
2487 1792 2673 1848 donec
2715 1791 3022 1847 videamus
3052 1791 3102 1848 si
3131 1791 3346 1865 aliquis
3393 1794 3570 1851 fuerit
3597 1797 3710 1868 qui

2054 1882 2184 1954 ipsa
2213 1882 2434 1937 nitatur
2463 1879 2791 1947 defendere,
2805 1879 2894 1934 vel
2914 1879 3054 1952 quid
3078 1887 3284 1937 contra
3307 1881 3410 1938 illa
3435 1883 3710 1942 scribens

2055 1971 2276 2026 nitatur
2304 1986 2582 2026 asserere.
2611 1968 2740 2026 Alia
2769 1968 3159 2026 nihilominus
3187 1971 3444 2044 capitula
3469 1974 3540 2028 77
3561 1989 3709 2046 quo-

2055 2061 2190 2115 dam
2238 2061 2512 2116 oll‘erente
2560 2057 2952 2130 suscepimus,
2981 2075 3232 2130 quorum
3281 2062 3706 2134 superscriptio

2051 2147 2188 2204 talis
2207 2151 2297 2203 est
2320 2164 2366 2204 ;α
2391 2145 2812 2220 Recapitulatio
2839 2146 3022 2203 totius
3049 2147 3264 2220 operis,
3287 2153 3346 2204 et
3371 2151 3705 2223 capitulum

2053 2234 2207 2294 282
2231 2236 2486 2308 primum
2509 2235 2756 2292 habetur
2774 2234 3114 2307 hujusmodi
3133 2251 3182 2292 ει(
3203 2236 3360 2293 Dicis
3372 2239 3712 2310 quadruvio

2052 2325 2387 2398 regularum
2410 2328 2664 2398 quatuor
2681 2325 2862 2380 totius
2889 2323 3272 2396 philosophia:
3292 2341 3526 2383 omnem
3547 2342 3709 2400 quae-

2053 2415 2303 2471 stionem
2334 2412 2500 2468 solvi.
2528 2413 2970 2484 Respondemus
2993 2429 3096 2470 nec
3116 2411 3260 2468 illud
3283 2415 3706 2486 quadruvium,

2054 2519 2160 2558 nec
2181 2501 2302 2558 ulla
2325 2502 2638 2558 mundanae
2669 2501 2969 2573 sapientiae
3001 2502 3341 2573 sententias,
3360 2503 3431 2558 ad
3462 2518 3706 2560 omnem

2053 2591 2436 2664 quaestionem
2467 2589 2804 2646 solvendam
2833 2591 3103 2645 sufﬁcere
3127 2591 3350 2662 absque
3377 2592 3569 2663 gratia
3596 2593 3710 2648 Dei

2052 2686 2111 2736 et
2147 2681 2279 2750 ﬁde,
2314 2697 2443 2752 quae
2502 2695 2606 2751 per
2661 2677 3030 2734 dilectionem
3061 2683 3353 2750 operatur,
3390 2697 3460 2735 ac
3509 2680 3708 2736 veraci

2053 2769 2248 2826 studio
2269 2773 2326 2824 et
2345 2773 2684 2825 sanctarum
2706 2765 2949 2823 scientia
2969 2767 3426 2839 Scripturarum.
3451 2767 3713 2826 Novissi-

2055 2873 2219 2915 mum
2237 2874 2390 2914 vero.
2407 2856 2563 2912 Dicis
2583 2855 3079 2912 anathematizare
3094 2859 3150 2912 te
3163 2872 3264 2912 eos
3281 2856 3382 2928 qui
3401 2857 3709 2930 geminam

2052 2946 2624 3021 praedestinationem
2647 2945 2869 3012 dicunt,
2883 2946 2988 3000 aut
3005 2945 3547 3016 praedestinationes
3575 2945 3712 3018 plu-

2056 3036 2255 3092 raliter
2269 3032 2538 3092 eil'erunt.
2554 3033 2998 3107 Respondemus
3031 3033 3136 3088 tibi
3159 3033 3354 3106 potius
3373 3035 3708 3104 convenire,

2055 3125 2157 3198 qui
2187 3124 2489 3181 veritatem
2511 3123 2874 3195 judiciorum
2905 3122 3006 3178 Dei
3049 3123 3334 3194 tantisper
3361 3123 3709 3197 impugnas,

2053 3215 2229 3271 ﬁdem
2260 3213 2550 3270 dictorum
2570 3212 2864 3268 veracium
2895 3227 3096 3284 negas,
3128 3227 3302 3268 sensa
3328 3213 3564 3268 Patrum
3597 3229 3712 3286 per

2054 3304 2254 3360 omnia
2293 3301 2743 3358 reverendorum
2785 3299 3130 3356 ﬁdelissima
3183 3301 3488 3373 depravas,
3519 3307 3580 3358 et
3634 3317 3717 3359 ea

2055 3394 2297 3465 insuper
2325 3409 2510 3448 novus
2555 3389 2883 3446 falsitatum
2931 3390 3195 3445 inventor
3239 3389 3534 3460 enunties,
3569 3407 3708 3464 qua:

2055 3481 2254 3537 nullus
2283 3481 2532 3537 antehac
2547 3477 2766 3534 dixisse
2789 3476 2872 3534 vel
2895 3477 3202 3555 scripsisse
3219 3477 3515 3536 ullatenus
3546 3496 3716 3554 repe-

2057 3572 2260 3626 ritur.»
2283 3572 2542 3636 Quorum
2570 3572 2860 3633 auctores,
2881 3565 2968 3622 vel
3000 3566 3194 3638 potius
3213 3565 3324 3622 sibi
3349 3583 3714 3641 compugna-

2055 3664 2230 3725 tores,
2254 3662 2312 3714 et
2340 3658 2398 3712 in
2430 3657 2786 3727 quibusdam
2810 3654 3070 3710 veritatis
3100 3655 3712 3728 impugnatores,jac-

2054 3747 2302 3802 titantur
2329 3763 2364 3801 a
2391 3745 2594 3801 multis
2625 3743 2979 3800 Prudentius
3005 3743 3336 3816 episcopus,
3359 3749 3420 3801 et
3445 3744 3712 3804 Joannes

2056 3835 2410 3908 Scottigena.
2433 3833 2544 3890 Sed
2575 3849 2685 3888 nos
2715 3848 2819 3888 nec
2841 3832 3074 3888 credere
3103 3849 3209 3888 nec
3239 3833 3586 3890 conﬁrmare
3605 3851 3710 3892 vos

2053 3922 2446 3995 lumus,quod
2495 3919 2864 3978 documentis
2909 3919 3254 3977 certioribus
3303 3921 3715 3980 demonstrare

2055 4029 2172 4068 non
2195 4027 2531 4084 possumus.
2554 4009 2790 4066 interim
2822 4013 3020 4064 tamen
3048 4008 3284 4065 illorum
3315 4009 3712 4068 contentioni-

2055 4102 2162 4158 bus
2188 4117 2295 4156 nos
2324 4099 2655 4155 immiscere
2684 4097 3005 4164 noluimus,
3029 4115 3217 4170 usque
3245 4099 3389 4154 dum
3415 4097 3714 4171 liquidius

2054 4205 2482 4263 cognoscamus
2511 4185 2582 4242 ad
2617 4202 2792 4258 quem
2841 4187 3018 4241 ﬁnem
3047 4187 3482 4242 contentionem
3527 4203 3712 4246 suam

2055 4277 2395 4351 quicunque
2417 4275 2536 4331 sint
2553 4273 2638 4330 illi
2664 4273 3062 4346 perduxerint,
3075 4275 3448 4332 recordantes
3466 4274 3704 4348 Sapien-

2053 4365 2130 4422 tis
2162 4382 2266 4438 pro
2292 4363 2473 4422 verbii
2498 4379 2512 4419 :
2533 4363 2690 4419 Sicut
2715 4364 2812 4435 qui
2841 4361 3198 4434 apprehendit
3221 4361 3452 4417 auribus
3491 4379 3711 4431 eam,

299 4451 528 4526 reliqua
545 4453 702 4510 sicut
723 4457 783 4510 et
809 4451 910 4510 hic
929 4454 1286 4526 compositor
1309 4453 1419 4509 iste
1440 4454 1612 4509 modo
1633 4453 1944 4526 disposuit.
1977 4469 2028 4538 Β
2053 4456 2133 4511 sic
2159 4463 2212 4511 et
2239 4455 2334 4528 qui
2377 4453 2714 4509 immiscetur
2739 4453 2888 4508 rixae
2913 4453 3144 4508 alterius
3171 4452 3352 4523 (Prov.
3391 4467 3546 4519 xxvr,
3593 4454 3710 4525 17).

299 4540 464 4598 Unde
486 4541 792 4609 miramur,
816 4541 866 4597 si
887 4542 999 4599 iste
1026 4542 1086 4598 in
1107 4540 1495 4615 compilandis
1518 4541 1634 4599 illis
1657 4541 1769 4598 fuit
1788 4542 1945 4615 capi-

299 4628 466 4700 tulis,
493 4628 604 4686 hoc
635 4631 791 4702 quod
835 4635 974 4687 tunc
1013 4631 1072 4686 in
1103 4631 1191 4688 eis
1219 4635 1340 4687 tam
1373 4631 1636 4688 studiose
1681 4631 1948 4702 inseruit,

300 4733 482 4792 quare
507 4717 578 4773 de
607 4717 720 4774 isto
750 4719 990 4774 eradere
1010 4718 1237 4776 maluit.
1261 4721 1331 4776 Et
1359 4721 1409 4776 si
1441 4721 1500 4776 in
1530 4719 1648 4777 illis
1675 4719 1952 4792 capitulis

299 4805 658 4879 compositor
677 4805 790 4862 iste
807 4823 924 4862 non
949 4807 1379 4880 fuit,quomodo
1397 4814 1518 4864 tam
1540 4813 1949 4876 consonanter,

300 4893 454 4952 utin
486 4893 648 4951 nullo
697 4893 832 4964 alio,
865 4901 1100 4968 excepto
1141 4897 1252 4953 isto
1283 4895 1428 4965 loco,
1457 4901 1515 4954 et
1563 4897 1634 4954 de
1683 4896 1951 4970 sequenti

299 4982 576 5057 capitulo,
595 4984 794 5057 dequo
817 5001 1004 5040 unum
1025 4984 1230 5040 elinxit
1244 4985 1650 5058 apostolicum,
1671 4986 1822 5042 sicut
1842 5003 1950 5042 suo

299 5071 428 5130 loco
449 5073 936 5142 monstrabimus,
961 5073 1274 5130 deviaverit
1295 5073 1381 5130 vel
1413 5074 1830 5142 immutaverit,
1853 5091 1948 5130 ne-

299 5178 415 5235 que
442 5165 774 5218 transverso
803 5160 1014 5234 capillo
1044 5179 1078 5218 a
1105 5163 1378 5219 concordi
1407 5161 1701 5218 sententia
1730 5163 1950 5219 exorbi-

299 5251 525 5308 taverit.
544 5249 604 5306 Si
625 5249 783 5306 enim
805 5250 1085 5322 nosjuste
1107 5254 1164 5306 et
1183 5249 1609 5307 rationabiliter
1637 5251 1946 5324 reprehen-

301 5339 436 5396 dere
455 5355 522 5395 se
548 5356 720 5412 posse
739 5343 797 5395 et
825 5339 1036 5395 debere
1058 5339 1318 5408 conﬁdit,
1337 5356 1543 5396 nemor
1562 5340 1702 5412 quia
1731 5339 1948 5396 Paulus

302 5426 468 5484 Petro
525 5427 586 5484 in
643 5427 854 5485 faciem
911 5427 1126 5484 restitit
1181 5427 1323 5498 (Gal.
1363 5445 1426 5498 ιι,
1472 5429 1580 5498 11),
1631 5434 1948 5502 apportans

303 5516 658 5593 scriptorum
683 5533 925 5578 suorum
955 5515 1405 5594 plenitudinem,
1428 5517 1522 5578 his
1553 5534 1680 5596 quas
1709 5533 1950 5595 perparo

2055 4544 2207 4600 Sunt
2225 4547 2284 4600 et
2298 4541 2416 4598 alia
2429 4558 2557 4614 quae
2569 4558 2776 4597 vocum
2793 4539 3147 4596 novitatibus
3161 4539 3714 4603 delectantesmnde

2059 4633 2169 4689 sibi
2201 4633 2405 4688 inanes
2433 4633 2773 4702 comparent
2801 4628 3193 4696 rumusculos,
3220 4633 3424 4684 contra
3451 4629 3590 4686 ﬁdei
3619 4647 3714 4688 ωδ

2057 4721 2285 4778 ιὴοιίοω
2315 4719 2621 4776 veritatem
2672 4717 2894 4774 dicunt.
2925 4717 3208 4775 Videlicet
3236 4717 3392 4790 quod
3439 4717 3600 4774 trina
3627 4719 3719 4776 sit

2059 4810 2275 4879 Deitas,
2299 4809 2454 4880 quod
2484 4808 2864 4864 Sacramenta
2891 4805 3092 4862 altaris
3112 4823 3229 4863 non
3257 4823 3458 4863 verum
3490 4821 3718 4879 corpus

2057 4905 2115 4957 et
2139 4916 2312 4954 verus
2342 4895 2588 4969 sanguis
2615 4897 2693 4953 sit
2735 4895 2988 4965 Domini,
3010 4895 3112 4951 sed
3149 4898 3383 4951 tantum
3421 4895 3718 4952 memoria

2055 4987 2176 5042 veri
2205 4985 2466 5058 corporis
2494 4989 2552 5041 et
2579 4983 2884 5058 sanguinis
2910 4985 3059 5056 ejus,
3083 4983 3240 5056 quod
3269 4981 3460 5056 angeli
3492 4989 3718 5041 natura.

2057 5076 2176 5132 sint
2204 5072 2554 5147 corporales,
2587 5074 2744 5145 quod
2801 5073 3002 5128 anima
3038 5071 3298 5130 hominis
3326 5087 3443 5128 non
3499 5071 3579 5130 sit
3646 5072 3716 5130 in

2057 5180 2315 5236 corpore,
2339 5163 2497 5234 quod
2527 5179 2639 5219 non
2675 5161 2800 5218 alia:
2840 5177 3022 5234 poema
3062 5161 3181 5216 sint
3219 5159 3556 5228 infernales,
3589 5159 3726 5217 nisi”

2057 5250 2424 5307 tormentalis
2454 5250 2738 5306 memoria
2785 5248 3154 5306 conscientias
3209 5252 3604 5322 peccatorum.
3639 5249 3720 5306 Et

2057 5342 2202 5396 forte
2233 5340 2333 5412 qui
2364 5356 2480 5395 non
2526 5343 2804 5411 satagunt
2833 5341 2898 5394 ut
2923 5343 3058 5410 post
3104 5338 3340 5394 ﬁnitum
3377 5335 3720 5396 universale

2050 5423 2346 5500 judicium
2376 5425 2692 5484 Dominum
2712 5427 2970 5494 videant,
2991 5425 3244 5500 qualiter
3268 5425 3452 5483 videri
3471 5425 3718 5495 debeat,

2057 5516 2316 5578 mordaci
2338 5516 2708 5576 contentione
2723 5515 3083 5593 disquirunt.
3097 5517 3167 5576 Et
3184 5514 3358 5593 plura
3371 5513 3488 5574 alia
3501 5519 3726 5580 contra
