3970 6182
206 381 312 442 297

205 530 321 587 quae
345 514 704 571 orthodoxos
722 513 991 570 Ecclesiae
1012 515 1308 572 catholica:
1331 518 1582 571 rectores
1611 529 1848 570 necesse
1878 511 1933 579 Α

205 602 302 660 erit
331 603 536 660 solerti
561 603 760 659 studio
786 602 1046 677 vigilare.

263 693 377 750 Sed
411 696 472 748 et
509 690 571 747 in
622 692 863 765 przefata
905 693 1148 765 synodo,
1180 693 1456 765 capitulis
1505 710 1632 764 qure
1683 691 1850 747 nobis

200 781 460 849 dedistis,
486 780 546 837 in
579 781 1062 854 quaternunculis
1084 781 1261 838 unius
1287 779 1716 839 consacerdotis
1748 796 1850 836 no-

199 871 293 927 stri
319 875 550 943 septem
585 869 934 942 subjunctas
964 871 1444 938 invenimus,non
1474 868 1849 936 veritate,sed

197 959 431 1015 nomine
462 957 702 1032 regulas
735 976 748 1014 :
784 959 920 1032 quia
951 975 1065 1014 non
1101 960 1258 1027 ﬁdei,
1283 959 1438 1015 sicut
1467 959 1682 1015 ibidem
1716 957 1853 1013 scri-

199 1053 358 1122 ptum
392 1047 748 1122 reperimus.
780 1048 1012 1122 regulae,
1041 1049 1142 1104 sed
1172 1050 1244 1104 ad
1277 1047 1681 1104 infidelitatem
1713 1045 1854 1102 sim-

199 1137 450 1210 plicibus
502 1141 785 1210 protensa
824 1142 964 1194 sunt
1013 1137 1293 1194 retiacula
1325 1155 1338 1192 :
1373 1155 1498 1210 qua:
1547 1137 1858 1193 verborum

922 383 1026 444 DE
1069 381 1832 444 PRIEDESTINATIONE
1875 376 2389 439 DISSERTATIO
2434 376 2893 437 POSTERIOR.

3494 376 3614 438 298

2541 508 2774 564 CAPUT
2813 507 3028 564 XXXII.

1961 599 2037 648 De
2067 597 2293 646 clausula
2322 596 2542 660 capituli
2570 595 2934 660 compilatoris,
2965 596 3017 644 ei
3045 595 3109 644 de
3137 595 3303 644 (ribus
3346 611 3458 662 qua
3498 597 3617 652 huic

2025 671 2250 732 capitulo
2294 669 2588 718 subnectere
2627 667 3048 732 procuravimus;
3075 679 3290 729 quorum
3337 681 3497 717 unum
3543 675 3620 722 est

2024 742 2150 806 quia
2181 738 2345 789 (urbe:
2376 755 2489 804 quae
2519 739 2844 795 Dominicum
2873 737 3152 786 adventum
3175 742 3555 800 praecesserunt,
3569 741 3618 787 et

2025 825 2139 876 qua:
2196 809 2596 874 subsequuntur,
2652 823 2754 858 una
2809 807 3090 872 eademque
3139 806 3245 870 ﬁde
3299 807 3620 857 conclamant

2027 881 2254 938 Osanna,
2287 881 2534 946 quoniam
2578 895 2672 944 per
2717 881 2947 945 gratiam
2993 879 3092 929 Dei
3130 877 3326 928 salvari
3368 878 3619 927 credimus

2024 952 2453 1016 quemadmodum
2483 954 2534 1001 et
2553 953 2648 1001 illi.
3180 947 3188 952 ’

2033 1050 2296 1106 Tandem
2327 1049 2386 1104 in
2407 1049 2517 1104 hac
2539 1047 2806 1105 clausula
2824 1049 3166 1104 adinventor
3187 1047 3433 1104 istorum
3461 1047 3618 1120 capi-

1964 1137 2224 1193 tulorum
2247 1154 2501 1209 praesens
2524 1137 2814 1194 conclusit
2843 1136 3169 1210 capitulum
3199 1136 3434 1192 dicens:
3459 1158 3488 1186 «
3512 1136 3620 1192 No-

197 1229 252 1282 et
295 1241 592 1282 sensuum
643 1225 1028 1280 consonantia
1075 1225 1340 1295 ejusdem
1380 1223 1656 1290 auctoris,
1688 1221 1860 1292 cujus
1962 1243 2169 1282 varum
2213 1225 2389 1283 etiam
2439 1243 2637 1282 rerum
2688 1227 3136 1295 introductores,
3170 1242 3242 1282 ne
3292 1225 3616 1282 districtius

197 1318 248 1371 et
275 1313 546 1386 capitula
573 1317 788 1370 nostrae
819 1312 1138 1369 humilitati
1172 1330 1206 1368 a
1229 1317 1420 1369 vestra
1437 1313 1574 1368 data
1593 1309 1856 1367 sublimi-

196 1407 329 1469 tate,
355 1403 511 1458 forte
543 1402 886 1458 creduntur.
910 1403 1171 1468 Quarum
1207 1401 1437 1457 initium
1461 1404 1548 1458 est
1573 1417 1585 1456 :
1611 1423 1638 1450 «
1665 1399 1857 1454 Primo

197 1491 318 1548 loco
356 1491 729 1564 ponendum,
762 1494 820 1547 et
865 1489 1292 1557 vehementius,
1327 1493 1498 1562 prout
1545 1505 1700 1544 nunc
1749 1504 1856 1559 pu-

196 1579 458 1636 sillitatis
490 1583 710 1635 nostris
740 1578 1035 1636 memoriae
1081 1579 1660 1646 occurrit,credimus
1707 1593 1862 1634 com-

196 1667 600 1725 mendandum
633 1672 860 1740 septem
886 1667 1174 1740 quasdam
1207 1685 1337 1724 esse
1367 1666 1600 1740 regulas
1629 1666 1859 1734 ﬁdei,ex

195 1757 529 1813 divinarum
563 1756 972 1829 Sripturarum
1015 1757 1362 1812 auctoritate
1390 1756 1708 1822 venientes,
1741 1760 1796 1810 et
1825 1773 1860 1810 a

195 1841 413 1899 sanctis
464 1845 644 1914 atque
695 1841 1034 1898 orthodoxis
1083 1842 1358 1898 Patribus
1407 1841 1859 1915 diligentissime

197 1931 647 1990 commendatus
671 1947 686 1986 :
713 1931 786 1987 de
817 1929 1185 2004 praescientia
1227 1930 1450 1986 scilicet
1479 1935 1536 1986 et
1566 1929 1863 2003 praedesti-

196 2020 430 2076 natione
447 2019 655 2076 divina
677 2035 692 2076 :
717 2035 868 2092 quas
889 2023 946 2075 et
965 2018 1291 2076 catholicus
1315 2019 1653 2076 ﬁdelissime
1669 2023 1866 2074 tenere

199 2109 423 2176 debeat,
483 2113 548 2164 et
597 2106 938 2180 quicunque
1004 2107 1098 2164 his
1173 2107 1468 2164 contraria
1523 2107 1696 2180 sapit,
1749 2123 1864 2162 non

201 2196 486 2253 catholica
515 2196 736 2252 sentire
767 2197 1203 2268 comprobetur.
1241 2219 1268 2246 »
1300 2198 1370 2252 Et
1399 2195 1482 2252 sic
1513 2213 1614 2268 per
1643 2200 1864 2268 septem

201 2285 486 2353 illas,non
509 2301 680 2341 veras
703 2283 958 2358 regulas,
976 2284 1080 2340 sed
1114 2286 1281 2341 ﬁctas
1311 2283 1560 2351 recolas,
1593 2284 1745 2340 sicut
1773 2301 1866 2339 so-

202 2373 322 2430 lent
338 2376 504 2432 288
530 2373 817 2430 sortiaria:
849 2373 1150 2442 facere,ad
1185 2391 1286 2430 ora
1328 2374 1546 2429 vasculi
1586 2372 1780 2440 mella,
1812 2376 1870 2428 et

211 2461 267 2516 in
295 2461 682 2518 inferioribus
710 2462 976 2534 partibus
995 2479 1218 2518 venena
1239 2462 1870 2534 supponere,orthodo—

209 2565 411 2606 xor-um
441 2550 626 2606 verba
655 2551 1003 2606 detruncata
1035 2567 1396 2624 preponens,
1423 2551 1495 2606 ad
1528 2551 1678 2606 hanc
1711 2567 1868 2606 sum-

211 2655 366 2694 mam
397 2637 736 2695 intellectus
784 2638 878 2695 sui
923 2639 1160 2696 deducit
1205 2639 1579 2708 sententiam,
1614 2643 1680 2694 ut
1715 2639 1870 2694 sicut

209 2726 374 2785 electi
394 2729 470 2783 ad
493 2727 677 2784 vitam
699 2727 783 2784 ita
810 2731 870 2784 et
898 2727 1126 2801 reprobi
1157 2745 1192 2783 a
1224 2729 1340 2784 Deo
1381 2729 1870 2800 praedestiiientur

208 2817 280 2872 ad
311 2821 566 2873 mortem
602 2833 617 2872 :
649 2821 707 2872 et
725 2817 1054 2873 secundum
1077 2816 1504 2890 praecientiam
1526 2835 1696 2872 suam
1720 2822 1868 2872 Deus

207 2905 597 2974 damnaverit,
631 2921 782 2978 quos
811 2905 874 2960 in
903 2905 1213 2978 iniquitate
1243 2910 1301 2961 et
1337 2905 1638 2978 impietate
1669 2921 1868 2976 perse-

204 2999 510 3052 veraturos
557 2994 934 3068 praesciverit,
968 2995 1323 3066 eosdemque
1383 2994 1674 3066 perituros
1719 3011 1869 3066 prae-

205 3083 610 3142 destinaverit.
643 3086 778 3150 Quae
799 3083 1019 3139 imitari
1046 3083 1246 3139 volens
1279 3084 1589 3149 Isidorum,
1619 3082 1689 3138 de
1710 3083 1872 3138 Tico-

203 3171 301 3228 nio
322 3180 382 3228 et
409 3171 548 3229 aliis
578 3171 948 3245 sapientibus
977 3175 1200 3244 septem
1231 3172 1289 3227 in
1322 3172 1507 3228 sacris
1551 3171 1870 3243 Scripturis

207 3260 443 3334 regulas
473 3261 1066 3333 excerpentem,satis
1095 3260 1314 3316 insulte
1343 3265 1402 3316 ct
1431 3259 1866 3316 nonverisimile
1895 3247 1938 3313 C

206 3350 523 3420 nausiavit,
541 3350 856 3422 querendo
879 3349 1018 3422 quid
1047 3349 1264 3406 diceret
1284 3349 1386 3422 qui
1417 3349 1576 3422 loqui
1599 3348 1869 3404 nesciens

203 3442 400 3495 tacere
433 3455 552 3494 non
583 3438 798 3511 potuit.
833 3439 914 3494 De
944 3437 1160 3512 quibus
1191 3439 1557 3510 superﬂuum
1591 3437 1869 3494 duximus

205 3527 484 3595 scribere,
521 3528 665 3600 quia
710 3527 985 3599 primam,
1019 3531 1077 3582 et
1122 3527 1465 3593 secundam,
1499 3543 1566 3583 ac
1612 3525 1868 3592 tertiam,

205 3616 331 3672 sive
387 3621 689 3688 quartam,
713 3631 1060 3672 aranearum
1119 3616 1288 3687 telas,
1331 3615 1501 3689 quasi
1559 3615 1872 3688 specialius

208 3709 454 3760 sanctus
482 3704 858 3779 Augustinus
885 3704 944 3760 in
971 3704 1120 3761 libro
1151 3706 1223 3760 de
1253 3705 1629 3778 Correptione
1660 3709 1718 3760 et
1739 3704 1874 3760 Gra-

210 3794 318 3860 tia,
338 3799 398 3850 et
429 3795 488 3849 in
518 3793 674 3850 libro
706 3793 778 3851 de
823 3795 983 3850 Bono
1033 3793 1495 3867 perseverantiae,
1529 3798 1586 3848 et
1633 3799 1872 3849 sanctus

210 3882 462 3956 Prosper
503 3888 710 3939 contra
753 3884 1103 3950 Januenses,
1137 3882 1359 3938 nullius
1407 3883 1684 3939 momenti
1745 3899 1874 3938 esse

209 3971 646 4029 demonstrant.
661 3971 937 4040 Quintam
959 3989 1090 4028 vero
1113 3971 1457 4027 naemiarum
1483 3975 1541 4027 et
1561 3971 1873 4043 septimam

208 4060 478 4134 regulam
508 4063 721 4118 beatus
750 4061 1136 4135 Augustinus,
1157 4065 1362 4116 contra
1387 4065 1608 4116 veteres
1628 4060 1876 4115 Prmdes-

205 4149 559 4216 tinatianos,
590 4149 651 4206 in
683 4149 834 4206 libro
865 4150 936 4206 de
966 4149 1483 4206 Praedestinatione
1513 4152 1871 4216 sanctorum,

203 4239 277 4292 et
329 4243 572 4292 sanctus
630 4237 946 4310 Gregorius
1003 4237 1063 4292 in
1117 4237 1266 4294 libro
1323 4236 1604 4307 vigesimo
1670 4236 1874 4308 quinto

204 4323 531 4381 Moralium
561 4325 696 4394 Job,
729 4325 790 4381 in
819 4329 1009 4382 totum
1040 4329 1096 4382 et
1142 4342 1246 4398 per
1285 4329 1474 4381 totum
1516 4325 1871 4381 annihilant.

199 4413 478 4479 Sextum,
505 4418 574 4470 ut
625 4415 861 4483 dicitur,
896 4415 1051 4471 sicut
1079 4415 1309 4470 fumum
1360 4415 1637 4488 pultium,
1667 4415 1875 4469 beatus

197 4503 586 4576 Augustinus
613 4503 769 4560 inter
796 4507 1024 4572 caetera,
1056 4503 1116 4560 in
1150 4502 1314 4559 libris
1345 4505 1416 4560 de
1447 4502 1648 4559 Gratia
1687 4505 1746 4558 et
1776 4501 1869 4557 Li-

1965 1315 2268 1383 feriantur,
2294 1315 2665 1388 eastigandos
2696 1330 2824 1370 esse
2851 1331 3179 1371 censemus.
3205 1336 3232 1364 »
3271 1315 3342 1370 Et
3386 1331 3496 1370 nos
3537 1314 3618 1370 ita

1965 1404 2142 1460 etiam
2175 1420 2618 1460 concensemus.
2651 1403 2888 1459 Veteres
2921 1403 3486 1472 Przedestinatianos,
3511 1419 3614 1459 no-

1967 1509 2172 1548 varum
2207 1492 2430 1548 scilicet
2450 1509 2644 1548 rerum
2668 1492 2858 1547 introd
2869 1496 3116 1560 actores,
3133 1495 3372 1548 sanctus
3393 1495 3618 1564 Augus-

1971 1582 2132 1636 tinus
2161 1580 2220 1636 in
2251 1580 2419 1637 libris
2449 1581 2518 1636 de
2540 1580 2912 1652 Correptione
2941 1584 2998 1636 et
3029 1581 3246 1647 Gratia,
3263 1581 3332 1636 de
3355 1580 3616 1636 Prmdes-

1972 1669 2254 1725 tinatione
2285 1673 2642 1735 sanctorum,
2672 1685 2738 1724 ac
2767 1668 2924 1724 Bono
2963 1667 3425 1740 perseverantiae,
3460 1669 3615 1725 234

1973 1758 2461 1830 llypomncstieon
2485 1757 2871 1812 nihilominus
2909 1757 3078 1826 libro,
3099 1762 3156 1812 et
3185 1757 3332 1812 libro
3365 1757 3435 1812 de
3465 1757 3613 1812 Prai-

1970 1845 2358 1902 destinatione
2389 1845 2610 1920 gratiae,
2645 1844 3144 1902 sut'ticientissime
3189 1849 3246 1901 et
3275 1844 3614 1900 ﬁdelissime

1973 1941 2149 2008 atque
2207 1941 2445 2007 paterae
2487 1935 2774 2008 castigare
2827 1934 3066 1990 curavit.
3115 1933 3330 1990 Deinde
3383 1938 3627 1990 sanctus

1974 2024 2324 2080 Gmlestinus
2353 2023 2696 2080 auctoritate
2734 2022 3071 2096 apostolica,
3103 2021 3390 2079 instantia
3438 2022 3626 2078 sancti

1976 2113 2328 2186 Prosperi,et
2347 2113 2637 2168 sententia
2658 2111 3258 2185 synodali,redarguit
3279 2115 3454 2183 atque
3475 2125 3628 2167 com-

1977 2202 2208 2275 pressit.
2225 2204 2294 2258 Et
2311 2219 2467 2258 nunc
2493 2202 2694 2256 itidem
2719 2201 2929 2256 harum
2953 2217 3234 2256 novarum
3260 2215 3465 2256 vocum
3483 2199 3631 2256 rein-

1979 2293 2366 2356 troduetores,
2391 2292 2592 2347 eadem
2615 2289 2959 2346 auctoritate
2990 2295 3329 2346 sanctarum
3361 2289 3631 2361 Scriptu-

1977 2397 2200 2446 rarum,
2223 2385 2282 2436 et
2313 2379 2736 2436 catholicorum
2767 2383 2944 2452 atque
2974 2379 3351 2451 antiquorum
3394 2378 3627 2434 Patrum

1976 2467 2222 2542 prolatis
2244 2468 2577 2534 sententiis,
2591 2485 2828 2524 necesse
2854 2472 2942 2524 est
2963 2467 3269 2541 castigare,
3286 2462 3631 2540 redarguere

1977 2562 2152 2630 atque
2175 2555 2752 2630 comprimere.Unde
2775 2556 2885 2612 tria
2904 2555 3041 2611 huic
3053 2555 3308 2628 capitulo
3330 2556 3632 2612 subnecte-

1977 2663 2132 2701 mus.
2149 2647 2410 2712 Quorum
2429 2661 2614 2699 unum
2633 2644 2887 2716 est,quia
2910 2645 3248 2716 turbae,qum
3262 2643 3631 2700 Dominieum

1977 2736 2289 2790 adventum
2314 2737 2755 2806 praecesserunt,
2777 2736 2833 2788 et
2853 2750 2980 2804 quae
3003 2734 3450 2804 subsequuntur
3465 2735 3629 2803 (hom.

1981 2826 2088 2891 17),
2107 2841 2223 2878 una
2239 2823 2682 2894 eademqueﬁde
2699 2821 3366 2877 conclamantdicentes:
3391 2821 3628 2890 Osanna,

1977 2911 2035 2966 id
2068 2915 2176 2978 est,
2212 2914 2276 2966 ut
2322 2911 2382 2966 in
2431 2914 2680 2966 tractatu
2737 2908 3054 2966 Ezechielis
3102 2913 3343 2965 sanctus
3393 2909 3630 2981 exponit

1978 2999 2292 3072 Gregorius
2316 3014 2330 3054 :
2353 2998 2519 3054 Salva
2539 3014 2638 3053 nos
2659 2999 2718 3053 in
2737 2997 2982 3054 excelsis.
2999 2997 3304 3065 Quoniam,
3329 3000 3394 3052 ut
3425 2995 3628 3052 Petrus

1979 3089 2258 3160 dicit,per
2281 3088 2546 3162 gratiam
2571 3087 2684 3142 Dei
2700 3085 2923 3142 salvari
2941 3085 3627 3157 credimus,quemadmo-

1977 3177 2208 3232 modum
2235 3185 2291 3232 et
2319 3175 2424 3232 illi
2451 3178 2596 3244 (Act.
2628 3192 2722 3243 xv,
2746 3175 2856 3244 11).
2889 3173 3110 3230 Deinde
3140 3173 3393 3246 qualiter
3421 3173 3630 3229 docent

1977 3272 2314 3323 sanctarum
2350 3263 2790 3337 Scripturarum
2823 3261 3168 3318 auctoritate
3199 3261 3468 3318 catholici
3497 3261 3630 3331 viri,

1975 3352 2323 3428 generaliter
2351 3353 2648 3410 Christum
2680 3351 2861 3408 fuisse
2893 3367 3135 3425 passum
3185 3367 3290 3424 pro
3331 3350 3629 3406 omnibus.

1979 3444 2234 3515 Indeque
2265 3442 2560 3514 quomodo
2582 3441 2887 3496 orthodoxi
2931 3445 2989 3496 et
3018 3439 3244 3513 antiqui
3272 3439 3539 3514 magistri
3566 3456 3634 3496 ex

1979 3531 2296 3604 Scripturis
2347 3529 2707 3587 authenticis
2757 3530 3187 3600 demonstrant,
3219 3529 3468 3584 discreto
3527 3545 3634 3584 nos

1981 3621 2190 3676 debere
2214 3617 2720 3690 intelligere,quia
2757 3617 2894 3672 licet
2916 3617 3180 3673 Christus
3221 3617 3395 3672 fuerit
3423 3633 3635 3689 passus

1980 3725 2083 3781 pro
2107 3707 2528 3775 omnibus,non
2547 3711 2743 3761 tamen
2769 3722 2972 3761 omnes
2989 3707 3060 3760 ad
3083 3711 3357 3760 asternam
3381 3705 3634 3762 salutem

1980 3796 2184 3852 mundi
2221 3795 2424 3868 pretio,
2455 3793 2515 3850 id
2548 3798 2637 3849 est
2665 3793 2959 3866 passionis
3008 3793 3138 3865 ejus
3183 3793 3482 3866 mysterio,
3515 3793 3636 3848 sint

1981 3884 2286 3958 redempti.
2315 3886 2362 3940 A
2392 3900 2508 3957 quo
2537 3883 2719 3955 pretio
2751 3882 3006 3937 extranei
3045 3886 3206 3948 sunt,
3239 3881 3340 3954 qui
3389 3886 3492 3938 aut
3533 3881 3632 3938 de-

1979 3974 2176 4030 lectati
2228 3973 2563 4045 captivitate
2611 3971 2818 4026 redimi
2869 3971 3204 4039 noluerunt,
3239 3974 3340 4026 aut
3370 3975 3502 4043 post
3539 3987 3632 4026 re-

1981 4062 2377 4136 demptionem
2411 4061 2482 4116 ad
2515 4061 2782 4116 eamdem
2815 4065 2954 4116 sunt
3000 4059 3342 4116 servitutem
3394 4059 3630 4115 reversi.

1981 4151 2145 4209 Sicut
2170 4155 2227 4207 et
2257 4149 2350 4206 hic
2381 4149 2768 4223 reprehensor
2800 4153 3014 4216 noster,
3035 4166 3152 4202 non
3183 4147 3410 4221 integro
3457 4147 3634 4203 intel-

1982 4239 2158 4308 lectu,
2178 4240 2248 4296 de
2277 4239 2371 4294 his
2403 4238 2502 4310 qui
2536 4237 2744 4293 redimi
2777 4237 3092 4292 noluerunt
3132 4237 3189 4290 in
3224 4235 3492 4307 Capitula
3524 4235 3636 4291 isto

1982 4329 2214 4402 posuit:
2237 4329 2336 4385 Sic
2365 4327 2516 4384 enim
2541 4327 2758 4383 dilexit
2787 4330 2936 4382 Deus
2985 4325 3280 4391 mundum,
3315 4333 3377 4404 uti
3425 4323 3640 4379 Filium

1981 4435 2151 4474 suum
2172 4417 2534 4492 unigenitum
2554 4417 2832 4482 (ἄπειμί
2860 4415 3052 4469 omnis
3077 4414 3179 4486 qui
3215 4413 3408 4469 credit
3429 4414 3492 4469 in
3510 4428 3642 4468 eum

1983 4524 2096 4564 non
2111 4516 2339 4577 pereat,
2355 4507 2456 4560 sed
2472 4505 2690 4560 habent
2711 4505 2900 4558 vitam
2909 4509 3200 4570 aternam
3219 4505 3411 4570 (Joan.
3429 4519 3516 4570 ιιι,
3531 4501 3642 4572 16).

195 4591 354 4680 hero
385 4591 652 4660 arbitrio,
675 4596 736 4649 et
762 4592 836 4650 de
865 4593 1022 4649 Bono
1053 4591 1600 4665 perseverantiae,de
1633 4592 1881 4650 Przedes-
1910 4615 1956 4680 Ι)
1989 4597 2135 4662 Quia
2161 4596 2438 4668 profecto,
2473 4598 2538 4648 ut
2566 4591 2918 4648 venerabilis
2946 4592 3250 4664 presbyter
3289 4592 3444 4648 Beda
3472 4608 3644 4680 expo-

193 4679 508 4736 tinatione
533 4680 758 4754 gratiae,
791 4686 850 4738 et
878 4682 952 4738 ad
984 4681 1213 4738 Sixtum
1245 4683 1671 4754 presbyterum,
1696 4683 1884 4736 exsul-

195 4767 322 4824 ﬁat
351 4773 411 4824 et
439 4769 584 4824 facit
611 4770 850 4842 penitus
869 4787 988 4827 non
1018 4786 1240 4844 parere.
1261 4772 1330 4826 Et
1361 4773 1562 4826 nostra
1585 4768 1886 4824 mediocri-

195 4861 312 4914 tas
340 4856 402 4913 in
425 4857 618 4914 tribus
642 4858 825 4915 istum
845 4859 1309 4931 praecedentibus
1331 4857 1568 4926 libellis,
1583 4862 1642 4913 et
1663 4857 1723 4914 in
1743 4857 1876 4925 isto,

189 4946 702 5003 commemoratis
731 4963 803 5004 ex
829 4952 1172 5005 sanctorum
1223 4948 1464 5004 Patrum
1515 4945 1880 5002 auctoritati-

191 5034 356 5105 bus,
387 5035 515 5092 haec
543 5036 828 5110 ﬁgmenta
876 5036 1198 5094 talsissima
1243 5053 1372 5092 esse
1413 5035 1778 5091 monstravit.
1813 5035 1882 5090 Et

193 5141 350 5198 quae
395 5141 538 5182 vera
577 5130 719 5182 sunt
763 5127 836 5183 de
879 5125 1244 5199 praesoientia
1289 5130 1345 5180 et
1375 5122 1882 5197 praedestinatione

191 5213 346 5283 Dei,
360 5217 422 5269 et
451 5213 575 5269 illic
603 5219 666 5270 et
690 5215 824 5271 istic
851 5231 922 5271 ex
951 5215 1190 5271 Patrum
1233 5212 1656 5270 catholicorum
1691 5213 1883 5268 sensi-

191 5301 333 5357 bus
367 5301 736 5359 sulﬁcienter
763 5302 1108 5377 collegimus
1139 5319 1153 5358 :
1185 5305 1329 5359 adeo
1362 5306 1427 5358 ut
1455 5301 1556 5376 qui
1579 5301 1882 5358 veritatem

189 5388 546 5457 desiderat,
579 5389 634 5446 ei
663 5389 927 5448 collectio
971 5395 1136 5448 tanta
1177 5391 1434 5447 sufficiat
1467 5408 1480 5447 :
1515 5391 1731 5463 quibus
1751 5407 1885 5446 vero

191 5495 334 5534 non
374 5475 496 5534 ista
525 5483 804 5553 congesta
833 5479 1155 5549 sufﬁciunt,
1190 5485 1414 5536 certum
1460 5485 1550 5536 est
1595 5479 1736 5552 quia
1781 5497 1886 5534 nec

187 5567 398 5641 plura
424 5568 770 5642 proderunt,
799 5573 860 5627 et
887 5560 1024 5642 plus
1050 5567 1215 5626 falsis
1245 5585 1424 5642 quam
1457 5567 1605 5625 veris
1635 5585 1697 5625 se
1727 5584 1884 5624 com-

189 5656 461 5717 mittere
490 5655 771 5732 gestumt.

549 5782 824 5850 ΡΑτιιοι..
870 5740 1104 5851 CXXV.

1994 4685 2082 4741 nit
2116 4700 2128 4740 :
2162 4707 2189 4735 ‹‹
2227 4684 2386 4739 Idem
2433 4682 2716 4738 Dominus
2765 4685 2823 4736 et
2859 4681 3196 4752 redemptor
3223 4684 3438 4750 noster,
3464 4679 3646 4738 Filius

1995 4771 2091 4828 Dei
2121 4777 2253 4828 ante
2273 4770 2498 4840 sarcula
2525 4769 2801 4836 existens,
2834 4768 2994 4825 ﬁlius
3019 4768 3276 4825 hominis
3322 4769 3514 4825 factus
3559 4773 3649 4824 est

1989 4861 2048 4916 in
2072 4862 2184 4917 ﬁne
2205 4860 2554 4917 saeculorum
2579 4876 2592 4914 :
2619 4863 2686 4914 ut
2707 4859 2807 4930 qui
2836 4876 2939 4931 per
2961 4857 3284 4914 divinitatis
3311 4875 3430 4914 suae
3451 4863 3648 4932 poten-

1990 4951 2132 5006 tiam
2159 4967 2270 5006 non
2295 4953 2587 5005 creaverat
2625 4949 2697 5003 ad
2734 4945 3149 5021 perfruendam
3177 4947 3306 5003 vitae
3331 4947 3644 5004 beatitudi-

1991 5056 2146 5106 nem,
2183 5038 2454 5111 perennis
2501 5036 2626 5109 ipse
2676 5054 2779 5108 per
2828 5037 3200 5109 fragilitatem
3261 5033 3646 5090 humanitatis

1991 5132 2200 5183 nostrae
2236 5144 2341 5182 nos
2375 5131 2661 5183 restauret
2696 5126 2767 5181 ad
2801 5125 3196 5198 recipiendam
3228 5141 3405 5196 quam
3453 5119 3644 5194 pcrdi-

1992 5215 2188 5272 dimus
2217 5215 2416 5270 vitam.
2453 5237 2482 5264 »

2067 5305 2280 5360 Beatus
2310 5321 2544 5376 quoque
2570 5303 2940 5374 Augustinus
2991 5303 3048 5358 in
3099 5301 3326 5374 psalmo
3351 5297 3648 5354 tricesimo

1995 5394 2158 5446 sexto
2206 5391 2484 5462 (concione
2513 5390 2567 5462 3)
2599 5390 2741 5446 dicit
2771 5407 2785 5445 :
2822 5413 2849 5441 «
2886 5388 3167 5444 Dominus
3217 5385 3374 5442 enim
3421 5385 3546 5458 ipse
3589 5385 3651 5440 in

1997 5495 2236 5552 corpore
2267 5496 2393 5547 suo,
2425 5478 2582 5550 quod
2614 5481 2698 5533 est
2742 5475 3023 5542 Ecclesia,
3039 5472 3244 5545 junior
3292 5472 3401 5528 fuit
3448 5471 3656 5546 primis

1995 5565 2380 5640 temporibus,
2397 5572 2453 5623 ct
2473 5583 2606 5622 ecce
2618 5567 2745 5638 jam
2769 5563 2980 5620 senuit.
2999 5561 3216 5631 Nostis,
3238 5565 3296 5618 et
3314 5561 3653 5637 agnoscitis,

1995 5660 2054 5717 et
2084 5653 2590 5734 intelligitis,quia
2618 5653 2676 5710 in
2707 5652 2817 5711 hoc
2849 5650 3024 5728 positi
3062 5650 3228 5724 estis,
3255 5658 3310 5710 et
3350 5651 3433 5711 ita
3477 5651 3658 5711 credi-

3262 5779 3340 5845 10
