3970 6182
339 337 456 399 299

1258 340 1649 402 HINCMARI
1697 340 2148 402 RHEMENSIS
2193 341 2813 440 ABCHIEPISCOPL

3619 341 3736 404 300

332 471 524 539 distis,
557 472 695 544 quia
750 477 927 544 caput
975 478 1244 530 nostrum
1287 474 1555 531 Christus
1605 478 1715 546 est,
1761 489 1975 545 corpus
2001 473 2057 539 Α
2085 473 2386 544 operarius
2419 473 2548 529 fuit.
2577 495 2606 524 »
2639 475 2710 529 Et
2731 474 2870 530 item
2903 490 2918 532 :
2955 495 2984 526 ‹‹
3016 473 3228 540 Quanti
3253 473 3452 530 Patres
3490 475 3626 530 ante
3654 464 3735 530 le-

326 559 536 632 capitis
562 559 724 616 illius
754 579 860 616 nos
893 580 1121 618 sumus.
1154 563 1434 636 Nunquid
1467 563 1574 620 soli
1609 581 1735 630 nos,
1759 568 1817 618 et
1860 580 1976 618 non

323 648 502 704 etiam
534 648 616 704 illi
640 649 739 722 qui
760 651 998 706 fuerunt
1022 655 1156 708 ante
1187 670 1313 722 nos,
1329 669 1535 709 omnes
1566 651 1667 724 qui
1697 651 1768 707 ab
1809 649 1977 706 initio

319 736 516 791 saeculi
549 739 786 794 fuerunt
811 741 979 811 justi,
997 745 1177 813 caput
1199 741 1498 798 Christum
1529 740 1784 797 habent?
1805 739 1976 796 Illum

317 825 474 880 enim
497 831 814 883 venturum
837 847 965 886 esse
989 829 1387 899 crediderunt,
1406 848 1579 904 quem
1610 816 1836 885 venisse
1851 829 1978 900 jam

317 914 638 986 credimus,
659 922 716 972 et
737 917 796 972 in
825 919 954 990 ejus
979 920 1093 974 fide
1115 918 1297 991 etipsi
1324 919 1510 974 sanati
1535 921 1692 986 sunt,
1719 917 1778 972 in
1809 917 1979 988 cujus

319 1006 376 1058 et
397 1020 524 1059 nos.
540 1003 614 1060 Ut
637 1010 792 1062 esset
813 1007 939 1080 ipse
959 1007 1140 1064 totius
1167 1013 1346 1080 caput
1367 1005 1976 1072 civitatisJerusalem,

321 1093 598 1150 omnibus
633 1096 1071 1152 connumeratis
1094 1095 1366 1152 ﬁdelibus
1397 1096 1468 1152 ab
1490 1094 1657 1151 initio
1688 1111 1875 1166 usque
1905 1093 1977 1149 ad

319 1181 518 1252 ﬁnem,
553 1183 848 1256 adjunetis
899 1185 1074 1240 etiam
1129 1184 1464 1258 legionibus
1521 1187 1578 1240 et
1631 1183 1979 1240 exercitibus

323 1271 690 1344 angelorum,
712 1277 778 1328 ut
807 1274 908 1329 ﬁat
931 1273 1032 1328 illa
1053 1291 1172 1328 una
1204 1274 1408 1328 civitas
1449 1273 1558 1329 sub
1591 1289 1708 1328 uno
1741 1287 1893 1345 rege,
1922 1273 1980 1327 et

324 1377 444 1416 una
466 1362 735 1434 quaedam
757 1362 1058 1435 provincia
1080 1363 1190 1418 sub
1222 1379 1340 1419 uno
1363 1362 1736 1434 imperatore,
1757 1360 1892 1416 felix
1921 1364 1980 1417 et

319 1447 378 1504 in
413 1455 697 1522 perpetua
722 1467 862 1522 pace
884 1468 950 1506 ac
973 1450 1445 1518 salute,laudans
1472 1453 1650 1507 Deum
1683 1449 1810 1506 sine
1839 1449 1975 1516 ﬁne,

319 1537 490 1596 beata
515 1539 642 1596 sine
665 1540 836 1595 fine.»
853 1541 922 1594 Et
935 1541 1284 1597 venerabilis
1307 1540 1770 1614 presbyterBeda
1791 1539 1849 1594 in
1872 1539 1978 1594 Ex-

315 1627 505 1699 posito
535 1629 828 1701 Evangelii
864 1631 1190 1686 secundum
1219 1631 1436 1686 Lucam
1464 1633 1604 1702 (cap.
1636 1632 1728 1698 2):
1755 1653 1781 1678 ‹‹
1805 1627 1979 1683 Vides

314 1733 428 1771 non
461 1717 651 1774 solum
682 1717 844 1786 Novi,
879 1720 977 1774 sed
1020 1723 1076 1774 et
1121 1718 1347 1776 Veteris
1396 1718 1747 1774 Testamenti
1784 1717 1980 1789 justos

314 1805 466 1862 235
496 1823 600 1879 spe
629 1808 837 1862 futura:
870 1807 998 1862 vita:
1034 1807 1393 1863 desiderium
1423 1807 1706 1863 habuisse
1760 1805 1979 1861 absolvi

315 1912 350 1950 a
379 1912 636 1968 corpore.
674 1918 701 1946 ››
735 1897 804 1951 Et
824 1895 998 1968 paulo
1030 1900 1164 1967 post
1197 1913 1210 1950 :
1247 1919 1274 1946 «
1308 1896 1527 1968 quibus
1549 1896 1770 1967 absque
1796 1894 1979 1950 dubio

319 1983 514 2038 verbis
549 1983 750 2055 aperit,
770 2000 948 2056 quam
977 1983 1301 2039 maximum
1323 2001 1385 2039 se
1407 1983 1782 2056 praesentium
1825 1983 1978 2038 cala-

317 2069 591 2126 mitatum
614 2075 883 2126 acturum
909 2076 1101 2145 speret
1123 2072 1179 2127 in
1199 2073 1314 2128 fine
1342 2071 1636 2128 solatium.
1653 2073 1833 2138 Quem
1855 2075 1980 2128 tan-

320 2157 508 2233 tisper
537 2159 808 2216 advenire
839 2159 1169 2216 desiderat:
1194 2162 1347 2231 Quia
1367 2161 1647 2217 viderunt
1677 2160 1839 2218 oeuli
1864 2161 1984 2216 mei

317 2245 597 2304 salutare
627 2253 816 2318 tuum,
839 2249 996 2322 quod
1011 2249 1251 2321 parasti
1285 2255 1426 2304 ante
1463 2248 1684 2322 faciem
1715 2250 1977 2304 omnium

310 2334 670 2407 populorum
701 2338 856 2410 (Luc.
883 2355 944 2406 η,
978 2339 1092 2407 32).
1119 2337 1290 2394 Illum
1325 2337 1542 2410 ipsum,
1574 2337 1787 2410 inquit,
1821 2337 1978 2409 quod

311 2425 588 2482 omnibus
619 2427 996 2498 postmodum
1028 2427 1322 2499 gentibus,
1357 2425 1594 2499 populis
1645 2431 1702 2482 et
1731 2425 1973 2499 linguis,

310 2518 507 2570 mente
535 2531 602 2571 ac
634 2515 746 2571 ﬁde
771 2515 1250 2588 conspiciendum
1285 2532 1508 2587 parare,
1545 2531 1650 2586 spe
1683 2531 1749 2570 ac
1791 2513 1974 2570 dilec-

311 2601 467 2659 tione
495 2605 874 2676 quaerendum
906 2603 1246 2676 prmvidisti,
1281 2604 1406 2676 ipse
1437 2602 1538 2659 diu
1569 2602 1976 2660 desideratum

310 2709 468 2748 nunc
499 2695 556 2748 et
593 2693 788 2749 carnis
810 2697 868 2748 et
898 2693 1092 2748 cordis
1121 2691 1306 2748 oculis
1333 2697 1501 2748 tuum
1545 2693 1800 2748 salutare
1834 2709 1975 2747 con-

307 2781 810 2854 templor.Lumen
825 2781 1062 2854 quidem
1087 2782 1320 2853 utrique
1340 2781 1556 2854 populo
1576 2780 1832 2836 salutare
1848 2780 1972 2844 Dei,

310 2869 370 2924 id
403 2873 490 2926 est
538 2869 827 2941 Christus,
862 2888 895 2926 a
945 2871 1062 2926 Deo
1112 2871 1280 2926 Patre
1323 2874 1566 2942 paratur
1597 2887 1610 2925 :
1645 2869 1748 2942 qui
1776 2873 1974 2924 tamen

309 2957 498 3031 gloria
528 2959 717 3032 magis
751 2959 947 3028 Israel,
967 2959 1056 3014 cui
1093 2959 1190 3014 diu
1215 2963 1483 3032 speratus
1515 2963 1572 3014 et
1601 2975 1670 3015 ex
1701 2975 1816 3030 quo
1849 2975 1980 3030 pro-

309 3047 618 3104 nuntiatus
649 3048 901 3104 advenit.
920 3048 1195 3104 Gentium
1219 3065 1351 3104 vero
1375 3047 1588 3121 dicitur
1617 3063 1744 3104 esse
1766 3047 1980 3103 revela-

313 3137 674 3210 tio,quarum
696 3137 910 3192 mentis
932 3136 1454 3208 oculos,profunda
1464 3138 1591 3206 jam
1610 3135 1865 3192 cmcitate
1883 3137 1978 3191 de~

2085 575 2238 632 gem,
2271 559 2476 632 quanti
2507 561 2618 616 sub
2649 560 2774 634 lege
2800 560 3076 618 i‘uerunt?
3107 565 3166 616 et
3211 565 3407 618 tamen
3454 559 3647 634 1ιίηυί
3676 561 3736 617 in

2086 647 2317 704 Domini
2342 649 2593 705 adventu
2613 649 2801 705 vocati
2825 655 2984 718 sunt,
3000 649 3076 706 ad
3097 648 3372 705 ccelorum
3397 666 3644 723 regnum
3669 650 3740 708 si-

2086 751 2161 794 ne
2189 736 2384 809 aliqua
2413 738 2686 794 tarditate
2710 742 3121 811 pervenerunt.
3153 739 3440 794 Eumdem
3473 755 3610 814 ergo
3640 740 3738 797 de-

2087 825 2319 883 narium
2341 830 2689 900 acceperunt
2701 828 2803 900 qui
2827 827 3238 884 laboraverunt
3257 829 3328 884 ad
3345 827 3739 898 undecimam,

2087 931 2262 986 quem
2285 919 2764 988 exspectaverunt
2783 919 2904 972 toto
2927 912 3296 974 desiderio-et
3314 917 3414 990 qui
3439 917 3743 974 laborave-

2087 1007 2226 1058 runt
2245 1003 2320 1059 ad
2337 1003 2620 1076 primam:
2638 1005 2776 1076 quia
2795 1003 3079 1078 aequalem
3093 1007 3221 1062 vitae
3243 1009 3469 1062 aeterna:
3502 1006 3746 1063 retribu-

2087 1089 2306 1147 tionem
2325 1091 2514 1148 sortiti
2546 1097 2703 1159 sunt,
2728 1109 2862 1148 cum
2897 1091 2990 1148 his
3021 1093 3120 1166 qui
3155 1109 3190 1150 a
3219 1094 3426 1150 mundi
3457 1093 3624 1151 initio
3651 1110 3749 1151 vo-

2087 1180 2200 1235 cati
2226 1180 2551 1246 t‘uerant,bi
2585 1183 2684 1254 qui
2715 1182 2775 1238 in
2805 1181 3014 1238 mundi
3045 1183 3160 1239 fine
3191 1183 3264 1238 ad
3296 1182 3612 1239 Dominum
3643 1199 3747 1240 ve—

2088 1272 2320 1338 nerunt,
2347 1293 2375 1320 »
2408 1271 2478 1326 Et
2498 1271 2637 1326 item
2672 1289 2686 1328 :
2720 1295 2748 1321 «
2781 1272 2894 1328 Sed
2925 1270 3062 1343 quia
3084 1272 3312 1344 antiqui
3337 1272 3535 1329 Patres
3556 1288 3748 1345 usque

2089 1358 2162 1414 ad
2183 1358 2499 1414 adventum
2525 1359 2778 1428 Domini,
2794 1359 3120 1432 quamlibet
3131 1361 3292 1433 juste
3308 1360 3749 1429 vixerint,ducti

2089 1447 2158 1502 ad
2193 1463 2439 1520 regnum
2466 1465 2582 1503 non
2616 1447 2898 1515 sunt,nisi
2921 1447 3018 1504 ille
3040 1449 3436 1518 descenderet,
3460 1449 3560 1522 qui
3583 1467 3754 1523 ραι-ει.

2089 1534 2198 1591 disi
2239 1535 2498 1592 claustra
2537 1536 2882 1593 hominibus
2919 1537 3361 1610 interpositione
3391 1555 3511 1595 sua:
3540 1538 3752 1596 mortis

2088 1623 2366 1696 aperiret,
2379 1641 2578 1680 eorum
2603 1624 2713 1681 hoc
2736 1625 2930 1696 ipsum
2954 1641 3358 1683 murmurasse
3381 1631 3488 1696 est,
3503 1629 3662 1700 quod
3693 1633 3754 1684 et

2089 1717 2242 1768 recte
2265 1730 2367 1784 pro
2391 1712 2763 1786 percipiendo
2787 1729 2964 1787 regno
2989 1715 3142 1771 286
3162 1715 3449 1784 vixerunt,
3472 1721 3530 1772 et
3548 1721 3752 1774 tamen

2091 1801 2189 1856 diu
2215 1819 2249 1856 a
2272 1802 2645 1874 percipiendo
2675 1819 2854 1876 regno
2875 1803 3038 1858 dilati
3063 1805 3395 1871 sunt.Quos
3427 1804 3586 1860 enim
3615 1811 3754 1879 post

2097 1895 2392 1963 peractam
2418 1891 2712 1962 justitiam
2739 1891 2952 1947 inferni
2975 1891 3102 1948 loca
3131 1892 3401 1966 quamvis
3431 1893 3758 1967 tranquilla

2089 1983 2500 2051 susceperunt,
2516 1979 2600 2036 eis
2618 1981 2967 2053 profecto,et
3005 1980 3302 2038 laborasse
3330 1981 3440 2038 fuit
3468 1982 3528 2038 in
3556 1982 3750 2052 vinea,

2087 2071 2144 2124 et
2160 2085 2258 2124 mu
2269 2085 2584 2126 rmurasse.
2603 2070 2781 2136 Quasi
2804 2085 2940 2143 ergo
2959 2073 3090 2143 post
3109 2071 3640 2128 murmurationem
3659 2071 3754 2128 de-

2087 2157 2321 2214 narium
2343 2157 2660 2230 accipiunt,
2677 2158 2777 2232 qui
2801 2163 2932 2231 post
2949 2158 3125 2232 longa
3146 2159 3359 2216 inferni
3379 2163 3650 2233 tempora
3675 2161 3750 2216 ad

2086 2247 2309 2319 gaudia
2340 2247 2507 2320 regni
2528 2248 3068 2321 pervcnerunt.Nos
3099 2253 3298 2306 autem
3328 2249 3428 2322 qui
3458 2249 3533 2305 ad
3563 2251 3754 2307 unde-

2087 2335 2306 2391 cimam
2337 2335 2627 2404 venimus,
2642 2341 2775 2410 post
2795 2335 3056 2394 laborem
3076 2355 3192 2395 non
3214 2342 3754 2406 murmuramus,et

2087 2423 2396 2480 denarium
2431 2425 2754 2498 accipimus
2787 2442 2800 2480 :
2836 2425 2974 2498 quia
2994 2430 3129 2499 post
3157 2426 3498 2484 mediatoris
3531 2427 3754 2484 adven-

2087 2515 2215 2568 tum
2247 2512 2307 2567 in
2341 2512 2450 2569 hoc
2485 2515 2706 2570 mundo
2737 2515 3058 2582 venientes,
3090 2515 3162 2571 ad
3194 2532 3440 2589 regnum
3473 2515 3758 2572 ducimur

2092 2617 2226 2657 mox
2255 2617 2392 2657 cum
2423 2602 2494 2658 de
2543 2619 2785 2674 corpore
2829 2603 3080 2671 eximus,
3113 2608 3171 2660 et
3219 2603 3366 2660 illud
3411 2603 3538 2662 sine
3581 2621 3758 2662 mora

2085 2690 2466 2763 percipimus,
2493 2693 2648 2764 quod
2681 2691 2911 2765 antiqui
2943 2693 3144 2750 Patres
3167 2710 3300 2750 cum
3325 2711 3540 2768 magna
3560 2694 3757 2767 perci-

2086 2795 2221 2850 pere
2253 2778 2531 2836 dilatione
2562 2786 2938 2838 meruerunt.
2971 2805 2999 2832 ››

2156 2868 2226 2922 Et
2247 2873 2489 2924 sanctus
2521 2869 2728 2925 Petrus
2769 2870 2830 2926 in
2856 2871 3017 2927 Actis
3047 2870 3456 2943 Apostolorum
3481 2887 3494 2927 :
3517 2871 3625 2929 Sed
3652 2889 3758 2946 per

2084 2959 2320 3028 gratiam
2345 2958 2569 3012 Domini
2596 2959 2722 3014 Jesu
2744 2959 3020 3016 credimus
3047 2960 3274 3028 salvari,
3298 2959 3759 3032 quemadmodum

2083 3053 2138 3100 et
2167 3046 2259 3101 illi
2281 3046 2414 3120 (Act.
2445 3064 2538 3116 xv,
2575 3047 2682 3120 11).
2719 3047 2864 3104 Hinc
2895 3049 3052 3105 Beda
3083 3064 3098 3104 :
3135 3069 3162 3100 ‹‹
3194 3049 3254 3104 Si
3291 3065 3428 3122 ergo
3459 3053 3518 3105 et
3544 3049 3658 3116 illi,
3695 3050 3755 3107 id

2083 3138 2173 3190 est
2202 3133 2424 3206 Patres,
2447 3138 2678 3207 portare
2699 3136 2916 3209 jugum
2949 3136 3094 3210 legis
3120 3135 3333 3194 veteris
3383 3153 3498 3193 non
3540 3137 3757 3196 valen-

306 3207 749 3298 mersos,neque
766 3225 887 3282 ulla
905 3243 1008 3298 spe
1031 3207 1280 3282 adventu
1295 3225 1592 3281 Dominico
1605 3225 1980 3297 erectos,ipse
2011 3207 2054 3276 C
2089 3227 2318 3296 tes,per
2344 3223 2592 3296 gratiam
2628 3207 2854 3281 Domini
2887 3207 3080 3282 salvos
3111 3243 3172 3284 se
3203 3226 3327 3284 ﬁeri
3347 3227 3757 3298 crediderunt,

301 3313 564 3382 visitare,
594 3313 814 3386 pariter
845 3313 1100 3369 revelare
1153 3318 1327 3386 atque
1373 3313 1666 3369 illustrare
1695 3313 1972 3386 dignatus

303 3407 415 3460 est.
456 3425 484 3453 »
504 3403 576 3458 Et
598 3403 738 3458 item
760 3426 786 3453 ‹‹
809 3405 952 3458 Dico
983 3403 1164 3468 vobis,
1185 3403 1345 3476 quod
1367 3401 1578 3458 mullis
1591 3401 1890 3474 prophetae
1915 3407 1974 3457 et

294 3507 396 3562 reg
413 3507 472 3548 es
503 3489 816 3548 voluerunt
840 3491 1044 3547 videre
1064 3507 1187 3564 qua:
1223 3507 1320 3547 vos
1355 3491 1646 3562 videtis,et
1670 3508 1784 3547 non
1801 3491 1973 3547 vide-

306 3586 452 3636 runt
477 3596 489 3636 :
515 3590 570 3636 et
591 3581 806 3637 audire
818 3596 944 3654 quae
956 3580 1261 3652 auditis,et
1283 3597 1399 3637 non
1421 3581 1969 3648 audierunt(Luc.x,

294 3671 414 3738 24).
447 3669 745 3725 Abraham
785 3667 1096 3724 exsultavit
1135 3672 1202 3724 ut
1237 3668 1464 3726 videret
1483 3669 1638 3724 diem
1663 3668 1897 3733 Christi,
1917 3673 1975 3726 et

297 3757 444 3813 vidit
463 3761 520 3812 et
539 3757 776 3830 gavisus
819 3761 926 3812 est.
971 3756 1152 3812 Isaias
1174 3773 1406 3829 quoque
1427 3761 1484 3812 et
1505 3757 1780 3823 Micha,et
1800 3757 1970 3816 multi

298 3844 397 3902 alii
440 3845 743 3918 prophetae
763 3845 1039 3900 viderunt
1060 3845 1306 3919 gloriam
1330 3845 1585 3913 Domini,
1615 3849 1974 3918 quapropter

299 3932 584 3989 ridentes
627 3938 767 3989 sunt
814 3932 1110 4006 appellati.
1138 3957 1166 3983 »
1189 3935 1257 3989 Et
1297 3935 1356 3989 in
1408 3933 1654 3990 bomilia
1704 3934 1970 4004 ejusdem

299 4020 680 4094 Evangelistaa
707 4039 718 4076 :
748 4045 773 4072 «
801 4021 1830 4096 Cunctis,inquit,credentibus,sive
1852 4021 1972 4078 illis

301 4111 402 4184 qui
425 4109 844 4166 incarnationis
877 4111 1005 4182 ejus
1044 4115 1314 4184 tempora
1349 4111 1642 4168 nascendo
1665 4127 1972 4184 praecesse-

300 4199 594 4270 runt,sive
615 4199 706 4256 his
727 4200 825 4272 qui
849 4216 983 4257 eum
1016 4199 1074 4254 in
1114 4216 1286 4256 carne
1303 4201 1607 4266 viderunt,
1643 4200 1765 4256 sive
1797 4199 1969 4256 nobis

301 4288 402 4362 qui
432 4294 568 4364 post
589 4291 721 4362 ejus
741 4288 1148 4345 ascensionem
1173 4289 1494 4358 credimus,
1509 4288 1848 4346 communis
1882 4291 1972 4344 est

301 4378 676 4436 hilarissime
696 4380 824 4452 ejus
847 4378 1308 4452 promissio,qua
1329 4378 1470 4434 dicit
1493 4396 1507 4435 :
1530 4379 1708 4435 Beati
1753 4378 1970 4434 mundo

307 4467 804 4540 corde,quoniam
836 4468 952 4538 ipsi
979 4473 1159 4524 Deum
1187 4468 1496 4524 videbunt.
1526 4467 1832 4540 (Mailh.1,
1855 4466 1970 4539 8).»

2077 3311 2459 3368 manifestum
2509 3316 2598 3368 est
2645 3314 2803 3385 quod
2844 3313 2966 3370 haec
3007 3315 3197 3388 gratia
3235 3319 3344 3387 est,
3401 3331 3528 3388 quae
3584 3317 3761 3374 anti-

2081 3417 2228 3473 quos
2251 3401 2448 3472 justos
2479 3401 2667 3458 vivere
2698 3402 2853 3472 fecit,
2869 3403 3010 3474 quia
3033 3403 3240 3475 justus
3272 3419 3342 3460 ex
3361 3403 3476 3460 ﬁne
3503 3403 3674 3473 vivit,
3697 3410 3762 3463 et

2080 3489 2210 3546 ideo
2241 3493 2612 3546 sacramenta
2639 3507 2768 3548 esse
2789 3494 3110 3564 potuerunt
3140 3509 3245 3564 pro
3283 3495 3622 3565 temporum
3662 3494 3760 3550 di-

2079 3578 2354 3635 versitate
2382 3578 2630 3648 diversa,
2651 3581 2723 3636 ad
2747 3579 3032 3637 unitatem
3061 3585 3260 3637 tamen
3294 3581 3561 3652 ejusdem
3603 3581 3760 3639 ﬁdei

2081 3667 2540 3724 coneordissime
2588 3667 2967 3726 recurrentis.
3005 3691 3032 3720 ››
3076 3670 3148 3726 Et
3193 3669 3254 3726 in
3313 3669 3561 3742 epistola
3589 3669 3764 3728 Petri

2081 3754 2274 3828 prima
2303 3758 2444 3828 (cup.
2477 3757 2528 3828 1)
2565 3773 2578 3811 :
2607 3758 2714 3814 Per
2740 3773 2828 3814 eos
2859 3759 2955 3831 qui
2997 3759 3513 3830 euangelizaverunt
3557 3760 3624 3815 in
3660 3776 3764 3818 vos

2079 3844 2291 3916 Spiritu
2322 3853 2504 3901 sancto
2548 3848 2716 3902 misso
2764 3847 2828 3903 de
2856 3847 2986 3904 (velo
3018 3847 3068 3913 (Ι
3091 3853 3238 3904 Petr.
3273 3865 3312 3916 ι,
3345 3848 3458 3917 12).
3487 3871 3514 3898 ‹‹
3549 3847 3766 3924 Supra

2080 3933 2305 3988 dixerat
2368 3933 2686 4004 prophetas
2757 3935 2971 4008 spiritu
3028 3935 3246 3993 Christi
3311 3937 3764 4010 prenuntiasse

2079 4020 2383 4094 passiones
2410 4023 2560 4094 ejus,
2591 4026 2650 4078 et
2679 4022 3033 4094 posteriores
3061 4023 3298 4097 glorias,
3331 4028 3389 4081 et
3413 4041 3576 4082 nunc
3597 4025 3767 4084 dicit

2079 4109 2282 4166 eadem
2315 4111 2611 4182 apostolos
2643 4111 2728 4168 eis
2758 4111 3030 4168 nuntiare
3061 4113 3283 4184 Spiritu
3315 4115 3518 4170 sancto
3554 4114 3764 4173 misso

2079 4197 2151 4253 de
2179 4197 2340 4254 coelo.
2373 4197 2534 4254 Unde
2584 4203 2742 4272 patet
2790 4199 2930 4272 quia
2975 4202 3166 4258 isdem
3214 4201 3470 4274 Spiritus
3516 4201 3764 4261 Christi

2079 4290 2204 4342 erat
2233 4287 2292 4342 in
2314 4286 2613 4359 prophetis
2635 4289 2821 4361 prius,
2846 4291 2948 4361 qui
2980 4291 3358 4363 postmodum
3407 4289 3468 4346 in
3499 4297 3765 4364 aposto-

2074 4373 2170 4430 lis.
2203 4375 2455 4448 Ideoque
2494 4378 2762 4434 eamdem
2818 4379 2996 4435 ﬁdem
3046 4377 3339 4452 passionis
3395 4378 3622 4437 Cbristi
3697 4387 3768 4440 et

2077 4463 2419 4536 posterioris
2475 4464 2673 4538 gloriae
2737 4467 2976 4540 utrique
3031 4467 3264 4542 populis
3312 4469 3766 4542 praedicabant,

372 4555 444 4610 Et
484 4559 728 4611 sanctus
752 4557 1064 4630 Gregorius
1087 4557 1144 4612 in
1163 4556 1407 4613 bomilia
1430 4558 1496 4612 18
1519 4573 1531 4612 :
1557 4557 1682 4612 «Ad
1703 4556 1968 4612 erudien-
1995 4577 2044 4644 D
2077 4553 2162 4608 illi
2194 4553 2387 4610 adhuc
2415 4559 2748 4644 venturam,
2768 4557 2866 4614 isti
2889 4559 3016 4629 jam
3065 4559 3317 4616 venisse.
3338 4559 3422 4616 Ae
3469 4575 3583 4632 per
3635 4559 3772 4619 hoc

300 4642 436 4698 dam
469 4659 604 4716 ergo
623 4644 910 4700 Dominus
927 4645 1158 4716 plebem
1181 4662 1372 4716 suam,
1397 4644 1568 4718 quasi
1592 4646 1663 4701 ad
1695 4643 1964 4702 excolen-
1995 4642 2032 4644 “
2073 4659 2251 4700 unam
2283 4659 2412 4700 esse
2437 4643 2776 4716 Ecelesiam,
2801 4647 2972 4718 cujus
3002 4664 3138 4720 pars
3165 4647 3462 4704 carnalem
3491 4647 3771 4705 Domini

301 4729 437 4786 dam
460 4730 690 4786 vineam
713 4747 904 4798 suam,
922 4729 1082 4788 nullo
1105 4736 1368 4804 tempore
1407 4731 1632 4789 destitit
1666 4731 1962 4804 operarios

298 4819 530 4875 mittere
560 4835 572 4873 :
599 4819 738 4891 quia
758 4824 813 4875 et
829 4819 994 4892 prius
1015 4836 1120 4892 per
1140 4821 1358 4890 Patres,
1376 4824 1433 4897 et
1449 4821 1827 4892 postmodum
1858 4837 1962 4893 per

297 4906 442 4981 legis
465 4907 731 4964 doctores
763 4912 818 4962 et
848 4907 1187 4980 prophetas,
1221 4909 1293 4964 ad
1325 4912 1652 4965 extremum
1682 4925 1816 4964 vero
1858 4925 1962 4981 per

299 4995 620 5070 apostolos,
641 4997 782 5052 dum
805 4995 994 5069 plebis
1020 5014 1136 5052 suae
1159 5014 1354 5053 mores
1374 4996 1642 5066 excoluit,
1667 4997 1835 5069 quasi
1857 5013 1962 5069 per

296 5085 594 5159 operarios
618 5086 677 5141 in
714 5085 892 5142 vinea:
933 5085 1168 5142 cultura
1193 5085 1496 5142 laboravit.
1514 5085 1792 5158 Operator
1821 5101 1958 5158 ergo

297 5193 471 5232 mane
503 5175 648 5232 hora
679 5174 868 5244 tertia,
897 5178 1077 5243 sexta,
1110 5179 1166 5232 et
1215 5192 1391 5246 nona,
1426 5174 1708 5246 antiquus
1757 5173 1856 5230 ille
1903 5178 1960 5229 et

296 5263 622 5342 Hebraiqus
653 5264 909 5340 populus
936 5263 1296 5336 designatur,
1314 5262 1412 5336 qui
1440 5264 1500 5318 in
1520 5263 1720 5320 electis
1742 5262 1866 5319 suis
1887 5263 1959 5318 ab

295 5351 422 5424 ipso
457 5355 665 5410 mundi
697 5353 1112 5420 exordio,dum
1161 5356 1319 5408 recta
1367 5351 1480 5406 fide
1513 5351 1696 5406 Deum
1730 5351 1960 5409 studuit

296 5439 502 5510 colere,
518 5435 688 5515 quasi
712 5461 829 5499 non
849 5441 1073 5498 destitit
1095 5441 1156 5496 in
1177 5440 1358 5496 vineae
1381 5437 1614 5495 cultura
1642 5439 1905 5513 laborare
1939 5456 1952 5496 :

2072 4733 2383 4788 adventum
2417 4735 2798 4804 praecesserit,
2832 4752 2970 4808 pars
2999 4736 3077 4792 sit
3109 4734 3294 4792 altera
3341 4739 3567 4792 secuta.
3613 4759 3642 4787 ι
3687 4738 3777 4796 Et

2069 4821 2210 4878 item
2243 4823 2381 4894 (cap.
2413 4821 2468 4894 2)
2503 4839 2517 4877 :
2547 4846 2574 4874 «
2612 4823 2765 4880 Vobis
2794 4824 2968 4880 honor
2994 4823 3358 4894 credentibus,
3373 4841 3485 4881 non
3503 4825 3770 4884 creden-

2069 4911 2212 4966 tibus
2258 4919 2459 4979 autem,
2507 4911 2648 4983 lapis
2692 4929 2852 4984 quem
2907 4913 3336 4986 reprobaverunt
3391 4914 3778 4986 aedi/imum

2069 5000 2118 5069 (Ι
2146 5005 2296 5055 Patr.
2330 5017 2396 5067 ιι,
2424 4999 2502 5070 7).
2521 4999 2594 5055 Ut
2623 4999 2776 5056 sicut
2807 5001 3265 5074 reprobaverunt
3293 5017 3428 5058 cum
3480 5001 3783 5062 aediﬁca-

2071 5089 2202 5140 rent
2233 5089 2400 5140 actus
2428 5101 2588 5158 suos,
2612 5085 2875 5144 nolentes
2891 5103 3028 5144 eum
3053 5088 3112 5144 in
3135 5088 3516 5146 fundamento
3537 5092 3783 5150 cordis

2068 5173 2160 5230 sui
2191 5189 2426 5245 ponere,
2445 5173 2528 5229 ita
2557 5179 2614 5230 et
2643 5174 2741 5231 isti
2765 5177 3155 5248 reprobentur
3183 5177 3256 5232 ab
3279 5194 3346 5234 eo
3382 5177 3440 5232 in
3471 5177 3784 5241 adventu

2068 5260 2465 5334 ejus,nolente
2487 5261 2586 5320 illo
2608 5268 2749 5320 tunc
2777 5264 3019 5336 eos,qui
3066 5282 3129 5322 se
3175 5267 3659 5340 reprobaverunt
3702 5271 3779 5329 in

2065 5350 2510 5406 aediﬁcationem
2530 5353 2792 5425 accipere
2809 5353 3023 5411 domus
3047 5371 3326 5428 suaque;
3347 5359 3435 5410 est
3457 5353 3517 5410 in
3539 5357 3784 5421 caelis.

2063 5439 2135 5495 Et
2164 5438 2286 5495 haec
2307 5437 2604 5496 distinctio
2623 5439 2866 5498 honoris
2901 5442 3288 5511 credentium,
3313 5459 3429 5498 non
3477 5447 3792 5507 creden-

297 5529 564 5600 quamvis
585 5531 644 5586 in
677 5531 942 5604 quolibet
971 5529 1208 5587 modulo
1239 5527 1326 5584 vel
1360 5543 1658 5594 mensura,
1683 5528 1953 5601 quisquis
2061 5527 2213 5584 tium
2263 5530 2460 5583 autem
2507 5530 2856 5602 reprobatio,
2888 5531 3006 5588 huc
3043 5547 3234 5604 usque
3263 5530 3568 5604 pertingit.
3621 5559 3663 5586 η
3701 5538 3796 5599 Et

296 5632 431 5696 cum
462 5618 576 5675 ﬁde
615 5623 772 5676 recta
799 5621 964 5679 bonae
995 5618 1242 5678 actionis
1272 5615 1513 5686 exstitit,
1548 5615 1727 5693 hujus
1769 5615 1950 5676 vinea
2058 5617 2200 5676 item
2223 5619 2366 5692 (cap.
2387 5616 2446 5690 5)
2472 5633 2484 5674 :
2515 5641 2543 5670 ‹‹
2563 5619 2629 5677 In
2658 5636 2762 5696 quo
2787 5621 2868 5680 eis
2898 5621 2998 5698 qui
3025 5622 3086 5680 in
3114 5636 3282 5680 carne
3306 5619 3556 5680 conclusi
3581 5621 3799 5690 erant
