3970 6182
325 377 442 438 303

1257 377 1639 440 HlNCMAltI
1686 373 2138 438 RHEMENSIS
2183 375 2799 438 ARCHIEPISCOPI.

3604 377 3720 436 304

321 508 695 576 nascitur,sic
725 525 828 581 per
853 525 1066 580 aquam
1091 510 1264 565 verbo
1296 509 1394 566 Dei
1423 511 1817 566 consecratam
1839 509 1967 564 vitae
1994 509 2054 577 Α
2081 527 2143 566 se
2172 508 2456 580 permisit.
2488 529 2516 559 η
2553 509 2662 566 Sed
2693 513 2750 564 et
2781 508 2934 564 sicut
2964 509 3162 564 Patres
3209 507 3448 580 quidam
3482 508 3726 564 mandu-

319 597 488 653 nobis
520 615 647 670 quae
679 599 854 653 finem
885 598 1104 653 neseiat
1136 598 1548 654 tribuitur.»Et
1573 600 1711 655 item
1744 599 1962 672 (cap.2):

319 709 347 736 ‹‹
369 686 441 741 Ut
471 687 616 741 bene
646 687 890 742 dicendo
921 687 1268 760 perveniatis
1300 689 1370 743 ad
1403 688 1773 744 refectionem
1798 687 1966 761 panis

314 773 428 830 vivi
459 775 556 846 qui
579 776 650 829 de
680 774 822 830 ccelo
853 776 1153 831 descendit
1177 793 1190 830 ε
1217 775 1325 831 hoc
1352 781 1441 832 est
1473 795 1576 850 per
1603 780 1970 832 sacramenta

320 862 634 918 Dominica:
666 863 1330 936 incarnationis,quibus
1358 867 1539 921 renati
1573 866 1716 922 estis
1754 871 1811 920 et
1839 865 1967 938 qui—

320 952 432 1008 bus
464 951 691 1021 nutriti,
726 952 1074 1024 pervcniatis
1096 955 1166 1009 ad
1190 954 1738 1027 contemplationem
1761 955 1968 1010 divinze

321 1041 669 1113 majestatis.
707 1064 735 1091 ››
764 1043 876 1097 Sed
927 1043 1205 1114 quoniam
1255 1044 1497 1116 quidam
1549 1048 1707 1112 sunt,
1739 1049 1797 1101 et
1840 1049 1972 1118 post

322 1131 636 1186 adventum
667 1131 901 1186 Domini
945 1135 1078 1188 ante
1126 1149 1234 1188 nos
1281 1133 1538 1202 fuerunt,
1572 1139 1747 1206 atque
1788 1134 1969 1190 futuri

323 1224 492 1292 gunt,
543 1219 643 1292 qui
695 1220 845 1292 quod
898 1219 1146 1276 audiunt
1192 1239 1304 1276 non
1359 1221 1666 1294 rccipiunt,
1698 1223 1838 1279 item
1888 1223 1971 1279 ibi

325 1309 611 1381 scriptum
642 1313 772 1364 est:
807 1310 903 1365 His
956 1311 1054 1381 qui
1099 1310 1380 1382 offendunt
1421 1313 1704 1379 verbo,ncc
1744 1312 1977 1372 credunt

324 1398 385 1454 in
418 1398 558 1470 quod
587 1405 640 1454 et
662 1399 830 1470 positi
873 1406 1018 1454 sunt.
1074 1422 1101 1448 «
1149 1398 1465 1458 Offendunt
1509 1403 1702 1468 verbo,
1755 1403 1853 1475 qui
1905 1419 1972 1460 eo

322 1485 454 1559 ipsa
481 1487 637 1558 quod
666 1487 904 1542 verbum
936 1487 1034 1542 Dei
1069 1489 1271 1544 audire
1310 1507 1409 1545 eos
1455 1490 1759 1564 contingit,
1793 1493 1971 1548 offen-

325 1575 475 1630 dunt
515 1575 731 1642 animo,
764 1577 905 1631 dum
954 1575 1163 1632 nolunt
1209 1579 1443 1636 credere
1494 1581 1650 1651 quod
1699 1581 1966 1638 audiunt.

325 1665 584 1730 Quorum
615 1663 927 1720 stultitiam
957 1669 1358 1739 exaggerando
1399 1669 1668 1740 subjecit,
1721 1686 1820 1726 nec
1865 1687 1975 1726 cre-

323 1751 462 1807 dunt
491 1753 550 1807 in
575 1752 715 1825 quod
744 1761 796 1809 et
819 1757 986 1826 positi
1012 1764 1141 1811 sunt
1188 1775 1207 1810 :
1239 1757 1377 1828 quia
1429 1757 1488 1812 in
1542 1757 1651 1813 hoc
1685 1759 1880 1830 positi,
1913 1761 1970 1814 id

323 1841 498 1909 est,in
529 1841 640 1898 hoc
669 1859 772 1914 per
801 1849 1073 1900 naturam
1097 1847 1231 1901 facti
1265 1850 1402 1901 sunt
1432 1847 1722 1914 homines,
1756 1853 1822 1903 ut
1851 1865 1973 1904 crc-
2003 1879 2051 1945 Β

321 1931 463 1985 dant
492 1931 630 1997 Deo,
658 1936 715 1985 et
743 1934 870 2002 ejus
899 1933 1180 1988 voluntati
1213 1936 1632 2006 obtemperent,
1657 1937 1966 1994 Salomone

323 2022 658 2086 attestantc,
691 2036 823 2074 cum
860 2021 941 2076 ait
992 2039 1004 2075 :
1057 2024 1226 2077 Deum
1275 2026 1422 2086 time,
1473 2033 1523 2080 et
1567 2025 1823 2081 mandata
1855 2029 1972 2100 ejus

321 2105 680 2174 observa,hoc
708 2117 786 2162 est
813 2113 960 2164 enim
990 2113 1168 2166 omnis
1195 2112 1351 2166 homo
1384 2115 1573 2182 (Eccle.
1607 2132 1706 2180 xu,
1741 2117 1828 2186 13)
1860 2132 1876 2171 :
1910 2116 1966 2170 id

323 2199 433 2260 est,
493 2195 553 2250 in
598 2195 706 2253 hoc
755 2198 1101 2254 naturaliter
1159 2201 1348 2257 factus
1393 2207 1482 2258 est
1529 2204 1723 2260 omnis
1771 2205 1966 2272 homo,

325 2285 478 2341 289
509 2288 575 2340 ut
605 2285 788 2342 Deum
818 2287 1033 2343 timens
1065 2289 1192 2358 ejus
1224 2291 1517 2347 mandatis
1547 2293 1922 2349 obsecundet.
1943 2317 1969 2344 ››

324 2373 574 2440 Quidam
605 2378 802 2430 autem
833 2377 1052 2432 donum
1074 2380 1228 2450 quod
1261 2379 1557 2452 accipiunt
1589 2400 1702 2437 non
1737 2399 1967 2439 conscr-

323 2465 480 2517 vant.
516 2461 678 2518 Unde
708 2464 765 2518 in
797 2466 998 2520 eadem
1031 2468 1289 2539 Epistola
1318 2470 1594 2526 admonet
1641 2489 1739 2527 eos
1785 2473 1968 2544 Apos-

322 2548 478 2605 tolus
507 2551 709 2608 dicens
740 2570 755 2607 :
789 2552 1140 2623 Charissimi,
1174 2556 1386 2612 obsecro
1435 2567 1696 2632 tanquam
1736 2561 1972 2616 a'lvenas

322 2645 374 2694 et
396 2641 731 2712 peregrinos,
772 2643 1044 2698 abstinere
1090 2661 1180 2700 vos
1225 2663 1257 2700 a
1299 2649 1612 2704 ramalibus
1661 2649 1966 2717 desideriis,

326 2743 448 2800 qua?
474 2730 720 2786 militant
746 2731 1004 2786 adversus
1032 2736 1278 2789 animam
1309 2737 1353 2802 (l
1377 2737 1519 2793 l’ctr.
1557 2755 1614 2804 ιι,
1651 2739 1760 2806 11).
1794 2740 1971 2811 (Beda

325 2815 494 2889 ibid.)
525 2840 552 2868 «
587 2818 902 2892 Hucusque
932 2821 1136 2877 beatus
1168 2823 1372 2879 Petrus
1401 2826 1751 2897 generaliter
1777 2828 1971 2884 Eccle-

321 2905 471 2961 siam
503 2906 779 2976 instituit,
814 2907 1110 2980 explicans
1138 2911 1224 2966 vel
1270 2913 1552 2970 beneficia
1593 2917 1809 2988 quibus
1841 2935 1969 2988 nos,

321 2993 516 3050 divina
545 2995 730 3068 pietas
782 2998 852 3052 ad
901 2996 1151 3054 salutem
1195 3017 1417 3067 vocare,
1450 3004 1535 3058 vel
1569 3006 1722 3061 dona
1753 3007 1970 3079 quibus

321 3081 635 3156 aliquando
657 3085 1075 3156 Judzeos,nunc
1091 3093 1286 3145 autem
1301 3108 1408 3148 nos
1425 3091 1710 3150 honorare
1731 3096 1972 3169 dignata

319 3175 428 3228 est.
466 3172 609 3229 llinc
639 3174 898 3230 diversas
929 3177 1190 3232 fidelium
1223 3196 1501 3250 personas
1551 3182 1795 3240 solerter
1835 3185 1968 3240 hor-

2076 601 2352 654 caverunt
2382 596 2983 670 manna,etaspiritali
3017 600 3201 652 morte
3230 596 3372 653 salvi
3405 597 3538 654 facti
3561 601 3724 670 sunt,

2077 687 2318 759 quidam
2351 691 2548 742 autem
2581 686 3084 742 manducaverunt
3115 689 3172 741 et
3201 686 3416 742 mortui
3446 693 3620 744 sunt:
3645 689 3728 744 ita

2076 778 2133 830 et
2164 774 2315 830 sicut
2345 774 2559 830 Paulus
2589 774 2732 830 dicit
2762 775 2834 831 ad
2863 775 3214 843 Corinthios,
3235 779 3366 848 post
3393 777 3724 848 passionem

2078 863 2310 918 Domini
2342 864 2560 918 factum
2591 867 2768 929 est,et
2799 864 2866 918 fit
2896 863 3176 936 quotidie,
3210 864 3594 938 futurumque
3615 871 3722 933 est,

2078 952 2357 1024 quoniam
2389 951 2630 1024 quidam
2663 953 2949 1008 accedunt
2971 953 3042 1008 ad
3075 969 3340 1008 mensam
3375 953 3603 1010 Domini
3636 956 3726 1011 in-

2079 1041 2274 1114 digne,
2305 1041 2548 1112 quidam
2580 1043 2775 1096 autem
2801 1041 3001 1097 devote
3035 1057 3047 1097 :
3081 1045 3137 1096 et
3169 1041 3409 1114 quidam
3443 1043 3732 1116 sibijudi-

2079 1129 2234 1187 cium
2257 1131 2619 1186 manducant
2648 1135 2705 1186 et
2735 1130 3214 1202 bibunt,quidam
3246 1135 3437 1187 autem
3471 1149 3640 1188 suam
3665 1132 3728 1188 in

2079 1219 2328 1275 salutem
2363 1218 2790 1292 percipiunt.Et
2819 1219 2889 1275 de
2920 1217 3110 1292 priore
3139 1219 3353 1292 populo
3376 1221 3730 1278 venerabilis

2080 1309 2382 1381 presbyter
2412 1308 2568 1363 Beda
2597 1307 2656 1362 in
2688 1307 2931 1364 homilia
2961 1311 3164 1364 octava
3191 1307 3550 1376 dicit:«Quia
3569 1309 3728 1367 idem

2081 1396 2393 1453 salutifera:
2426 1395 2748 1452 curationis
2779 1395 3061 1452 auxilium
3094 1396 3460 1454 circumcisio
3505 1399 3563 1454 in
3599 1397 3732 1473 lege

2079 1489 2283 1542 contra
2312 1484 2614 1558 originalis
2646 1485 2864 1558 peccati
2895 1485 3110 1542 vulnus
3139 1487 3365 1560 agebat,
3385 1488 3540 1560 quod
3570 1505 3734 1544 nunc

2081 1575 2413 1648 baptismus
2431 1591 2600 1647 agere
2618 1574 2878 1630 revelata
2899 1575 3100 1648 gratim
3121 1578 3382 1647 tempore
3401 1577 3728 1648 consuevit,

2079 1668 2316 1737 excepto
2347 1664 2503 1736 quod
2523 1663 2683 1736 regni
2703 1663 3214 1736 coelestisjanuam
3235 1666 3488 1723 necdum
3509 1666 3734 1724 intrare

2082 1757 2368 1825 poterant,
2384 1753 2568 1808 donec
2598 1752 2910 1808 adveniens
2939 1753 3405 1810 benedictionem
3435 1755 3600 1812 daret
3627 1756 3735 1828 qui

2081 1841 2268 1914 legem
2299 1840 2534 1908 delit,ut
2559 1839 2743 1895 videri
2775 1845 2973 1912 posset
2990 1842 3157 1899 Deus
3178 1842 3421 1899 deorum
3462 1843 3523 1900 in
3561 1837 3733 1902 Sion;

2081 1932 2334 1986 Tantum
2369 1929 2428 1984 in
2461 1929 2594 1986 sinu
2625 1929 2866 1984 Abraha:
2898 1934 3031 2001 post
3051 1934 3298 1987 mortem
3330 1931 3500 1988 beata
3527 1933 3736 2006 requie

2081 2017 2362 2075 consolati
2399 2033 2665 2090 superna:
2697 2017 2859 2090 pacis
2889 2017 3222 2091 ingressum
3255 2036 3356 2091 spe
3403 2017 3601 2076 felices
3631 2037 3733 2078 ex-

2081 2107 2440 2181 spectabant.
2473 2129 2500 2156 »
2533 2107 2786 2178 Utraque
2817 2123 2954 2179 ergo
2987 2107 3338 2179 purificatio,
3371 2113 3428 2164 et
3477 2107 3732 2166 circnm-

2079 2197 2318 2254 cisionis
2346 2195 2615 2252 videlicet
2639 2196 2696 2251 in
2728 2195 2938 2268 lege,et
2963 2196 3024 2250 in
3055 2195 3364 2270 Evangelia
3417 2197 3738 2272 baptisma-

2079 2287 2176 2353 tis,
2206 2285 2473 2341 tollendze
2517 2283 3007 2358 przevaricationis
3054 2286 3254 2356 prima:
3301 2287 3490 2359 gratia
3537 2289 3736 2360 posita

2079 2380 2188 2447 est,
2219 2380 2376 2432 etne
2407 2374 2501 2428 cui
2541 2373 2736 2429 saeculi
2787 2373 3038 2430 labentis
3081 2374 3234 2430 aetati
3285 2377 3523 2449 superni
3571 2377 3738 2436 240

2079 2468 2380 2536 respectus
2412 2479 2656 2518 numera
2687 2462 3066 2530 deessent,illi
3087 2479 3321 2536 quoque
3345 2465 3444 2536 qui
3469 2483 3502 2522 a
3521 2466 3734 2524 mundi

2079 2552 2313 2609 exordio
2344 2569 2532 2625 usque
2564 2553 2636 2608 ad
2667 2556 2930 2624 tempora
2961 2552 3110 2608 data:
3140 2552 3734 2624 circumcisionis,vel

2079 2645 2212 2716 post
2241 2643 2437 2697 datam
2469 2641 3074 2710 circumcisionem,de
3101 2640 3233 2698 aliis
3257 2642 3593 2700 nationibus
3617 2649 3736 2702 Deo

2080 2731 2444 2804 placuerunt,
2476 2729 2564 2785 vel
2597 2729 2921 2786 hostiarum
2964 2729 3380 2798 oblatiOnibus,
3427 2731 3517 2788 vel
3573 2739 3736 2790 certe

2078 2819 2203 2876 sola
2232 2820 2366 2875 fidei
2395 2819 2626 2886 virtute,
2652 2835 2791 2874 suos
2823 2835 3184 2890 suorumque
3216 2818 3448 2877 animos
3470 2819 3734 2878 Creatori

2079 2909 2578 2972 commendantes,
2614 2925 2648 2963 a
2676 2907 2851 2979 primi
2890 2912 3087 2963 reatus
3132 2907 3382 2964 vinculis
3431 2909 3738 2968 absolvere

2080 2996 2526 3054 curabant.Sine
2551 2995 2658 3067 ﬁde
2685 2997 2833 3051 enim
2861 2995 3198 3067 impossibile
3241 3003 3321 3051 est
3358 2997 3576 3068 placere
3623 2999 3738 3057 Deo

2079 3087 2261 3159 (Hebr.
2293 3101 2372 3156 x1,
2404 3087 2482 3158 6),
2515 3089 2572 3141 et
2619 3085 2772 3140 sicut
2818 3083 2964 3140 alias
3013 3083 3298 3156 scriptum
3337 3089 3430 3141 est
3479 3101 3494 3140 :
3541 3087 3737 3144 Justus

2078 3185 2259 3233 autem
2285 3193 2355 3232 ex
2376 3175 2482 3246 ﬁde
2508 3175 2645 3230 vivit
2667 3175 2838 3246 (Rom.
2873 3188 2916 3239 ι,
2951 3175 3058 3242 17).
3089 3173 3160 3228 Et
3188 3173 3327 3230 item
3368 3174 3428 3229 in
3476 3174 3738 3234 Homilia

319 3263 576 3327 ta‘.ur,ne
607 3278 668 3318 se
701 3266 864 3317 tanta
895 3263 1139 3335 spiritus
1169 3246 1358 3339 gratia
1388 3269 1699 3325 carnaliter
1724 3271 1968 3329 vivendo
1997 3246 2041 3313 C
2078 3263 2306 3318 decima
2336 3261 2508 3316 ῑθΐίία
2559 3261 2628 3316 de
2677 3259 2942 3332 sequenti
2975 3259 3190 3332 ΡοΡυῘο
3229 3265 3363 3333 13°8t
3390 3262 3736 3334 Ραθείοηεηι

321 3349 570 3404 reddant
599 3349 872 3422 indignos
899 3368 912 3407 :
947 3371 1018 3406 ne
1051 3354 1152 3426 qui
1184 3356 1363 3427 regali
1395 3375 1460 3412 ac
1491 3360 1833 3416 sacerdotali
1867 3380 1968 3417 vo-

322 3435 530 3493 cabulo
561 3443 700 3495 sunt
730 3439 1296 3512 insigniti,vitiorum
1328 3444 1500 3502 malis
1529 3449 1817 3516 subacti,a
1840 3469 1970 3508 con-

323 3524 548 3582 donatze
578 3527 664 3583 vol
697 3530 1000 3601 promissae
1049 3531 1160 3587 sibi
1213 3533 1534 3591 nobilitatis
1575 3535 1761 3610 gloria
1791 3541 1966 3613 dege-

319 3620 543 3672 ncrent.
579 3639 607 3666 »
642 3618 710 3672 Et
742 3618 880 3673 item
917 3636 929 3674 :
965 3643 991 3670 ‹‹
1033 3621 1124 3675 Vos
1158 3623 1216 3675 in
1251 3623 1556 3680 libertatem
1603 3629 1777 3684 vocati
1816 3632 1963 3697 estis,

315 3705 514 3775 fratres
544 3725 563 3760 :
593 3713 803 3762 tantum
832 3725 902 3763 ne
953 3709 1252 3765 libertatem
1300 3713 1360 3766 in
1405 3717 1736 3772 occasionem
1782 3722 1966 3775 carnis

314 3793 450 3850 detis
507 3795 648 3863 (Gal.
707 3813 762 3866 v,
827 3799 936 3864 13).
993 3795 1182 3853 Liberi
1243 3801 1398 3856 enim
1457 3807 1609 3859 recte
1664 3823 1962 3878 vocamur,

315 3881 415 3953 qui
448 3897 550 3954 per
582 3884 877 3955 baptisma
905 3900 938 3940 a
961 3889 1329 3957 peccatorum
1361 3907 1570 3948 sumus
1604 3895 1849 3952 nexibus
1871 3898 1967 3953 ab-

315 3969 512 4059 soluti,
545 3972 646 4043 qui
706 3990 739 4027 a
797 3973 1119 4030 daemonica
1171 3977 1446 4035 servitute
1497 3982 1799 4056 redempti,
1861 3987 1962 4059 qui

314 4058 419 4114 filii
450 4059 550 4116 Dei
581 4060 766 4116 effecti
803 4077 816 4117 :
851 4081 967 4119 non
999 4068 1195 4122 tamen
1245 4068 1396 4124 dono
1445 4068 1734 4130 libertatis
1773 4058 1963 4146 potio-

313 4164 435 4205 rem
463 4149 742 4222 peccandi
774 4151 1130 4222 facultatem,
1153 4155 1240 4211 vel
1265 4155 1558 4214 licentiam
1592 4162 1918 4236 recepimus
1945 4183 1957 4222 :

311 4237 456 4311 quin
488 4238 606 4296 imo
639 4240 686 4294 si
718 4241 1174 4313 peccaverimus,
1226 4261 1362 4301 mox
1409 4246 1673 4305 libertate
1711 4254 1961 4324 perdita,

310 4327 460 4384 servi
513 4328 805 4385 efficimur
849 4332 1090 4404 peccati.
1145 4333 1214 4388 Et
1265 4335 1514 4408 quisque
1545 4355 1606 4394 se
1637 4341 1708 4395 ad
1750 4341 1858 4398 hoc
1890 4342 1959 4398 li-

309 4416 590 4474 bertatem
643 4419 938 4493 accepisse
989 4438 1022 4476 a
1070 4421 1315 4479 Domino
1365 4429 1553 4497 putat,
1585 4423 1959 4488 ut'licentius

311 4511 528 4576 peccet,
562 4507 694 4562 talis
737 4526 904 4564 suam
937 4510 1266 4568 libertatem
1315 4511 1376 4569 in
1424 4513 1689 4573 velamen
1723 4519 1958 4578 malitiae

309 4598 518 4649 mutat.
552 4617 580 4645 ››

378 4682 449 4737 Et
478 4682 616 4738 item
647 4683 706 4739 in
739 4689 942 4742 eadem
975 4689 1234 4760 Epistola
1264 4693 1547 4765 scriptum
1571 4701 1692 4752 est:
1729 4698 1866 4767 Quia
1899 4702 1954 4758 in

303 4769 402 4827 hoc
447 4773 620 4827 vocati
665 4777 812 4840 estis,
864 4784 922 4832 ut
969 4777 1396 4838 benedictionem
1438 4783 1748 4843 haereditate
1789 4792 1957 4860 possi-

303 4859 477 4916 dentis
509 4862 556 4934 (Ι
600 4863 745 4918 Pctr.
803 4883 883 4931 ιιι,
939 4867 1016 4938 9).
1051 4869 1120 4922 Et
1151 4873 1346 4926 tamen
1382 4872 1450 4927 de
1481 4873 1553 4928 ad
1601 4859 1954 4934 benedictio-

303 4966 436 5005 nem
467 4951 705 5021 vocatis,
755 4953 825 5008 de
858 4955 1193 5028 redemptis,
1225 4960 1294 5014 de
1318 4959 1660 5030 justiﬁcatis
1694 4967 1954 5036 quotidie

299 5044 564 5112 pereunt.
599 5041 762 5099 Unde
811 5047 868 5099 et
912 5045 1128 5102 Paulus
1177 5049 1249 5103 ad
1308 5049 1638 5107 Corinthios
1671 5052 1812 5110 dicit
1845 5073 1858 5112 :
1890 5058 1956 5114 Et

299 5131 498 5201 peribit
521 5134 618 5203 qni
647 5134 900 5203 infirmas
929 5142 1007 5190 est
1035 5137 1094 5190 in
1139 5144 1230 5191 tua
1279 5139 1606 5194 conscientia
1631 5141 1822 5212 frater,
1851 5161 1952 5216 pro

299 5235 403 5290 quo
439 5225 465 5276 (
485 5221 691 5277 hristus
723 5232 967 5280 mortuus
995 5232 1074 5280 est
1105 5226 1148 5297 (I
1177 5225 1296 5282 Cor.
1335 5242 1458 5294 vm,
1494 5229 1601 5295 11).
1635 5231 1779 5286 Hinc
1812 5250 1950 5288 san-

300 5310 431 5363 ctus
457 5310 800 5368 Ambrosius
827 5330 839 5368 :
874 5336 901 5362 «
936 5313 1152 5369 Peribit
1190 5313 1484 5380 infirmus,
1512 5315 1557 5370 si
1589 5319 1721 5373 edat
1751 5326 1953 5378 contra

299 5395 476 5452 unius
506 5397 606 5454 Dei
639 5400 813 5456 fidem
847 5402 916 5457 de
947 5401 1310 5469 sacrificatis,
1345 5403 1404 5457 in
1451 5411 1544 5460 tua
1589 5412 1944 5468 conscientia.

298 5480 362 5536 Id
393 5487 611 5550 est,tua
638 5489 848 5559 peritia
896 5489 1062 5546 illum
1113 5489 1350 5557 occidis,
1385 5495 1620 5564 quando
1652 5513 1685 5552 a
1723 5502 1780 5554 te
1825 5501 1948 5557 fieri

294 5568 450 5626 videt
477 5575 632 5644 quod
664 5575 760 5633 ille
791 5577 962 5634 aliter
982 5578 1258 5652 intelligit
1290 5597 1302 5634 :
1337 5584 1394 5636 et
1441 5585 1504 5636 tu
1555 5583 1669 5640 eris
1718 5589 1946 5645 occasio

297 5660 508 5719 mortis
537 5663 934 5740 fratris,quem
963 5667 1232 5726 Christus
1255 5673 1320 5727 ut
1339 5671 1652 5730 redimeret
1681 5677 1945 5754 crucifigi

2079 3349 2310 3408 Domini
2337 3366 2526 3422 usque
2575 3350 2647 3406 ad
2699 3350 2874 3404 finem
2906 3348 3101 3405 sazculi
3137 3366 3151 3404 :
3181 3372 3209 3400 «
3246 3349 3352 3418 Qui
3380 3351 3579 3408 dilexit
3601 3367 3732 3419 nos,

2079 3440 2292 3514 inquit,
2307 3447 2359 3496 ct
2387 3440 2520 3494 lavit
2544 3455 2644 3494 nos
2671 3456 2702 3493 a
2726 3439 2960 3510 peccatis
2987 3440 3191 3495 nostris
3216 3440 3276 3494 in
3303 3442 3576 3512 sanguine
3600 3459 3732 3500 suo.

2076 3530 2202 3586 Non
2233 3528 2424 3585 solum
2455 3531 2650 3584 autem
2699 3525 2839 3582 lavit
2885 3543 2993 3583 nos
3042 3545 3077 3583 a
3124 3527 3376 3600 peccatis
3415 3530 3636 3587 nostris
3671 3531 3733 3588 in

2076 3618 2365 3693 sanguine
2408 3635 2536 3684 suo,
2567 3617 2816 3689 ‘quando
2865 3616 3215 3689 sanguinem
3247 3634 3422 3674 suum
3456 3617 3618 3674 dedit
3673 3620 3736 3676 in

2075 3726 2246 3766 cruce
2276 3725 2379 3780 pro
2411 3705 2600 3774 nobis,
2633 3704 2721 3761 vel
2754 3705 2989 3778 quando
3018 3705 3331 3778 quisquam
3364 3711 3635 3764 nostrum
3673 3709 3736 3765 in

2076 3797 2422 3870 mysterium
2464 3797 2850 3850 sacrosanctae
2899 3793 3192 3866 passionis
3238 3794 3400 3851 illius
3446 3795 3736 3869 baptismi

2074 3886 2244 3960 aquis
2274 3884 2512 3940 ablutus
2543 3887 2662 3940 est:
2687 3898 2890 3939 verum
2922 3882 3098 3938 etiam
3128 3883 3391 3955 quotidie
3422 3883 3580 3940 tollit
3600 3902 3742 3958 pec-

2073 3980 2204 4032 cata
2233 3974 2460 4041 mundi,
2491 3972 2765 4044 lavat'que
2791 3988 2898 4028 nos
2923 3988 2966 4029 .a
2995 3971 3250 4045 peccatis
3281 3973 3499 4030 nostris
3543 3974 3742 4048 quoti-

2072 4063 2266 4120 dianis
2294 4063 2353 4118 in
2388 4060 2674 4135 sanguine
2723 4077 2852 4127 suo,
2904 4077 3040 4116 cum
3086 4061 3356 4133 ejusdem
3387 4061 3570 4118 beate
3603 4080 3742 4136 pas-

2071 4152 2254 4209 sionis
2284 4152 2356 4208 ad
2404 4149 2584 4206 altare
2615 4149 2898 4205 memoria
2926 4148 3262 4221 replicatur,
3297 4167 3432 4206 cum
3461 4151 3638 4223 panis
3679 4155 3742 4210 et

2069 4241 2189 4297 vini
2219 4244 2485 4297 creatura
2511 4239 2572 4294 in
2604 4241 3040 4295 sacramentum
3072 4239 3265 4295 carnis
3315 4243 3374 4295 et
3417 4239 3742 4314 sanguinis

2070 4332 2198 4402 ejus
2226 4327 2506 4385 ineffabili
2532 4327 2786 4400 Spiritus
2814 4327 3277 4384 sanctificatione
3302 4329 3674 4386 transfertur
3718 4345 3737 4387 :

2069 4419 2271 4491 sicque
2299 4434 2510 4490 corpus
2536 4420 2594 4472 et
2625 4416 2870 4489 sanguis
2900 4415 3083 4488 illius,
3097 4433 3211 4472 non
3241 4415 3574 4474 infidelium
3607 4435 3742 4475 ma-

2069 4507 2242 4564 nibus
2273 4507 2344 4563 ad
2377 4505 2692 4578 perniciem
2725 4522 2894 4562 suam
2923 4505 3194 4561 funditur
3217 4509 3274 4562 et
3301 4505 3737 4575 occiditur,sed

1993 4611 2042 4677 D
2071 4597 2334 4654 fidelium
2365 4611 2464 4652 ore
2493 4611 2663 4650 suam
2695 4594 2952 4649 sumitur
2980 4593 3040 4648 in
3072 4593 3535 4667 salutem.Cujus
3567 4601 3740 4654 recte

2068 4688 2317 4759 ﬁguram
2348 4700 2536 4758 agnus
2558 4683 2616 4738 in
2644 4681 2768 4755 lege
2799 4681 3094 4755 paschalis
3124 4683 3513 4750 ostendit.Qui
3537 4685 3742 4742 semel

2067 4776 2350 4850 populum
2373 4775 2445 4830 de
2468 4773 2728 4846 Egyptia
2747 4773 3024 4829 servitute
3054 4771 3398 4841 liberans,in
3431 4775 3740 4832 memoria

2065 4867 2330 4939 ejusdem
2360 4862 2854 4934 liberationis,per
2882 4878 3086 4918 omnes
3108 4878 3294 4918 annos
3316 4861 3746 4922 immolatione

2065 4972 2173 5010 sua
2203 4951 2485 5026 populum
2517 4951 2789 5006 eumdem
2824 4949 3188 5006 sanctificare
3233 4950 3479 5018 solebat,
3533 4951 3745 5011 donec

2060 5043 2284 5099 veniret
2332 5041 2456 5114 ipse
2503 5039 2595 5096 cui
2643 5038 2782 5095 talis
2830 5039 3024 5095 hostia
3053 5039 3461 5096 testimonium
3513 5040 3742 5114 dabat,

2062 5131 2412 5203 oblatusque
2443 5129 2594 5184 Patri
2627 5144 2732 5200 pro
2761 5128 2931 5184 nobis
2967 5128 3026 5184 in
3058 5128 3312 5185 hostiam
3361 5130 3745 5204 odoremque

2061 5219 2388 5285 suavitatis,
2423 5217 2771 5289 mysterium
2802 5234 2922 5272 sua;
2966 5215 3280 5290 passionis,
3314 5217 3508 5274 ablato
3538 5234 3741 5292 agno,

2061 5311 2120 5366 in
2154 5311 2483 5366 creaturam
2513 5304 2685 5376 panis
2716 5303 2950 5377 vinique
2970 5305 3622 5373 transferret,sacerdos
3651 5309 3748 5364 fa-

2058 5403 2188 5458 ctus
2218 5398 2280 5452 in
2311 5399 2592 5450 aeternum
2627 5394 2950 5450 secundum
2971 5393 3237 5451 ordinem
3260 5392 3742 5466 Melchisedech,

2057 5489 2228 5562 cujus
2260 5482 2502 5557 sanguis
2530 5482 2826 5540 veteribus
2857 5482 3058 5540 electis
3099 5483 3261 5557 regni
3298 5485 3516 5556 jaunas
3546 5490 3743 5556 pate-

2055 5580 2342 5726 feiit-Ilo
2373 5662 2433 5719 in
2465 5660 2706 5719 homilia
2735 5662 2908 5720 tertia
2936 5662 3007 5719 de
3035 5659 3237 5720 Natale
3259 5660 3492 5719 Domini
3517 5677 3572 5718 zu
3600 5665 3743 5723 Ad-
