3970 6182
235 445 350 510 305

952 446 1054 507 DE
1099 445 1865 509 PR/EDESTINATIONE
1909 421 2430 511 DISSER'I‘ATIO
2475 451 2936 513 posremon.

3530 452 3650 517 306

227 579 492 655 jicienda
509 581 636 634 erat
663 578 878 635 veritas
907 579 1326 652 redemptionis
1358 579 1706 637 mortalibus
1720 579 1894 635 insti-
1923 578 1982 646 Α
2011 579 2104 636 nis
2123 598 2286 654 papae
2307 585 2446 656 (cap.
2482 585 2514 640 4
2537 585 2594 639 in
2626 584 2772 656 Acta)
2799 601 2812 638 ε
2845 607 2873 634 ‹‹
2906 586 2971 640 Ει
2997 601 3107 640 non
3136 593 3214 641 est
3238 586 3296 641 in
3325 586 3436 643 alio
3465 587 3652 661 aliqua

233 668 465 734 tutis,et
483 671 821 739 corruptam
854 667 926 722 ab
956 666 1123 724 initio
1153 667 1440 740 originem
1474 668 1638 724 novis
1668 668 1894 724 renasci
2000 671 2249 727 salus.Si
2281 671 2341 727 in
2374 671 2534 728 nullo
2563 672 2804 741 alio,sed
2837 673 2894 728 in
2928 673 3154 730 Christo
3184 678 3414 730 tantum
3445 675 3652 732 mundi

233 756 542 831 oportebat
562 755 835 812 exordiis.
851 755 1158 812 Oﬂ'erenda
1178 760 1303 812 erat
1323 774 1425 829 pro
1449 755 1893 813 reconciliandis

232 845 444 912 hostia,
482 863 615 918 qua:
645 849 704 900 et
733 844 920 900 nostri
950 845 1182 918 generis
1215 845 1394 914 socia,
1427 850 1484 902 et
1513 850 1724 902 nostrae
1755 863 1891 902 con~

231 935 640 994 taminationis
682 938 839 991 esset
868 933 1058 990 aliena
1087 951 1100 990 :
1132 939 1196 990 ut
1225 935 1333 991 hoc
1365 937 1733 1008 propositum
1765 935 1888 1002 Dei,

231 1041 340 1098 quo
370 1028 688 1097 peccatum
723 1023 930 1079 mundi
967 1023 1108 1081 Jesu
1157 1024 1373 1080 Christi
1419 1023 1640 1098 placuit
1681 1025 1888 1082 nativi-

233 1119 343 1172 tate
365 1117 429 1169 et
459 1113 738 1186 passione
769 1111 978 1180 delere,
1013 1113 1082 1169 ad
1117 1112 1385 1169 omnium
1443 1114 1888 1186 generationum

226 1199 441 1266 saecula
474 1201 798 1274 pertineret
831 1218 844 1256 :
879 1218 984 1257 nec
1016 1200 1322 1257 turbarent
1371 1219 1500 1269 nos,
1539 1203 1640 1258 sed
1690 1203 1888 1275 potius

222 1290 652 1346 conﬁrmarent
694 1288 990 1362 mysteria,
1017 1306 1146 1361 quis
1177 1293 1511 1362 temporum
1546 1290 1768 1348 ratione
1797 1309 1890 1348 va-

225 1378 394 1446 riata,
425 1394 569 1434 cum
601 1377 744 1434 ﬁdes
775 1394 894 1450 qua
922 1377 1174 1434 vivimus
1207 1378 1370 1434 nulla
1401 1379 1576 1435 fuerit
1598 1384 1763 1436 (etate
1792 1381 1886 1438 di-

228 1485 408 1525 versa.
443 1467 692 1524 Cessent
740 1467 921 1539 igitur
967 1465 1204 1523 illorum
1253 1467 1524 1540 querelas,
1557 1467 1657 1542 qui
1704 1468 1886 1542 impio

227 1573 534 1614 murmure
563 1554 777 1611 divinis
809 1555 1352 1628 dispensationibus
1381 1555 1787 1629 obloquentes,
1813 1559 1885 1614 de

227 1646 544 1705 Dominicaa
576 1644 900 1702 nativitatis
932 1645 1206 1702 tarditate
1237 1649 1576 1714 causentur,
1601 1649 1883 1720 tanquam

225 1733 538 1810 praeteritis
589 1733 954 1806 temporibus
1003 1752 1120 1792 non
1153 1735 1230 1791 sit
1259 1735 1594 1806 impensum
1636 1737 1790 1808 quod
1822 1735 1882 1791 in

227 1824 431 1884 ultima
459 1823 673 1880 mundi
702 1826 868 1880 aetate
897 1828 987 1880 est
1016 1829 1272 1896 gestum.
1305 1823 1480 1880 Verbi
1514 1823 1670 1880 enim
1700 1824 1884 1881 incar-

225 1914 379 1971 natio
401 1913 519 1970 hoc
540 1912 790 2016 contulit
808 1913 1074 1969 facienda
1095 1913 1251 2016 quod
1277 1913 1452 1979 facta,
1471 1918 1527 1969 et
1549 1930 1880 2012 sacramen-
1911 1952 1958 2016 Β

222 2007 339 2062 tum
371 2003 593 2061 salutis
623 2001 893 2059 humanae
926 2003 984 2057 in
1017 2001 1180 2057 nulla
1211 2017 1473 2074 unquam
1533 2001 1883 2075 antiquitate

219 2092 489 2150 cessavit.
555 2091 720 2159 Quod
779 2089 1242 2162 praedicaverunt
1293 2089 1562 2162 apostoli,
1621 2090 1731 2146 hoc
1785 2108 1883 2147 an-

221 2182 640 2238 nuntiaverant
667 2185 726 2236 et
755 2179 1051 2253 prophetae
1086 2197 1099 2235 :
1135 2196 1240 2235 nec
1273 2196 1401 2235 sero
1432 2183 1520 2234 est
1549 2178 1878 2251 impletum,

218 2271 368 2343 quod
419 2285 663 2342 semper
709 2273 800 2324 est
849 2267 1160 2324 creditum.
1199 2266 1501 2340 Sapientia
1529 2284 1662 2324 vero
1693 2273 1750 2324 et
1779 2269 1878 2324 be-

224 2359 476 2433 nignitas
537 2357 664 2424 Dei,
723 2374 788 2414 ac
846 2356 1134 2414 salutiferi
1197 2356 1390 2430 operis
1459 2373 1642 2424 mora,
1707 2373 1878 2430 capa-

222 2449 400 2506 ciores
431 2464 544 2504 nos
585 2463 704 2504 suae
735 2445 1055 2504 vocationis
1102 2445 1310 2512 effecit,
1345 2449 1411 2501 ut
1460 2447 1616 2518 quod
1675 2445 1877 2504 multis

219 2536 420 2610 signis,
453 2533 667 2592 multis
694 2535 956 2600 vocibus,
982 2533 1303 2607 multisque
1335 2534 1632 2608 mysteriis
1662 2551 1765 2606 per
1795 2539 1879 2591 tot

222 2625 364 2683 241
393 2626 593 2682 fuerat
629 2623 846 2680 saecula
873 2622 1234 2687 nuntiatum,
1258 2622 1318 2678 in
1342 2622 1549 2679 diebus
1581 2621 1876 2695 Evangelii

221 2728 331 2768 non
363 2715 526 2768 esset
555 2710 927 2783 ambiguum.
970 2709 1037 2764 Et
1067 2709 1344 2766 nativitas
1377 2709 1714 2778 Salvatoris,
1747 2728 1875 2784 quae

221 2800 415 2858 omnia
449 2797 742 2856 miracula
773 2814 1128 2871 omnemque
1173 2798 1444 2854 humana)
1479 2797 1874 2872 intelligentiae

218 2895 337 2957 erat
365 2905 686 2946 excessum
716 2903 1078 2956 mensuram,
1112 2892 1273 2944 tanto
1326 2887 1782 2944 constantiorem
1812 2888 1873 2944 in

218 2980 382 3039 nabis
395 2979 671 3052 gigneret
693 2977 1113 3049 ﬁdem,quanto
1137 2976 1470 3050 praedicatio
1491 2977 1620 3049 ejus
1639 2979 1699 3032 et
1722 2977 1872 3032 anti-

215 3069 382 3140 quior
391 3066 798 3140 praecessisset
809 3069 867 3122 et
880 3065 1154 3122 crebrior.
1169 3066 1295 3122 Non
1313 3065 1511 3138 itaque
1524 3082 1669 3121 novo
1682 3064 1870 3122 consi-

209 3156 459 3216 lioDeus
473 3157 652 3212 rebus
666 3153 966 3224 humanis,
986 3171 1092 3211 nec
1113 3171 1242 3212 sera
1260 3154 1634 3211 miseratione
1655 3171 1871 3210 consu-

211 3245 450 3316 luit,sed
463 3243 932 3301 aconstitutione
943 3244 1148 3299 mundi
1164 3261 1344 3299 unam
1357 3243 1742 3316 eamdemque
1754 3260 1872 3300 om-

213 3336 388 3392 nibus
399 3351 646 3392 causam
659 3332 1162 3390 salutisinstituit.
1179 3333 1378 3390 Gratia
1397 3331 1575 3401 enim,
1595 3349 1714 3405 qua
1724 3349 1870 3389 sem-

146 3438 149 3439 '
211 3441 312 3497 per
360 3421 723 3480 universitas
761 3421 1089 3494 justiﬁcata
1149 3426 1510 3488 sanctorum,
1562 3425 1736 3477 aucta
1783 3425 1872 3478 est

209 3512 439 3571 Christo
461 3515 765 3579 nascente,
790 3528 904 3568 non
929 3514 1136 3582 ecepta.
1159 3511 1230 3566 Et
1248 3509 1358 3566 hoc
1380 3525 1606 3582 magna:
1640 3509 1872 3582 pietatis

210 3605 676 3668 sacramentum,
699 3617 816 3672 quo
837 3604 998 3656 totus
1010 3601 1138 3672 jam
1170 3599 1429 3656 mundus
1459 3599 1738 3672 impletus
1757 3603 1868 3667 est,

203 3693 326 3746 tam
347 3695 563 3764 potens
606 3689 785 3744 etiam
823 3687 884 3742 in
925 3687 1050 3743 suis
1081 3686 1613 3760 signiﬁcationibus
1644 3686 1774 3756 fuit,
1808 3690 1874 3742 ut

208 3795 322 3834 non
343 3779 549 3836 minus
571 3794 640 3834 eo
662 3777 858 3849 adepti
883 3776 1005 3832 sint
1025 3777 1125 3848 qui
1145 3775 1289 3830 illud
1313 3775 1608 3831 credidere
1629 3776 1874 3848 promis-

204 3886 364 3939 sum,
385 3885 572 3942 quam
592 3867 654 3923 hi
686 3867 786 3938 qui
819 3881 1128 3937 suscepere
1159 3865 1496 3920 donatum.»
1531 3864 1602 3920 Et
1632 3867 1871 3920 sanctus

201 3958 578 4031 Augustinus
611 3955 670 4010 in
703 3954 957 4010 libro*de
986 3953 1209 4009 Natura
1237 3956 1294 4008 et
1325 3952 1524 4008 Gratia
1551 3955 1704 4024 (cap.
1739 3953 1867 4023 43):

201 4069 230 4096 ιι
245 4046 328 4102 Ea
342 4045 568 4120 quippe
593 4044 742 4100 fides
755 4045 956 4115 justcs
977 4042 1208 4098 sanavit
1226 4041 1522 4113 antiquos,
1551 4057 1679 4112 quae
1703 4045 1873 4096 sanat

200 4139 258 4190 et
293 4152 429 4205 nos,
465 4135 528 4190 id
561 4137 656 4190 est
687 4131 1027 4189 mediatoris
1059 4129 1152 4186 Dei
1187 4135 1244 4186 et
1273 4129 1581 4185 hominum
1612 4129 1871 4186 hominis

196 4223 419 4280 Christi
450 4223 622 4292 Jesu,
647 4221 792 4276 ﬁdes
825 4218 1132 4292 sanguinis
1161 4218 1474 4290 ejus,ﬁdes
1506 4217 1697 4274 crucis
1717 4219 1868 4288 ejus,

198 4313 348 4371 ﬁdes
409 4310 628 4368 mortis
671 4315 730 4365 et
771 4307 1216 4366 resurrectionis
1270 4307 1420 4378 ejus.
1451 4306 1715 4362 [labentes
1745 4323 1870 4379 ergo

191 4401 454 4458 eumdem
479 4401 744 4472 spiritum
766 4396 920 4469 ﬁdei,
951 4404 1002 4453 et
1029 4413 1126 4452 nos
1156 4395 1429 4452 credimus
1482 4402 1704 4467 propter
1732 4395 1872 4468 quod

189 4500 242 4548 et
270 4491 588 4563 loquimur.
624 4509 646 4536 ι
684 4487 754 4543 Et
783 4484 1134 4542 venerabilis
1165 4485 1469 4557 presbyter
1500 4484 1655 4540 Beda
1682 4483 1742 4538 in
1773 4501 1870 4540 ex-

191 4578 503 4654 positione
565 4574 864 4648 Evangelii
927 4575 1094 4630 Luca:
1124 4577 1265 4645 (cap.
1303 4573 1352 4643 1)
1389 4589 1402 4626 :
1438 4595 1466 4620 »
1512 4573 1576 4629 Ut
1602 4581 1874 4630 convertat
1924 4614 1952 4620 -

2002 758 2164 816 salus
2187 765 2436 835 est-,ergo
2459 767 2514 817 et
2536 763 2734 818 Patres
2763 762 3122 818 Testamenti
3151 762 3363 818 veteris
3389 763 3652 834 ejusdem

2003 849 2406 921 Redemptoris
2437 851 2837 907 incarnatione
2867 856 2923 906 et
2953 850 3225 922 passione
3255 849 3458 906 salvati
3491 856 3651 920 sunt,

2001 955 2118 1010 qua
2136 955 2242 994 nos
2267 939 2478 996 salvari
2502 940 2798 995 credimus
2820 943 2878 996 et
2900 938 3362 1012 speramus.Etsi
3383 937 3542 994 enim
3569 957 3657 995 sa-

1999 1032 2302 1083 cramenta
2329 1045 2431 1100 pro
2461 1032 2794 1100 temporum
2845 1028 3070 1084 ratione
3121 1027 3476 1100 discrepent,
3509 1027 3655 1084 ﬁdes

1997 1118 2194 1172 tamen
2216 1133 2334 1172 una
2353 1117 2672 1188 eademque
2692 1117 3006 1173 concordat
3029 1134 3041 1172 :
3069 1116 3207 1190 quia
3226 1133 3405 1189 quam
3428 1133 3534 1172 nos
3553 1133 3656 1188 per

1997 1203 2294 1276 apostolos
2307 1205 2813 1273 factam,eamdem
2828 1205 2910 1260 illi
2925 1205 3423 1279 dispensationem
3437 1205 3652 1263 Christi

1997 1309 2101 1365 per
2145 1293 2461 1366 prophetas
2513 1293 2838 1350 didicerant
2884 1311 3013 1350 esse
3061 1299 3391 1350 venturam.
3452 1295 3652 1366 Neque

1997 1381 2154 1437 enim
2185 1386 2276 1438 est
2323 1381 2645 1454 redemptio
2706 1382 3058 1454 captivitatis
3118 1383 3412 1456 humanae,
3445 1383 3560 1438 nisi
3592 1381 3651 1438 in

1995 1469 2282 1542 sanguine
2300 1469 2448 1542 ejus,
2475 1470 2576 1543 qui
2599 1470 2760 1526 dedit
2781 1471 3165 1543 semetipsum
3189 1471 3649 1545 redemptionem

1993 1574 2098 1630 pro
2119 1557 2415 1614 omnibus.
2448 1581 2476 1609 »
2511 1559 2581 1615 Et
2611 1559 2754 1615 item
2784 1560 3132 1616 venerabilis
3165 1561 3467 1633 presbyter
3496 1561 3651 1617 Beda

1992 1645 2052 1704 in
2075 1646 2337 1720 Epistola
2374 1647 2565 1720 prima
2599 1647 2752 1704 Petri
2776 1649 2858 1720 (In
2881 1666 2996 1722 cap.
3026 1651 3111 1717 1):
3147 1671 3176 1698 α
3208 1651 3398 1721 Supra
3428 1649 3652 1705 dixerat

1991 1735 2309 1808 prophetas
2364 1737 2574 1808 spiritu
2623 1737 2841 1793 Christi
2893 1737 3315 1810 prmnuntiasse
3346 1737 3650 1810 passiones

1991 1823 2118 1894 ejus
2139 1827 2197 1880 et
2218 1826 2570 1896 posteriores
2592 1826 2809 1899 glorias
2835 1845 2847 1882 :
2873 1831 2930 1881 et
2952 1844 3106 1881 nunc
3129 1825 3270 1881 dicit
3291 1827 3495 1882 eadem
3517 1843 3650 1898 apo-

1991 1912 2173 1968 stolos
2201 1912 2285 1968 eis
2319 1913 2590 1970 nuntiare
2641 1914 2864 1986 Spiritu
2914 1919 3118 1970 sancto
3167 1914 3350 1970 misso
3378 1915 3448 1969 de
3479 1914 3644 1969 cmlo.

1993 2001 2156 2057 Unde
2207 2006 2367 2073 patet
2394 2003 2533 2074 quia
2563 2002 2719 2058 idem
2751 2003 2998 2076 Spiritus
3024 2003 3242 2059 Christi
3272 2007 3394 2058 erat
3423 2002 3482 2058 in
3514 2020 3645 2074 pro-

1989 2089 2182 2162 phetis
2213 2089 2399 2162 prius,
2435 2091 2536 2164 qui
2568 2093 2944 2164 postmodum
2976 2091 3036 2147 in
3067 2091 3368 2164 apostolis.
3395 2091 3647 2162 Ideoque

1989 2180 2255 2236 eamdem
2277 2181 2452 2235 ﬁdem
2475 2181 2769 2252 passionis
2791 2181 3004 2239 Christi
3027 2185 3084 2236 et
3096 2178 3433 2252 posterioris
3449 2177 3644 2252 gloria:

1989 2269 2224 2342 utrique
2256 2268 2490 2342 populis
2522 2271 2920 2342 praedicabant
2946 2288 2958 2325 :
2983 2269 3068 2325 illi
3090 2269 3282 2324 adhuc
3312 2273 3643 2335 venturam,

1985 2357 2084 2414 isti
2107 2360 2234 2431 jam
2266 2359 2534 2415 venisse:
2569 2375 2636 2414 ac
2668 2375 2770 2432 per
2800 2359 2910 2416 hoc
2936 2376 3115 2414 unam
3145 2375 3273 2414 esse
3301 2356 3643 2428 Ecclesiam,

1986 2448 2156 2519 cujus
2182 2464 2320 2519 pars
2343 2447 2636 2504 carnalem
2658 2447 2891 2504 Domini
2913 2449 3230 2504 adventum
3261 2446 3640 2518 praecesserit,

1985 2553 2122 2608 pars
2169 2535 2247 2592 sit
2295 2535 2480 2592 altera
2527 2541 2748 2592 secuta.
2786 2560 2812 2585 »
2846 2537 3011 2593 Sicut
3058 2542 3114 2592 et
3145 2537 3204 2592 S.
3239 2534 3551 2606 Gregorius
3583 2533 3642 2589 in

1983 2623 2230 2680 homilia
2259 2623 2577 2680 Ezechielis
2609 2625 2837 2680 decima
2868 2625 3076 2698 quinta
3099 2625 3251 2680 $242
3289 2623 3432 2679 dicit
3465 2639 3477 2678 :
3514 2646 3541 2688 ς(
3575 2623 3645 2678 Et

1984 2713 2224 2786 quidem
2255 2713 2327 2768 ab
2357 2712 2497 2769 Abel
2547 2713 2834 2784 sanguine
2867 2713 3061 2785 passio
3083 2714 3211 2784 jam
3243 2711 3418 2784 cmpit
3447 2709 3642 2766 Eccle-

1985 2802 2107 2870 siae,
2139 2805 2196 2857 et
2223 2819 2344 2858 una
2375 2806 2464 2858 est
2511 2801 2771 2858 Ecclesia
2819 2801 3137 2858 electorum
3187 2799 3640 2872 praecedentium

1982 2895 2159 2962 atque
2182 2891 2616 2962 sequentium.»
2638 2891 2708 2946 Et
2736 2889 2796 2946 in
2827 2889 3072 2945 homilia
3099 2889 3326 2944 decima
3356 2887 3636 2960 septima:

1984 3003 2011 3030 ‹‹
2042 2981 2110 3034 Et
2153 2981 2252 3052 qui
2293 2979 2590 3051 praeibam,
2641 2988 2691 3034 ct
2746 2980 2842 3051 qui
2887 2978 3268 3050 sequebantur,
3327 2977 3643 3034 clamabant

1983 3067 2531 3124 0sanna.Pra:eessit
2551 3067 2766 3140 quippe
2786 3068 3069 3123 Judaicus
3097 3064 3369 3138 populus,
3395 3067 3632 3121 secutus

1981 3161 2071 3214 est
2091 3155 2348 3230 gentilis.
2383 3157 2454 3211 Et
2475 3155 2612 3228 quia
2636 3172 2842 3211 omnes
2863 3153 3054 3222 electi,
3082 3153 3202 3208 sive
3225 3151 3326 3225 qui
3349 3151 3409 3206 in
3429 3151 3634 3208 Judma

1979 3263 2110 3304 esse
2140 3249 2478 3318 potuerunt,
2501 3245 2622 3300 sive
2651 3245 2752 3316 qui
2787 3261 2943 3300 nunc
2975 3243 3034 3298 in
3065 3241 3324 3298 Ecclesia
3351 3240 3630 3308 existunt,

1901 3319 1944 3385 C
1983 3333 2042 3388 in
2066 3331 2444 3389 mediatorem
2475 3331 2576 3388 Dei
2611 3337 2667 3387 et
2695 3332 3004 3388 hominum
3038 3329 3412 3386 crediderunt
3434 3332 3492 3384 et
3507 3344 3632 3384 cre-

1979 3421 2254 3493 dunt,qui
2275 3423 2602 3493 prmeuntet
2625 3421 2724 3492 qui
2747 3424 3076 3492 sequuntur
3097 3420 3332 3476 Osanna
3353 3417 3629 3473 clamant.

1979 3510 2216 3566 Osanna
2245 3513 2443 3565 autem
2494 3507 2701 3564 Latina
2730 3508 2934 3582 lingua
2961 3510 3118 3564 salva
3146 3523 3244 3564 nos
3274 3505 3512 3562 dicitur.
3542 3505 3629 3562 Ab

1980 3599 2107 3670 ipso
2131 3598 2288 3654 enim
2312 3597 2562 3654 salutem
2584 3603 2640 3653 et
2661 3597 2886 3670 priores
2912 3597 3353 3668 quaesierunt,et
3375 3611 3629 3666 praesen-

1980 3693 2069 3744 tes
2091 3691 2376 3760 quzerunt,
2403 3691 2460 3742 et
2480 3687 2853 3742 benedictum
2875 3686 2976 3760 qui
2999 3686 3154 3740 venit
3176 3685 3233 3739 in
3266 3682 3503 3739 nomine
3524 3683 3630 3737 Do-

1981 3776 2128 3833 mini
2167 3777 2521 3832 conﬁtentur
2545 3793 2557 3831 :
2583 3775 2860 3847 quoniam
2892 3792 3011 3831 una
3041 3791 3196 3846 spes,
3219 3788 3338 3828 una
3366 3771 3512 3826 ﬁdes
3541 3772 3632 3824 est

1980 3864 2431 3938 praecedentium
2463 3867 2638 3936 atque
2669 3864 3044 3936 sequentium
3079 3860 3448 3934 populorum.
3481 3859 3629 3914 Nam

1979 3953 2132 4012 sicut
2151 3953 2235 4008 illi
2259 3957 2591 4024 exspectata
2612 3951 2882 4025 passione
2905 3970 2969 4008 ac
2992 3949 3414 4008 resurrectione
3435 3947 3627 4004 sanati

1980 4047 2142 4110 sunt,
2171 4042 2254 4097 ita
2299 4059 2416 4096 non
2468 4040 2760 4112 prmterila
2807 4039 3078 4112 passione
3117 4039 3276 4094 illius
3307 4055 3372 4094 ac
3398 4053 3627 4109 perma-

1980 4131 2141 4188 nenti
2175 4131 2233 4186 in
2266 4129 2480 4186 smcula
2509 4129 2932 4187 resurrectione
2965 4127 3279 4183 salvamur.
3314 4147 3344 4174 »

2051 4220 2132 4276 De
2179 4219 2273 4274 his
2325 4223 2520 4274 autem
2571 4218 2668 4290 qui
2717 4235 2834 4272 non
2885 4217 3202 4282 salvantur,
3238 4215 3393 4268 idem
3426 4216 3628 4268 auctor

1981 4309 2123 4365 dicit
2145 4307 2203 4362 in
2224 4306 2469 4363 homilia
2502 4323 2657 4362 nona
2681 4323 2694 4360 :
2722 4330 2748 4355 «
2773 4305 3108 4360 Notandum
3137 4320 3265 4358 vero
3288 4301 3442 4374 quod
3467 4304 3626 4372 post-

1979 4414 2158 4470 quam
2182 4395 2338 4452 mala
2359 4399 2664 4468 parentum
2687 4395 3095 4449 defunctorum
3121 4391 3362 4458 dixerat,
3387 4389 3628 4444 mittens

1981 4486 2328 4559 Prophetam
2362 4484 2433 4540 ad
2467 4483 2617 4539 ﬁlios
2673 4483 2852 4538 dicit:
2885 4483 2949 4540 Si
2994 4481 3151 4555 forte
3208 4479 3294 4535 vel
3354 4479 3470 4548 ipsi
3526 4494 3628 4532 au-

1981 4577 2174 4646 diant,
2193 4581 2248 4630 et
2277 4575 2326 4628 si
2353 4572 2507 4648 forte
2536 4571 3010 4645 quiescant.Quid
3039 4573 3128 4626 est
3157 4569 3346 4624 dicere
3370 4565 3463 4622 vel
3491 4565 3631 4638 ipsi,

187 4668 362 4726 corda
383 4675 621 4740 patrum
653 4666 710 4720 in
739 4665 908 4736 ﬁlios,
939 4671 991 4718 et
1021 4661 1368 4718 incredibiles
1415 4661 1485 4716 ad
1521 4661 1874 4733 prudentiam
1903 4689 1948 4753 Β
1982 4664 2094 4722 nisi
2117 4663 2256 4736 quia
2274 4677 2474 4718 eorum
2513 4664 2728 4732 patres,
2756 4659 2949 4753 quiin
2976 4659 3149 4732 culpa
3177 4655 3438 4753 defuncti
3467 4659 3628 4753 sunt,

176 4758 498 4830 justorum,
549 4769 755 4826 parare
799 4753 1027 4810 Domino
1068 4749 1282 4822 plebem
1318 4751 1632 4822 perfectam.
1683 4750 1870 4806 Corda
1903 4743 1944 4753 ”
1981 4753 2183 4810 audire
2208 4749 2524 4806 noluerunt
2545 4749 2572 4803 ?
2597 4771 2623 4796 ››
2645 4749 2715 4803 Et
2735 4747 2909 4820 paulo
2941 4752 3111 4820 post:
3151 4770 3178 4797 α
3203 4747 3272 4802 Et
3303 4761 3409 4800 nos
3440 4743 3634 4800 adhuc

187 4851 443 4918 patrum
469 4843 534 4900 in
568 4842 723 4899 ﬁlios
751 4843 1102 4907 convertere,
1135 4841 1226 4894 est
1267 4836 1594 4910 spiritalem
1638 4842 1870 4894 sancto-

187 4951 327 4992 rum
359 4933 761 5005 antiquorum
793 4929 1100 4986 scientiam
1132 4926 1365 5000 populis
1388 4926 1757 4998 praedicando
1788 4927 1870 4983 in-

1978 4844 2251 4914 parentes
2272 4842 2504 4894 nostros
2520 4837 2592 4892 ad
2612 4836 2985 4910 iniquitatem
3009 4834 3412 4909 sequimur,ab
3430 4848 3632 4890 eorum

1979 4929 2227 4987 elatione
2249 4943 2426 5000 quam
2443 4925 2700 4981 vidimus
2721 4943 2837 4982 non
2867 4929 3268 4994 mutamur;et
3289 4923 3370 4978 illi
3394 4921 3631 4994 quidem

183 5024 476 5080 fundere.
504 5019 826 5077 Prudentia
852 5034 986 5074 vero
1007 5019 1311 5088 justorum
1343 5019 1450 5083 est,
1475 5031 1592 5070 non
1624 5015 1696 5070 de
1726 5015 1870 5089 legis
1979 5019 2131 5074 inter
2159 5016 2399 5090 gaudia,
2434 5031 2540 5070 nos
2568 5031 2724 5082 vero,
2759 5015 2914 5088 quod
2947 5019 3037 5070 est
3066 5011 3321 5087 gravius,
3347 5011 3500 5064 inter
3529 5007 3628 5061 ﬁa-

186 5112 488 5185 operibus
511 5108 812 5183 justitiam
844 5122 1216 5180 praesumere,
1241 5105 1341 5160 sed
1375 5119 1443 5158 ex
1473 5103 1588 5159 ﬁde
1619 5103 1870 5161 salutem
1981 5108 2133 5182 gella
2167 5121 2498 5180 peccamus.
2533 5103 2645 5158 Sed
2698 5120 2829 5160 ecce
2883 5103 3254 5174 omnipotens
3312 5099 3467 5185 Deus
3525 5093 3630 5185 ini-

185 5179 609 5274 quas-creant
630 5179 902 5270 quamvis
925 5195 983 5248 in
1005 5194 1130 5268 lege
1151 5193 1326 5266 positi
1349 5191 1495 5264 legis
1509 5191 1681 5262 jussa
1700 5194 1872 5264 perﬁ-
1982 5179 2234 5270 quitates
2283 5192 2561 5266 judicans
2609 5193 2737 5264 jam
2796 5193 3019 5264 priores
3076 5192 3306 5246 nostros
3363 5179 3627 5274 abstulit,

185 5269 382 5354 ciant,
419 5288 620 5361 gratia
649 5269 712 5344 Se
740 5289 939 5341 tamen
969 5281 1072 5340 Dei
1101 5299 1204 5355 per
1231 5281 1532 5336 Christum
1563 5279 1876 5339 salvandos
1977 5269 2104 5358 jam
2135 5284 2206 5339 ad
2229 5280 2523 5354 judicium
2571 5280 2796 5336 vocavit
2828 5299 2841 5336 :
2877 5298 2982 5336 nos
3024 5279 3215 5335 adhuc
3245 5275 3315 5331 ad
3349 5269 3629 5344 pceniten-

184 5377 572 5450 intelligant.
597 5376 783 5432 Justus
813 5374 963 5429 enim
991 5389 1060 5428 ea:
1087 5371 1193 5442 ﬁde
1224 5371 1375 5426 vivit.
1409 5391 1436 5418 »
1470 5370 1540 5424 Et
1571 5369 1772 5426 Petrus
1800 5371 1874 5427 de
1981 5373 2124 5430 tiam
2176 5373 2492 5442 exspectat,
2528 5386 2633 5424 nos
2684 5369 2755 5424 ad
2802 5368 3206 5424 revertendum
3255 5361 3544 5426 sustinet;
3576 5361 3634 5413 et

177 5468 331 5541 iugo
365 5466 534 5538 legis
555 5463 674 5519 ait:
703 5461 852 5530 Quod
873 5477 1046 5534 neque
1061 5468 1241 5532 patres
1263 5459 1437 5514 nostri
1455 5473 1628 5530 neque
1645 5475 1870 5530 nospor-
1982 5461 2084 5536 qui
2114 5461 2174 5517 in
2205 5459 2320 5515 illis
2340 5461 2468 5531 jam
2515 5458 2809 5530 judicium
2860 5455 3136 5522 exercuit,
3171 5452 3339 5507 nobis
3385 5465 3503 5504 suae
3532 5463 3632 5541 pa-
3707 5495 3720 5502 -

182 5535 306 5616 urire
350 5535 786 5630 potuimus,sed
805 5567 906 5623 per
933 5551 1168 5622 gratiam
1196 5548 1418 5603 Domini
1435 5550 1576 5626 _.Iesu
1598 5547 1870 5605 credimus
1979 5535 2199 5608 tientiee
2249 5547 2762 5622 longanimitatem
2812 5548 3116 5618 praerogat,
3152 5559 3222 5598 ne
3254 5557 3389 5595 cum
3418 5535 3636 5630 nostris

182 5646 438 5709 salvari,
503 5639 958 5714 quemadmodum
1011 5646 1060 5694 et
1116 5638 1208 5693 illi
1255 5637 1389 5706 (Act.
1424 5652 1516 5700 xv,
1551 5637 1656 5706 10).
1709 5638 1779 5693 Et
1809 5639 1867 5694 in
1980 5658 2087 5697 nos
2137 5637 2432 5712 prioribus
2493 5636 2718 5708 perdat,
2755 5634 2954 5689 dicens
2988 5651 3002 5688 :
3032 5632 3094 5688 Si
3122 5633 3260 5704 forte
3288 5631 3370 5685 vel
3401 5629 3509 5702 ipsi
3536 5643 3637 5682 au~

185 5735 492 5795 Tractat!)
511 5732 770 5787 Actuum
791 5725 1285 5800 apostolorum,ex
1305 5723 1496 5781 verbis
1523 5725 1709 5782 sancti
1733 5727 1868 5784 Leo-
1975 5729 2150 5797 diant,
2181 5735 2233 5784 et
2276 5729 2327 5782 si
2373 5727 2510 5796 forte
2562 5724 2860 5794 quiescant,
2894 5723 3030 5794 quia
3079 5721 3276 5780 domus
3303 5730 3640 5792 exasperans
