3970 6182
319 378 442 440 ’307

1260 385 1645 448 HINCMARI
1691 387 2140 449 RHEMENSIS
2184 385 2473 448 ARCHIE
2485 386 2800 488 PISCOPI.

3615 383 3724 448 308

327 521 406 571 est
443 514 654 587 (Ezech.
687 533 746 583 ιι,
779 517 855 585 5).
891 538 918 566 ››
970 517 1119 590 Ergo
1150 521 1209 574 et
1238 519 1634 591 praecedentes
1683 523 1740 576 et
1773 519 1980 575 subse-
2010 521 2066 588 Α
2091 520 2251 592 juste
2278 519 2544 588 vivendo,
2575 520 2730 577 unde
2777 517 2982 577 merito
3033 519 3354 577 creduntur
3382 536 3486 594 per
3505 511 3727 578 Domini

329 608 573 676 quentes
595 609 882 678 quotquot
904 605 1807 681 salvantur,perredemptionem
1823 607 1986 664 illius

331 691 654 761 salvantur,
695 698 754 749 et
792 695 894 766 qui
944 712 1060 752 non
1087 697 1392 753 credentes
1425 702 1490 752 ut
1519 697 1886 754 redimantur
1914 697 1984 753 de

337 781 722 854 subsequenti
746 783 960 856 populo
986 783 1328 841 inﬁdelitate
1352 791 1617 858 pereunt,
1639 786 1725 842 vel
1741 786 1838 859 qui
1863 803 1990 858 pra-

337 868 424 923 vis
447 870 710 927 moribus
731 876 788 926 et
809 871 1031 944 iniquis
1062 875 1338 946 operibus
1367 880 1501 948 post
1527 875 1989 948 redemptionem

330 963 603 1028 pereunt,
623 977 730 1016 sua
755 959 1101 1018 inﬁdelitate
1120 966 1177 1016 et
1197 961 1506 1034 iniquitate
1528 968 1796 1035 pereunt.
1820 963 1913 1020 Sic
1933 973 1992 1024 et

327 1045 400 1101 de
424 1047 640 1118 populo
660 1049 839 1106 veteri
860 1049 1206 1106 inﬁdelitate
1229 1054 1288 1106 et
1311 1051 1624 1124 iniquitate
1652 1051 1991 1125 quicunque

327 1140 471 1191 sunt
503 1137 716 1209 perditi
747 1139 1066 1210 perierunt,
1101 1139 1255 1195 sicut
1285 1156 1462 1196 sacrae
1493 1142 1852 1197 Testamenti
1879 1141 1989 1198 Ve-

329 1225 478 1280 teris
505 1226 762 1300 paginze,
795 1245 830 1283 a
857 1227 998 1284 Cain
1048 1229 1291 1300 reprobo
1339 1246 1528 1301 usque
1575 1231 1646 1286 ad
1675 1231 1904 1288 Annam
1933 1239 1992 1292 et

328 1311 938 1385 Caipham,evidenter
962 1317 1374 1373 demonstrant
1396 1333 1410 1375 :
1434 1322 1492 1374 et
1513 1319 1850 1393 quicunque
1869 1320 1989 1376 sal-

329 1401 447 1457 vati
495 1407 638 1458 sunt
687 1405 998 1460 credentes
1044 1403 1106 1460 in
1151 1410 1486 1476 venturum,
1521 1408 1675 1465 sicut
1705 1413 1762 1464 et
1793 1427 1900 1466 nos
1931 1409 1990 1465 in

328 1505 468 1546 eum
517 1491 618 1564 qui
658 1493 788 1564 jam
833 1493 994 1549 venit
1043 1493 1361 1564 credimus,
1394 1513 1498 1569 per
1527 1497 1991 1570 redemptionem

327 1594 453 1649 quae
475 1585 566 1636 est
585 1579 646 1637 in
671 1583 960 1656 sanguine
982 1582 1172 1656 ipsius
1193 1584 1398 1641 salvati
1429 1590 1588 1654 sunt,
1621 1587 1774 1643 sicut
1799 1591 1856 1644 et
1881 1603 1990 1644 nos

327 1668 538 1724 eadem
590 1671 995 1744 redemptione
1042 1671 1357 1742 salvamur,
1392 1679 1448 1730 et
1481 1666 1684 1732 Omnes
1729 1675 1993 1733 salvandi

327 1754 454 1812 sine
481 1757 662 1814 dubio
687 1759 1098 1816 salvabuntur.
1123 1760 1288 1818 Unde
1308 1767 1366 1818 et
1391 1763 1738 1820 venerabilis
1757 1765 1992 1838 presby-

2097 609 2448 682 sanguinem
2471 609 2544 666 ab
2567 613 2823 665 extremo
2839 609 3126 682 supplicio
3149 609 3521 677 liberati,non
3543 615 3728 667 tamen

2094 696 2156 752 in
2189 697 2289 753 illa
2316 697 2436 754 vita
2467 703 2810 755 meruerunt
2847 699 2915 755 ad
2951 698 3287 772 paradisum
3319 698 3574 756 revocari
3607 715 3620 754 :
3653 699 3730 757 sic

2097 789 2154 844 et
2183 803 2316 842 caro
2347 786 2586 858 peccati,
2617 787 2849 844 etiamsi
2896 787 3160 844 remissis
3190 787 3444 860 peccatis
3474 787 3648 844 homo
3677 788 3730 844 in

2097 891 2165 930 ea
2177 875 2339 946 juste
2358 875 2584 940 vixerit,
2618 892 2732 932 non
2753 877 3031 932 continuo
3054 880 3312 932 meretur
3331 892 3460 932 eam
3483 881 3728 932 mortem

2099 980 2215 1019 non
2239 963 2484 1036 perpeti,
2507 981 2684 1036 quam
2708 965 2882 1020 traxit
2900 965 2970 1020 de
2991 963 3308 1038 propagine
3327 964 3572 1038 peccati.
3604 965 3734 1022 Tale

2099 1051 2323 1124 aliquid
2347 1052 2516 1108 nobis
2537 1053 2902 1109 insinuatum
2924 1057 3015 1109 est
3035 1053 3106 1109 de
3127 1053 3462 1126 patriarcha
3485 1053 3662 1110 David
3680 1054 3733 1110 in

2099 1139 2248 1197 libro
2270 1141 2624 1214 Regnorum.
2647 1141 2730 1196 Ad
2753 1157 2926 1214 quem
2948 1141 3230 1214 propheta
3251 1159 3386 1198 cum
3409 1143 3628 1199 missus
3659 1159 3734 1200 es-

2100 1233 2207 1296 set,
2231 1230 2401 1303 eique
2431 1234 2669 1303 propter
2699 1234 3002 1303 peccatum
3033 1231 3187 1304 quod
3215 1231 3554 1300 admiserat,
3575 1248 3735 1288 even-

2097 1321 2233 1374 tura
2261 1318 2418 1375 mala
2445 1335 2514 1375 ex
2542 1319 2845 1375 iracundia
2873 1319 2973 1376 Dei
3005 1319 3480 1388 comminaretur,
3513 1321 3737 1378 confes-

2100 1407 2264 1463 sione
2296 1407 2518 1480 peccati
2546 1408 2775 1464 veniam
2808 1407 3434 1481 meruit,respondente
3463 1409 3741 1482 propheta

2101 1497 2256 1568 quod
2279 1496 2330 1552 ei
2353 1496 2644 1569 ﬂagitium
2666 1495 3012 1569 facinusque
3037 1496 3352 1554 remissum
3374 1496 3534 1566 sit,et
3549 1503 3740 1556 tamen

2101 1590 2416 1642 consecuta
2434 1589 2574 1642 sunt
2603 1603 2732 1658 quae
2763 1585 2918 1642 Deus
2940 1585 3128 1642 fuerat
3147 1585 3561 1657 comminatus,
3575 1591 3646 1644 ut
3665 1587 3742 1644 sic

2101 1673 2514 1731 humiliaretur
2544 1692 2577 1730 a
2607 1675 2744 1731 ﬁlio.
2778 1677 2966 1742 Quare
3014 1679 3071 1731 et
3117 1673 3215 1732 hic
3266 1693 3382 1732 non
3431 1676 3666 1750 dicitur,
3696 1677 3742 1734 si

2102 1766 2258 1822 Deus
2300 1769 2536 1836 propter
2581 1759 2882 1837 peccatum
2931 1763 3078 1820 illud
3113 1765 3303 1821 fuerat
3331 1765 3742 1834 comminatus,

325 1848 414 1900 ter
431 1846 588 1902 Beda
613 1846 674 1902 in
697 1848 944 1904 homilia
966 1849 1250 1922 vigesima
1273 1855 1486 1922 quarta
1503 1851 1953 1926 Evangeliidicit
1976 1869 1988 1907 :
2022 1890 2068 1955 B
2103 1869 2209 1908 cur
2230 1851 2474 1910 dimisso
2497 1857 2729 1926 peccato
2743 1853 2894 1925 quod
2910 1856 3033 1910 erat
3045 1854 3439 1910 comminatus
3463 1853 3742 1926 implevit,

333 1954 356 1983 ι
386 1939 595 1993 Turbae
625 1942 825 1992 autem
845 1952 972 2010 quae
999 1939 1506 2011 prwccdebam,ct
1533 1956 1664 2012 quw
1681 1942 1994 2015 sequeban-

327 2028 793 2096 lmgclamabanl
825 2027 1080 2083 dicentes
1095 2043 1108 2083 :
1123 2031 1356 2086 Osanna
1375 2028 1505 2100 ﬁlio
1528 2032 1720 2086 David
1739 2030 1986 2096 (Matth.

325 2114 660 2186 xx1,9).Una
675 2115 1000 2187 eademque
1016 2117 1402 2174 confessionis
1415 2117 1842 2174 etlaudationis
1854 2135 1989 2174 voce

327 2203 645 2260 Dominum
666 2205 765 2276 qui
789 2205 1126 2276 praecedunt
1145 2210 1202 2260 et
1221 2205 1322 2278 qui
1345 2211 1672 2279 sequuntur
1692 2206 1947 2263 exaltant
1969 2220 1982 2258 :
2019 2281 2022 2288 Ι

327 2293 471 2366 quia
493 2311 613 2349 una
634 2293 918 2348 nimirum
946 2293 1092 2350 ﬁdes
1115 2299 1202 2351 est
1221 2296 1553 2368 eorum,qui
1575 2302 1708 2352 ante
1729 2296 1989 2352 incarna-

326 2384 548 2440 tionem
563 2382 930 2440 Dominicam
945 2383 1114 2456 etqui
1129 2388 1330 2456 postea
1346 2384 1502 2440 fuere
1514 2384 1762 2457 probati,
1780 2402 1985 2457 quam-

326 2473 414 2529 vis
428 2477 796 2529 sacramenta
815 2473 1130 2528 habuerint
1151 2491 1254 2546 pro
1277 2477 1389 2528 tem
1399 2491 1606 2546 porum
1621 2473 1844 2530 ratione
1865 2473 1983 2530 dis-

327 2562 514 2636 paria,
540 2562 710 2618 Petro
734 2565 1070 2628 attestante,
1095 2562 1196 2634 qui
1221 2562 1302 2618 ait
1326 2579 1338 2617 :
1361 2563 1463 2618 Sed
1488 2579 1585 2635 per
1614 2565 1853 2633 gratiam
1881 2564 1984 2620 Do-

329 2655 473 2710 mini
527 2653 681 2709 243
725 2653 852 2708 Iesu
919 2651 1191 2708 credimus
1263 2651 1472 2708 salvari
1535 2651 1985 2725 quemadmodum

327 2743 507 2799 etilli
551 2741 692 2810 (Act.
727 2758 818 2810 xv,
855 2741 964 2809 11).
1004 2763 1032 2790 ››
1081 2741 1150 2795 Et
1195 2745 1436 2796 sanctus
1486 2741 1876 2814 Hieronymus
1921 2741 1980 2796 in

327 2833 669 2889 Commento
702 2828 973 2902 Epistolas
996 2829 1160 2885 Pauli
1183 2830 1254 2885 ad
1277 2828 1550 2886 Galatas:
1592 2853 1620 2880 «
1646 2830 1840 2887 Haeres
1873 2830 1981 2887 iste

326 2920 730 2996 parvulus,qui
761 2917 906 2974 nihil
936 2918 1130 2974 differt
1159 2935 1193 2974 a
1219 2935 1382 2974 servo
1415 2935 1548 2974 cum
1585 2917 1664 2974 sit
1695 2919 1980 2974 Dominus

325 3011 612 3080 omnium,
657 3009 758 3065 sed
791 3009 902 3064 sub
931 3007 1228 3064 tutoribus
1258 3011 1315 3062 et
1347 3006 1645 3063 actoribus
1674 3009 1764 3062 est
1792 3022 1980 3079 usque

325 3091 398 3156 ad
431 3098 784 3174 praeﬁnitum
834 3103 1068 3168 tempus
1118 3115 1152 3152 a
1195 3101 1378 3168 patre,
1413 3100 1604 3152 totum
1651 3096 1977 3150 humanum

326 3205 514 3263 genus
543 3204 732 3259 usque
769 3187 841 3241 ad
891 3187 1206 3242 adventum
1247 3185 1484 3261 Christi,
1518 3189 1593 3254 et,
1627 3189 1692 3240 ut
1723 3183 1976 3256 amplius

2100 1941 2212 1997 nisi
2238 1942 2380 2014 quia
2400 1942 2723 1998 rectissime
2753 1941 2839 1998 sic
2864 1941 3085 1999 dictum
3115 1941 3337 1998 fuerit?
3358 1943 3744 2016 Respondebi-

2097 2035 2196 2086 tur
2225 2029 2630 2087 remissionem
2665 2029 2825 2086 illam
2877 2030 3097 2102 peccati
3139 2031 3376 2098 factam,
3405 2049 3478 2088 ne
3507 2031 3686 2088 homo
3715 2047 3748 2088 a

2101 2117 2470 2192 percipienda
2499 2118 2616 2174 vita
2657 2117 3042 2191 impediretur
3087 2124 3323 2176 aeterna.
3353 2119 3745 2177 Subsecutum

2095 2224 2230 2264 vero
2260 2206 2421 2264 illius
2451 2207 2924 2264 comminationis
2949 2207 3317 2278 eﬁ'ectum,ut
3347 2209 3532 2282 pietas
3564 2208 3748 2266 homi-

2096 2295 2188 2352 nis
2208 2295 2267 2352 in
2289 2295 2390 2352 illa
2421 2296 2756 2352 humilitate
2783 2301 3148 2354 exerceretur
3175 2301 3350 2370 atque
3379 2299 3746 2371 probaretur.

2096 2385 2190 2441 Sic
2221 2389 2278 2442 et
2305 2389 2554 2442 mortem
2594 2385 2876 2459 corporis,
2907 2389 2967 2443 et
2993 2391 3228 2460 propter
3254 2391 3559 2460 peccatum
3589 2387 3747 2444 Deus

2095 2472 2320 2528 homini
2360 2473 2594 2541 inﬂixit,
2626 2479 2684 2530 et
2732 2479 2863 2547 post
2909 2478 3283 2547 peccatorum
3335 2475 3748 2533 remissionem

2093 2566 2328 2634 propter
2355 2563 2734 2618 exercendam
2758 2561 3056 2634 justitiam
3087 2581 3204 2620 non
3234 2563 3470 2620 ademit.
3508 2587 3538 2616 ››

2164 2651 2319 2708 244
2359 2652 2429 2706 Et
2475 2651 2614 2707 hinc
2664 2657 2906 2708 sanctus
2953 2652 3270 2725 Gregorius
3302 2653 3360 2708 in
3393 2653 3647 2727 epistola
3676 2656 3748 2712 ad

2091 2738 2402 2812 Eulogium
2432 2739 2911 2808 Alexandrinum,
2945 2744 3002 2797 et
3029 2742 3101 2796 ad
3133 2741 3506 2798 Anastasium
3549 2744 3748 2801 Antio-

2089 2827 2343 2884 chenum
2367 2827 2670 2901 episcopos
2693 2829 2810 2901 (lib.
2834 2847 2912 2900 v1,
2939 2830 3096 2902 epist.
3120 2830 3210 2898 31)
3236 2846 3250 2886 :
3285 2853 3312 2880 ‹‹
3337 2831 3492 2898 Adae,
3528 2831 3744 2906 inquit,

2089 2915 2346 2972 animam
2381 2921 2674 2974 mortuam
2706 2918 2766 2974 in
2799 2923 3034 2992 peccato
3079 2918 3352 2987 dicimus,
3387 2937 3502 2976 non
3533 2937 3570 2977 a
3601 2923 3747 2978 sub-
3810 2953 3816 2958 -

2088 3005 2304 3062 stantia
2332 3007 2583 3074 vivendi,
2616 3008 2716 3063 sed
2748 3025 2783 3063 a
2812 3007 3090 3080 qualitate
3118 3007 3368 3064 vivendi.
3401 3009 3553 3076 Quia
3584 3011 3747 3068 enim

2087 3093 2246 3150 aliud
2279 3099 2368 3152 est
2395 3095 2729 3152 substantia
2774 3101 2948 3170 atque
2995 3096 3152 3153 aliud
3194 3097 3470 3170 qualitas,
3503 3115 3626 3155 non
3659 3101 3750 3155 est

2093 3183 2291 3238 anima
2319 3183 2402 3240 ita
2432 3189 2664 3240 mortua
2712 3189 2777 3241 ut
2823 3203 2939 3242 non
2971 3191 3144 3252 esset,
3168 3187 3268 3243 sed
3301 3187 3385 3242 ita
3413 3192 3654 3244 mortua
3684 3189 3752 3244 ut

327 3257 738 3346 dicam,usque
755 3275 826 3329 ad
849 3275 1052 3328 mundi
1077 3257 1645 3330 consummationem
1667 3273 1980 3347 signiﬁcat.
2017 3257 2061 3325 C
2098 3273 2270 3330 beata
2288 3291 2404 3329 non
2425 3276 2616 3330 esset:
2641 3275 2742 3346 qui
2789 3279 2984 3332 tamen
3015 3275 3200 3331 Adam
3230 3276 3613 3347 postmodum
3647 3293 3752 3348 per

329 3365 628 3433 Quomodo
651 3363 808 3420 enim
832 3379 1037 3418 omnes
1053 3361 1110 3416 in
1135 3361 1494 3434 protoplasto
1518 3361 1702 3417 Adam
1725 3363 1974 3418 necdum

330 3454 450 3510 nati
473 3451 828 3520 moriuntur,
854 3451 936 3505 ita
955 3467 1160 3506 omnes
1190 3449 1364 3505 etiam
1386 3449 1486 3521 qui
1509 3453 1643 3506 ante
1662 3451 1974 3506 adventum

329 3542 544 3598 Christi
594 3541 716 3596 nati
770 3543 927 3606 sunt,
961 3539 1020 3594 in
1052 3539 1308 3594 secundo
1354 3539 1540 3594 Adam
1588 3538 1972 3595 viviﬁcantur.

326 3635 516 3704 Atque
549 3631 629 3686 ita
660 3631 748 3698 ﬁt,
774 3633 839 3684 ut
869 3645 974 3683 nos
1024 3627 1136 3699 legi
1187 3627 1560 3682 servierimus
1591 3627 1648 3682 in
1685 3628 1972 3700 patribus,

327 3721 490 3778 etilli
529 3718 718 3793 gratia
755 3717 1052 3774 salventur
1091 3716 1147 3769 in
1186 3715 1344 3770 ﬁliis.
1372 3715 1485 3771 Iste
1515 3715 1846 3772 intellectus
1874 3719 1974 3773 Ec-

328 3809 517 3866 clesia:
567 3805 866 3864 catholica:
917 3803 1204 3871 convenit,
1238 3821 1366 3876 quae
1403 3809 1460 3860 et
1489 3804 1714 3860 Veteris
1745 3809 1802 3861 et
1832 3807 1972 3861 Novi

326 3896 680 3955 Testamenti
703 3911 880 3950 unam
914 3892 1123 3949 asserit
1153 3893 1600 3965 providentiam,
1624 3911 1729 3950 nec
1762 3895 1971 3951 distin-

327 3987 456 4062 guit
482 3985 544 4041 in
575 3990 836 4056 tempore
867 4000 1014 4055 quos
1043 3981 1298 4038 conditio
1326 3981 1583 4038 sociavit.
1625 4005 1651 4032 »

398 4075 492 4133 Sic
539 4078 595 4130 et
641 4077 882 4130 sanctus
928 4071 1295 4144 Augustinus
1341 4073 1412 4126 ad
1465 4071 1868 4129 Marcellinum
1912 4074 1970 4130 in

325 4165 474 4222 libro
497 4163 753 4221 secundo
777 4162 845 4216 de
870 4159 1168 4232 Baptismo
1190 4160 1454 4231 (cap.34),
1473 4161 1542 4216 de
1573 4161 1972 4234 redemptione

325 4255 651 4328 primorum
690 4250 1024 4314 hominum,
1057 4265 1183 4321 quae
1209 4254 1298 4305 est
1327 4247 1386 4303 in
1419 4249 1702 4322 sanguine
1732 4251 1969 4320 Christi,

325 4344 408 4399 ita
429 4342 604 4398 dicit:
640 4365 668 4392 «
695 4339 1028 4396 Mirandum
1069 4354 1183 4393 non
1225 4342 1332 4404 est,
1356 4342 1413 4393 et
1441 4342 1686 4394 mortem
1715 4339 1972 4411 corporis

325 4450 441 4488 non
468 4430 647 4487 fuisse
674 4434 980 4484 venturam
1011 4427 1256 4494 homini,
1284 4426 1394 4482 nisi
1429 4428 1819 4498 praecessisset
1849 4445 1976 4500 pec-

326 4524 546 4586 catum,
577 4518 746 4588 cujus
788 4515 963 4572 etiam
1013 4514 1151 4570 talis
1198 4531 1368 4586 pmna
1409 4520 1882 4587 consequeretur,
1917 4523 1976 4574 et

2087 3361 2491 3432 penitentiam
2524 3363 2595 3418 ad
2627 3363 2806 3419 vitam
2832 3363 3026 3420 rediit.
3059 3386 3088 3414 »
3119 3365 3190 3420 Et
3221 3369 3462 3421 sanctus
3491 3365 3748 3421 Ambro-

2085 3449 2210 3506 sius
2259 3451 2318 3506 in
2369 3451 2516 3506 libro
2567 3453 2637 3507 de
2687 3451 2962 3509 Paradiso
2993 3452 3133 3525 (cap.
3169 3452 3304 3524 10):
3359 3475 3386 3502 ‹‹
3420 3452 3646 3508 Verum
3699 3453 3750 3509 si

2084 3538 2440 3608 consideres,
2467 3541 2604 3612 quia
2625 3541 2740 3595 Deo
2762 3541 3162 3598 universitatis
3183 3545 3272 3598 est
3291 3558 3452 3608 cura,
3475 3541 3750 3598 invenies

2082 3628 2216 3700 plus
2249 3627 2474 3700 placere
2497 3629 2744 3686 Domino
2767 3631 3040 3687 debuisse
3070 3630 3128 3686 id
3153 3629 3213 3686 in
3237 3647 3354 3703 quo
3374 3634 3532 3687 esset
3562 3647 3754 3686 causa

2082 3717 2504 3784 universitatis,
2525 3735 2701 3790 quam
2731 3719 3243 3775 condemnandum
3275 3719 3457 3775 fuisse
3486 3717 3668 3787 illud,
3687 3718 3749 3774 in

2082 3823 2196 3878 quo
2229 3810 2380 3862 esset
2421 3823 2600 3862 causa
2649 3808 2891 3878 peccati.
2935 3809 3004 3863 Et
3033 3807 3162 3864 ideo
3195 3807 3333 3880 quia
3358 3824 3427 3864 ex
3454 3807 3582 3864 viro
3618 3807 3752 3864 solo

2082 3911 2196 3950 non
2230 3899 2456 3967 poterat
2503 3895 2746 3951 humani
2787 3912 2915 3952 esse
2945 3895 3176 3969 generis
3206 3897 3572 3970 propagatio,
3609 3911 3752 3970 pro-

2082 3983 2374 4039 nuntiavit
2389 3983 2674 4040 Dominus
2688 4003 2800 4040 non
2817 4001 2944 4042 esse
2961 3986 3181 4041 bonum
3196 3985 3386 4042 solum
3409 3985 3752 4043 hominem.

2083 4071 2287 4128 Maluit
2317 4073 2474 4128 enim
2501 4073 2654 4130 Deus
2687 4073 2883 4146 plures
2927 4091 3076 4142 esse,
3109 4073 3256 4147 quos
3305 4073 3496 4130 salvos
3545 4075 3756 4132 facem

2080 4165 2299 4232 posset,
2331 4165 2388 4216 et
2417 4161 2632 4232 quibus
2673 4162 2918 4218 donaret
2967 4166 3291 4234 peccatum,
3325 4179 3502 4235 quam
3545 4179 3754 4220 unum

2080 4248 2273 4304 solum
2307 4249 2490 4304 Adam
2540 4250 2642 4320 qui
2684 4248 2831 4305 liber
2874 4255 3026 4306 esset
3074 4249 3266 4323 culpa.
3301 4248 3569 4322 Denique
3604 4251 3759 4324 quia

2080 4336 2236 4392 idem
2285 4337 2595 4408 utriusque
2643 4342 2846 4393 auctor
2893 4342 2983 4394 est
3031 4338 3243 4411 operis,
3275 4338 3434 4394 venit
3481 4339 3543 4394 in
3581 4339 3760 4396 hunc

2081 4426 2372 4480 mundum
2394 4429 2460 4480 ut
2480 4424 2670 4481 salvos
2691 4427 2904 4482 faceret
2923 4431 3278 4499 peccatores.
3304 4426 3618 4484 Postremo
3643 4445 3761 4484 nec

2081 4513 2220 4568 Cain
2251 4513 2548 4586 parricidii
2597 4531 2780 4582 reum,
2815 4513 3160 4586 priusquam
3210 4520 3512 4588 generaret
3558 4515 3760 4584 ﬁlios,

325 4610 459 4679 post
479 4603 1970 4677 remissionempeccatorum,eamﬁdelibusevenire,
2004 4619 2050 4684 D
2083 4619 2292 4674 passus
2353 4605 2442 4658 est
2495 4601 2752 4656 interire.
2803 4603 2952 4674 Ergo
3003 4606 3238 4675 propter
3291 4603 3762 4675 generationem

323 4698 390 4749 ut
419 4693 476 4746 in
525 4691 654 4762 ejus
701 4691 907 4746 timore
960 4689 1242 4745 vincendo
1297 4697 1634 4746 exerceatur
1690 4691 1969 4750 fortitudo
2079 4689 2469 4746 successionis
2497 4690 2769 4745 humanae
2801 4691 3005 4747 debuit
3033 4690 3246 4746 mulier
3273 4690 3447 4762 adjici
3478 4691 3764 4749 viro.De-

314 4779 582 4854 justitiaz.
617 4779 762 4834 Caro
811 4779 968 4835 enim
1001 4795 1126 4851 qua:
1156 4777 1346 4850 primo
1377 4779 1529 4835 facta
1558 4783 1665 4849 est,
1698 4797 1812 4836 non
1845 4786 1970 4837 erat
2077 4777 2255 4851 nique
2306 4778 2416 4834 hoc
2461 4778 2590 4852 ipsa
2632 4779 2809 4835 verba
2840 4779 3142 4836 declarant
3172 4779 3421 4836 dicentis
3452 4779 3587 4850 Dei,
3630 4800 3764 4838 non

322 4887 456 4926 caro
495 4867 739 4942 peccati,
772 4867 830 4922 in
880 4884 998 4939 qua
1044 4866 1232 4922 noluit
1288 4867 1464 4923 homo
1522 4868 1674 4924 inter
1731 4869 1966 4926 delicias
2076 4867 2296 4922 bonum
2320 4867 2508 4922 solum
2536 4867 2831 4928 hominem
2859 4868 3161 4924 esse.Nam
3183 4869 3310 4925 etsi
3333 4867 3552 4924 mulier
3579 4871 3768 4941 prior

263 4981 275 4991 ο
310 4957 579 5032 .paradisi
627 4973 856 5014 servare
893 4956 1216 5026 justitiam.
1253 4955 1416 5012 Unde
1455 4957 1664 5012 statuit
1692 4958 1866 5025 Deus,
1903 4963 1969 5014 ut
2076 4960 2346 5027 peccator
2373 4962 2516 5025 erat,
2551 4961 2744 5012 tamen
2796 4956 3258 5030 redemptionem
3304 4955 3416 5013 sibi
3463 4959 3773 5028 paritura

323 5051 456 5120 post
503 5047 631 5118 ejus
689 5049 992 5118 peccatum
1050 5049 1373 5117 propagata
1427 5061 1559 5100 caro
1617 5047 1860 5116 peccati,
1893 5048 1963 5102 ad
2076 5060 2192 5098 non
2232 5043 2436 5100 debuit
2481 5045 2554 5100 ab
2604 5063 2716 5101 usu
2773 5045 2979 5100 divinae
3049 5043 3405 5117 operationis
3470 5044 3768 5102 excludi.

321 5135 715 5209 recipiendam
728 5135 1026 5206 justitiam
1050 5133 1348 5188 laboribus
1368 5138 1425 5188 et
1455 5133 1739 5190 molestiis
1762 5135 1969 5192 nitere-
2076 5133 2351 5196 Quamvis
2375 5133 2530 5188 enim
2563 5134 2747 5188 Adam
2778 5149 2895 5188 non
2923 5137 3015 5190 est
3043 5133 3346 5200 seductus,
3380 5131 3616 5189 mulier
3649 5154 3773 5193 au-

322 5225 436 5279 tur.
473 5223 713 5295 Propter
734 5222 844 5277 hoc
863 5221 1040 5276 etiam
1064 5221 1134 5275 de
1157 5219 1428 5291 paradiso
1449 5219 1730 5278 dimissus
1759 5223 1962 5292 Adam,
2074 5223 2190 5274 tem
2206 5221 2449 5276 seducta
2463 5225 2520 5277 et
2537 5220 2595 5276 in
2611 5221 3085 5293 praevaricatione
3105 5219 3300 5291 fuerit,
3323 5220 3484 5276 salva
3503 5224 3770 5292 tamen,

322 5316 524 5368 contra
555 5313 711 5368 Eden
748 5309 1051 5375 habitavit,
1074 5309 1132 5363 id
1159 5311 1247 5364 est
1276 5313 1478 5364 contra
1505 5311 1700 5365 sedem
1731 5311 1965 5367 delicia-
2073 5307 2284 5381 inquit,
2317 5309 2426 5376 erit
2457 5327 2558 5382 per
2605 5311 2859 5366 ﬁliorum
2910 5309 3368 5382 generationem,
3395 5309 3557 5364 inter
3593 5328 3779 5384 quos

322 5415 454 5454 rum
489 5416 502 5454 :
536 5404 602 5454 ut
633 5401 990 5472 signiﬁcaret
1040 5397 1194 5469 quod
1249 5397 1304 5450 in
1341 5396 1658 5466 laboribus,
1695 5399 1793 5470 qui
1827 5404 1966 5456 sunt
2073 5397 2372 5470 generavit
2401 5401 2458 5452 et
2486 5397 2806 5453 Christum.
2843 5421 2870 5448 »
2902 5399 2974 5454 Et
3000 5403 3240 5454 sanctus
3265 5396 3669 5469 Augustinus
3705 5402 3776 5458 in

321 5485 544 5542 deliciis
561 5488 854 5554 contrarii,
879 5487 1201 5542 erudienda
1229 5489 1383 5540 esset
1411 5502 1543 5540 caro
1575 5487 1964 5560 peccati,qum
2073 5487 2310 5557 praefato
2357 5486 2504 5542 libro
2553 5487 2624 5542 ad
2676 5487 3080 5543 Marcellinum
3130 5488 3294 5560 (libro
3334 5502 3394 5553 ιι,
3425 5501 3558 5556 cap.
3600 5491 3720 5560 25)
3757 5508 3777 5548 ε

321 5571 382 5626 in
405 5573 630 5628 deliciis
649 5575 1036 5631 obedientiam
1062 5592 1177 5630 non
1199 5573 1442 5630 servavit
1463 5578 1778 5645 antequam
1809 5581 1966 5632 esset
2074 5574 2291 5630 «Talis
2357 5573 2630 5646 populus,
2681 5580 2747 5631 ut
2794 5575 3054 5648 praedixi,
3103 5574 3371 5632 eruditus
3431 5573 3488 5628 in
3551 5593 3782 5652 regno

321 5675 454 5716 caro
486 5663 727 5734 peccati.
762 5663 927 5719 Sicut
975 5679 1110 5736 ergo
1143 5661 1225 5718 illi
1259 5661 1430 5734 primi
1466 5661 1734 5720 homines
1763 5670 1964 5736 postea
2073 5662 2350 5718 cmlorum
2374 5663 2605 5736 perduc
2625 5665 3019 5729 Testamenta,
3042 5663 3223 5720 Vetus
3245 5668 3302 5719 et
3331 5663 3598 5734 Novum,
3635 5684 3782 5726 non
