3970 6182
252 401 374 467 309

978 406 1080 468 DE
1123 404 1885 470 PRIEDESTINATIONE
1927 402 2440 470 DISSERTATIO
2480 406 2942 473 POSTERIOB.

3548 408 3668 474 310

255 535 562 596 declinans
586 537 648 594 in
669 537 966 596 dexteram
987 541 1242 614 superba
1263 541 1719 614 praesumptione
1739 539 1913 612 justi-
1939 539 1996 606 Α
2023 541 2308 596 rationem.
2331 540 2602 598 Similiter
2627 527 2850 599 calicem
2876 551 3156 617 postquam
3183 547 3410 603 creuerit
3433 545 3618 604 dicens
3649 561 3670 602 :

253 627 370 696 tiae,
395 644 585 700 neque
612 629 671 684 in
693 627 994 686 sinistram
1023 646 1232 686 secura
1253 630 1564 687 dilectione
1587 629 1829 703 peccati,
1856 627 1915 683 in

251 721 476 774 terram
509 717 986 790 repromissionis
1007 719 1190 777 intrat
1215 735 1227 774 :
1255 719 1352 775 ubi
1369 721 1494 792 jam
1519 723 1755 792 peccata
1774 716 1918 772 ulte-

251 805 376 863 rius
407 823 516 863 nec
550 807 725 863 nobis
757 808 1032 864 donanda
1066 814 1357 881 optemus,
1383 825 1486 864 nec
1519 808 1577 862 in
1609 806 1778 862 nobis
1808 823 1913 878 pu-

247 896 470 952 nienda
505 895 853 963 timeamus,
885 896 955 952 ab
988 896 1086 952 illo
1121 897 1506 970 Redemptore
1535 894 1786 962 liberati,
1815 897 1916 967 qui

249 1003 368 1042 non
400 985 786 1042 venundatus
807 985 918 1040 sub
947 991 1188 1058 peccata
1218 985 1464 1042 redemit
1494 984 1668 1042 Israel
1699 984 1771 1040 ab
1798 999 1918 1039 om.

255 1074 435 1130 nibus
481 1071 897 1146 iniquitatibus
927 1075 1078 1146 ejus,
1111 1073 1230 1130 sive
1279 1073 1514 1147 propria
1561 1073 1914 1145 cujusquam

254 1162 372 1218 vita
428 1161 791 1231 commissis,
847 1162 966 1219 sive
1023 1162 1388 1236 originaliter
1435 1162 1660 1218 tractis.
1693 1183 1720 1210 ››
1753 1161 1916 1216 Unde

256 1254 513 1318 constat,
536 1251 692 1306 sicut
723 1255 967 1307 sanctus
1002 1251 1348 1308 Ambrosius
1389 1256 1648 1307 tractans
1679 1253 1914 1306 senten-

246 1341 395 1398 tiam
432 1339 700 1412 Apostoli
735 1356 748 1396 :
784 1341 848 1396 Et
889 1340 1096 1414 peribit
1141 1343 1238 1413 qui
1285 1342 1539 1412 inﬁrmus
1580 1348 1660 1396 est
1707 1342 1767 1395 in
1819 1346 1916 1394 tua

244 1432 480 1488 scierth
507 1431 702 1501 frater,
732 1447 833 1502 pro
880 1446 983 1504 quo
1027 1429 1275 1486 Christus
1322 1437 1570 1486 mortuus
1599 1437 1678 1486 est
1705 1429 1758 1501 (Ι
1782 1429 1904 1485 Cor.

245 1537 367 1588 vm,
392 1520 483 1588 11)
503 1518 760 1592 exponit,
785 1519 842 1574 id
865 1524 976 1589 est,
1003 1541 1031 1570 α
1064 1524 1166 1576 tua
1197 1519 1404 1593 peritia
1452 1519 1620 1574 illum
1669 1517 1902 1586 occidit,

244 1613 304 1665 et
327 1611 394 1663 tu
422 1607 544 1664 eris
585 1608 816 1665 occasio
859 1608 1066 1665 mortis
1107 1608 1324 1679 fratris,
1349 1625 1521 1680 quem
1554 1607 1821 1663 Christus
1852 1610 1918 1662 ut

245 1697 562 1754 redimeret
590 1696 859 1771 cruciﬁgi
906 1714 968 1754 se
1013 1697 1346 1770 permisit.»
1371 1697 1565 1752 Potest
1594 1696 1783 1769 perire
1814 1704 1912 1768 qui
1953 1760 1958 1770 ι

236 1787 361 1860 jam
383 1786 614 1842 donum
640 1785 1063 1858 redemptionis
1085 1783 1641 1858 suscepit,vide1icet
1662 1783 1801 1856 quia
1821 1784 1916 1838 do-

242 1893 316 1932 no
333 1875 566 1932 abusus
585 1873 791 1947 periit:
813 1891 919 1930 cur
939 1891 1054 1930 non
1071 1873 1304 1930 dicatur
1323 1873 1500 1930 etiam
1515 1872 1782 1930 Christus
1803 1889 1906 1944 pro

241 1963 324 2022 eis
341 1980 564 2038 passus
584 1962 689 2036 qui
711 1962 918 2018 redimi
946 1962 1280 2030 noluerunt,
1297 1961 1396 2034 qui
1420 1961 1470 2018 si
1493 1961 1901 2029 credidissent,

241 2053 445 2126 utique
477 2051 931 2120 redimerentur,
955 2051 1108 2108 sicut
1134 2055 1194 2108 et
1224 2050 1306 2106 illi
1328 2049 1614 2122 redempti
1643 2054 1782 2104 sunt
1803 2049 1903 2122 qui

243 2141 667 2200 crediderunt?
703 2141 869 2209 Quod
898 2145 955 2198 et
985 2141 1231 2214 Prosper
1260 2144 1463 2196 contra
1491 2137 1905 2195 Vineentianos

243 2231 573 2304 objections
616 2230 813 2304 prima
851 2230 1218 2286 demonstrat
1256 2229 1458 2285 dicens
1493 2246 1506 2283 :
1541 2229 1752 2284 Contra
1779 2227 1905 2284 vul-

245 2338 353 2378 nus
383 2318 702 2394 originalis
727 2320 970 2393 peccati,
995 2336 1112 2392 quo
1135 2319 1192 2374 in
1215 2319 1397 2375 Adam
1429 2317 1693 2374 omnium
1724 2316 1909 2374 homi-

247 2425 382 2466 num
405 2413 694 2481 corrupta
712 2412 772 2464 et
791 2407 1142 2464 mortiﬁcata
1162 2411 1376 2463 natura
1394 2411 1504 2472 est,
1521 2412 1578 2462 et
1600 2407 1755 2462 unde
1779 2423 1904 2462 con-

250 2497 757 2571 cupiscentiarum
807 2497 1050 2552 morbus
1096 2495 1354 2564 inolevit,
1383 2512 1586 2552 verum
1619 2499 1675 2550 et
1703 2498 1908 2567 potens

250 2603 314 2644 ac
341 2586 654 2660 singulare
696 2585 1020 2641 remedium
1054 2589 1144 2641 est
1174 2601 1334 2640 mors
1367 2583 1490 2640 Filii
1526 2583 1625 2640 Dei
1676 2581 1908 2639 Domini

249 2675 387 2733 Jesn
418 2675 672 2742 Christi,
706 2672 807 2746 qui
867 2673 1013 2729 liber
1063 2690 1095 2728 a
1144 2673 1350 2729 mortis
1401 2673 1552 2730 245
1604 2672 1820 2739 debito,
1855 2675 1912 2725 et

249 2763 410 2822 solus
441 2764 675 2836 absque
706 2765 965 2834 peccato,
989 2779 1092 2835 pro
1122 2761 1524 2834 peccatoribus
1548 2766 1606 2817 et
1636 2759 1911 2816 debitori-

251 2853 358 2910 bus
376 2851 592 2909 mortis
608 2854 700 2908 est
715 2851 1176 2918 mortuus.Quod
1195 2866 1332 2923 ergo
1351 2851 1421 2905 ad
1445 2849 1912 2923 magnitudinem

253 2947 308 3000 et
335 2941 666 3016 potentiam
698 2939 890 3013 pretii,
915 2943 972 2996 et
1001 2939 1157 3012 quod
1190 2940 1258 2994 ad
1295 2956 1474 2994 unam
1506 2939 1757 3011 pertinet
1775 2953 1912 2993 cau-

254 3048 378 3088 sam
408 3031 647 3105 generis
676 3029 946 3098 humani,
975 3029 1220 3102 sanguis
1242 3027 1454 3084 Christi
1485 3027 1804 3100 redemptio
1827 3029 1916 3081 est

255 3119 431 3176 totius
461 3119 700 3176 mundi.
725 3119 838 3174 Sed
869 3117 972 3191 qui
1004 3117 1114 3173 hoc
1145 3116 1426 3174 saeculum
1457 3116 1582 3172 sine
1616 3115 1728 3170 ﬁde
1751 3113 1914 3170 Chri-

253 3205 348 3274 sti,
370 3211 428 3262 et
449 3206 580 3262 sine
601 3204 1062 3278 regenerationis
1083 3207 1449 3261 sacramento
1479 3206 1913 3276 pertranseunt,

253 3312 287 3352 ι
314 3293 722 3368 redemptione
752 3293 924 3349 alieni
953 3298 1112 3349 sunt.

321 3385 390 3440 Et
404 3385 548 3456 quia
565 3400 685 3438 una
701 3383 1023 3455 eademque
1042 3383 1155 3438 fide
1177 3381 1409 3438 salvatae
1428 3386 1569 3438 sunt
1586 3381 1767 3437 turbae
1785 3398 1912 3454 quae

253 3476 684 3546 praecesserunt
703 3477 762 3527 et
776 3489 904 3544 quae
925 3472 1632 3544 subsequuntur,constat
1645 3469 1780 3526 licet
1796 3469 1916 3526 sint

254 3561 1065 3634 sacramentadisparia,quia
1078 3560 1256 3617 simili
1277 3559 1618 3616 inﬁdelitate
1633 3563 1690 3616 et
1707 3558 1916 3631 iniqui-

251 3656 370 3708 tate
379 3651 766 3725 pereuntium
783 3651 967 3706 turba:
983 3667 1109 3724 quae
1127 3653 1550 3723 praecesserunt
1566 3652 1623 3703 et
1638 3665 1765 3720 quae
1783 3648 1918 3703 sub-

254 3745 593 3814 sequuntur
623 3739 940 3796 intereunt.
975 3739 1088 3794 Sed
1120 3743 1177 3794 et
1205 3737 1520 3810 Apostolus
1552 3738 1917 3792 demonstrat

255 3830 392 3903 quia
421 3844 543 3884 uno
573 3828 899 3901 eodemque
927 3829 1080 3884 bono
1123 3827 1299 3883 odore
1331 3826 1430 3882 alii
1461 3825 1780 3892 salvantur,
1815 3825 1913 3881 alii

257 3921 521 3992 pereunt,
544 3917 752 3974 dicens
776 3933 790 3974 :
814 3916 1030 3972 Christi
1061 3917 1252 3972 bonus
1275 3916 1418 3972 odor
1442 3931 1650 3971 sumus
1671 3915 1820 3984 Deo;
1856 3915 1914 3970 in

254 4007 346 4064 bis
373 4007 473 4080 qui
505 4005 833 4072 salvantur,
857 4009 915 4061 et
942 4006 1000 4061 in
1034 4005 1127 4061 his
1149 4004 1249 4078 qui
1281 4009 1548 4078 pereunt.
1573 4005 1644 4058 Et
1671 4004 1914 4059 Ambro-

258 4096 399 4162 sius,
421 4112 726 4168 exponens
757 4111 1088 4151 sermonem
1130 4093 1388 4167 Apostoli
1421 4093 1493 4148 de
1525 4109 1689 4148 omna
1720 4092 1916 4148 Domi-

259 4186 406 4252 nica,
433 4184 497 4240 in
529 4183 722 4256 Epist.
748 4184 818 4239 ad
843 4183 1173 4240 Corinthios
1203 4183 1414 4255 prima,
1443 4181 1524 4237 ita
1553 4181 1696 4236 dicit
1725 4181 1794 4237 de
1824 4181 1918 4237 his

258 4275 354 4347 qui
385 4291 456 4330 ex
484 4289 556 4330 ea
586 4272 840 4329 salutem
873 4271 1226 4344 accipiunt.«
1254 4271 1544 4328 Medicina
1569 4271 1725 4326 enim
1755 4270 1921 4344 spiri-

257 4362 390 4422 talis
411 4367 526 4428 est,
543 4379 676 4434 qua
693 4378 829 4418 eum
851 4360 1173 4418 reverentia
1189 4361 1501 4434 degustata
1521 4360 1790 4433 puriﬁcat
1807 4360 1919 4419 sibi

257 4453 554 4509 devotum.
583 4449 867 4506 Memoria
909 4449 1066 4505 enim
1116 4448 1534 4521 redemptionis
1567 4453 1778 4504 nostra:
1809 4454 1918 4505 est.

257 4545 326 4599 ut
345 4539 761 4613 Redemptoris
778 4555 1070 4596 memores
1088 4539 1310 4610 majora
1329 4539 1402 4593 ab
1419 4555 1486 4595 eo
1509 4537 1784 4610 consequi
1810 4555 1924 4594 me-

2023 629 2122 684 IIic
2148 638 2227 685 est
2253 631 2401 686 calix
2421 647 2620 686 novum
2650 639 3024 688 testamentum
3051 635 3110 688 in
3129 637 3395 706 sanguine
3415 653 3551 702 meo,
3574 637 3672 710 qui

2023 733 2121 790 pro
2147 718 2294 774 vobis
2311 719 2572 788 fundetur
2594 721 2742 793 (Luc.
2767 737 2903 788 xxn,
2924 721 3030 787 19).
3052 723 3122 776 Ει
3139 721 3216 775 ibi
3243 726 3364 776 erat
3383 723 3414 778 J
3422 724 3566 780 udas
3585 724 3672 780 in-

2024 810 2112 861 ter
2139 807 2452 878 apostolos,
2475 807 2611 864 licet
2631 808 2870 880 quidam
2904 809 2973 863 de
3006 809 3314 881 praecipuis
3336 811 3670 866 doctoribus

2023 895 2324 951 catholicis
2358 896 2528 952 aliter
2561 897 2734 952 dicat.
2776 897 2887 952 Sed
2937 899 3188 952 Joannes
3220 897 3672 971 Chrysostomus

2023 981 2083 1038 in
2115 983 2356 1040 homilia
2387 985 2456 1039 de
2487 985 2810 1057 proditione
2839 986 3023 1050 Judaa,
3048 990 3104 1041 et
3133 991 3374 1042 sanctus
3405 987 3678 1060 Augusti-

2024 1089 2136 1128 nus
2167 1072 2226 1127 in
2250 1072 2608 1146 expositione
2639 1072 2848 1146 psalmi
2882 1073 3113 1139 decimi,
3137 1079 3194 1129 et
3214 1075 3326 1131 Leo
3349 1075 3406 1130 in
3433 1073 3676 1130 homilia

2029 1161 2198 1218 tertia
2226 1163 2297 1217 de
2331 1161 2598 1218 Passione
2634 1162 2888 1229 Domini,
2913 1165 3184 1219 eumdem
3217 1162 3670 1236 proditorcmibi

2027 1251 2205 1306 fuisse
2227 1251 2650 1306 demonstrant.
2673 1251 2743 1306 Et
2764 1256 2894 1324 post
2917 1252 3218 1324 praemissa
3238 1252 3533 1327 Evangelii
3555 1269 3676 1308 ver-

2025 1340 2097 1395 ba
2120 1356 2254 1394 mox
2275 1339 2490 1394 ibidem
2515 1339 2926 1412 subsequitur:
2947 1341 3321 1398 Verumtamen
3340 1358 3458 1398 ecce
3476 1358 3674 1398 manus

2024 1428 2284 1483 tradentis
2333 1444 2417 1484 me
2450 1445 2658 1483 mecum
2709 1436 2788 1484 est
2820 1430 2880 1483 in
2916 1446 3104 1484 mensa
3134 1431 3306 1502 (Joan.
3332 1448 3433 1486 xm
3457 1431 3563 1502 11).
3588 1430 3668 1486 De

2025 1534 2138 1590 quo
2171 1517 2452 1589 scriptum
2487 1521 2574 1572 est
2598 1534 2610 1570 :
2635 1518 2700 1572 Et
2718 1534 2874 1573 nemo
2895 1519 3082 1590 periit,
3106 1520 3221 1573 nisi
3238 1519 3390 1590 ﬁlius
3416 1517 3676 1591 perditio-

2021 1607 2112 1661 nis
2133 1625 2152 1660 :
2189 1622 2362 1678 quem
2395 1609 2451 1660 et
2479 1605 2821 1677 praeseicbat
2849 1622 2911 1661 se
2943 1605 3316 1674 traditurum,
3340 1607 3494 1663 sicut
3525 1607 3674 1664 scri-

2024 1699 2192 1768 ptum
2214 1698 2335 1750 est:
2361 1695 2477 1767 Ipse
2501 1696 2649 1750 enim
2667 1695 2871 1751 sciebat
2888 1697 3010 1768 quis
3029 1704 3164 1750 esset
3187 1712 3309 1751 eum
3331 1696 3634 1752 traditurus
3655 1713 3678 1751 :

2016 1791 2302 1855 propterea
2329 1783 2512 1839 dixit:
2543 1784 2662 1839 Non
2690 1786 2818 1839 estis
2846 1784 3042 1839 mundi
3071 1801 3272 1840 omnes.
3299 1787 3368 1841 Et
3398 1784 3493 1840 hic
3524 1802 3678 1840 vera-

2024 1871 2170 1927 citer
2201 1871 2488 1945 scriptum
2527 1877 2619 1928 est
2653 1889 2664 1927 :
2699 1873 2805 1928 lloc
2835 1881 2914 1928 est
2938 1889 3130 1945 corpus
3168 1890 3368 1938 meum,
3402 1873 3542 1946 quod
3573 1890 3674 1946 pro

2012 1961 2160 2016 vobis
2191 1961 2374 2016 datur.
2400 1963 2468 2016 Et
2493 1979 2504 2016 :
2529 1962 2628 2016 llic
2656 1970 2734 2017 est
2778 1963 2928 2016 calix
2969 1979 3166 2017 novum
3209 1971 3584 2018 testamentum
3613 1965 3674 2018 in

2011 2051 2280 2122 sanguine
2307 2066 2445 2116 meo,
2479 2067 2573 2122 qui
2612 2067 2713 2122 pro
2752 2051 2905 2106 vobis
2942 2051 3224 2121 fundetur.
3249 2051 3393 2106 Iliae
3423 2051 3672 2123 quisque

2013 2139 2409 2194 contradictor
2435 2139 2804 2210 respondeat,
2839 2143 3038 2194 utrum
3087 2155 3190 2212 pro
3224 2139 3340 2194 illis
3374 2139 3534 2207 solis,
3571 2143 3674 2211 qui

2014 2227 2085 2284 de
2113 2245 2292 2282 manu
2322 2226 2480 2282 illius
2499 2226 2598 2282 illa
2620 2244 2785 2282 sacra
2805 2233 3170 2299 acceperant,
3191 2227 3278 2282 vel
3301 2228 3401 2300 qui
3428 2227 3508 2284 ibi
3541 2229 3677 2284 ade-

2015 2322 2168 2384 rant,
2203 2336 2276 2373 an
2316 2322 2372 2374 et
2420 2335 2524 2391 pro
2573 2317 2725 2386 aliis,
2760 2318 2928 2374 nobis
2978 2317 3220 2386 scilicet,
3254 2319 3354 2391 qui
3415 2317 3476 2374 in
3535 2337 3671 2376 eum

2015 2406 2290 2463 credituri
2315 2423 2570 2462 eramus.
2591 2407 2823 2463 Scimus
2845 2407 2982 2479 quia
3006 2407 3172 2462 facile
3196 2407 3592 2479 respondebit,
3617 2412 3674 2464 et

2017 2513 2121 2568 pro
2144 2496 2422 2552 omnibus
2455 2496 2514 2550 in
2537 2512 2671 2550 eum
2695 2497 3089 2565 credentibus,
3117 2496 3254 2568 quia
3278 2497 3357 2552 ibi
3386 2497 3671 2570 scriptum

2019 2590 2153 2640 est:
2195 2587 2302 2641 Hoc
2355 2587 2518 2657 facite
2577 2587 2637 2640 in
2690 2603 2870 2641 meam
2928 2588 3490 2642 commemorationem
3518 2588 3670 2655 (Luc.

2019 2691 2156 2740 xxn,
2182 2675 2289 2745 19).
2306 2675 2453 2745 Ergo
2475 2673 2614 2746 quia
2635 2675 2839 2742 turbae,
2857 2691 2985 2746 quae
3008 2675 3415 2746 praecedebant
3436 2680 3494 2730 et
3520 2677 3674 2733 246

2021 2779 2148 2834 quae
2177 2762 2594 2834 sequebantur,
2628 2763 2965 2819 clamabant
2996 2763 3258 2819 dicentes
3287 2763 3522 2820 Osanna
3556 2763 3674 2821 lilio

2021 2851 2224 2919 David,
2251 2851 2403 2907 sicut
2431 2869 2535 2924 pro
2581 2852 3105 2924 subsequentibus,
3134 2852 3215 2907 ita
3243 2856 3299 2907 et
3329 2871 3432 2926 pro
3463 2870 3675 2926 prince-

2023 2940 2318 3007 dentibus,
2347 2948 2410 2995 ut
2457 2940 2659 2996 Petrus
2688 2939 2848 3007 dicit,
2878 2957 2976 3012 per
3013 2943 3249 3011 gratiam
3277 2942 3376 2996 Dei
3403 2941 3676 2998 credimus

2022 3030 2250 3096 salvari,
2273 3027 2724 3101 quemadmodum
2751 3036 2803 3084 et
2835 3029 2925 3084 illi
2955 3029 3086 3098 (Act.
3111 3046 3204 3094 xv,
3229 3030 3336 3100 10).

2093 3119 2178 3173 Ad
2209 3118 2457 3174 alterum
2502 3117 2674 3173 modo
2705 3133 2840 3172 eum
2890 3119 3239 3190 respondere
3289 3134 3404 3172 non
3456 3118 3671 3192 pigeat,

2025 3207 2260 3280 quando
2291 3206 2436 3262 dixit
2467 3223 2482 3262 :
2515 3207 2623 3262 Hoc
2667 3214 2745 3262 est
2773 3222 2966 3279 corpus
2998 3221 3174 3260 meum
3209 3206 3348 3278 quod
3373 3224 3474 3279 pro
3524 3208 3674 3264 vobis

1939 3277 1980 3344 Ο
2019 3277 2216 3363 datur;
2247 3300 2305 3350 et
2327 3314 2340 3352 :
2365 3297 2462 3351 llic
2490 3303 2568 3352 est
2595 3296 2745 3351 calix
2769 3277 2876 3368 qui
2898 3312 2998 3367 pro
3028 3295 3178 3351 vobis
3217 3277 3508 3367 ffundetur,
3534 3295 3674 3370 quia

2021 3385 2236 3441 Judam
2270 3402 2383 3439 non
2416 3384 2660 3456 excepit,
2684 3388 2883 3438 utrum
2915 3383 3080 3438 illum
3108 3384 3368 3456 excipere
3395 3385 3675 3441 audebit?

2023 3473 2256 3529 Scimus
2277 3472 2416 3544 quia
2437 3473 2750 3528 Dominum
2777 3472 3085 3528 mentitum
3112 3473 3314 3541 fuisse,
3331 3473 3467 3530 licet
3487 3473 3676 3530 multa

2023 3566 2360 3635 praesumat,
2384 3562 2575 3617 dicere
2607 3579 2720 3616 non
2755 3561 3012 3617 audebit.
3042 3563 3111 3616 Et
3135 3561 3182 3617 si
3212 3563 3498 3619 Dominus
3529 3581 3563 3619 a
3593 3580 3676 3619 re-

2024 3650 2359 3723 demptione
2389 3649 2555 3706 illum
2599 3668 2712 3706 non
2765 3649 3008 3722 excepit,
3044 3651 3143 3705 sed
3177 3651 3301 3723 ipse
3330 3651 3466 3707 licet
3510 3651 3672 3708 illam

2023 3741 2303 3813 indignus
2325 3739 2668 3812 susceperit,
2692 3756 2754 3795 se
2775 3739 3031 3794 alienum
3053 3739 3410 3813 ell‘ecit,quid
3433 3745 3678 3813 peccant

2025 3831 2290 3886 doctores
2321 3828 2604 3886 catholoci
2639 3829 2900 3883 dicentes
2926 3845 2938 3882 :
2966 3829 3072 3883 Pro
3102 3828 3378 3884 omnibus
3409 3828 3676 3886 Christus

2025 3936 2237 3992 passus
2259 3923 2366 3984 est,
2391 3918 2526 3973 licet
2548 3935 2664 3972 non
2686 3933 2891 3972 omnes
2922 3916 3213 3988 passionis
3245 3917 3372 3989 ejus
3402 3918 3676 3992 mysterio

2026 4008 2412 4074 redimantur,
2429 4006 2526 4078 qui
2546 4005 2811 4062 omnium
2833 4006 3094 4077 suscepit
3116 4011 3408 4074 naturam,
3426 4015 3478 4064 et
3495 4024 3679 4064 omnes

2025 4097 2145 4152 vult
2171 4097 2347 4152 salvos
2375 4097 2517 4167 ﬁeri,
2550 4103 2606 4150 et
2630 4096 2906 4150 neminem
2926 4095 3042 4150 vult
3067 4098 3268 4166 perire,
3295 4100 3360 4150 ut
3388 4096 3602 4153 Paulus
3623 4101 3681 4153 et

2028 4183 2233 4240 Petrus
2265 4183 2486 4249 dicunt,
2521 4182 2656 4238 licet
2706 4199 2821 4237 non
2853 4198 3058 4238 omnes
3107 4182 3442 4238 solventur?
3471 4184 3542 4238 Et
3573 4201 3679 4239 nos

2029 4271 2170 4344 quid
2220 4271 2578 4328 contrarium
2625 4271 2759 4326 ﬁdei
2810 4269 3107 4326 catholicae
3138 4271 3414 4341 diximus,
3445 4271 3679 4342 quando

2030 4361 2266 4416 illorum
2297 4365 2355 4416 et
2385 4378 2626 4416 sensum
2667 4365 2725 4414 et
2755 4360 2930 4415 verba
2969 4363 3250 4430 ponentes
3282 4359 3629 4431 scripsimus
3662 4376 3675 4416 :

2029 4451 2137 4505 Pro
2189 4448 2440 4504 omnibus
2489 4447 2735 4502 Christus
2783 4463 2978 4518 passus
3033 4453 3130 4511 est,
3163 4447 3289 4501 licet
3337 4463 3445 4503 non
3498 4464 3682 4504 omnes

2027 4539 2300 4610 pessimis
2331 4538 2446 4608 ejus
2475 4537 2734 4608 mysterio
2763 4534 3108 4590 redimantur
3138 4553 3156 4589 :
3188 4537 3318 4607 quia
3347 4552 3469 4592 vero
3499 4552 3683 4593 omnes

256 4647 513 4687 reamur.
545 4653 574 4678 »
599 4629 744 4684 ltem
777 4629 847 4685 de
878 4628 971 4684 his
999 4628 1098 4700 qui
1131 4645 1198 4684 ex
1230 4645 1298 4683 ea
1326 4627 1464 4684 vitio
1496 4645 1602 4683 suo
1628 4627 1920 4699 judicium
1955 4647 2000 4710 Π
2029 4627 2302 4699 passionis
2331 4627 2447 4697 ejus
2474 4624 2734 4696 mysterio
2771 4639 2882 4678 non
2919 4623 3282 4692 redimuntur,
3315 4642 3425 4680 non
3467 4627 3686 4698 respicit

255 4719 370 4778 sibi
394 4719 699 4791 accipiunt
721 4735 770 4774 ;‹‹
799 4719 1086 4774 Futurum
1107 4721 1216 4781 est,
1238 4716 1452 4790 inquit,
1473 4721 1536 4772 ut
1553 4717 1928 4790 quemadmo-

259 4808 402 4864 dum
417 4807 634 4863 accidit
647 4805 1057 4878 unusquisque
1072 4806 1276 4861 reddat
1291 4822 1502 4861 causas
1517 4805 1574 4860 in
1590 4805 1681 4860 die
1694 4805 1925 4864 Domini

259 4895 400 4952 Jesu
431 4894 650 4951 Christi
683 4895 824 4967 quia
854 4895 982 4950 sine
1003 4893 1318 4966 disciplina
1345 4893 1683 4950 traditionis
1713 4898 1769 4948 et
1798 4909 1924 4948 con-

260 4983 614 5040 versationis
644 4983 745 5056 qui
777 4984 1086 5050 accedunt,
1113 4983 1195 5038 rei
1246 4986 1386 5038 sunt
1417 4981 1676 5054 corporis
1707 4987 1764 5037 et
1792 4999 1926 5038 san-

261 5069 461 5143 guinis
484 5069 737 5125 Domini.
759 5071 906 5136 Quid
929 5076 1019 5126 est
1044 5073 1238 5126 autem
1261 5087 1389 5126 reos
1417 5085 1565 5136 esse,
1592 5069 1703 5126 nisi
1727 5087 1928 5142 poenas

262 5159 405 5214 dare
437 5157 647 5213 mortis
665 5157 938 5214 Domini?
959 5157 1199 5214 Occisus
1220 5161 1310 5214 est
1329 5158 1486 5213 enim
1509 5158 1684 5214 etiam
1707 5175 1811 5230 pro
1833 5157 1926 5214 his

263 5245 367 5320 qui
393 5245 748 5302 beneficium
779 5247 906 5318 ejus
938 5245 997 5300 in
1038 5245 1268 5301 irritum
1300 5246 1543 5302 ducunt.
1571 5269 1598 5295 ››
1620 5247 1763 5301 Ecce
1812 5263 1915 5319 pro

263 5334 359 5390 his
387 5351 603 5407 passus
635 5333 977 5407 dicitur,qui
1000 5351 1116 5389 non
1136 5335 1264 5405 ejus
1294 5333 1567 5408 passione
1597 5334 1918 5390 salvantur.

264 5423 432 5491 Quod
465 5423 524 5478 in
556 5422 868 5496 Evangelia
916 5424 1241 5478 secundum
1283 5424 1502 5478 Lucam
1553 5422 1923 5495 apertissime

265 5513 728 5578 demonstratur,
778 5528 912 5567 cum
945 5513 1162 5568 dicitur
1185 5529 1197 5568 :
1222 5514 1285 5568 Et
1304 5520 1514 5584 accepto
1538 5527 1700 5584 pane,
1721 5514 1926 5584 gratias

263 5603 384 5672 egit
412 5608 467 5656 et
486 5601 671 5671 fregit,
692 5608 746 5655 et
770 5600 918 5656 dedit
943 5602 1021 5656 eis
1041 5601 1226 5657 dicens
1247 5620 1264 5656 :
1289 5603 1395 5658 lloc
1413 5609 1493 5657 est
1510 5618 1703 5674 corpus
1722 5618 1926 5668 meum,

268 5687 412 5760 quod
439 5704 540 5760 pro
570 5689 718 5744 vobis
757 5687 939 5758 datur,
963 5689 1060 5746 hoc
1087 5693 1250 5761 facite
1292 5693 1349 5745 in
1389 5706 1569 5746 meam
1607 5706 1928 5747 commemo-

2035 4715 2104 4771 ad
2141 4706 2576 4785 magnitudinem
2615 4713 2802 4785 pretii,
2833 4711 2925 4766 sed
2971 4713 3040 4766 ad
3087 4713 3396 4784 inﬁdelium
3439 4723 3689 4786 partem;

2039 4805 2169 4876 quia
2193 4802 2456 4874 poculum
2485 4801 2739 4858 humana’
2770 4802 2986 4867 salutis,
3021 4801 3159 4874 quod
3189 4805 3490 4874 confectum
3519 4812 3598 4860 est
3622 4805 3690 4861 de

2037 4893 2357 4964 inﬁmitate
2376 4898 2559 4946 nostra
2580 4898 2631 4946 et
2662 4893 2856 4946 virtute
2879 4891 3090 4959 divina,
3113 4891 3270 4948 habet
3298 4893 3515 4965 quidem
3545 4896 3604 4949 in
3632 4909 3691 4949 se

2035 4989 2096 5036 ut
2124 4980 2374 5037 omnibus
2403 4982 2598 5051 prosit,
2627 4979 2719 5036 sed
2747 4981 2800 5034 si
2841 4996 2947 5035 non
2991 4980 3214 5046 bibitur,
3248 4998 3354 5037 non
3403 4983 3689 5038 medetur?

2036 5069 2198 5137 Quod
2221 5067 2606 5142 spiritualiter
2626 5068 2900 5122 biberunt
2919 5073 2975 5123 et
2998 5070 3180 5124 sancti
3205 5069 3263 5124 in
3279 5069 3469 5125 Veteri
3493 5070 3686 5124 Testa-

2035 5161 2232 5214 mento
2263 5174 2330 5213 ac
2361 5156 2566 5213 salvati
2613 5161 2777 5222 sunt,
2812 5161 3064 5213 testante
3102 5157 3396 5229 Apostolo,
3425 5152 3707 5219 Bibebant‘

2027 5249 2093 5304 de
2121 5247 2368 5318 spiritali
2391 5247 2437 5315 (Ι
2465 5246 2586 5302 Cor.
2611 5264 2665 5314 x,
2695 5247 2747 5317 4)
2775 5263 2788 5300 :
2824 5245 2978 5301 sicut
3001 5250 3058 5301 et
3079 5262 3234 5300 nunc
3263 5245 3474 5300 bibunt
3497 5245 3686 5300 devoti

2029 5339 2088 5394 in
2107 5339 2486 5392 Testamento
2507 5337 2664 5391 Novo
2681 5340 2738 5390 et
2755 5335 2897 5391 salvi
2921 5336 3060 5390 fiunt
3073 5377 3086 5389 .
3103 5335 3379 5388 Biberunt
3400 5333 3683 5390 increduli

2031 5426 2090 5481 in
2121 5426 2498 5480 Testamento
2531 5423 2743 5490 Veteri,
2778 5423 2916 5478 licet
2957 5421 3169 5494 impari
3211 5421 3344 5476 fidei
3387 5422 3687 5479 devotione

2034 5532 2169 5571 cum
2205 5513 2448 5580 sanctis,
2473 5517 2530 5568 et
2560 5513 2822 5568 damnati
2857 5515 3012 5578 sunt,
3041 5511 3194 5565 sicut
3220 5515 3276 5565 et
3305 5512 3690 5568 manducave-

2037 5607 2176 5659 runt
2195 5619 2411 5658 manna
2433 5606 2490 5658 et
2505 5601 2720 5657 mortui
2745 5603 2900 5655 sunt.
2917 5600 3215 5664 Quomodo
3236 5602 3610 5658 manducavit
3631 5607 3688 5659 et

2039 5692 2188 5748 bibit
2209 5692 2414 5759 Judas,
2438 5697 2496 5746 et
2525 5707 2640 5746 non
2673 5688 2862 5744 solum
2891 5689 3306 5762 temporaliter,
3333 5692 3433 5747 sed
3457 5696 3514 5748 et
3533 5695 3689 5748 aeter-
