3970 6182
282 380 394 444 311

1226 375 1613 441 HINCMABI
1659 374 2111 440 RIIEMENSIS
2155 376 2754 441 ARCHlEPlSCOPI

279 511 490 570 naliter
506 516 777 568 mortuus
793 514 900 568 est.
915 512 983 566 Et
1000 501 1473 582 sicutApostolus
1489 511 1558 564 de
1573 508 1926 582 quibusdam
1954 507 2012 576 Α
2039 509 2415 578 studuerunt,
2447 509 2561 584 ipsi
2592 527 2674 577 se,
2709 510 2862 568 sicut
2889 508 2950 568 in
2996 509 3268 586 passione
3297 528 3406 569 sua
3452 516 3512 568 et
3559 511 3694 585 post

277 603 660 658 irreverenter
676 601 850 656 mand
862 599 1174 656 ucantibus
1188 604 1245 655 et
1264 599 1481 655 bibenti
1493 599 1602 653 bus
1623 597 1794 653 dicit:
1817 597 1936 653 Ideo

273 693 440 748 multi
469 693 530 747 in
559 691 710 747 vobis
743 690 997 756 invalidi,
1031 697 1082 745 et
1112 690 1334 762 aegroti,
1366 695 1418 744 et
1451 687 1734 743 dormiunt
1773 687 1938 742 multi

279 782 323 854 (ι
351 781 473 836 Cor.
496 797 574 847 xr,
606 779 717 851 30).
743 777 890 844 Quia
919 794 1051 833 vero
1085 777 1154 831 de
1186 795 1404 832 manna
1433 795 1499 832 ex
1529 777 1720 830 verbis
1749 771 1936 830 sancti

274 868 586 942 Augustini
615 885 794 939 supra
814 867 1204 936 ostendimus,
1228 867 1300 920 de
1323 870 1462 938 potu
1489 863 1760 936 spiritali,
1783 863 1938 918 unde

274 956 590 1030 Apostolus
611 955 793 1011 dixit:
821 956 884 1010 Et
908 970 1092 1010 omnes
1129 954 1379 1009 eumdem
1413 961 1600 1026 potum
1635 952 1941 1024 spiritalem

280 1047 533 1102 biberunt
551 1045 598 1115 (ι
619 1045 741 1101 Cor.
766 1063 820 1112 Χ,
847 1045 922 1112 4),
944 1043 1138 1098 verbis
1169 1042 1352 1098 sancti
1376 1040 1668 1096 Ambrosii
1694 1057 1763 1097 ex
1790 1040 1939 1096 libro

279 1137 351 1190 de
399 1133 797 1190 Sacramentis
841 1131 1108 1187 dicamus
1149 1134 1291 1202 (cap.
1328 1130 1378 1202 1)
1434 1147 1446 1184 :
1508 1152 1536 1181 «
1575 1129 1721 1186 Cum
1752 1129 1940 1190 sitiret

279 1222 534 1296 populus
581 1222 942 1286 Judazorum,
978 1225 1035 1274 et
1084 1222 1483 1286 murmuraret
1511 1219 1668 1290 quod
1721 1235 1938 1290 aquam

280 1311 542 1367 invenire
571 1327 689 1366 non
721 1314 940 1382 posset,
963 1307 1146 1379 jussit
1174 1307 1331 1362 Deus
1363 1307 1543 1380 Moysi
1575 1311 1644 1363 ut
1672 1311 1939 1379 tangeret

282 1405 509 1473 petram
539 1401 612 1456 de
639 1399 821 1472 virga.
851 1397 1071 1469 Tetigit
1122 1399 1372 1468 petram,
1405 1402 1462 1451 et
1509 1401 1675 1468 petra
1721 1396 1940 1452 undam

282 1489 600 1547 maximam
625 1487 794 1555 fudit,
821 1486 974 1542 sicut
991 1483 1306 1558 Apostolus
1330 1484 1446 1540 ait:
1476 1485 1746 1542 Bibebant
1762 1493 1944 1542 autem

286 1578 353 1634 de
381 1578 729 1650 consequenti
753 1583 929 1648 petra,
957 1582 1112 1646 petra
1151 1582 1331 1630 autem
1360 1581 1480 1630 erat
1516 1574 1780 1630 Christus.
1814 1575 1940 1630 Non

285 1664 608 1722 immobilis
639 1667 824 1736 petra,
858 1681 985 1736 quae
1030 1663 1314 1736 populum
1361 1663 1757 1734 sequebatur:
1793 1667 1850 1718 et
1877 1667 1940 1718 tu

279 1756 436 1822 bibe,
460 1759 527 1810 ut
553 1757 611 1810 te
631 1753 900 1810 Christus
932 1756 1272 1824 sequatur.»
1293 1753 1365 1807 Et
1396 1755 1639 1808 sanctus
1671 1751 1944 1825 Augusti-

279 1862 392 1900 nus
413 1845 473 1900 in
493 1842 768 1915 Exposita
789 1840 1083 1914 Evangelii
1105 1840 1372 1907 Joannis,
1398 1840 1574 1913 paulo
1597 1845 1732 1897 ante
1753 1840 1900 1896 dixit
1926 1853 1940 1892 :

280 1933 402 1990 Nisi
426 1931 890 1988 manducaveritis
918 1945 1140 1985 carnem
1178 1931 1289 2001 ﬁlii
1317 1929 1576 1995 hominis,
1603 1937 1656 1985 et
1692 1929 1936 1986 biberitis

281 2023 400 2094 ejus
436 2021 787 2090 sanguinem,
817 2034 928 2073 non
972 2017 1238 2073 habebitis
1268 2019 1437 2073 vitam
1483 2020 1545 2072 in
1582 2017 1732 2074 vobis
1763 2018 1938 2089 (Joan.

277 2126 360 2181 v1,
383 2109 498 2178 54),
522 2111 582 2162 et
609 2107 784 2162 modo
826 2105 968 2160 dicit
1001 2121 1015 2160 :
1049 2105 1187 2162 Caro
1225 2121 1338 2161 non
1380 2104 1599 2177 prodest
1646 2106 1943 2178 quidquam

281 2197 465 2271 (ibid.,
487 2194 604 2267 63),
622 2195 680 2250 id
702 2197 813 2261 est,
833 2193 882 2250 si
907 2193 1220 2250 carnaliter
1238 2193 1416 2248 vultis
1439 2193 1782 2264 intelligere.
1796 2196 1944 2259 Quo-

282 2287 438 2344 circa
466 2284 525 2340 in
547 2282 740 2340 Veteri
767 2283 1146 2338 Testamento
1179 2281 1475 2354 spiritales
1497 2281 1838 2354 spiritaliter
1861 2281 1944 2338 in-

279 2374 614 2447 telligentes
647 2369 968 2443 spiritalem
1005 2374 1208 2442 potum
1233 2370 1529 2436 biberunt,
1553 2374 1610 2425 et
1633 2387 1668 2424 a
1689 2370 1943 2442 peccatis

282 2481 350 2522 ac
379 2461 566 2537 poenis
597 2459 804 2517 salvati
836 2464 994 2525 sunt,
1020 2459 1203 2514 donec
1230 2459 1390 2514 venit
1414 2457 1513 2514 ille
1540 2475 1712 2515 verus
1741 2461 1943 2532 Agnus

285 2553 386 2628 qui
418 2551 572 2608 tollit
593 2554 829 2623 peccata
849 2549 1078 2620 mundi,
1101 2548 1162 2603 in
1185 2549 1357 2620 cujus
1381 2549 1590 2621 ﬁgura,
1616 2565 1719 2620 per
1739 2549 1946 2604 immo-

283 2641 566 2699 lationem
597 2639 732 2712 agni
767 2637 998 2694 Paschaa
1025 2637 1257 2704 veteris,
1279 2637 1349 2693 de
1371 2638 1638 2710 Egyptia
1668 2639 1946 2695 servitute

286 2727 572 2802 redempti
601 2731 760 2784 sunt.
778 2727 958 2798 Cujus
989 2725 1296 2800 sanguine,
1317 2725 1469 2784 sicut
1495 2725 1688 2782 verbis
1709 2732 1946 2783 sancto-

293 2837 427 2878 rum
447 2817 761 2892 Augustini
795 2817 941 2872 241
981 2820 1154 2888 atque
1174 2814 1466 2871 Ambrosii
1487 2833 1667 2888 supra
1687 2815 1948 2872 ostendi-

291 2925 450 2977 mus,
473 2911 532 2964 et
561 2905 738 2980 primi
769 2905 1038 2961 homines
1077 2904 1362 2975 redempti
1394 2908 1552 2968 sunt,
1575 2909 1634 2960 et
1670 2905 1947 2960 omnibus

289 2995 710 3054 incarnationis
743 3011 810 3050 ac
841 2992 1132 3067 passionis
1164 2994 1294 3064 ejus
1334 2992 1682 3065 mysterium
1714 2994 1949 3049 creden-

287 3086 448 3144 tibus
467 3085 720 3142 cmlestis
742 3084 900 3156 regni
918 3083 1167 3153 januam
1193 3081 1732 3154 patefecit.Credere
1751 3086 1948 3138 autem

288 3174 645 3242 nolentibus,
666 3176 724 3228 et
745 3171 1058 3228 carnaliter
1079 3170 1542 3243 intelligentibus
1565 3175 1743 3242 atque
1761 3171 1952 3226 viven-

2043 599 2376 670 passionem
2409 617 2580 655 suam
2612 601 2894 668 fecerunt,
2926 601 3168 668 faciunt,
3199 606 3258 658 ct
3286 599 3497 658 facturi
3529 603 3691 666 sunt,

2043 704 2079 742 a
2109 688 2508 759 redemptione
2539 689 2836 761 proposita
2875 689 3097 746 alienos
3129 691 3408 746 fecerunt.
3441 691 3512 745 Et
3541 689 3697 746 sicut

2045 793 2203 831 nunc
2223 776 2411 848 ipsius
2434 777 2628 848 passio
2652 776 2768 832 illis
2793 795 2906 834 non
2929 779 3186 850 prodest,
3207 779 3306 834 sed
3327 779 3384 834 in
3398 777 3694 851 judicium

2045 865 2176 931 erit,
2209 865 2311 937 qui
2358 865 2416 920 in
2447 865 2792 922 inﬁdelitate
2820 866 2906 922 vel
2954 867 3148 938 pravis
3178 866 3452 938 operibus
3482 867 3554 922 de
3581 866 3695 923 isto

2045 952 2262 1009 saicnlo
2281 958 2494 1009 exeunt
2517 971 2529 1008 :
2554 954 2638 1009 sic
2659 958 2716 1010 et
2746 971 2850 1010 nec
2881 953 2998 1010 illis
3030 954 3266 1026 profuit,
3301 955 3418 1011 imo
3450 955 3508 1010 in
3532 955 3695 1026 judi-

2048 1042 2204 1098 cium
2239 1041 2397 1097 illins
2446 1042 2640 1115 passio
2686 1043 2928 1110 exstitit,
2961 1047 3170 1110 exstat,
3203 1049 3377 1116 atque
3423 1043 3695 1110 exstabit,

2048 1131 2149 1203 qui
2180 1148 2283 1203 per
2312 1131 2472 1186 illam
2505 1131 2710 1187 redimi
2759 1135 3026 1204 poterant
3075 1133 3125 1188 si
3170 1131 3513 1200 voluissent,
3543 1131 3701 1189 sicut

2049 1221 2334 1294 redempti
2363 1225 2504 1278 sunt
2533 1221 2631 1294 qui
2665 1221 2723 1276 in
2755 1220 2922 1277 illum
2953 1224 3265 1277 venturum
3301 1222 3698 1288 crediderunt,

2049 1315 2106 1366 et
2133 1311 2262 1382 ejus
2294 1311 2566 1384 passione
2596 1309 2807 1366 salvari
2851 1313 3211 1366 meruerunt.
3245 1310 3340 1367 Sic
3369 1315 3428 1367 et
3454 1314 3703 1367 sanctus

2045 1399 2434 1471 Augustinus,
2466 1403 2532 1454 ut
2563 1397 2976 1471 praemisimus,
3000 1398 3073 1453 de
3099 1397 3194 1454 his
3224 1397 3326 1470 qui
3355 1414 3574 1454 manna
3601 1415 3704 1455 co-

2050 1489 2354 1544 mederunt
2381 1488 2522 1543 dicit
2553 1503 2567 1543 :
2602 1487 3104 1544 Manducaverunt
3141 1487 3368 1560 Moyses
3397 1491 3455 1544 et
3483 1489 3702 1555 Aaron,

2049 1580 2107 1633 et
2136 1576 2324 1633 caeteri
2363 1575 2551 1632 sancti
2582 1575 2682 1648 qui
2734 1577 2972 1632 fuerunt
3018 1574 3078 1631 in
3126 1575 3366 1648 populo,
3396 1592 3614 1632 manna
3641 1580 3710 1632 et

2050 1683 2164 1722 non
2196 1671 2335 1721 sunt
2363 1665 2601 1730 mortui,
2635 1665 2775 1737 quia
2805 1663 3148 1736 spiritaliter
3173 1664 3464 1722 visibilem
3500 1665 3710 1722 cibum

2051 1754 2478 1821 intellexerunt,
2513 1753 2853 1826 spiritaliter
2899 1753 3260 1822 esurierunt;
3302 1753 3401 1810 alii
3449 1755 3709 1810 mandu-

2051 1847 2329 1899 caverunt
2357 1848 2416 1898 et
2459 1846 2909 1914 permanserunt
2937 1841 2996 1897 in
3028 1841 3390 1915 inﬁdelitate,
3423 1859 3491 1900 ac
3538 1859 3709 1900 mor-

2051 1933 2134 1988 tui
2167 1936 2326 2000 sunt,
2360 1949 2472 1987 non
2507 1931 2698 1986 solum
2739 1935 2924 1986 morte
2953 1931 3260 2002 corporali,
3293 1947 3494 1988 verum
3523 1931 3710 1989 etiam

2051 2026 2239 2077 morte
2269 2021 2538 2094 spiritali.
2573 2021 2668 2076 Sic
2716 2025 2775 2076 et
2810 2021 2882 2076 de
2928 2019 3224 2092 baptismo
3255 2036 3370 2092 quo
3421 2020 3710 2092 baptizati

2050 2116 2191 2167 sunt
2244 2115 2475 2166 constat
2532 2110 2741 2165 debere
2797 2107 3068 2182 intelligi,
3127 2112 3187 2164 et
3241 2125 3310 2165 ex
3365 2108 3708 2166 testimonio

2049 2198 2200 2255 beati
2234 2199 2381 2254 Petri
2429 2215 2497 2254 ex
2544 2199 2697 2255 248
2745 2214 2878 2254 arca
2906 2201 2964 2254 et
3009 2197 3227 2254 diluvio
3275 2214 3456 2270 supra
3501 2202 3704 2254 osten‘

2049 2287 2267 2343 dimus.
2299 2287 2466 2344 Nunc
2523 2287 2664 2360 quia
2719 2287 3100 2344 manifestum
3154 2290 3262 2353 est,
3311 2285 3482 2342 nobis
3536 2301 3708 2342 men-

2052 2377 2276 2432 daciter
2318 2375 2500 2432 fuisse
2547 2376 2958 2443 calumniatos,
2993 2375 3133 2448 quia
3177 2375 3500 2432 dixerimus
3545 2375 3710 2447 quod

2051 2483 2169 2521 non
2217 2464 2492 2531 diximus,
2529 2481 2631 2538 pro
2680 2463 2798 2520 illis
2842 2463 3043 2536 impiis
3092 2463 3408 2520 Dominum
3457 2479 3710 2536 passum

2054 2554 2254 2621 fuisse,
2288 2555 2388 2626 qui
2420 2571 2454 2609 a
2493 2554 2699 2609 mundi
2749 2551 2983 2610 exordio
3011 2569 3200 2625 usque
3245 2552 3317 2608 ad
3367 2552 3711 2625 passionem

2053 2641 2284 2699 Domini
2308 2642 2367 2697 in
2389 2659 2498 2698 sua
2519 2641 2819 2713 impietate
2839 2641 3052 2697 mortui
3058 2645 3308 2712 ,aeterna
3329 2639 3714 2700 damnatione

2054 2732 2243 2804 puniti
2267 2736 2426 2797 sunt,
2446 2731 2614 2804 quasi
2639 2729 2721 2785 illi
2744 2728 3028 2802 redempti
3048 2729 3165 2785 sint
3189 2728 3496 2802 sanguinis
3515 2727 3714 2800 ipsius

2055 2820 2354 2877 effusione.
2389 2820 2501 2876 Sed
2534 2819 2617 2874 sic
2655 2819 2912 2875 diximus
2943 2817 3217 2874 omnibus
3262 2822 3524 2890 paratam
3573 2831 3711 2874 esse

2056 2907 2328 2972 salutem,
2350 2906 2450 2978 qui
2482 2911 2614 2962 ante
2641 2906 3106 2962 incarnationem
3132 2903 3291 2960 illius
3316 2905 3575 2971 fuerunt,
3600 2903 3713 2962 sie-

2057 3001 2207 3052 utet
2249 2996 2343 3052 his
2373 2995 2474 3068 qui
2519 2999 2651 3067 post
2697 2994 3027 3066 passionem
3079 2993 3236 3050 illius
3285 2994 3406 3048 nati
3457 2999 3618 3062 sunt,
3652 2998 3714 3051 et

2061 3084 2340 3142 nascituri
2370 3089 2542 3140 sunt:
2567 3088 2796 3139 tantum
2844 3089 2912 3138 ut
2958 3084 3201 3140 credant
3219 3099 3288 3140 ea
3309 3083 3422 3138 ﬁde
3447 3099 3576 3154 qua:
3602 3097 3712 3155 per

2059 3175 2429 3230 dilectionem
2449 3178 2744 3246 operatur,
2764 3173 2917 3228 sicut
2935 3172 3308 3228 crediderunt
3329 3169 3415 3226 illi
3439 3171 3538 3242 qui
3562 3171 3716 3228 salvi

285 3263 466 3330 tibus,
490 3267 548 3318 et
577 3260 922 3316 inﬁdelitate
954 3264 1129 3332 atque
1173 3260 1483 3332 iniquitate
1522 3260 1944 3332 perseveranti-
1976 3245 2020 3314 C
2052 3263 2186 3318 facti
2220 3267 2378 3328 sunt,
2401 3265 2458 3316 et
2487 3245 2588 3333 qui
2629 3277 2784 3315 nunc
2828 3259 3152 3327 salvantur,
3187 3259 3402 3332 quique
3442 3257 3716 3316 salvandi

286 3352 418 3418 bus,
443 3355 502 3406 et
523 3347 804 3421 spiritalis
827 3347 925 3404 ille
947 3349 1116 3404 cibus
1137 3365 1202 3404 ac
1223 3353 1417 3419 potus,
1441 3352 1498 3403 et
1516 3347 1634 3402 veri
1659 3349 1791 3420 agni
1815 3366 1944 3404 san-

285 3439 442 3514 guis,
470 3437 529 3493 in
555 3435 850 3509 judicium
900 3436 1299 3492 damnationis
1347 3435 1658 3492 est:sicut
1709 3441 1764 3491 et
1812 3441 1946 3509 post

287 3526 622 3601 passionem
655 3524 816 3580 illius
846 3542 961 3580 non
995 3525 1386 3590 credentibus,
1409 3524 1496 3580 vel
1530 3524 1590 3580 in
1621 3525 1940 3596 judicium,

287 3620 353 3672 ut
371 3613 684 3688 Apostolus
707 3613 868 3680 dicit,
892 3614 962 3669 ad
997 3613 1105 3668 hoc
1127 3630 1360 3669 sacrum
1388 3613 1732 3686 mysterium
1754 3615 1940 3670 susci-

287 3703 564 3778 piendum
588 3701 1091 3767 convenientibus,
1115 3702 1360 3758 existere
1385 3701 1663 3758 noscitur.
1689 3704 1760 3758 Et
1789 3703 1945 3760 sicut

287 3797 528 3850 sanctus
563 3791 877 3864 Gregorius
924 3791 995 3846 de
1045 3790 1391 3846 Sanctorum
1445 3791 1938 3862 persecutoribus,

286 3882 444 3954 quod
473 3885 530 3937 et
550 3897 713 3952 aeque
735 3879 793 3934 in
821 3879 1064 3950 reproba
1085 3879 1204 3935 vita
1225 3879 1566 3936 ﬁnientibus
1586 3881 1757 3936 debet
1779 3881 1945 3937 intel-

285 3967 409 4041 ligi,
432 3969 492 4024 in
521 3965 765 4023 homilia
793 3966 1098 4038 trigesima
1117 3973 1318 4022 octava
1337 3967 1480 4023 dicit
1501 3983 1552 4022 ;‹‹
1576 3967 1723 4032 Quia
1742 3984 1846 4023 nec
1866 3969 1941 4024 ad

288 4055 634 4113 memoriam
667 4059 926 4111 nostram
956 4054 1044 4111 V01
1077 4055 1134 4110 in
1170 4060 1535 4111 mortuorum
1568 4073 1812 4112 numero
1840 4074 1942 4113 V0-

288 4144 514 4201 niunt.»
534 4145 619 4200 Ita
636 4142 800 4200 etilli
823 4142 1121 4216 spiritales
1142 4142 1245 4198 viri
1269 4143 1330 4198 in
1352 4145 1728 4200 Testamento
1750 4143 1939 4200 Veteri

287 4235 358 4292 de
406 4232 671 4308 reprobis
719 4233 879 4288 illius
929 4231 1208 4304 temporis
1268 4231 1522 4292 sensisse
1581 4233 1934 4288 creduntur:

285 4327 504 4397 quanto
521 4321 712 4395 magis
731 4339 836 4377 nos
853 4320 962 4376 hoc
979 4320 1198 4376 sentire
1213 4319 1321 4376 iste
1339 4321 1728 4376 contradictor
1743 4325 1941 4378 noster

284 4411 516 4468 credere
537 4411 839 4472 debuerat,
855 4409 954 4481 qui
989 4408 1220 4464 Domini
1247 4407 1762 4481 apostolorumque
1785 4411 1934 4479 ejus,

285 4515 352 4555 ac
371 4497 794 4554 catholicorum
816 4496 1230 4571 magistrorum
1250 4497 1518 4552 doctrina
1539 4496 1941 4554 manifestissi-

2053 3355 2212 3407 sunt.
2247 3352 2317 3406 Et
2346 3350 2500 3406 sicut
2538 3348 2744 3404 salvati
2791 3353 2930 3404 sunt
2977 3349 3050 3404 ab
3081 3346 3351 3422 originali
3404 3351 3650 3420 peccato
3681 3365 3716 3404 a

2053 3439 2258 3494 mundi
2281 3437 2513 3494 exordio
2533 3455 2722 3510 usque
2753 3439 2824 3494 ad
2854 3443 3118 3510 tempora
3139 3437 3283 3493 datis
3315 3435 3717 3494 circumcisio-

2051 3529 2166 3596 nis,
2187 3527 2274 3584 vel
2305 3532 2432 3600 post
2461 3528 2657 3582 datam
2691 3525 3218 3591 circumsisionem,
3249 3525 3321 3582 de
3351 3523 3483 3580 aliis
3515 3525 3718 3581 natio-

2053 3617 2228 3672 nibus
2259 3616 2357 3688 qui
2382 3616 2497 3671 Deo
2528 3613 2892 3687 placuerunt,
2916 3613 3002 3671 vel
3033 3613 3358 3670 hostiarum
3391 3612 3716 3670 oblationi-

2051 3707 2184 3772 bus,
2216 3705 2303 3760 vel
2335 3709 2489 3760 certe
2531 3703 2655 3760 sola
2703 3704 2836 3760 ﬁdei
2885 3704 3120 3774 virtute,
3153 3719 3294 3758 suas
3343 3718 3716 3774 suorumque

2049 3795 2278 3850 animas
2299 3791 2552 3849 Creatori
2574 3794 3076 3848 commendantes.
3098 3791 3264 3848 Sicut
3285 3790 3462 3848 etiam
3487 3790 3564 3846 ab
3587 3789 3714 3847 ori-

2049 3881 2264 3955 ginalis
2292 3882 2512 3953 peccati
2542 3880 2799 3948 vulnere,
2825 3886 2957 3954 post
2984 3884 3249 3953 tempore.
3268 3881 3418 3936 datm
3450 3879 3714 3935 circum-

2050 3971 2309 4038 cisionis,
2343 3970 2402 4026 hi
2436 3970 2534 4042 qui
2565 3969 3023 4025 circumcidendi
3054 3974 3221 4026 erant
3258 3968 3590 4026 secundum
3621 3967 3714 4024 le-

2048 4077 2206 4133 gem,
2235 4058 2680 4116 circumcisione
2710 4057 3020 4130 pnriﬁcati,
3053 4061 3111 4114 et
3138 4075 3242 4130 per
3272 4057 3447 4112 ﬁdem
3477 4056 3711 4112 media-

2049 4149 2194 4204 toris
2224 4153 2364 4203 tunc
2407 4145 2654 4211 venturi,
2691 4163 2846 4201 nunc
2877 4147 3004 4216 jam
3035 4163 3071 4202 a
3100 4145 3374 4202 ﬁdelibus
3415 4143 3707 4216 suscepti,

2049 4237 2250 4292 salvati
2285 4239 2442 4291 sunt.
2468 4235 2535 4290 Et
2557 4234 2695 4306 quia
2717 4234 2966 4290 istorum
2987 4232 3380 4306 capitulorum
3403 4233 3713 4303 conjector

2049 4323 2452 4381 testimonium
2481 4321 2880 4394 .apostolicum
2929 4321 3146 4394 posuit,
3179 4337 3294 4392 quo
3334 4321 3490 4376 sicut
3528 4321 3712 4377 nobis

2045 4414 2276 4469 videtur
2307 4413 2708 4467 demonstrare
2737 4409 2937 4476 voluit,
2967 4409 3104 4482 quia
3136 4425 3252 4464 non
3283 4425 3388 4480 pro
3419 4409 3711 4466 omnibus

2047 4502 2314 4558 Christus
2343 4516 2555 4573 passus
2577 4499 2672 4566 sit,
2699 4499 2836 4554 licet
2857 4515 2970 4554 non
2990 4514 3216 4563 omnes,
3249 4496 3402 4552 sicut
3423 4513 3530 4552 nos
3552 4496 3709 4552 scri-

285 4601 380 4642 me
405 4584 676 4651 revelata,
699 4587 1113 4654 cognoscimus
1135 4602 1262 4657 qua:
1295 4584 1412 4640 illis
1444 4584 1502 4640 in
1535 4585 1722 4657 ﬁgura
1752 4585 1936 4642 velato
1967 4611 2015 4676 Β
2047 4591 2294 4664 psimus,
2331 4587 2622 4662 passionis
2661 4588 2791 4659 ejus
2841 4587 3116 4660 mysterio
3167 4584 3554 4650 redimantur,
3607 4602 3709 4642 re-

286 4672 561 4747 myslerio
593 4677 658 4728 ut
686 4672 829 4728 dicit
857 4673 1192 4745 Apostolus,
1215 4673 1604 4745 contigerunt.

852 4796 1086 4852 CAPUT
1125 4796 1364 4852 XXXIII.

280 4858 506 4937 Abhinc
539 4884 770 4949 sequitur
811 4883 1034 4948 qualiter
1079 4883 1259 4933 docent
1302 4887 1594 4933 sanctm’um
1644 4885 1936 4948 Scriptura-

344 4973 460 5006 rum
517 4954 1112 5006 auctoritate-catholici
1161 4956 1262 5005 viri
1312 4955 1628 5020 generaliter
1672 4955 1930 5004 Christum

345 5029 502 5094 fuisse
526 5042 738 5093 passum
757 5041 858 5090 pro
887 5025 1142 5074 omnibus.

351 5135 544 5192 Claret
573 5151 640 5191 ex
668 5133 763 5191 his
793 5151 973 5204 supra
1012 5132 1222 5205 positis
1263 5132 1637 5194 testimoniis,
1670 5131 1809 5203 quia
1838 5148 1932 5186 re-

281 5224 542 5297 demptio
563 5222 917 5296 captivitatis
941 5221 1232 5288 humanm,
1249 5220 1518 5276 Christus
1537 5220 1730 5286 Jesus,
1749 5219 1932 5274 omni-

280 5313 392 5370 bus
423 5318 557 5369 ante
588 5311 1046 5369 incarnationem
1073 5315 1128 5364 et
1149 5309 1479 5381 passionem
1505 5307 1662 5362 illius
1688 5313 1931 5363 ventura

281 5406 422 5468 erat,
456 5406 512 5456 et
543 5402 880 5473 quicunque.
924 5399 1157 5454 erodere
1187 5397 1513 5461 voluerunt,
1534 5413 1600 5450 ac
1631 5396 1761 5450 ﬁdei
1793 5413 1915 5450 conv

281 5488 446 5560 gruis
465 5489 740 5558 operibus
759 5488 947 5542 vivere
969 5486 1346 5547 studuerunt,
1368 5499 1469 5553 per
1489 5481 1780 5552 passionis
1801 5482 1930 5552 ejus

282 5575 624 5644 mysterium
658 5575 938 5647 redempti
965 5579 1141 5646 atque
1165 5570 1367 5627 salvati
1400 5574 1573 5625 sunt:
1599 5569 1698 5640 qui
1731 5574 1928 5624 autem

280 5662 515 5720 credere
535 5661 868 5732 noluerunt,
889 5679 1075 5734 neque
1097 5659 1210 5717 ﬁde
1229 5658 1425 5732 dignis
1447 5657 1721 5731 operibus
1741 5656 1930 5713 vivere

2046 4679 2264 4751 dempti
2293 4695 2360 4733 ac
2391 4676 2713 4734 redimendi
2744 4676 2880 4742 sint,
2905 4675 3168 4732 scribens
3189 4674 3454 4740 Christus,
3481 4673 3710 4745 inquit,

2041 4769 2208 4825 semel
2237 4767 2446 4824 oblatus
2475 4774 2554 4822 est
2590 4765 2661 4820 ad
2705 4765 3007 4821 multorum
3052 4761 3434 4820 exhaurienda
3478 4771 3712 4834 peccata

2041 4857 2224 4928 (Hebr.
2249 4874 2325 4921 1x,
2349 4857 2470 4926 28);
2503 4859 2561 4910 et
2589 4855 2844 4910 domnus
2885 4851 3236 4908 Prudentius
3267 4869 3336 4906 cx
3363 4849 3708 4922 Evangelia,

2043 4952 2100 5002 et
2129 4947 2260 5003 aliis
2289 4944 2606 5017 Scriptor-is
2649 4943 2892 5011 sanctis,
2925 4943 2998 4998 ad
3045 4941 3198 4997 hanc
3227 4939 3707 4996 conﬁrmandam

2041 5035 2424 5091 assertionem
2456 5031 2628 5104 plura
2675 5033 2840 5103 ponit
2888 5029 3173 5103 exempla,
3206 5027 3462 5100 dicitque
3493 5027 3552 5082 in
3584 5045 3704 5084 su-

2041 5141 2146 5197 pra
2174 5127 2496 5177 memorata
2529 5119 2777 5192 epistola
2804 5120 2993 5192 capite
3021 5117 3193 5175 tertio
3217 5134 3275 5172 :«
3301 5116 3373 5172 Ut
3401 5116 3604 5172 credat
3635 5122 3704 5173 et.

2041 5214 2405 5274 conﬁteatur,
2438 5208 2659 5265 scilicet
2701 5209 3084 5274 ordinandus,
3118 5223 3252 5263 cum
3285 5204 3561 5262 omnibus
3592 5221 3706 5262 ca.-

2040 5299 2291 5365 tholicis,
2317 5297 2663 5369 sanguinem
2695 5296 2924 5352 Domini
2959 5295 3143 5352 nostri
3171 5295 3310 5351 Jesu
3339 5291 3552 5348 Christi
3587 5308 3708 5364 pro

2041 5389 2316 5444 omnibus
2349 5385 2684 5440 hominibus
2716 5402 2783 5439 ex
2805 5389 2922 5439 toto
2947 5384 3167 5438 mundo
3195 5382 3254 5437 in
3287 5398 3422 5437 eum
3449 5380 3707 5436 creden-

2041 5479 2199 5532 tibus
2231 5477 2467 5530 l'usum:
2501 5490 2615 5526 non
2648 5477 2844 5528 autem
2875 5489 2980 5544 pro
3011 5471 3128 5527 illis
3158 5469 3258 5542 qui
3291 5484 3598 5539 nunquam
3635 5469 3708 5528 in

2037 5583 2172 5621 eum
2207 5563 2599 5628 crediderunt,
2625 5579 2729 5629 nec
2769 5561 3056 5633 hodieque
3091 5559 3354 5625 credunt,
3381 5571 3705 5627 nunquam

2038 5672 2142 5710 nec
2175 5649 2449 5707 credituri
2471 5654 2629 5714 sunt,
2653 5649 2880 5705 dicente
2908 5649 3036 5722 ipso
3065 5647 3335 5715 Domino,
3361 5645 3512 5702 Venit
3536 5648 3707 5705 enim
