3970 6182
229 436 344 500 317

953 439 1055 500 DE
1097 434 1858 500 PRJEDESTINATIONE
1900 432 2414 497 DlSSERTATIO
2455 434 2914 498 POSTERIOR.

3515 439 3632 502 318

225 573 490 632 muniter
509 588 716 630 omnes
737 571 1157 645 accedimus,in
1179 589 1296 644 quo
1317 577 1519 646 typum
1545 569 1754 626 salutis
1781 585 1880 623 no-
1909 567 1964 634 Α
1993 568 2151 640 gavit
2173 568 2537 642 ignaros,pro
2559 569 2834 626 omnibus
2864 586 2926 626 se
2956 569 3169 626 obtulit
3195 572 3474 644 passioni.
3505 574 3630 631 Non

225 666 358 720 strre
398 661 514 718 hoc
552 659 806 734 ipsomet
840 679 958 726 ore,
987 678 1102 734 quo
1132 677 1289 716 nunc
1319 665 1372 716 te
1403 660 1698 732 deprecor,
1733 656 1878 712 cele-

223 751 492 808 bramus.
525 751 756 808 Mecum
805 750 1054 807 adhibeo
1086 751 1159 806 ad
1191 749 1582 822 mitigandum
1613 753 1670 803 te
1705 747 1878 802 etiam

225 843 607 897 sacrosancta
642 839 747 896 illa
769 839 1049 912 mysteria
1079 855 1183 912 per
1213 855 1340 911 quae
1369 837 1683 892 virtutibus
1713 835 1880 892 coele-

227 929 424 986 stibus
455 929 773 984 sociamur.
807 951 836 978 »

300 1018 370 1072 Et
401 1017 659 1072 Sanctus
705 1015 958 1073 Basilius
1005 1015 1385 1088 Cappadocus
1422 1015 1481 1070 in
1515 1031 1782 1071 sermone
1814 1015 1884 1070 de

230 1104 460 1178 psalmo
483 1122 572 1160 LIX
595 1120 608 1160 :
637 1126 665 1154 α
689 1104 850 1160 Finis
871 1108 1067 1160 autem
1107 1104 1340 1171 dicitur,
1375 1105 1526 1177 quod
1552 1105 1611 1158 in
1635 1104 1747 1158 [ine
1779 1121 1882 1158 sae-

231 1193 348 1249 culi
365 1192 427 1248 in
443 1192 956 1249 consummatione
973 1193 1103 1264 ejus
1119 1196 1380 1265 aptatur:
1398 1199 1633 1266 propter
1653 1192 1806 1264 quod
1831 1194 1888 1246 et

231 1299 336 1355 pro
366 1281 464 1337 his
504 1281 607 1354 qui
639 1281 1120 1337 immutabuntur
1145 1281 1321 1338 scribi
1355 1281 1570 1338 dicitur
1597 1280 1884 1354 psalmus,

229 1369 391 1444 quod
410 1373 523 1438 est,
545 1373 614 1424 ut
632 1369 830 1426 omnia
860 1369 1036 1426 simul
1059 1370 1276 1441 dicam,
1295 1371 1366 1426 de
1387 1371 1658 1426 universo
1679 1385 1889 1442 genere

230 1459 498 1516 humano
521 1457 991 1534 intelligendum.
1009 1459 1072 1516 In
1085 1475 1288 1515 omnes
1307 1459 1522 1515 etenim
1547 1459 1715 1514 debet
1741 1455 1891 1530 psal-

230 1548 310 1604 mi
325 1547 722 1621 intelligentia
748 1547 1101 1621 pervenire.»
1115 1549 1326 1620 Etpost
1337 1548 1666 1620 aliquanta:
1691 1569 1720 1596 ‹‹
1735 1547 1890 1602 Deus

227 1653 389 1710 ergo,
424 1635 643 1709 inquit,
668 1636 932 1709 abjecisti
982 1653 1090 1692 nos
1137 1637 1311 1706 (Psal.
1354 1653 1485 1703 cvu,
1530 1636 1634 1708 12).
1690 1635 1890 1703 Quos?

229 1725 337 1792 Qui
358 1725 541 1798 longe
563 1741 672 1781 nos
690 1725 935 1781 fecimus
959 1725 1031 1780 ab
1053 1741 1138 1781 eo.
1177 1726 1508 1782 Interventu
1530 1739 1666 1798 ergo
1689 1741 1890 1796 pecca-

228 1818 521 1882 torum,et
543 1813 755 1869 mediis
786 1813 938 1869 inter
967 1829 1073 1870 nos
1102 1818 1160 1869 et
1180 1814 1363 1870 Deum
1395 1814 1892 1870 intercedentibus

1987 673 2123 729 ergo
2137 657 2388 713 multum
2402 658 3182 714 misericors‘?Misericordia
3203 661 3357 716 enim
3379 662 3634 720 hominis

1989 746 2049 802 in
2078 745 2406 818 proximum
2431 765 2627 814 suum,
2651 747 3051 802 misericordia
3067 747 3296 803 Domini
3320 749 3377 804 in
3400 767 3633 806 omnem

1991 852 2245 901 carnem,
2273 841 2338 892 ut
2357 837 2550 892 omnis
2567 853 2699 891 caro
2725 837 2796 891 ad
2821 835 3003 891 Deum
3029 838 3370 894 ascenderet
3396 838 3496 894 illa
3526 841 3636 896 Do-

1992 926 2137 982 mini
2161 927 2534 982 miseratione
2555 927 2782 981 donata.
2794 925 3054 998 Denique
3076 927 3176 998 qui
3200 928 3530 983 Susannam
3544 929 3640 984 ab-

1993 1014 2164 1070 solvit
2220 1019 2530 1081 tacentem,
2566 1032 2626 1070 se
2657 1013 2869 1070 obtulit
2893 1015 3065 1070 morti
3101 1032 3114 1071 :
3151 1015 3210 1071 in
3241 1015 3342 1071 illa
3370 1033 3549 1072 causa
3575 1021 3642 1073 ut

1994 1121 2164 1160 nemo
2181 1104 2600 1176 desperaret,iu
2631 1103 2738 1158 hac
2771 1107 2834 1158 ut
2864 1103 3214 1160 redimendae
3243 1105 3640 1162 universitatis

1995 1193 2350 1248 sacrificium
2373 1210 2488 1248 non
2522 1196 2779 1264 negaret.
2805 1213 2834 1240 »
2866 1193 2936 1248 Et
2969 1193 3109 1248 item
3144 1209 3157 1248 :
3188 1217 3214 1243 (ι
3251 1193 3393 1261 Quis
3423 1198 3513 1252 est
3543 1212 3640 1251 au-

1958 1353 1970 1364 .
1994 1286 2112 1336 tem
2131 1281 2229 1354 qui
2257 1299 2319 1337 se
2338 1281 2508 1354 longe
2529 1281 2670 1336 facit
2689 1299 2723 1336 a
2743 1280 3010 1348 Domino,
3042 1281 3155 1337 nisi
3177 1282 3278 1355 qui
3301 1301 3415 1339 non
3447 1283 3640 1357 requi-

1996 1370 2072 1425 rit
2084 1369 2348 1442 justitias
2369 1371 2498 1440 ejus
2517 1370 2545 1425 ?
2567 1369 2672 1436 Qui
2697 1385 2828 1424 vero
2851 1369 3117 1440 justitias
3150 1372 3422 1444 exquirit,
3467 1389 3644 1446 prope

1997 1463 2106 1526 est,
2135 1459 2389 1515 adhaeret
2419 1459 2553 1515 Deo.
2578 1460 2648 1514 Et
2668 1458 2796 1513 ideo
2819 1458 3086 1529 justitias
3120 1461 3214 1516 Dei
3246 1462 3645 1534 quaerentibus

1999 1548 2139 1603 dicit
2167 1547 2480 1620 Apostolus
2515 1565 2527 1604 :
2568 1553 2675 1603 Vos
2718 1549 2818 1622 qui
2863 1549 3053 1604 eratis
3107 1547 3294 1621 longe,
3325 1549 3485 1625 facti
3510 1551 3645 1608 estis

1992 1653 2176 1708 prope
2204 1637 2263 1692 in
2289 1638 2575 1709 sanguine
2615 1635 2838 1692 Chriin
2863 1639 3098 1708 (Ephes.
3132 1653 3195 1702 II,
3245 1637 3354 1706 13).
3389 1637 3645 1712 Sanguis

1999 1724 2211 1790 Christi
2245 1725 2480 1796 justitia
2509 1730 2617 1781 est.
2638 1725 2900 1798 Denique
2939 1725 3063 1796 ipse
3094 1723 3176 1780 ait
3200 1725 3272 1782 ad
3305 1725 3592 1784 Joannem
3625 1743 3639 1783 :

1999 1814 2131 1869 Sine
2151 1833 2253 1869 nos
2273 1813 2526 1886 implere
2553 1831 2782 1871 omnem
2798 1815 3110 1886 justitiam
3131 1815 3365 1882 (Mallia.
3390 1833 3474 1882 ιιι,
3501 1816 3643 1889 15).»

229 1901 673 1976 iniquitatibus,
705 1901 992 1973 abjecisse
1022 1919 1130 1957 nos
1163 1902 1378 1958 dicitur
1406 1903 1580 1958 Deus.
1607 1903 1703 1958 Ait
1732 1903 1889 1958 enim
1924 1940 1970 2004 Β
2003 1903 2142 1959 Item
2178 1903 2274 1958 ubi
2307 1903 2561 1976 exponit,
2597 1905 2872 1960 Retribue
2901 1920 3067 1961 servo
3095 1909 3197 1959 (uo
3227 1903 3416 1975 (Psat.
3449 1921 3644 1974 CXVIII,

229 1997 286 2048 et
312 1991 473 2048 alius
521 1991 838 2064 propheta:
873 1993 1030 2062 Quia
1055 1993 1214 2048 inter
1231 2009 1330 2048 vos
1348 2001 1405 2048 et
1434 1997 1617 2047 Deum
1641 1999 1892 2064 peccata

228 2089 517 2150 separant
541 2084 686 2147 (Ira.
713 2097 821 2147 LIX,
847 2081 962 2152 2).»
993 2081 1064 2136 Et
1093 2086 1225 2154 post
1255 2097 1513 2154 paucam
1533 2080 1898 2154 Moysesqui.

232 2169 366 2226 dem
389 2168 752 2225 Israeliticos
773 2172 970 2240 postes
1003 2169 1290 2242 sanguine
1322 2171 1457 2242 agni
1488 2171 1896 2242 obsignaverat

231 2259 566 2329 (Emdxn,
586 2260 644 2326 7)
669 2273 682 2313 :
707 2260 772 2314 tu
801 2275 932 2314 vero
961 2257 1172 2313 dedisti
1204 2258 1373 2314 nobis
1405 2257 1661 2332 signum,
1697 2259 1891 2332 ipsum

235 2347 594 2420 sanguinem
645 2346 764 2402 veri
812 2345 960 2418 Agni
999 2345 1382 2412 immaculati,
1417 2346 1518 2420 qui
1547 2349 1778 2405 oblatus
1805 2353 1896 2405 est

233 2435 480 2492 victima
510 2453 617 2508 pro
649 2435 829 2492 totius
861 2436 1066 2490 mundi
1097 2435 1308 2492 salute.
1342 2459 1370 2485 »

305 2526 466 2582 25³
502 2525 718 2581 Beatus
747 2541 978 2597 quoque
998 2525 1422 2581 Ambrosiusin
1444 2526 1670 2598 psalmo
1704 2545 1892 2595 cxvm,

238 2614 338 2670 ubi
351 2614 946 2681 dicit,Misericordia
967 2616 1204 2672 Domini
1215 2613 1395 2685 plena
1409 2622 1492 2671 est
1510 2623 1595 2672 ter
1605 2621 1896 2684 ra,«Quo-

238 2703 748 2776 modo,inquiens,
766 2703 1204 2776 plenaestterra
1223 2704 1623 2760 misericordia
1643 2705 1895 2774 Domini,

241 2792 352 2848 nisi
373 2809 481 2865 per
497 2791 836 2865 passionem
859 2792 1090 2848 Domini
1114 2793 1295 2848 nostri
1317 2794 1456 2850 Jesu
1480 2793 1897 2868 Christi,quam

241 2881 503 2936 futuram
529 2879 874 2952 praevidens,
899 2879 1068 2952 quasi
1092 2879 1443 2952 promissam
1468 2883 1751 2955 propheta
1771 2901 1903 2939 con-

244 2968 540 3026 celebrat?
555 2968 729 3025 Plena
752 2973 843 3025 cst
873 2986 1007 3042 ergo
1036 2972 1188 3024 terra
1219 2971 1621 3025 misericordia
1651 2972 1898 3038 Domini,

242 3059 382 3131 quia
409 3057 692 3114 omnibus
722 3059 862 3114 data
890 3063 980 3113 est
1009 3057 1277 3114 remissio
1307 3061 1903 3134 peceatorum.Super

241 3165 451 3204 omnes
482 3146 574 3203 sol
607 3145 744 3202 oriri
769 3148 1098 3219 jubetur,et
1126 3147 1221 3203 hic
1252 3147 1491 3220 quidem
1524 3149 1610 3204 sol
1642 3149 1902 3221 quotidie

241 3253 424 3309 super
469 3253 679 3292 omnes
721 3237 908 3292 oritur
950 3237 1189 3306 (Matth.
1217 3256 1272 3306 ν,
1306 3239 1395 3306 45)
1428 3255 1441 3293 :
1477 3237 1759 3310 mysticus
1803 3256 1902 3294 au-

2004 1993 2089 2061 17)
2117 2009 2130 2046 :
2164 2015 2190 2041 ‹‹
2218 1993 2543 2064 Responde,
2576 1990 2769 2064 inquit
2797 1997 2856 2048 et
2891 1991 3177 2064 Christus,
3203 1993 3348 2049 Ecce
3379 1993 3531 2050 bona
3560 1998 3650 2050 est

2004 2081 2268 2153 proxima
2305 2098 2432 2136 mea
2450 2081 2640 2148 (Cant.
2668 2083 2724 2148 I).
2751 2079 3036 2146 Quoniam
3073 2084 3419 2153 cognoverat
3455 2081 3648 2138 Eccle-

2004 2169 2092 2224 sia
2115 2169 2541 2241 inysterium,et
2562 2186 2664 2240 pro
2687 2168 2865 2224 totius
2886 2169 3090 2224 mundi
3114 2169 3511 2242 redemptione
3526 2187 3653 2227 cru-

2003 2257 2240 2313 cifixum
2263 2257 2578 2314 Dominum
2605 2259 2810 2314 Jesum
2833 2257 3472 2330 przedicabat,meretur
3491 2257 3663 2314 audii

2003 2365 2064 2402 re
2088 2363 2100 2402 :
2126 2347 2270 2402 Ecce
2295 2347 2448 2401 bona
2466 2364 2549 2414 es,
2575 2347 2712 2419 quia
2733 2346 3019 2403 Dominus
3047 2347 3220 2403 Jesus
3246 2349 3535 2414 mundum
3555 2364 3650 2404 ve-

2006 2436 2352 2502 nitsalvare,
2380 2454 2495 2492 non
2528 2437 2788 2507 perdere.
2815 2437 3064 2509 Ideoque
3098 2437 3408 2493 immemor
3445 2441 3536 2494 est
3561 2435 3652 2492 in-

1997 2527 2424 2598 jurim,memor
2452 2525 2709 2599 gratiae.»
2730 2526 2871 2580 Item
2904 2525 3004 2582 ubi
3036 2525 3651 2600 exponit,.4uferame

2001 2617 2373 2688 opprobrium
2409 2621 2464 2670 et
2485 2624 2875 2682 contemptum
2904 2617 3040 2686 (Psa
3053 2614 3090 2670 Ι.
3117 2633 3307 2683 cxvm,
3341 2617 3456 2683 22).
3479 2637 3509 2666 «
3533 2616 3653 2671 Ad—

2003 2722 2238 2759 versum
2279 2722 2391 2771 mc,
2422 2703 2635 2776 inquit,
2659 2703 2812 2761 254
2843 2703 3268 2758 detractabant.
3295 2704 3414 2776 Ego
3450 2721 3653 2761 eorum

2007 2794 2342 2864 redemptor
2370 2793 2848 2864 adveneram,ego
2869 2808 3138 2848 veneram
3162 2796 3228 2847 ut
3246 2792 3511 2850 omnium
3530 2811 3656 2868 pec-

1970 2929 1981 2938 .
2009 2885 2137 2936 cata
2160 2881 2503 2936 mundarem
2530 2899 2544 2947 ;
2569 2886 2631 2935 ut
2653 2897 3057 2952 recuperarem
3084 2880 3358 2950 amissos,
3390 2883 3657 2939 restitue-

2008 2987 2127 3025 rem
2146 2969 2415 3042 paradiso
2436 2969 2618 3023 sancti
2638 2969 2817 3024 Jacob
2841 2968 3234 3024 haereditath
3248 2973 3323 3035 ,et
3347 2969 3428 3024 illi
3453 2970 3654 3026 adver-

2010 3076 2142 3114 sum
2176 3075 2269 3114 me
2297 3058 2698 3113 detractabant
2728 3056 2908 3128 (Psal.
2941 3075 3134 3124 cxvm,
3167 3059 3280 3126 58).
3314 3081 3342 3109 »
3378 3059 3522 3114 Item
3553 3059 3653 3114 ubi

2008 3165 2072 3202 ex
2083 3146 2518 3220 ponit,Miserere
2536 3149 2648 3202 mei
2664 3145 2960 3202 secundum
2980 3147 3256 3219 eloquium
3271 3155 3454 3203 tuum:
3483 3169 3511 3198 ‹‹
3528 3148 3658 3204 Jus-

2009 3237 2374 3309 titia,inquit,
2391 3235 2960 3308 quznestcrucis,nisi
2985 3237 3139 3308 quod
3167 3237 3489 3293 ascendens
3509 3236 3655 3293 illud

239 3305 358 3382 tem
389 3324 480 3381 sol
521 3323 621 3380 ille
658 3324 904 3397 justitize
951 3305 1227 3382 omnibus
1275 3305 1440 3383 ortus
1483 3305 1590 3396 est,
1623 3327 1898 3384 omnibus
1927 3305 1970 3372 Ο
2009 3305 2338 3400 patibulum
2372 3305 2652 3381 Dominus
2678 3329 2876 3381 noster
2903 3305 3076 3380 Jesus
3110 3324 3379 3382 Christus
3401 3331 3659 3399 peccato-

241 3413 418 3483 venit,
453 3414 738 3470 omnibus
765 3431 976 3487 passus
1006 3419 1118 3481 est,
1149 3419 1207 3471 et
1236 3415 1512 3473 omnibus
1559 3417 1896 3472 resurrexit.

243 3502 376 3559 Ideo
405 3507 612 3558 autem
642 3520 856 3575 passus
877 3508 1057 3572 est,ut
1077 3503 1305 3559 tolleret
1335 3509 1636 3576 peccatum
1670 3505 1898 3573 mundi,

240 3590 303 3647 Si
324 3591 464 3664 quis
495 3597 698 3646 autem
721 3608 839 3646 non
861 3593 1044 3647 credit
1074 3593 1131 3646 in
1165 3592 1487 3661 Christum,
1521 3591 1776 3666 generali
1811 3594 1904 3648 be-

240 3679 452 3736 neﬁcio
488 3679 619 3754 ipse
639 3697 703 3736 se
725 3680 1034 3736 fraudavit.
1069 3681 1181 3737 Sed
1217 3683 1372 3754 quod
1397 3681 1538 3737 solis
1559 3686 1665 3750 est,
1689 3699 1901 3754 praero-

225 3767 498 3841 gativam
530 3783 704 3823 suam
743 3773 972 3824 servat:
1000 3770 1157 3840 quod
1196 3769 1589 3841 imprudentis
1613 3774 1721 3837 est,
1752 3787 1904 3825 com-

240 3857 442 3912 munis
464 3873 501 3912 a
517 3873 582 3912 se
604 3856 854 3930 gratiam
877 3856 1026 3913 lucis
1046 3856 1320 3913 excludit.
1336 3859 1524 3931 Super
1543 3875 1747 3914 omnes
1768 3858 1904 3931 plu-

239 3945 335 4001 via
355 3949 465 4002 est.
489 3967 521 3996 »
543 3946 692 4002 Item
723 3945 822 4001 ubi
846 3945 1008 4015 dicit,
1040 3947 1402 4017 Principium
1433 3949 1740 4003 verborum
1771 3957 1902 4002 tuo-

239 4051 375 4090 rum
397 4036 632 4090 verita:
655 4034 844 4108 (Psal.
866 4051 1059 4104 cxvm,
1081 4037 1225 4107 160):
1253 4036 1478 4091 «Credo
1500 4053 1686 4091 unum
1717 4037 1903 4092 Deum

236 4140 394 4192 esse,
433 4140 554 4178 non
587 4122 787 4195 plures
816 4124 980 4180 deos.
1011 4124 1156 4180 Cum
1185 4129 1382 4180 autem
1415 4127 1658 4197 caperis
1689 4125 1902 4198 legere,

234 4212 565 4268 Dominum
597 4213 801 4268 Jesum
834 4213 934 4268 Dei
970 4213 1180 4268 Filium
1209 4213 1270 4268 in
1302 4230 1476 4269 carne
1508 4215 1737 4270 venisse
1767 4233 1906 4288 pro-

236 4305 376 4373 pter
401 4301 589 4357 totius
621 4301 825 4357 mundi
859 4302 1645 4376 redemptionem,distingue
1667 4305 1903 4377 sapien—

237 4394 336 4446 ter
366 4407 556 4446 unum
589 4389 775 4446 Deum
807 4389 1036 4446 Patrem
1067 4408 1216 4459 esse,
1251 4409 1320 4448 ex
1347 4409 1461 4464 quo
1492 4393 1693 4448 omnia
1723 4397 1779 4449 et
1800 4411 1907 4450 nos

233 4477 298 4533 in
329 4477 456 4548 illo,
489 4483 548 4535 et
575 4496 762 4534 unum
791 4479 1106 4534 Dominum
1135 4480 1360 4552 Jesum,
1383 4499 1483 4552 per
1513 4499 1686 4553 quem
1709 4482 1909 4537 omnia

235 4572 296 4624 et
331 4584 444 4623 nos
475 4585 580 4641 per
607 4567 828 4640 ipsum.
864 4592 892 4618 υ
927 4569 1070 4624 Item
1104 4569 1204 4624 ubi
1235 4570 1473 4642 exponit
1521 4571 1908 4642 Iniquitate»:

2007 3433 2136 3472 rum
2154 3421 2483 3470 nostrorum
2497 3414 2844 3486 chirograph
2856 3431 2954 3470 um
2967 3414 3656 3488 crucifixit(Col.n,14),et

2006 3506 2189 3561 totius
2219 3503 2376 3559 orbis
2407 3508 2708 3575 peccatum
2740 3521 2846 3559 suo
2893 3519 3097 3558 cruore
3145 3503 3500 3558 mundavit?
3525 3525 3553 3555 ››
3589 3504 3660 3558 Et

2007 3593 2181 3648 item:
2214 3616 2240 3641 ‹‹
2277 3593 2430 3647 Mala
2457 3593 2580 3646 Eva:
2613 3591 2904 3646 successio
2937 3596 3123 3646 totum
3157 3591 3456 3647 hominem
3489 3592 3658 3647 devo-

2010 3684 2179 3749 ravit,
2212 3681 2488 3754 praeclara
2535 3680 2749 3736 Christi
2797 3679 3108 3736 haereditas
3138 3683 3326 3736 totum
3358 3679 3658 3736 hominem

2009 3770 2296 3826 liberavit.
2323 3771 2448 3825 Non
2470 3769 2540 3824 ad
2575 3787 2759 3824 unum
2789 3769 3171 3841 quidem,non
3205 3769 3279 3824 ad
3309 3768 3659 3840 paucos,sed

2010 3861 2079 3914 ad
2105 3875 2309 3915 omnes
2339 3861 2755 3914 testamentum
2788 3874 2963 3913 suum
2986 3856 3225 3930 scripsit
3245 3857 3666 3914 Jesus.0mnes

2013 3948 2211 4019 scripti
2246 3948 2504 4002 hairedes
2554 3964 2782 4014 sumus,
2817 3953 2932 4001 non
2965 3963 3068 4018 pro
3101 3945 3388 4020 portione,
3423 3946 3522 4002 sed
3561 3963 3665 4018 pro

2012 4033 2760 4094 univcrsitate.Communis
2782 4038 2871 4090 est
2889 4034 3046 4091 enim
3064 4033 3328 4090 omnium
3351 4035 3665 4092 hiereditas

2012 4126 2504 4192 universorum,et
2520 4123 2788 4181 soliditas
2818 4122 3438 4195 singulorum.Novum
3463 4125 3666 4178 Testa-

2015 4219 2278 4271 mentum
2331 4211 2550 4286 singuli
2599 4213 2836 4278 adeunt,
2869 4215 2927 4266 et
2957 4228 3163 4266 omnes
3204 4211 3528 4282 possident,
3563 4227 3669 4265 nec

2014 4302 2525 4360 minuiturhaeredi
2545 4300 2832 4373 quidquid
2847 4299 3295 4355 acohzeredibus
3315 4299 3664 4354 vindicatur.

2015 4395 2210 4449 Manet
2231 4391 2694 4446 emolumentum
2719 4389 3097 4460 integrum,et
3115 4404 3182 4443 eo
3205 4387 3394 4460 magis
3417 4385 3669 4460 singulis

2015 4481 2242 4548 crescit,
2267 4497 2382 4551 quo
2419 4478 2688 4550 pluribus
2733 4476 2910 4531 fuerit
2939 4475 3318 4548 acquisitum.
3352 4476 3669 4532 Haereditas

2015 4569 2325 4626 (lliristicst
2342 4567 2704 4622 resurrectio.
2735 4567 2890 4620 lianc
2911 4565 3228 4638 quisquam
3253 4566 3540 4621 damnum
3563 4583 3668 4622 su-

233 4658 385 4713 odio
412 4657 599 4712 habui
625 4658 824 4728 (ibid.,
854 4660 979 4726 163)
1014 4675 1026 4714 :
1063 4682 1091 4708 ‹‹
1123 4659 1232 4725 Qui
1283 4658 1546 4731 quotidie
1593 4660 1908 4715 advocatus
1937 4675 1984 4740 Ι)
2017 4676 2114 4714 um
2131 4654 2580 4728 duxerit,quzcin
2598 4654 3058 4710 unoeommunis
3073 4653 3270 4728 gratia;
3295 4653 3673 4712 nomeninve-

232 4762 352 4818 pro
377 4743 551 4801 nobis
571 4750 662 4800 est
681 4747 836 4818 apud
870 4746 1122 4808 Patrem.
1147 4751 1212 4800 ut
1231 4763 1335 4819 pro
1365 4747 1582 4818 quibus
1609 4746 1669 4802 in
1703 4747 1910 4803 diebus

232 4833 448 4890 carnis
478 4850 603 4889 suae
637 4834 1015 4908 misericordi
1045 4839 1134 4890 est
1161 4851 1509 4907 compassus
1541 4836 1770 4904 affectu,
1807 4852 1909 4906 pro

231 4921 339 4978 bis
363 4926 645 4994 operetur
663 4922 1069 4978 remissionem
1091 4923 1350 4996 quotidie
1371 4927 1909 4996 peccatorquuze

230 5017 333 5068 est
356 5009 522 5066 enim
542 5027 679 5084 spes
711 5011 828 5067 alia
856 5011 1053 5084 generi
1086 5011 1368 5080 humano,
1403 5011 1516 5068 nisi
1549 5016 1613 5066 ut
1642 5013 1909 5068 omnium

231 5098 574 5155 viventium
625 5099 840 5154 delicta
889 5099 1290 5156 donentur?»
1322 5103 1468 5155 Item
1525 5101 1624 5156 ubi
1675 5101 1912 5172 exponit

229 5187 687 5246 Misericordiae
737 5193 858 5244 tua?
919 5188 1146 5258 multae,
1212 5191 1460 5244 Domine
1501 5189 1696 5257 (ibiut,
1733 5190 1906 5258 156):

231 5300 263 5326 ιι
299 5277 384 5332 Et
415 5273 466 5331 si
501 5274 670 5346 longe
698 5276 1071 5348 est,inquit,a
1087 5279 1494 5343 peccatoribus
1522 5275 1689 5332 salus
1709 5277 1908 5343 (ibid.,

233 5365 400 5439 155),
423 5367 626 5420 tamen
674 5381 846 5419 nemo
889 5365 1179 5437 desperet,
1213 5367 1352 5437 quia
1403 5365 1598 5421 multa:
1629 5369 1770 5421 sunt
1801 5365 1908 5420 mi-

229 5453 582 5510 sericordia:
615 5451 870 5520 Domini,
902 5451 1040 5526 quia
1087 5453 1186 5526 qui
1241 5471 1346 5510 suo
1377 5459 1612 5526 peccato
1645 5458 1908 5524 pereunt,

227 5540 662 5597 misericordia
691 5540 923 5596 Domini
945 5541 1288 5598 liberantur.
1317 5545 1664 5608 Misercbur,
1697 5542 1909 5614 inquit,

224 5633 422 5700 cuius
451 5630 727 5685 misertus
755 5645 854 5685 ero
884 5631 1100 5700 (Exod.
1133 5648 1330 5698 xxxm,
1367 5633 1475 5700 19).
1503 5629 1699 5686 Palam
1731 5647 1910 5703 appa-

231 5717 366 5776 ruit
402 5733 523 5772 non
554 5718 973 5789 querentibus,
1009 5721 1230 5776 vocavit
1259 5720 1633 5792 refugientes,
1669 5736 1910 5791 congre-

2021 4747 2153 4802 nit‘?
2183 4745 2452 4802 Christus
2490 4744 2646 4800 enim
2680 4759 2992 4815 resurgens
3022 4743 3300 4800 omnibus
3332 4743 3668 4814 resurrexit,

2019 4834 2295 4910 quoniam
2317 4833 2731 4906 perhominem
2753 4832 3105 4888 resurrectio
3123 4836 3512 4889 mortuorum.
3533 4833 3668 4889 0m-

2021 4927 2184 4981 nium
2218 4924 2398 4996 igitur
2428 4925 2620 4995 potest
2667 4920 3036 4994 singulorum
3087 4937 3218 4978 esse
3267 4921 3667 4994 dispendium,

2020 5015 2172 5085 quod
2197 5017 2285 5068 cst
2305 5010 2484 5066 totius
2509 5010 2767 5081 corporis
2789 5015 2845 5065 et
2867 5009 3110 5065 humani
3135 5009 3366 5083 generis
3399 5009 3670 5064 reforma-

2021 5102 2179 5157 tio?»
2214 5101 2357 5156 Item
2395 5116 2528 5154 cum
2563 5102 2835 5154 tractaret
2856 5099 2927 5153 de
2949 5098 3142 5154 littera
3173 5099 3414 5155 Hebraea
3443 5095 3670 5152 decima

2019 5190 2244 5264 quinti,
2270 5189 2386 5246 ait:
2423 5212 2450 5238 ‹‹
2472 5189 2686 5244 Verum
2712 5187 2851 5260 quia
2879 5187 3078 5260 passio
3108 5185 3422 5243 Salvatoris
3463 5201 3668 5240 omnes

2018 5280 2408 5346 redemit,non
2424 5277 2744 5334 absurdum
2759 5275 2914 5332 estin
2927 5275 3182 5348 telligere
3195 5275 3276 5330 ita
3297 5275 3404 5330 hos
3421 5272 3670 5330 movisse

2020 5369 2211 5440 capita
2229 5367 2514 5438 sua,sicut
2532 5365 2915 5437 prophetabat
2928 5365 3200 5436 princeps
3219 5362 3313 5416 ille
3327 5362 3666 5434 Synagogze,

2021 5454 2248 5526 Expedit
2270 5471 2443 5508 mmm
2481 5453 2754 5507 hominem
2791 5453 2934 5506 mori
2967 5465 3067 5520 pro
3085 5449 3287 5520 papula
3309 5449 3482 5520 (Joan.
3507 5465 3668 5517 xvm,

2021 5545 2131 5611 14).
2161 5567 2187 5592 ››
2224 5544 2366 5598 Item
2418 5559 2550 5596 cum
2603 5544 2894 5607 tractaret,
2929 5538 3368 5594 Adolescentulus
3413 5554 3536 5594 sum
3575 5553 3671 5610 ego

2019 5641 2070 5688 et
2113 5640 2446 5702 contemptus
2496 5629 2666 5697 (Psal.
2717 5643 2908 5690 cxvm,
2963 5627 3110 5694 141),
3165 5627 3291 5682 ait:
3343 5627 3528 5683 «Rex
3573 5627 3672 5684 ille

2022 5722 2205 5775 durus
2235 5720 2594 5790 indignatur,
2617 5719 2672 5770 et
2697 5713 2968 5769 irascitur
2987 5713 3276 5788 diabolus,
3300 5733 3366 5774 eo
3389 5715 3544 5789 quod
3575 5732 3668 5773 ca-
