3970 6182
358 417 480 485 319

1298 423 1681 488 HINCMARI
1727 425 1942 488 RHEM
1954 423 2170 490 ENSIS
2215 427 2831 491 ARCHIEPISCOPI.

3649 430 3764 494 320

356 551 1312 628 nereutjuvenculaa,quiaduritize
1339 556 1493 613 ﬁlius
1518 575 1735 630 paucos
1755 559 2006 632 decepit;
2037 558 2095 628 Α
2124 563 2376 618 omnibus
2402 571 2648 620 mortuus
2675 571 2756 620 est
2793 563 2865 636 (II
2890 563 3010 620 Cor.
3042 581 3097 634 v,
3143 563 3252 633 14),
3285 561 3564 636 quoniam
3603 563 3764 624 Chri-

353 644 622 701 Christus
639 647 826 700 totum
856 645 1145 700 mundum
1166 645 1468 700 redemit.»
1485 647 1626 702 Item
1641 664 1774 703 cum
1795 652 2006 705 tracta-

354 737 464 800 ret,
487 733 788 789 Tribulatio
808 741 860 788 et
879 736 1152 805 angusti}?
1175 737 1228 788 in
1239 745 1497 791 venerunt
1515 753 1601 792 me
1621 737 1792 808 (Psal.
1812 755 2002 806 cxvm,

353 825 518 894 143):
553 847 581 874 α
615 823 743 880 Noli
777 824 987 880 iterum
1030 841 1290 896 peccare,
1323 823 1421 891 ait,
1456 830 1588 897 post
1618 825 2000 896 baptismum.

351 911 638 971 Omnibus
660 913 720 968 in
744 929 1056 968 commune
1078 912 1256 969 simul
1276 918 1541 969 mortuus
1555 914 2006 982 cstChristus,et

349 1001 600 1075 singulis
649 1001 828 1057 semel
879 1001 1151 1070 moritur,
1189 1019 1302 1057 non
1353 1003 1705 1074 frequenter.
1742 1025 1770 1051 ››
1807 1003 1950 1059 Item
1985 1021 1997 1060 :

347 1117 375 1144 α
402 1091 558 1148 Calix
603 1091 830 1147 Domini
863 1090 1131 1146 remissio
1176 1094 1545 1163 peccatorum
1579 1095 1686 1157 est,
1722 1109 1836 1164 quo
1865 1111 2000 1148 san-

347 1181 479 1256 guis
507 1181 840 1236 eli'undetur
861 1179 960 1252 qui
985 1179 1164 1234 totius
1196 1179 1439 1234 redemit
1470 1184 1704 1252 peccata
1733 1183 1997 1237 mundi.»

335 1257 492 1328 item
545 1269 604 1325 in
659 1271 914 1326 tractatu
965 1267 1222 1340 epistolae
1272 1269 1342 1324 ad
1394 1269 1690 1326 Romanos
1720 1273 1858 1343 (cap.
1891 1271 1992 1342 3):

349 1382 378 1411 ‹‹
412 1359 476 1416 In
506 1359 615 1414 hoc
647 1358 804 1414 enim
837 1356 1104 1414 Christus
1136 1360 1193 1412 et
1219 1356 1378 1426 vixit,
1412 1361 1469 1412 et
1501 1363 1766 1414 mortuus
1797 1363 1904 1427 est,
1940 1365 1997 1415 et

347 1447 760 1515 resurrexit,ut
787 1450 844 1502 ct
872 1445 1136 1502 vivorum
1167 1447 1584 1514 dominetur,et
1606 1451 1991 1505 mortuorum.

341 1538 451 1596 Per
473 1536 766 1594 Christum
797 1535 1110 1592 Dominum
1145 1536 1295 1592 facta
1323 1541 1410 1592 est
1439 1540 1858 1610 creatura,quae
1891 1555 1992 1610 pro

341 1629 578 1701 peccato
601 1624 852 1681 alienata
871 1631 978 1691 est,
1012 1625 1085 1679 ab
1109 1629 1341 1681 auctore
1363 1625 1518 1681 facta
1538 1625 1780 1697 captiva.
1806 1629 1990 1692 Quam

338 1716 492 1772 Deus
517 1715 706 1782 Pater,
733 1729 805 1768 ne
826 1731 973 1785 opus
997 1714 1124 1784 ejus
1147 1713 1380 1786 periret,
1405 1713 1587 1771 misso
1623 1715 1766 1770 Filio
1786 1715 1856 1770 de
1877 1732 1989 1771 em-

336 1803 410 1860 lis
431 1804 501 1858 ad
521 1807 727 1870 terras,
748 1802 948 1858 docuit
969 1801 1108 1874 quid
1133 1801 1396 1858 faciendo
1418 1821 1630 1859 manus
1663 1804 1988 1876 piratarum

334 1891 634 1966 oﬂ‘ugere—t.
665 1891 906 1962 Propter
953 1891 1105 1962 quod
1157 1895 1214 1946 et
1253 1891 1438 1947 occidi
1465 1909 1526 1948 se
1560 1910 1770 1964 passus
1797 1898 1888 1949 est
1916 1894 1989 1949 ab

334 1978 613 2044 inimicis,
646 1981 710 2034 ut
741 1979 1103 2035 descendens
1146 1979 1217 2034 ad
1249 1979 1484 2048 inferos,
1520 1981 1662 2053 quia
1706 1980 1987 2038 innocens

333 2071 457 2124 erat
479 2066 904 2134 occisus,reum
928 2067 1140 2123 faceret
1161 2073 1563 2140 peccatum,ut
1585 2087 1732 2142 quos
1751 2071 1987 2128 tenebat

331 2155 487 2232 apud
511 2155 728 2211 inferos
751 2154 1064 2212 amitteret.
1091 2155 1376 2222 Quoniam
1397 2174 1534 2231 ergo
1554 2158 1696 2214 vivis
1728 2159 1986 2215 ostendit

329 2244 486 2300 viam
509 2242 742 2314 salutis,
763 2261 831 2299 ac
861 2260 923 2299 se
955 2243 1166 2299 obtulit
1194 2262 1297 2317 pro
1328 2245 1433 2312 eis,
1466 2251 1727 2305 mortuos
1757 2265 1888 2304 vero
1919 2247 1986 2303 li-

330 2332 554 2390 beravit
573 2333 644 2388 de
686 2331 933 2400 inferno,
958 2337 1079 2388 tam
1110 2332 1371 2390 vivorum
1405 2353 1580 2407 quam
1616 2341 1980 2393 mortuorum

329 2421 686 2478 dominatur.
710 2421 792 2476 Ex
811 2421 1057 2494 perditis
1084 2423 1241 2478 enim
1265 2423 1478 2479 iterum
1512 2425 1846 2482 reformavit
1869 2425 1980 2482 sibi

327 2509 460 2570 illos
480 2509 540 2565 in
563 2526 821 2566 servos.»
844 2511 913 2566 Et
935 2509 1073 2566 item
1099 2513 1238 2584 (cap.
1263 2512 1434 2580 eod.):
1458 2536 1484 2563 ‹‹
1501 2513 1608 2580 Qui
1629 2513 1784 2569 enim
1799 2515 1856 2569 in
1871 2515 1980 2571 hoc

329 2599 505 2656 servit
533 2597 786 2666 Christo,
812 2597 1000 2672 placet
1019 2599 1154 2668 Deo,
1171 2601 1446 2673 quoniam
1469 2602 1738 2659 Christus
1759 2621 1864 2659 nos
1887 2621 1979 2660 rc—

326 2675 530 2746 demit.
566 2687 720 2754 Ideo,
757 2687 868 2758 ait,
895 2687 996 2760 qui
1045 2687 1104 2743 in
1154 2689 1264 2745 hoc
1307 2691 1484 2746 servit
1532 2690 1782 2757 Christo,
1829 2709 1975 2764 qua-

326 2777 435 2834 re?
467 2775 618 2834 255
649 2775 797 2842 Quia
844 2775 969 2850 ipse
1015 2776 1176 2832 misit
1221 2778 1520 2834 Christum
1569 2785 1636 2835 ut
1665 2781 1978 2836 redimeret

323 2881 511 2940 genus
553 2864 904 2922 humanum.
942 2888 970 2915 ››
1003 2865 1144 2922 Item
1179 2867 1237 2922 in
1269 2867 1516 2940 epistola
1544 2869 1616 2924 ad
1649 2869 1978 2927 Corinthios

323 2956 501 3028 (epist.
536 2971 576 3021 ι,
625 2970 672 3010 c.
708 2953 760 3026 1)
795 2971 808 3010 :
861 2977 890 3004 ‹‹
927 2955 1153 3011 Verbum
1199 2957 1349 3012 enim
1397 2959 1572 3012 crucis
1621 2959 1977 3029 pereuntibus

325 3044 543 3118 quidem
597 3043 835 3100 stultitia
889 3050 968 3100 est
1009 3046 1066 3112 (Ι
1090 3047 1210 3102 Cor.
1245 3063 1285 3108 ι.
1319 3046 1427 3114 18).
1463 3046 1840 3102 Manifestum
1889 3049 1978 3102 est

325 3132 465 3206 quia
487 3131 704 3204 quibus
731 3149 874 3187 crux
895 3130 1113 3188 Christi
1143 3132 1392 3190 stultitia
1431 3138 1539 3203 est,
1563 3135 1620 3190 in
1654 3135 1976 3208 perditione

326 3225 466 3277 sunt
489 3239 505 3288 ;
527 3219 767 3276 infernae
796 3219 954 3276 enim
985 3221 1158 3276 morti
1191 3239 1306 3277 non
1339 3227 1478 3278 sunt
1506 3224 1709 3296 erepti.
1743 3225 1836 3280 His
1867 3242 1974 3279 au-

321 3309 552 3380 temqui
598 3308 742 3363 salvi
794 3309 936 3380 ﬁunt
991 3311 1165 3366 virtus
1225 3311 1325 3366 Dei
1379 3318 1455 3366 est
1486 3311 1687 3384 (ibid.).
1723 3301 2039 3370 Non'estC

322 3396 664 3465 obscurum,
691 3395 829 3468 quia
857 3396 950 3452 his
981 3397 1082 3469 qui
1106 3399 1350 3454 credunt
1370 3400 1471 3454 Dei
1493 3399 1675 3456 virtus
1697 3404 1803 3455 est.
1837 3402 1967 3457 Cre-

322 3485 470 3541 dunt
499 3483 678 3552 enim,
711 3501 826 3540 non
857 3483 1256 3543 inﬁrmitatem
1288 3505 1416 3544 esse
1447 3506 1678 3544 crucem
1728 3489 1966 3558 Christi,

322 3574 422 3630 sed
445 3573 718 3628 virtutem
741 3589 754 3629 :
777 3573 1170 3647 intelligentcs
1191 3581 1438 3632 mortem
1459 3573 1670 3633 victam
1693 3577 1752 3632 in
1777 3595 1966 3644 cruce,

282 3739 290 3745 ί
322 3663 494 3736 cujus
527 3663 762 3737 signum
796 3663 896 3736 qui
927 3663 1147 3720 habent
1176 3665 1317 3720 salvi
1350 3667 1626 3738 sunt,qui
1657 3668 1728 3722 ab
1761 3667 1862 3722 illa
1892 3672 1970 3722 te-

325 3751 448 3810 neri
501 3769 617 3808 non
675 3756 942 3824 possunt.
976 3756 1136 3823 (ttap.
1163 3756 1218 3827 6)
1249 3759 1376 3810 Non
1403 3757 1541 3812 estis
1568 3757 1764 3826 restri,
1793 3757 1972 3825 empti

319 3843 478 3898 enim
533 3841 672 3896 estis
723 3841 917 3908 pretio
947 3846 993 3910 (l
1021 3845 1151 3900 Cor.
1188 3861 1266 3912 vr,
1307 3844 1415 3912 19).
1452 3843 1827 3900 Manifestum
1883 3848 1972 3901 est

322 3930 462 4002 quia
495 3927 596 4001 qui
635 3933 870 4001 emptus
903 3933 1012 3997 est,
1035 3947 1152 3986 non
1186 3935 1276 3986 est
1306 3931 1396 3986 sui
1428 3933 1673 4001 arbitrii,
1710 3933 1810 3988 sed
1841 3933 1970 4004 ejus

323 4035 359 4074 a
387 4035 502 4091 quo
531 4021 767 4090 emptus
803 4019 910 4086 est,
941 4022 1005 4073 ut
1049 4035 1166 4074 non
1215 4037 1406 4087 suam,
1440 4021 1540 4076 sed
1590 4021 1748 4078 illius
1795 4021 1972 4076 faciat

320 4107 681 4163 voluntatem
708 4121 721 4160 :
744 4111 802 4162 et
823 4105 960 4180 quia
981 4106 1158 4163 charo
1180 4109 1358 4180 empti
1385 4110 1970 4182 sumus,propensius

321 4195 438 4252 Deo
458 4194 672 4252 servire
708 4195 1012 4264 debemus,
1036 4213 1108 4252 ne
1128 4197 1385 4254 offensus
1407 4215 1441 4252 a
1462 4216 1578 4270 qua
1599 4216 1704 4254 nos
1729 4197 1972 4254 redemit

322 4283 495 4340 morti
518 4300 628 4340 nos
647 4283 1061 4351 reddat.Quam
1094 4284 1251 4339 enim
1282 4285 1629 4342 charissimo
1652 4285 1834 4358 pretio
1865 4303 1970 4342 nos

321 4373 482 4442 emit,
515 4377 582 4428 ut
611 4373 960 4446 sanguinem
1017 4391 1192 4428 suum
1251 4373 1414 4428 daret
1459 4391 1562 4446 pro
1593 4375 1809 4430 nobis?
1843 4398 1870 4424 ››
1903 4375 1972 4430 Et

322 4461 462 4517 item
496 4465 640 4533 (cap.
669 4461 762 4533 9):
817 4486 844 4512 «
871 4462 1059 4518 Omnis
1107 4469 1287 4518 autem
1333 4465 1431 4536 qui
1462 4465 1516 4518 in
1551 4481 1720 4534 agone
1763 4472 1972 4520 conten-

320 4549 420 4618 dit,
451 4553 519 4606 ab
568 4551 821 4606 omnibus
869 4568 925 4606 se
981 4554 1213 4608 abstinet
1252 4553 1300 4623 (Ι
1331 4551 1450 4608 Cor.
1485 4571 1560 4619 1x,
1591 4555 1702 4621 25),
1755 4553 1826 4608 ab
1875 4552 1970 4607 his

2115 655 2242 706 stus
2269 650 2518 722 diligens
2554 669 2742 723 genus
2789 652 3139 720 humanum,
3189 657 3256 708 ut
3301 669 3402 709 eos
3456 653 3763 712 redimeret

2113 739 2286 794 morti
2344 757 2404 796 se
2453 741 2631 796 dedit.
2679 763 2708 790 »
2754 742 2824 796 Et
2867 740 3006 796 item
3055 740 3241 810 (ibid)
3278 757 3291 798 :
3331 763 3359 792 «
3400 743 3538 814 Ergo
3584 759 3762 800 omnm

2110 833 2314 885 τηενιαὶ
2339 839 2485 899 sunt,
2518 838 2570 886 et
2595 846 2693 902 pro
2723 831 2977 886 omnibus
3021 839 3268 886 mortuus
3317 837 3416 887 est.
3464 831 3612 898 Quia
3639 849 3759 890 om-

2110 935 2214 974 nes
2244 936 2477 975 necesse
2505 923 2595 974 est
2623 917 2773 974 mori
2803 936 2981 975 causa
3009 919 3277 991 Adae,pro
3309 919 3584 976 omnibus
3608 937 3758 978 mor-

2109 1007 2246 1065 luus
2275 1012 2364 1064 est
2393 1007 2757 1078 Christus,ut
2785 1025 2884 1064 eos
2906 1025 2940 1064 a
2961 1008 3218 1064 secunda
3247 1013 3435 1064 morte
3463 1007 3754 1067 liberaret.

2108 1097 2356 1169 Ideoque
2389 1097 2488 1170 qui
2518 1097 2720 1153 vivunt
2765 1097 2824 1152 in
2873 1113 3134 1170 corpore,
3169 1097 3424 1154 scientes
3459 1097 3757 1156 Christum

2108 1192 2406 1242 mortuum
2445 1203 2574 1242 esse
2620 1203 2724 1259 pro
2777 1203 2860 1252 se,
2893 1185 3013 1242 sint
3062 1187 3114 1242 ei
3166 1184 3387 1242 subditi
3421 1187 3757 1258 proﬁtentes

2105 1273 2262 1330 hunc
2295 1273 2625 1330 Dominum.
2659 1273 2885 1341 Quibus
2923 1273 3079 1328 enim
3127 1273 3366 1345 prodest
3415 1289 3575 1329 mors
3604 1274 3753 1344 ejus,

2103 1363 2508 1420 testimonium
2539 1362 2806 1435 perhibet
2835 1359 3336 1418 resurrectionis.»
3368 1362 3439 1418 Et
3467 1359 3606 1417 item
3637 1363 3758 1435 epi-

2102 1452 2252 1508 stola
2277 1454 2348 1508 ad
2379 1451 2662 1525 Ephesios
2691 1454 2834 1523 (cap.
2869 1451 2942 1522 4).
2988 1451 3272 1506 Veritatem
3317 1457 3500 1506 autem
3543 1452 3755 1522 facim-

2100 1549 2196 1610 tcs,
2234 1543 2295 1598 in
2339 1542 2604 1598 charitate
2629 1556 2924 1612 augeamus
2974 1541 3036 1594 in
3083 1541 3262 1610 ipsum
3310 1539 3498 1594 omnia
3535 1541 3634 1612 qui
3675 1549 3758 1596 est

2099 1639 2262 1702 caput
2315 1632 2566 1688 Christus
2613 1628 2824 1700 (Ephcs.
2861 1645 2936 1696 IV,
2973 1627 3080 1698 15).
3131 1650 3160 1678 (ι
3224 1627 3380 1682 lianc
3437 1626 3579 1683 dicit
3623 1645 3756 1688 esse

2096 1720 2421 1786 veritatem,
2456 1724 2520 1776 ut
2550 1735 2809 1774 amorem
2841 1715 3059 1773 Christi
3088 1716 3488 1788 respicientes,
3516 1733 3631 1788 quo
3657 1715 3753 1774 di-

2095 1807 2235 1864 lexit
2267 1825 2396 1876 nos,
2427 1813 2485 1864 et
2516 1807 2760 1864 tradidit
2790 1823 2852 1861 se
2883 1822 2986 1878 pro
3018 1803 3208 1872 nobis,
3231 1821 3437 1862 omnes
3468 1802 3750 1876 subjicia-

2097 1915 2232 1954 mur
2259 1897 2331 1961 ei,
2365 1897 2614 1953 scientes
2645 1895 2786 1968 quia
2815 1893 3082 1952 omnium
3121 1897 3328 1950 auctor
3369 1897 3461 1950 est
3501 1891 3650 1959 vitae,
3683 1897 3754 1952 ut

2095 1986 2264 2060 quasi
2296 1985 2470 2060 capiti
2502 1985 2766 2041 membra
2797 1984 3148 2051 subdantur,
3192 1987 3256 2039 ut
3303 1982 3354 2039 si
3401 1981 3522 2050 alii,
3553 1999 3751 2042 errore

2091 2075 2180 2131 vel
2213 2074 2625 2142 malivolentia,
2659 2091 2776 2130 non
2808 2073 3066 2128 fatentur
3119 2071 3387 2128 omnium
3435 2075 3613 2143 caput
3641 2071 3746 2127 ha-

2092 2164 2214 2220 beri
2265 2163 2583 2234 Christum,
2615 2163 2756 2235 quia
2781 2162 2855 2218 ab
2884 2161 3010 2234 ipso
3058 2161 3212 2218 facta
3257 2163 3401 2216 sunt
3445 2159 3747 2224 voluntate

2093 2253 2317 2309 Patris:
2352 2269 2460 2308 nos
2488 2256 2684 2308 tamen
2715 2250 2816 2324 qui
2849 2249 3148 2307 catholicae
3180 2249 3316 2305 ﬁdei
3352 2249 3742 2318 adheremus,

2090 2343 2199 2398 hoc
2229 2341 2389 2398 omni
2418 2340 2720 2398 devotione
2751 2344 2809 2396 et
2839 2356 2980 2396 cura
3007 2355 3177 2412 agere
3198 2337 3573 2404 debemus,ut
3600 2336 3744 2398 huic

2090 2430 2226 2486 ﬁdei
2256 2447 2364 2487 nos
2393 2431 2700 2495 damnum,
2733 2429 2836 2486 sed
2887 2427 3120 2484 lucrum
3161 2427 3500 2498 att‘eramus,
3527 2425 3745 2498 persis-

2089 2523 2278 2576 tentes
2298 2520 2357 2574 in
2379 2519 2490 2574 hac
2511 2517 3032 2584 asseveratione,ut
3053 2516 3522 2588 comprimantur
3547 2531 3743 2588 pravae

2089 2607 2303 2665 mentis
2333 2605 2626 2680 colloquia
2653 2607 2932 2663 adversus
2964 2603 3266 2661 veritatem
3298 2607 3577 2660 armata.»
3592 2603 3741 2661 Item

2085 2696 2146 2752 in
2195 2694 2444 2769 epistola
2492 2696 2563 2752 ad
2614 2694 2988 2751 Timotheum
3018 2696 3158 2766 (cap.
3194 2693 3304 2764 11),
3339 2693 3446 2761 Qui
3471 2691 3620 2749 dedit
3654 2709 3740 2750 se-

2084 2787 2376 2856 metipsum
2409 2783 2834 2856 redemptionem
2875 2799 2976 2855 pro
3021 2781 3276 2838 omnibus
3304 2781 3351 2854 (ι
3385 2782 3518 2838 Tim.
3563 2798 3628 2850 ιι,
3661 2781 3738 2854 ϐ).

2087 2897 2114 2925 α
2149 2873 2434 2942 Quoniam
2465 2873 2641 2929 homo
2664 2873 2794 2944 jam
2825 2869 3234 2928 reconciliatus
3283 2869 3406 2926 Deo
3447 2869 3740 2926 obnoxius

2085 2967 2210 3020 erat
2238 2961 2412 3018 morti
2442 2961 2703 3029 inferna,
2754 2977 2826 3018 ne
2869 2961 2943 3017 ad
2991 2975 3126 3016 eum
3176 2958 3270 3015 cui
3320 2957 3738 3017 reconciliatus

2083 3051 2275 3107 fuerat
2303 3053 2499 3122 posset
2517 3047 3121 3117 ascendere,Salvator
3139 3051 3203 3103 ut
3226 3045 3532 3103 arbitrium
3555 3063 3740 3106 suum

2084 3141 2156 3196 ad
2187 3140 2458 3196 etfectum
2489 3139 2850 3210 perduceret,
2885 3137 3034 3194 mori
3065 3154 3126 3193 se
3155 3153 3370 3210 passus
3413 3140 3502 3193 est
3529 3141 3741 3195 contra

2073 3229 2280 3301 jus,ut
2299 3228 2661 3284 descendens
2691 3227 2762 3282 ad
2795 3225 2948 3284 256
2967 3225 3206 3294 inferos,
3238 3227 3486 3285 mortem
3513 3225 3586 3282 de
3619 3223 3738 3281 im-

2077 3317 2290 3391 pietate
2311 3333 2488 3389 quam
2519 3314 2579 3370 in
2609 3331 2676 3371 eo
2706 3319 2970 3388 gesserat
2986 3315 3311 3384 damnaret,
3344 3313 3614 3371 auferens
3649 3314 3740 3372 eis

2078 3423 2226 3479 quos
2256 3405 2493 3460 tenebat
2539 3420 2552 3458 :
2587 3408 2653 3460 ut
2683 3404 2754 3460 de
2783 3407 2988 3460 caetero
3039 3402 3293 3476 quisque
3328 3402 3568 3476 signum
3599 3403 3738 3476 ejus

2077 3495 2339 3565 haberet,
2371 3493 2444 3549 ab
2474 3510 2542 3550 ea
2570 3493 2753 3549 teneri
2805 3509 2921 3548 non
2969 3495 3186 3565 posset.
3240 3491 3422 3565 Cujus
3450 3491 3534 3549 rei
3563 3492 3737 3550 testi-

2079 3583 2346 3638 monium
2371 3587 2632 3654 tempore
2650 3597 2765 3653 quo
2783 3581 3098 3637 resurrexit
3115 3580 3738 3637 ostendit.Destructio

2078 3671 2233 3728 enim
2266 3671 2474 3726 mortis
2496 3667 2844 3726 resurrectio
2867 3674 3233 3725 mortuorum
3259 3669 3552 3726 est.»ltem
3571 3668 3740 3728 idem

2079 3765 2322 3817 sanctus
2350 3759 2718 3833 Augustinus
2748 3757 2809 3813 in
2839 3757 2990 3814 libro
3020 3759 3094 3814 de
3123 3757 3343 3831 Spiritu
3395 3763 3598 3814 sancto
3653 3759 3744 3829 (In

2075 3867 2268 3922 prtem.
2318 3849 2414 3905 tib.
2449 3852 2510 3918 Ι),
2543 3864 2838 3920 exponens
2888 3849 3242 3904 sententiam
3289 3847 3423 3904 libri
3453 3847 3742 3908 Judieum

2081 3939 2150 3994 de
2177 3937 2404 3993 cheon
2438 3935 2674 4004 (Jud.v1)
2709 3954 2722 3992 :
2757 3957 2784 3986 ‹‹
2821 3935 2968 3991 Cum
2999 3935 3266 3992 audisset
3289 3936 3542 4004 Gedeon,
3577 3937 3743 4009 quod

2079 4025 2486 4093 deﬁcientibus
2517 4023 2651 4080 licet
2678 4023 3033 4097 populorum
3065 4023 3328 4082 millibus
3365 4025 3426 4081 in
3463 4042 3584 4082 uno
3615 4025 3744 4082 viro

2079 4115 2363 4171 Dominus
2387 4111 2614 4185 plebem
2641 4129 2810 4168 suam
2833 4112 2905 4168 ab
2931 4103 3746 4180 hostibus'liberaretpbtulit

2080 4203 2313 4260 haedum
2343 4218 2676 4274 caprarum,
2712 4203 2883 4273 cujus
2931 4217 3191 4270 carnem,
3225 4202 3550 4258 secundum
3584 4220 3744 4276 prae-

2081 4295 2248 4364 cepta
2277 4289 2553 4362 angeli,et
2581 4307 2786 4362 azyma
2816 4307 2997 4363 supra
3043 4294 3270 4362 petram
3317 4291 3536 4363 posuit,
3571 4297 3634 4348 et
3673 4309 3747 4348 ea

2072 4381 2208 4452 jure
2239 4378 2516 4452 perfudit.
2551 4380 2685 4445 Quae
2718 4377 2894 4434 simul
2926 4384 2991 4434 ut
3019 4377 3190 4451 virgae
3222 4378 3530 4436 cacumine
3553 4397 3743 4453 quam

2080 4467 2318 4541 gerebat
2337 4465 2582 4539 angelus
2603 4466 2703 4522 Dei
2736 4465 3121 4540 contingit,de
3143 4470 3309 4539 petra
3337 4467 3493 4541 ignis
3514 4469 3744 4542 erupit,

2081 4559 2256 4628 atque
2286 4556 2368 4610 ita
2395 4553 2752 4610 sacrificium
2775 4556 2931 4628 quod
2964 4555 3316 4612 oﬁ‘erebatur
3345 4557 3746 4630 absumptum

322 4637 618 4737 omnibus,
643 4656 768 4711 qua:
788 4638 1026 4696 vitanda
1054 4642 1258 4696 eadem
1282 4641 1460 4696 tradit
1480 4641 1812 4714 disciplina,
1835 4659 1969 4696 cum
1999 4672 2049 4738 Β
2081 4647 2319 4710 est.Quo
2349 4643 2564 4700 indicio
2595 4643 2955 4700 declaratum
2985 4645 3213 4700 videtur
3243 4645 3399 4717 quod
3427 4650 3597 4717 petra
3635 4645 3749 4702 illa

321 4726 513 4783 sciant
534 4743 720 4782 unum
751 4729 1151 4784 coronandum
1177 4746 1191 4784 :
1217 4733 1435 4802 quanto
1456 4730 1645 4803 magis
1667 4731 1971 4786 observan-

322 4815 464 4871 dum
497 4813 666 4870 nobis
711 4819 818 4884 est,
853 4815 956 4887 qui
1013 4815 1287 4872 omnibus
1346 4817 1635 4890 promissa
1681 4819 1810 4874 est?
1839 4841 1866 4870 ››
1899 4819 1970 4873 Et

321 4903 462 4960 item
484 4908 634 4974 (cup.
665 4905 750 4976 10)
775 4920 789 4960 :
823 4927 850 4954 «
875 4910 1002 4962 Non
1027 4907 1274 4978 potestis
1303 4922 1510 4964 mensa:
1540 4910 1784 4964 Domini
1809 4925 1967 4965 com-

321 4994 630 5050 municare
685 5002 739 5049 et
794 5009 1006 5050 mense:
1056 4994 1500 5051 daemoniorum.
1537 4997 1758 5052 Idcirco
1809 4996 1966 5052 enim

319 5081 588 5138 Christus
637 5081 950 5137 cruciﬁxus
981 5086 1090 5152 est,
1124 5082 1263 5155 quia
1307 5083 1575 5140 dissolvit
1622 5101 1797 5157 opera
1843 5085 1966 5140 dia-

320 5170 476 5227 boli?
497 5169 606 5236 Qui
648 5188 785 5245 ergo
833 5171 971 5226 facit
1012 5189 1187 5244 opera
1235 5171 1470 5240 diaboli,
1523 5173 1751 5228 Christo
1795 5191 1965 5244 repu-

319 5265 515 5334 gnat.»
541 5261 611 5316 Et
639 5260 779 5316 item
809 5264 964 5333 (cap.
999 5263 1088 5330 11)
1121 5284 1149 5311 ‹‹
1171 5267 1316 5318 lteus
1334 5263 1445 5317 crit
1465 5263 1727 5334 corporis
1745 5271 1799 5317 et
1827 5280 1964 5318 san-

319 5350 522 5422 guinis
553 5351 792 5406 Domini
831 5352 1027 5418 (lCor.
1059 5366 1136 5418 XI,
1169 5353 1280 5417 27).
1316 5350 1461 5416 Quid
1494 5355 1583 5404 est
1611 5354 1805 5405 autem
1839 5367 1968 5407 reos

322 5452 470 5504 esse,
501 5437 616 5492 nisi
650 5455 850 5511 pmnas
885 5439 1024 5494 dare
1071 5439 1276 5493 mortis
1306 5437 1582 5492 Domini?
1612 5437 1850 5494 Occisus
1880 5444 1970 5494 est

322 5524 480 5580 enim
510 5526 682 5581 etiam
717 5545 821 5600 pro
850 5527 946 5583 his
974 5528 1075 5600 qui
1109 5527 1456 5582 beneﬁcium
1489 5527 1618 5598 ejus
1649 5525 1708 5580 in
1735 5527 1964 5582 irritum

325 5611 568 5668 ducunt.
603 5637 630 5662 n
679 5616 750 5670 Et
798 5615 1010 5670 iterum
1066 5617 1220 5690 (cap.
1263 5616 1362 5681 5):
1429 5637 1456 5663 ‹‹
1487 5613 1765 5670 Charitas
1814 5616 1968 5672 enim

327 5699 542 5760 Christi
560 5708 732 5774 urget
762 5719 883 5775 nos,
909 5703 1018 5760 hoc
1031 5705 1397 5777 judicanlcs,
1427 5703 1577 5778 quod
1603 5704 1652 5758 si
1681 5720 1828 5760 unus
1849 5722 1963 5777 pro

2077 4737 2284 4806 typum
2315 4732 2587 4789 habuerit
2605 4734 2865 4806 corporis
2887 4733 3282 4806 Christi,quia
3307 4732 3596 4806 scriptum
3625 4737 3746 4802 est,

2075 4823 2342 4879 Bibcbant
2366 4821 2433 4878 de
2461 4825 2806 4896 consequenti
2851 4839 2938 4878 eos
2983 4831 3158 4895 petra,
3188 4829 3342 4894 petra
3387 4829 3570 4880 autem
3617 4831 3751 4880 erat

2079 4911 2328 4968 Christus
2361 4911 2406 4981 (1
2436 4911 2556 4968 Cor.
2588 4929 2643 4980 x,
2679 4911 2756 4984 4).
2792 4912 2952 4978 Quod
2987 4911 3191 4984 utique
3234 4929 3350 4968 non
3398 4912 3470 4967 ad
3515 4911 3752 4967 divini-ﬁ

2075 5004 2256 5057 tatem
2287 5001 2434 5072 ejus,
2471 5001 2570 5056 sed
2619 5002 2690 5056 ad
2743 5017 2978 5056 carnem
3028 4999 3276 5057 relatum
3320 5005 3434 5068 est,
3471 5017 3603 5072 qua:
3663 5001 3752 5058 si-

2077 5089 2280 5145 tientia
2311 5089 2488 5144 corda
2515 5089 2865 5160 populorum
2887 5089 3128 5160 perenni
3159 5087 3278 5144 rivo
3299 5088 3393 5145 sui
3423 5088 3754 5161 sanguinis

2076 5175 2539 5232 inundavit.Jam
2568 5181 2707 5233 tunc
2749 5177 2925 5248 igitur
2953 5177 3013 5233 in
3044 5177 3322 5250 mysterio
3367 5175 3752 5234 declaratum

2077 5265 2336 5338 est,quia
2365 5264 2650 5320 Dominus
2680 5267 2853 5322 Jcsus
2883 5266 2942 5320 in
2975 5283 3148 5322 carne
3170 5283 3278 5322 sua
3305 5265 3488 5322 totius
3520 5266 3754 5322 mundi

2078 5357 2314 5426 peccata
2343 5353 2658 5409 cruciﬁxus
2691 5353 3080 5421 aboleret,nec
3101 5354 3293 5411 solum
3316 5353 3527 5410 delicta
3548 5353 3754 5412 facto-

2077 5459 2230 5510 rum,
2263 5443 2363 5496 sed
2396 5440 2572 5496 etiam
2597 5441 2946 5514 cupiditates
2977 5443 3331 5499 animorum.
3377 5442 3522 5498 Caro
3567 5442 3756 5498 enim

2076 5529 2238 5587 hazdi.
2254 5530 2326 5584 ad
2359 5528 2594 5602 culpam
2627 5531 2763 5586 facti
2795 5533 3165 5603 ret'erturjus
3196 5533 3268 5588 ad
3300 5530 3612 5588 illecebras
3638 5548 3758 5588 cu-

2075 5619 2410 5691 piditatum,
2457 5619 2612 5674 sicut
2651 5620 2933 5693 scriptum
2967 5625 3078 5687 est,
3114 5621 3254 5690 Quia
3297 5620 3615 5692 concupivit
3641 5638 3758 5692 po-

2070 5708 2237 5780 pulus
2267 5706 2620 5779 cupiditatem
2640 5713 2956 5781 pessimam,
2989 5718 3039 5766 et
3067 5709 3330 5766 dixerunt
3375 5730 3393 5764 :
3450 5709 3582 5777 Quis
3641 5727 3760 5768 nos
