3970 6182
211 381 317 444 325

910 381 1014 441 DE
1055 378 1826 442 PRAEDESTINATIONE
1867 376 2389 440 DISSERTATIO
2433 380 2895 444 POSTERIOR.

3501 383 3620 445 326

213 513 366 571 Sicut
396 512 577 569 etiam
602 511 664 567 in
694 513 952 569 secundo
982 511 1210 585 psalmo
1239 511 1455 568 dicitur
1481 528 1494 566 :
1535 516 1657 568 Pete
1685 529 1718 566 a
1746 507 1850 578 me,
1882 511 1938 577 Α
1967 509 2117 579 tulit,
2143 481 2379 584 propter
2407 513 2560 584 quod
2593 513 2925 569 noluerunt.
2955 514 3101 580 Quid
3134 519 3332 573 autem
3365 519 3455 572 est
3484 516 3620 574 Pec-

213 601 416 674 inquit,
450 601 585 657 dabo
615 600 718 657 tibi
751 609 933 674 gentes
969 601 1343 658 hereditatem
1373 610 1542 656 tuam.
1576 601 1700 656 Non
1725 601 1854 673 jam

213 690 392 765 portio
415 689 647 746 Domini
669 695 901 746 tantum
924 691 1124 758 Jacob,
1149 694 1208 746 et
1229 708 1362 762 pars
1383 691 1512 762 ejus
1533 688 1730 757 Israel,
1756 689 1853 745 sed

212 796 410 836 omnes
428 779 700 852 protinus
729 778 1016 846 nationes,
1041 779 1150 835 hoc
1172 783 1280 847 est,
1307 779 1518 835 Filium
1541 778 1858 834 Dominum

211 867 510 926 constituit
539 867 965 924 universorum.
990 868 1102 924 Sed
1133 867 1308 923 etiam
1335 871 1392 923 et
1417 868 1476 922 in
1498 867 1740 922 Actibus
1766 866 1860 922 Pe-

211 962 333 1014 trus
359 955 644 1029 loquitur,
667 956 869 1012 dicens
893 973 906 1010 :
930 957 996 1012 Et
1021 957 1316 1012 Dominum
1344 973 1489 1024 eum,
1512 964 1563 1012 et
1583 957 1862 1013 Christum

213 1049 337 1119 fecit
361 1047 503 1102 Deus
527 1045 661 1119 (Act.
685 1062 746 1112 ιι,
768 1046 882 1114 36).
903 1067 931 1096 ››
957 1045 1028 1101 Et
1057 1043 1196 1101 item
1234 1062 1247 1100 :
1275 1066 1303 1096 «
1329 1045 1614 1112 Quoniam
1662 1045 1862 1117 itaque

215 1136 389 1192 talem
409 1133 702 1191 habemus
720 1133 1076 1207 pontiﬁcem,
1095 1133 1400 1190 imitemur
1419 1151 1574 1202 eum,
1595 1134 1722 1206 ejus
1741 1150 1866 1190 ves-

214 1223 354 1298 tigia
375 1239 826 1296 consequamur.
841 1223 966 1278 Non
989 1226 1078 1278 est
1096 1222 1255 1278 aliud
1275 1223 1628 1279 sacriﬁcium
1647 1239 1658 1276 :
1677 1239 1862 1278 unum

216 1330 316 1369 nos
337 1311 628 1385 purgavit,
649 1315 782 1384 post
812 1310 969 1366 istud
994 1309 1148 1384 ignis
1169 1315 1226 1366 et
1245 1311 1568 1383 gehenna.»
1590 1311 1660 1366 Et
1680 1311 1820 1366 item
1845 1327 1860 1367 :

215 1426 240 1452 a
273 1401 564 1457 Mediator
592 1399 772 1472 igitur
800 1399 988 1454 factus
1011 1404 1100 1454 est
1132 1403 1328 1455 noster
1351 1405 1409 1454 et
1431 1400 1636 1468 Patris,
1661 1404 1716 1456 et
1743 1417 1867 1472 per-

215 1489 406 1547 suasit
429 1488 538 1544 illi.
563 1490 632 1545 Et
653 1488 794 1562 quid
824 1487 1025 1561 igitur,
1047 1489 1340 1562 quomodo
1370 1488 1655 1546 mediator
1677 1489 1866 1545 factus

215 1579 342 1636 est?
373 1579 690 1636 Sermones
723 1577 933 1633 detulit
968 1581 1026 1634 et
1063 1577 1260 1633 attulit
1300 1577 1470 1634 nobis
1503 1595 1536 1633 a
1567 1579 1733 1634 Patre
1764 1594 1868 1651 per

213 1670 660 1724 transvectores.
692 1665 868 1720 Addit
911 1666 1089 1721 etiam
1139 1671 1409 1723 mortem.
1444 1667 1506 1722 In
1547 1667 1867 1723 offensione

213 1757 431 1830 quippe
459 1772 719 1820 eramus,
743 1755 890 1810 mori
938 1772 1044 1811 nos
1074 1755 1447 1828 Opportebat;
1479 1761 1748 1811 mortuus
1779 1761 1868 1812 cst

1968 603 2096 653 cata
2123 598 2414 654 abstulit?
2447 600 2609 656 Sicut
2633 601 2788 656 enim
2824 600 2880 654 in
2908 600 3200 658 oblatione
3222 621 3458 660 sursum
3490 605 3622 660 olfe-

1968 687 2155 743 rimus
2202 692 2454 760 peccata,
2479 693 2537 744 et
2577 688 2850 756 dicimus,
2884 689 3012 746 Sive
3055 689 3332 759 volentes,
3367 692 3487 748 sive
3517 709 3621 748 no-

1967 773 2174 844 lentes,
2208 777 2599 848 peccavimus,
2639 777 2909 852 indulge;
2965 779 3076 835 hoc
3124 783 3232 847 est,
3267 781 3623 855 mentionem

1967 881 2170 920 eorum
2204 865 2453 921 facimus
2481 865 2762 938 primum,
2785 871 2842 922 et
2873 873 3015 922 tunc
3047 867 3453 925 remissionem
3486 869 3626 942 peti-

1970 945 2103 1008 mus
2129 971 2142 1009 :
2165 954 2248 1010 sic
2279 959 2478 1011 autem
2510 959 2567 1010 et
2595 955 2690 1012 hic
2737 956 3114 1012 manifestum
3147 961 3254 1012 est.
3279 958 3349 1012 Et
3381 958 3480 1014 ubi
3514 958 3626 1015 hoc

1969 1043 2108 1099 fecit
2129 1042 2435 1100 Christus?
2454 1045 2604 1100 Audi
2627 1061 2762 1100 eum
2783 1045 3076 1101 dicentem
3101 1063 3114 1100 :
3140 1047 3205 1102 Et
3229 1064 3330 1120 pro
3361 1048 3478 1104 illis
3504 1065 3630 1104 san-

1970 1135 2143 1204 ctifico
2170 1135 2548 1206 memetipsum
2574 1134 2750 1205 (Joan.
2772 1152 2912 1200 xvn,
2937 1134 3046 1203 19).
3079 1135 3225 1191 Ecce
3255 1135 3473 1192 obtulit
3501 1153 3631 1209 pec-

1971 1225 2120 1291 cata,
2155 1222 2412 1294 sumpsit
2453 1239 2522 1278 ea
2560 1222 2634 1278 ab
2673 1221 3036 1292 hominibus,
3062 1227 3120 1279 et
3159 1223 3372 1280 obtulit
3399 1241 3468 1280 ea
3496 1243 3626 1283 sur-

1974 1327 2108 1365 sum
2139 1310 2314 1376 Patri,
2341 1327 2454 1366 non
2487 1314 2552 1366 ut
2599 1310 2822 1383 aliquid
2861 1312 3134 1368 decernat
3181 1314 3460 1371 adversus
3505 1331 3626 1388 eos,

1974 1399 2076 1454 sed
2107 1403 2172 1454 ut
2202 1416 2269 1454 ea
2299 1399 2575 1454 dimittat.
2600 1403 2666 1455 In
2707 1400 2939 1456 secundo
2971 1403 3094 1457 sine
3117 1411 3330 1473 peccato
3354 1403 3631 1460 videbitur

1974 1488 2186 1560 inquit,
2210 1489 2649 1562 ecspectantibus
2678 1505 2736 1545 se
2765 1491 2823 1545 in
2868 1491 3120 1546 salutem.
3157 1491 3304 1558 Quid
3352 1497 3442 1549 est
3491 1493 3628 1550 Sine

1973 1577 2248 1649 peccato?
2267 1577 2441 1634 veluti
2469 1595 2582 1633 non
2605 1582 2827 1650 peccat.
2849 1579 2974 1633 Non
2993 1580 3151 1635 enim
3174 1580 3402 1638 debitor
3421 1582 3630 1638 mortis

1975 1669 2243 1721 mortuus
2267 1670 2372 1733 est,
2394 1684 2582 1738 neque
2604 1671 2841 1738 propter
2861 1672 3182 1738 peccatum.
3200 1669 3309 1725 Sed
3333 1671 3629 1742 quomodo

1973 1754 2311 1810 videbitur?
2343 1755 2618 1822 Punicus,
2651 1755 2864 1828 inquit.
2895 1757 3004 1812 Sed
3040 1773 3153 1812 non
3187 1757 3295 1814 hoc
3335 1757 3498 1827 dixit,
3524 1759 3628 1816 sed

213 1863 310 1920 pro
341 1845 614 1912 nobis,et
635 1843 772 1900 fecit
801 1861 907 1900 nos
931 1843 1139 1916 dignos
1169 1845 1522 1902 testamenti.
1545 1846 1661 1902 Hoc
1692 1847 1864 1901 modo
1897 1883 1943 1946 Β
1975 1844 2127 1917 quod
2163 1843 2434 1900 festivum
2469 1849 2526 1899 et
2555 1849 2786 1917 gratum
2818 1850 2925 1912 est,
2957 1846 3088 1901 Sine
3111 1855 3325 1918 peccato
3359 1848 3630 1905 videbitur

214 1936 450 1990 ﬁrmum
473 1933 697 1990 factum
720 1938 810 1989 est
829 1937 1270 1989 testamentum.
1289 1935 1493 1990 Annon
1516 1935 1725 2008 dignos
1737 1937 1863 2007 jam

215 2021 440 2080 factos?
469 2022 535 2077 In
566 2022 694 2094 ipso
726 2021 964 2094 quidem
998 2019 1165 2077 initio
1197 2027 1396 2095 utpote
1426 2023 1595 2078 Pater
1624 2023 1682 2077 in
1715 2024 1867 2080 ﬁlios

216 2115 468 2168 testatus
487 2113 600 2168 est.
625 2111 736 2167 Sed
769 2111 909 2184 quia
939 2109 1166 2184 indigni
1193 2109 1332 2167 facti
1353 2124 1582 2182 sumus,
1607 2130 1719 2168 non
1739 2113 1865 2184 jam

215 2203 568 2256 testamento
597 2199 768 2256 nobis
798 2217 946 2273 opus
975 2203 1118 2265 erat,
1152 2201 1251 2256 sed
1284 2217 1474 2272 pmna.
1508 2201 1657 2270 Quid
1689 2201 1870 2276 igitur

219 2287 800 2362 gloriaris,inquit,in
818 2287 983 2360 lege?
1001 2288 1064 2344 In
1082 2292 1313 2344 tantum
1335 2294 1638 2361 peccatum
1653 2291 1868 2363 quippe
1897 2299 1903 2304 '

221 2394 320 2434 nos
347 2377 682 2446 constituit,
705 2381 772 2434 ut
799 2375 1010 2433 salvari
1041 2395 1157 2434 non
1188 2395 1496 2450 possemus
1528 2378 1865 2451 aliquando,

221 2467 326 2524 nisi
369 2465 662 2523 Dominus
721 2482 823 2538 pro
870 2465 1040 2522 nobis
1087 2471 1441 2536 moreretur;
1492 2485 1867 2541 nequaquam

219 2555 432 2613 valeret
479 2554 594 2624 lex,
627 2554 920 2627 siquidem
969 2560 1058 2610 est
1105 2555 1359 2611 inﬁrma.
1392 2557 1463 2612 Et
1491 2574 1607 2612 non
1639 2561 1868 2613 tantum

218 2661 282 2700 ex
307 2643 614 2702 communi
639 2643 1063 2700 consuetudine
1082 2643 1192 2700 hoc
1213 2645 1545 2713 conﬁrmat,
1569 2647 1667 2701 sed
1691 2645 1869 2702 etiam

217 2751 280 2790 ex
333 2734 434 2790 his
491 2751 624 2806 quae
679 2733 740 2788 in
787 2733 979 2789 Veteri
1025 2734 1400 2790 Testamento
1456 2735 1872 2807 contingebant

215 2821 466 2879 maxime
486 2839 588 2879 eos
613 2821 952 2878 introducit.
976 2821 1188 2878 Nullus
1210 2822 1320 2878 fuit
1339 2822 1440 2895 qui
1462 2841 1578 2878 non
1602 2826 1870 2879 mortuus

217 2917 302 2968 est
324 2911 471 2969 illic.
497 2911 802 2978 Quomodo
841 2927 978 2985 ergo
1011 2911 1250 2968 ﬁrmum
1289 2917 1380 2969 est
1412 2912 1871 2968 testamentum?

219 3001 320 3057 Per
347 3001 628 3058 eumdem
657 3001 856 3074 ipsum
879 3002 1146 3070 modum,
1163 3000 1374 3074 inquit.
1389 3001 1690 3068 Quomodo
1711 3001 1870 3058 cnim

214 3089 328 3146 illic
344 3087 616 3163 sanguis,
633 3089 718 3146 sic
734 3089 911 3146 etiam
929 3089 1024 3146 hic
1041 3089 1303 3164 sanguis.
1319 3090 1379 3147 Si
1395 3094 1591 3146 autem
1613 3107 1727 3146 non
1747 3094 1872 3146 erat

215 3177 306 3234 hic
334 3177 560 3234 Christi
588 3179 854 3252 sanguis,
887 3195 1004 3234 non
1036 3179 1298 3247 mireris;
1332 3183 1508 3252 typus
1536 3179 1693 3234 enim
1725 3183 1868 3235 erat.

219 3266 380 3336 Unde,
395 3265 570 3332 dixit,
581 3251 756 3338 neque
765 3268 1015 3338 primum
1027 3268 1148 3322 sine
1160 3251 1434 3339 sanguine
1445 3267 1752 3324 dedicatum
1769 3274 1867 3324 est.
1899 3251 1942 3317 C

215 3355 360 3423 Quid
380 3359 499 3424 est,
523 3353 832 3412 dedicatum
851 3355 962 3412 est?
987 3355 1248 3412 Firmum
1270 3357 1488 3412 factum
1513 3361 1622 3426 est,
1643 3358 1876 3414 robora-

216 3449 338 3502 tum
357 3447 476 3501 est.
499 3443 667 3512 Quod
687 3447 882 3500 autem
907 3443 1069 3514 dixit,
1093 3444 1256 3514 unde,
1282 3445 1397 3502 tale
1417 3450 1507 3502 est
1528 3445 1698 3518 quale
1719 3446 1766 3501 si
1789 3446 1871 3501 di-

215 3539 384 3604 ceret,
408 3533 562 3590 281
591 3533 901 3606 Propterea
923 3535 1226 3608 oportebat
1243 3534 1581 3590 testamenti
1603 3533 1874 3591 solemni-

213 3624 389 3678 tatem
411 3621 700 3695 compleri
724 3621 904 3678 etiam
937 3639 1039 3695 per
1067 3626 1337 3679 mortem.
1362 3623 1518 3680 Nune
1545 3631 1747 3692 autem,
1781 3623 1871 3678 in-

215 3711 359 3782 quit,
379 3711 555 3767 semel
587 3711 648 3766 in
684 3713 1148 3768 consummatione
1175 3711 1502 3769 saeculorum
1529 3711 1604 3767 ud
1631 3712 1872 3768 destruc-

215 3799 412 3855 tionem
435 3800 652 3872 peecati
675 3815 774 3871 per
799 3801 1137 3872 sacriﬁcium
1165 3817 1329 3856 suum
1365 3802 1744 3872 manifestatus
1773 3809 1870 3857 est.

208 3887 270 3943 Et
294 3887 762 3961 quemadmodum
779 3896 1042 3946 statutum
1066 3895 1146 3946 est
1173 3889 1486 3945 hominibus
1514 3891 1680 3946 semel
1707 3891 1870 3959 mori,

207 3983 323 4048 post
337 3977 442 4034 hoc
461 3985 648 4034 autem
659 3977 960 4050 judicium.
988 3978 1210 4034 Deinde
1239 3978 1418 4034 dicit:
1450 3979 1516 4034 Et
1539 3979 1704 4034 semel
1721 3995 1874 4034 mor-

213 4065 520 4138 tuus,quia
540 4083 660 4139 qua
683 4070 870 4122 morte
891 4065 1212 4140 redemptio
1233 4067 1386 4122 facta
1405 4071 1512 4135 est,
1535 4067 1874 4122 institutum

207 4158 310 4220 est,
336 4154 567 4227 inquit,
601 4155 752 4210 mori
785 4155 1150 4212 hominibus.
1180 4155 1298 4212 Hac
1329 4172 1466 4230 ergo
1498 4155 1678 4212 semel
1711 4173 1871 4213 mor-

211 4247 350 4300 tuus
371 4247 469 4301 est
491 4260 600 4316 pro
624 4243 922 4299 omnibus.
938 4243 1086 4310 Quid
1109 4244 1282 4316 ergo?
1299 4245 1331 4302 J
1337 4261 1430 4300 am
1453 4261 1567 4300 non
1589 4245 1878 4302 morimur

212 4337 396 4389 morte
429 4331 580 4388 illa?
611 4331 899 4387 Morimur
920 4331 1178 4405 quidem,
1199 4334 1296 4389 sed
1329 4351 1444 4390 non
1475 4350 1786 4391 manemus
1815 4335 1875 4390 in

209 4418 502 4495 illa,quod
523 4425 586 4477 et
606 4421 736 4492 jam
758 4437 949 4493 neque
969 4420 1117 4476 mori
1141 4425 1248 4477 est.
1271 4421 1474 4478 Mortis
1495 4423 1652 4480 enim
1674 4427 1878 4498 tyran-

209 4509 302 4566 nis
319 4515 383 4566 et
403 4526 575 4566 mors
596 4527 796 4566 revera
815 4509 919 4566 illa
941 4514 1050 4578 est,
1076 4511 1232 4583 quod
1265 4527 1568 4584 nunquam
1591 4514 1876 4584 permitti-

1973 1934 2406 2006 e.cspectantibus
2437 1951 2493 1989 se
2527 1936 2589 1988 in
2617 1935 2852 1990 salutem
2883 1954 2900 1988 :
2932 1941 2998 1990 ut
3017 1937 3144 2006 jam
3177 1937 3247 1992 de
3277 1941 3480 2006 ciete.)
3511 1955 3626 1994 non

1949 2043 2123 2097 ,opus
2153 2023 2405 2079 habeant
2436 2023 2741 2091 sacriﬁcio,
2770 2027 2835 2078 ut
2865 2023 3182 2091 salventur,
3216 2025 3318 2082 sed
3349 2026 3407 2082 in
3438 2027 3630 2100 operi-

1975 2115 2088 2170 bus
2135 2112 2280 2186 ipsis
2329 2112 2437 2168 hoc
2487 2111 2722 2167 faciant.
2751 2135 2778 2160 υ
2801 2112 2870 2167 Et
2902 2112 3040 2167 item
3069 2129 3084 2168 :
3112 2135 3139 2162 «
3168 2114 3244 2170 Ne
3271 2117 3381 2183 cui,
3415 2114 3642 2188 inquit,

1975 2211 2213 2258 vestrum
2259 2201 2399 2257 desit
2444 2202 2624 2271 gratia
2654 2201 2770 2256 Dei.
2804 2200 2952 2266 Quid
3000 2202 3144 2257 dicit
3189 2203 3438 2276 gratiam
3481 2203 3632 2261 Dei?

1976 2293 2129 2348 bona
2163 2291 2380 2356 futura,
2411 2289 2808 2362 cxangelicam
2842 2290 3038 2358 ﬁdem,
3072 2290 3354 2363 optimam
3386 2309 3629 2348 conver-

1978 2382 2286 2437 sationem.
2319 2379 2530 2436 Omnia
2560 2379 2776 2452 quippe
2807 2380 2898 2434 Dei
2932 2384 3071 2435 sunt
3091 2379 3312 2452 gratiae.
3337 2381 3452 2436 Nec
3484 2381 3632 2437 mihi

1979 2471 2159 2535 dicas,
2191 2469 2331 2542 quia
2371 2486 2523 2524 unus
2571 2473 2660 2524 est
2690 2468 2791 2540 qui
2841 2467 3072 2540 peribit.
3108 2468 3333 2524 Etenim
3363 2469 3632 2526 Christus

1977 2562 2214 2632 propter
2233 2575 2418 2612 unum
2440 2561 2709 2612 mortuus
2730 2561 2837 2612 est.
2855 2558 2943 2612 Tu
2965 2573 3101 2629 ergo
3125 2557 3374 2631 negligis
3395 2562 3656 2630 propter

1979 2665 2155 2721 quem
2186 2645 2450 2702 Christus
2492 2645 2770 2718 dignatus
2811 2649 2900 2700 est
2941 2645 3129 2701 mori?
3155 2668 3182 2695 »
3207 2647 3348 2702 Item
3383 2647 3539 2702 idem
3570 2646 3632 2702 in
3675 2651 3685 2656 ”

1977 2736 2222 2792 homilia
2245 2736 2433 2806 prima
2455 2735 2525 2789 de
2551 2734 2779 2806 psalmo
2804 2733 3294 2806 quinquagesimo
3316 2751 3366 2789 :«
3391 2735 3633 2801 Quando

1981 2825 2190 2880 iterum
2217 2824 2378 2894 dicit,
2404 2822 2675 2879 Foderimt
2699 2839 2898 2878 manus
2926 2839 3074 2878 meas
3105 2829 3156 2877 et
3179 2822 3361 2894 pedes,
3383 2823 3637 2880 dinume-

1977 2920 2239 2969 raverunt
2267 2914 2451 2968 omnia
2488 2929 2610 2967 ossa
2649 2929 2767 2966 mea
2803 2911 3112 2982 (Psal.xx1,
3142 2911 3250 2979 17),
3275 2928 3390 2966 non
3431 2913 3636 2984 utique

1979 3001 2280 3076 passiones
2310 2997 2626 3054 annuntiat
2655 3015 2818 3064 suas,
2850 2997 2950 3052 sed
2983 3012 3216 3052 crucem
3249 2997 3502 3063 Domini,
3536 3015 3633 3053 sa-

1978 3089 2264 3146 criﬁcium
2287 3085 2444 3144 orbis
2475 3090 2658 3154 terrae,
2684 3085 2934 3140 salutem
2965 3085 3162 3156 generi
3192 3084 3454 3140 humano
3482 3101 3629 3157 prie-

1981 3179 2184 3236 dixit.»
2209 3177 2350 3234 Item
2380 3176 2440 3230 in
2472 3173 2716 3230 homilia
2740 3175 2811 3229 dc
2832 3173 3160 3246 proditione
3187 3173 3352 3229 Judte
3381 3189 3433 3228 :«
3455 3173 3635 3228 Dede-

1982 3274 2120 3325 runt
2149 3268 2402 3341 pretium
2436 3264 2744 3338 sanguinis
2775 3263 2872 3336 qui
2923 3263 3174 3336 pretium
3209 3281 3323 3319 non
3355 3263 3629 3319 habebat.

1981 3357 2128 3426 Quid
2177 3355 2473 3427 accepisti,
2506 3353 2699 3409 Juda?
2747 3351 2992 3425 triginta
3040 3351 3332 3408 denarios.
3365 3349 3633 3407 Christus

1980 3447 2166 3521 gratis
2187 3443 2420 3501 advenit
2441 3441 2788 3516 sanguinem
2809 3457 2983 3496 suum
3006 3457 3109 3513 pro
3127 3439 3425 3496 communi
3446 3439 3636 3495 salute

1981 3538 2242 3602 fusurus,
2276 3533 2430 3590 262
2460 3535 2518 3588 et
2547 3535 2610 3587 tu
2642 3531 2712 3587 de
2753 3530 3042 3604 sanguine
3088 3528 3348 3586 crudelia
3395 3533 3635 3601 peccata

1982 3623 2324 3698 componis?
2349 3645 2376 3672 »
2397 3623 2468 3678 Et
2485 3621 2625 3676 item
2649 3619 2708 3675 in
2730 3619 2934 3677 eadem
2961 3635 3014 3675 :«
3037 3618 3278 3675 Occisus
3297 3617 3634 3692 propositus

1981 3714 2248 3772 Christus
2281 3716 2389 3779 est,
2413 3715 2468 3766 et
2493 3727 2599 3765 cur
2628 3709 2859 3766 occisus
2890 3711 2981 3764 est
3001 3707 3308 3763 videamus
3330 3723 3343 3762 :
3369 3709 3434 3760 ut
3463 3703 3632 3760 coale-

1981 3804 2096 3862 stia
2134 3803 2418 3876 paciﬁcet,
2453 3804 2520 3855 ut
2549 3799 2609 3855 in
2659 3803 2815 3855 terra
2863 3796 3198 3854 reconciliet
3246 3795 3535 3863 universa,
3569 3797 3636 3850 ut

1983 3894 2240 3950 amicum
2281 3895 2339 3946 te
2389 3889 2713 3945 constituat
2769 3887 3132 3960 angelorum,
3165 3888 3230 3940 ut
3283 3885 3399 3940 Deo
3455 3881 3635 3939 societ

1982 3980 2222 4040 habenti
2252 3979 2518 4036 omnium
2560 3980 2930 4050 potestatem.
2966 3999 2994 4024 »
3028 3975 3171 4030 Item
3203 3973 3263 4029 in
3291 3971 3534 4028 homilia
3563 3970 3634 4026 de

1983 4073 2164 4130 Cruce
2197 4088 2264 4126 :«
2297 4069 2432 4125 Ideo
2471 4084 2588 4122 non
2643 4066 2752 4121 sub
2803 4069 2952 4120 tecto
3012 4080 3226 4136 passus
3282 4066 3392 4130 est,
3426 4078 3542 4116 non
3574 4059 3634 4115 in

1982 4161 2202 4234 templo
2222 4158 2487 4223 Judaico,
2511 4174 2583 4212 ne
2603 4155 2790 4211 Judzei
2817 4153 3232 4211 subtraherent
3256 4149 3632 4216 sacriﬁcium,

1985 4256 2042 4308 et
2070 4250 2307 4306 sibimet
2335 4245 2718 4310 vindicarent,
2741 4258 2846 4297 nec
2875 4245 3112 4313 putares
3143 4256 3247 4312 pro
3277 4239 3378 4294 illa
3407 4240 3633 4294 tantum

1983 4340 2152 4414 plebe
2201 4337 2510 4394 oblatum:
2559 4333 2686 4389 ideo
2745 4332 2900 4386 foras
2949 4327 3264 4395 civitatem,
3295 4327 3425 4384 ideo
3479 4325 3634 4382 foras

1986 4445 2208 4496 muros,
2243 4429 2307 4482 ut
2335 4425 2488 4481 scias
2529 4419 2886 4480 sacriﬁcium
2935 4434 3064 4474 esse
3112 4433 3444 4485 commune,
3476 4414 3634 4489 quod

1984 4519 2168 4576 totius
2187 4521 2353 4572 terra:
2376 4511 2778 4584 oblatio,quod
2799 4506 3133 4566 communis
3155 4504 3495 4578 deploratio,
3519 4521 3635 4560 non

207 4602 302 4654 ιω·
347 4603 627 4655 mortuos
676 4599 750 4654 ad
782 4599 964 4656 Vitam
1014 4598 1242 4656 reverti.
1281 4601 1524 4667 Quando
1554 4617 1686 4658 vero
1745 4606 1878 4675 post
1901 4615 1954 4686 D
1987 4607 2191 4684 partis,
2224 4604 2380 4661 sicut
2407 4600 2627 4658 Judzeis
2657 4597 3104 4656 consuetudinis
3126 4595 3254 4686 fuit.
3277 4593 3497 4686 udzeis
3527 4595 3638 4686 ete-

205 4691 464 4744 mortem
486 4687 806 4744 vivendum
831 4688 959 4758 erit,
983 4693 1040 4744 et
1059 4688 1179 4746 vita
1197 4688 1444 4758 meliori,
1468 4707 1584 4746 non
1605 4693 1693 4747 est
1713 4709 1872 4749 mors

204 4773 326 4844 illa,
361 4776 473 4832 sed
509 4775 810 4832 dormitio.
844 4778 1130 4844 Quoniam
1175 4794 1310 4850 ergo
1341 4795 1546 4835 omnes
1576 4784 1874 4838 retentura

205 4870 327 4921 erat
359 4881 556 4933 mors,
588 4867 898 4938 propterea
928 4870 1197 4922 mortuus
1225 4871 1315 4922 est
1345 4871 1408 4922 ut
1441 4885 1548 4924 nos
1576 4866 1872 4926 liberaret.

204 4952 294 5010 Sic
321 4962 377 5011 et
406 4954 688 5025 Christus,
721 4951 936 5026 inquit,
957 4955 1122 5012 semel
1148 4957 1365 5012 oblatus
1392 4963 1488 5014 est.
1510 4959 1558 5012 A
1578 4975 1692 5030 quo
1723 4957 1878 5014 obla-

205 5047 300 5100 tus
330 5043 475 5100 est?
510 5043 892 5100 Manifestum
925 5045 1080 5116 quod
1111 5062 1146 5100 a
1175 5045 1512 5118 semetipso.
1547 5045 1648 5102 Hie
1688 5065 1878 5120 neque

206 5134 584 5189 sacerdotem
616 5148 754 5188 eum
804 5131 944 5188 dicit
985 5133 1199 5202 solum,
1233 5134 1335 5190 sed
1387 5138 1444 5190 et
1488 5135 1789 5192 victimam
1820 5141 1879 5193 et

204 5222 580 5280 sacriﬁcium
629 5239 735 5295 per
773 5238 838 5278 se
879 5221 1160 5278 oblatum;
1193 5223 1388 5295 Semel,
1419 5223 1630 5296 inquit,
1664 5226 1878 5284 oblatus

203 5320 282 5367 est
306 5311 382 5368 ad
403 5311 722 5368 multorum
740 5310 1042 5382 auferenda
1057 5320 1294 5385 peccata.
1320 5314 1508 5379 Quare
1529 5313 1876 5384 multorum,

203 5405 260 5456 et
287 5417 410 5457 non
445 5399 767 5457 omnium?
797 5400 944 5468 Quia
971 5418 1085 5458 non
1115 5418 1320 5458 omnes
1351 5400 1744 5460 crediderunt.
1770 5405 1877 5462 Pro

203 5490 498 5546 omnibus
522 5487 762 5562 quidem
785 5494 1076 5556 mortuus,
1096 5489 1206 5546 hoc
1227 5494 1337 5556 est,
1353 5495 1643 5562 quantum
1667 5493 1725 5548 in
1749 5493 1876 5568 ipso

202 5583 290 5636 est
310 5597 326 5636 :
349 5579 498 5651 ejus
531 5577 814 5635 momenti
837 5581 926 5636 est
949 5578 1050 5636 illa
1079 5595 1260 5648 mors,
1283 5567 1759 5650 cujusmomenti
1782 5567 1880 5641 est

203 5667 485 5726 omnium
519 5665 800 5744 perditio;
831 5684 948 5726 non
969 5672 1165 5726 autem
1195 5669 1462 5726 omnium
1491 5676 1730 5748 peccata
1749 5675 1879 5734 abs-

1984 4682 2107 4755 nim
2131 4697 2260 4752 ideo
2281 4690 2466 4765 jussit
2489 4690 2644 4745 Deus
2665 4705 2901 4745 omnem
2926 4691 3143 4744 terram
3165 4683 3476 4752 dimittere,
3501 4682 3637 4739 etin

1984 4805 2101 4844 uno
2150 4785 2277 4840 loco
2317 4777 2675 4838 sacriﬁcium
2716 4781 2892 4849 atque
2923 4773 3275 4832 oblationem
3322 4771 3636 4838 celebrare,

1985 4875 2122 4949 quia
2143 4878 2282 4929 tunc
2305 4869 2498 4927 omnis
2520 4871 2675 4923 terra
2697 4865 3004 4920 immunda
3023 4863 3154 4933 fuit,
3181 4863 3339 4918 fumo
3361 4865 3419 4917 et
3438 4860 3640 4916 nidore

1985 4947 2042 5022 et
2069 4963 2260 5020 aliena
2289 4955 2785 5016 contaminatione
2815 4953 3061 5027 polluta,
3087 4970 3212 5026 quze
3241 4969 3309 5008 ex
3334 4947 3640 5006 sacriﬁciis

1986 5052 2254 5126 gentium
2276 5047 2741 5106 celebrabantur.
2762 5043 2942 5100 Nobis
2960 5039 3463 5114 autem,quoniam
3483 5034 3641 5126 Chri-

1987 5123 2115 5198 stus
2161 5137 2477 5196 adveniens
2517 5151 2752 5192 omnem
2797 5137 3012 5189 terram
3053 5127 3412 5194 emundavit,
3447 5123 3640 5181 omnis

1985 5230 2151 5286 locus
2175 5227 2454 5284 orationis
2482 5228 2671 5282 vacat.
2697 5223 2830 5280 Ideo
2854 5221 3071 5278 Paulus
3102 5235 3235 5275 cum
3267 5215 3426 5272 omni
3459 5212 3640 5269 conﬁ-

1988 5318 2187 5375 dentia
2228 5316 2568 5373 exhortatur
2619 5313 2840 5378 dicens,
2866 5311 2988 5368 Volo
3037 5324 3162 5380 ergo
3205 5321 3363 5362 orare
3408 5303 3556 5360 viros
3582 5303 3643 5358 in

1987 5408 2140 5465 omni
2171 5408 2280 5463 loco
2311 5397 2546 5461 levantes
2585 5409 2808 5457 sanctas
2847 5415 3044 5454 manus
3075 5397 3116 5469 (l
3151 5397 3286 5451 Tim.
3311 5410 3374 5466 ιι,
3397 5392 3474 5466 8).
3497 5393 3644 5448 Ecce

1986 5500 2146 5554 totus
2164 5495 2424 5552 mundus
2435 5491 2790 5548 emundatus
2803 5486 3201 5554 est,elementa
3215 5486 3467 5557 purgata
3480 5484 3640 5551 sunt,

1987 5591 2054 5644 ut
2085 5583 2303 5658 ubique
2333 5581 2503 5639 nobis
2545 5581 2731 5637 Deum
2779 5577 2952 5632 liceat
2993 5573 3329 5647 praedicare,
3363 5575 3422 5628 et
3449 5569 3645 5629 omnis

1924 5741 1935 5750 _
1985 5682 2142 5738 terra
2163 5672 2420 5732 sanctior
2449 5669 2548 5728 illo
2577 5669 2704 5727 loco
2727 5671 2837 5736 est,
2859 5663 2960 5742 qui
2994 5662 3092 5721 illo
3125 5663 3185 5720 in
3218 5666 3481 5740 tempore
3501 5677 3648 5737 pre-
