3970 6182
309 335 428 396 327

1245 327 1542 388 HINCMA
1557 327 1634 386 ΠΙ
1680 327 1722 386 Β
1734 321 2130 385 HEMENSIS
2179 327 2764 391 ARCHIEPISCOPI
2777 377 2789 390 .

3597 330 3714 392 328

313 467 621 526 dicabatur
649 465 863 521 Sancta
883 465 1244 518 sanctorum.
1266 462 1412 517 Nam
1435 460 1512 516 ibi
1537 477 1716 532 pecus
1737 457 1960 513 irratio-
1985 456 2042 524 Α
2105 455 2210 514 'Et
2241 461 2624 534 Hieronymus
2655 464 2714 518 in
2756 465 2910 520 Isaia
2945 463 3092 520 libro
3123 463 3488 532 duodecimo,
3513 464 3582 520 Et
3603 479 3719 520 non

312 555 508 612 nabile
555 553 838 619 oblatum,
881 551 978 606 hic
1027 549 1288 622 spiritale
1339 548 1708 622 immolatum
1743 551 1828 601 est
1862 565 1875 602 :
1909 551 1966 601 et

308 651 473 702 tanto
503 644 700 716 majus
728 645 818 696 est
847 639 1224 706 sacriﬁcium,
1250 643 1468 711 quanto
1495 641 1552 693 et
1581 637 1863 692 sanctitas
1893 637 1964 690 de

313 737 680 794 sacramento
710 731 1021 804 profertur.
1052 753 1078 779 ››
1103 731 1173 785 Et
1213 729 1352 786 item
1395 729 1550 783 idem
1601 728 1659 782 in
1708 727 1910 781 eadem
1947 741 1961 780 :

309 847 338 876 «
371 824 443 878 Et
471 821 556 877 illi
601 819 836 894 quidem
869 818 1160 883 dicebant,
1183 820 1246 873 Si
1276 819 1451 873 Filius
1487 818 1584 872 Dei
1612 831 1690 877 es,
1715 816 1886 870 libera
1918 823 1966 869 te

311 911 515 985 (Matth.
541 927 718 975 xxvn,
745 907 864 976 119);
898 909 1010 963 iste
1051 911 1244 962 autem
1295 905 1493 962 omnia
1540 903 1870 960 sustinebat
1899 906 1966 956 ut

312 999 446 1056 illos
477 999 750 1056 liberaret
782 997 880 1069 qui
932 995 1396 1051 cruciﬁxcrunt.»
1430 994 1572 1048 Item
1617 992 1676 1048 in
1723 990 1966 1046 homilia

309 1089 486 1146 tertia
510 1089 580 1144 de
607 1091 787 1143 Cruce
811 1103 860 1142 τι
889 1085 946 1140 Si
981 1083 1120 1156 quid
1151 1083 1333 1156 igitur
1361 1081 1644 1138 sustinuit
1673 1081 1962 1147 Christus,

311 1195 427 1234 non
479 1179 716 1250 propter
764 1174 1168 1246 semetipsum,
1216 1188 1404 1243 neque
1452 1174 1688 1242 propter
1734 1169 1964 1224 Patrem

309 1283 509 1334 suum,
527 1265 625 1322 sed
648 1267 712 1319 ut
733 1261 982 1318 salvaret
1003 1278 1104 1333 per
1120 1277 1349 1315 crucem
1371 1276 1557 1332 genus
1578 1259 1963 1314 humanum.»

311 1357 384 1412 Et
412 1355 554 1412 item
582 1353 641 1408 in
667 1352 870 1408 eadem
895 1369 943 1406 ει
970 1349 1186 1405 Videns
1208 1354 1404 1404 autem
1428 1347 1756 1403 humanum
1778 1363 1966 1419 genus

310 1462 346 1501 a
375 1441 593 1500 diaboli
625 1439 890 1512 superari
934 1437 1181 1505 malitia,
1213 1437 1396 1494 voluit
1435 1440 1763 1492 creaturam
1793 1451 1964 1490 suam

312 1547 633 1597 assumere,
669 1535 726 1586 et
774 1527 941 1600 quasi
977 1545 1162 1582 unum
1193 1525 1471 1581 hominen
1520 1524 1707 1592 indui,
1732 1527 1789 1578 et
1834 1524 1963 1577 afﬁ-

307 1637 442 1696 gere
472 1620 639 1675 illum
664 1616 842 1686 cruri,
870 1623 932 1672 ut
963 1616 1047 1671 sic
1079 1634 1182 1688 per
1213 1615 1438 1687 lignum
1471 1615 1662 1669 crucis
1694 1612 1964 1667 universo

307 1709 504 1784 generi
539 1708 800 1763 humano
835 1705 996 1761 salus
1025 1705 1334 1760 oriretur.»
1363 1705 1430 1758 Et
1459 1703 1596 1757 item
1632 1703 1688 1756 in
1722 1699 1966 1756 homilia

2069 555 2150 602 est
2173 549 2374 620 absque
2420 567 2506 606 me
2553 552 2802 608 Salvator
2832 554 2959 624 (Isa.
2983 570 3140 622 mu,
3167 551 3276 624 11).
3306 574 3328 601 ι
3362 551 3629 608 Ostendit
3656 551 3718 608 in

2073 635 2238 691 Patre
2271 637 2480 693 Filium
2513 645 2724 696 cuncta
2745 639 2988 705 salvare,
3015 641 3084 696 de
3106 657 3220 713 quo
3251 639 3407 696 idem
3436 639 3727 714 propheta

2071 728 2340 792 testatur,
2365 727 2429 782 Et
2454 729 2628 784 mittet
2657 730 2734 784 eis
2775 731 3039 786 Dominus
3074 730 3397 786 salvatorem
3424 730 3521 802 qui
3545 729 3728 785 salvos

2071 831 2158 870 eos
2186 817 2352 887 faciet
2371 817 2496 886 (Isa.
2521 834 2638 888 xxx,
2659 819 2770 886 20).
2791 819 2862 873 Et
2901 817 3043 873 item
3076 817 3134 872 in
3167 817 3314 873 libro
3343 817 3572 874 decimo
3607 820 3726 874 ter-

2071 903 2174 970 tio,
2199 903 2392 959 Audite
2419 921 2506 960 me
2541 913 2593 962 et
2629 905 2914 962 comedetis
2945 908 3084 962 bona
3106 906 3233 975 (Isa.
3260 923 3300 971 ι,
3326 905 3436 974 19).
3459 927 3488 955 ‹‹
3509 905 3580 961 Et
3607 922 3725 962 non

2075 991 2266 1047 solum
2299 993 2471 1060 bona,
2496 995 2597 1048 sed
2629 993 2878 1050 salutem
2905 995 3180 1050 omnibus
3211 993 3519 1064 nuntiavit,
3544 1010 3730 1068 quam

2072 1079 2198 1152 ipse
2221 1082 2468 1154 praebuit
2491 1081 2593 1155 qui
2614 1082 2756 1138 dicit
2775 1083 2934 1150 Sion,
2955 1083 3012 1138 id
3037 1087 3126 1140 est
3145 1081 3437 1151 Ecclesia,
3463 1083 3732 1152 Regnabit

2072 1171 2213 1226 Deus
2242 1179 2367 1226 tuus
2407 1171 2538 1243 (Isa.
2571 1189 2703 1240 LXII,
2734 1174 2812 1241 7).
2841 1194 2868 1222 »
2893 1174 2962 1228 Et
3005 1171 3146 1228 item
3190 1172 3252 1227 in
3299 1171 3450 1228 libro
3495 1170 3730 1228 decimo

2074 1263 2281 1332 quarto
2311 1277 2360 1316 :«
2385 1260 2652 1317 Christus
2673 1277 2808 1316 cum
2830 1259 3050 1333 iniquis
3072 1265 3377 1333 reputatus
3395 1265 3506 1327 est,
3529 1263 3596 1316 ut
3614 1259 3731 1316 ini-

2075 1364 2222 1419 quos
2253 1347 2564 1404 redimeret
2591 1367 2626 1404 a
2656 1353 2913 1420 peccato,
2932 1354 2990 1405 et
3010 1348 3286 1405 omnibus
3306 1347 3505 1404 omnia
3532 1347 3725 1416 ﬁeret,

2073 1440 2141 1491 ut
2169 1453 2374 1492 omnes
2405 1437 2596 1492 salvos
2627 1437 2862 1494 faceret.
2891 1461 2920 1489 »
2945 1437 3014 1494 Et
3057 1438 3196 1494 item
3227 1437 3383 1494 idem
3423 1436 3482 1492 in
3514 1438 3728 1494 eadem

2073 1524 2378 1596 prephetia
2401 1543 2451 1580 :u
2481 1525 2626 1591 Quia
2656 1525 2877 1582 sciebat
2905 1525 3024 1582 illis
3056 1543 3170 1582 non
3196 1527 3569 1584 credentibus
3597 1542 3732 1582 cre-

2073 1613 2300 1669 dituros
2321 1630 2449 1670 esse
2470 1613 2717 1686 populos
2739 1613 3066 1681 nationum,
3089 1613 3303 1670 transit
3323 1615 3394 1670 ad
3417 1619 3640 1687 gentes,
3667 1619 3737 1670 et

2075 1701 2214 1758 dicit
2244 1702 2478 1758 misisse
2509 1703 2722 1758 Filium
2754 1721 2928 1759 suum
2961 1708 3167 1760 testem
3197 1703 3286 1760 vel
3316 1703 3735 1760 testimonium

309 1799 381 1854 de
412 1798 748 1854 Pentecoste
783 1811 796 1851 :
823 1818 850 1844 «
876 1795 1201 1866 Pr0ptcrea,
1239 1791 1425 1864 inquit
1465 1791 1754 1856 Christus,
1787 1789 1962 1845 homo
1993 1824 2041 1889 Β
2073 1796 2419 1847 cunctarum
2443 1791 3358 1865 nationum,quipraaceptaillius
3373 1797 3550 1865 atque
3565 1809 3740 1848 man-

306 1887 533 1970 factus.
555 1902 710 1951 sum,
759 1887 1064 1956 propterea
1121 1897 1356 1936 carnem
1415 1879 1603 1944 indui,
1639 1883 1704 1934 ut
1761 1879 1958 1934 orbem

306 1965 646 2030 universum
679 1971 985 2028 salvarem.
1007 1993 1033 2018 υ
1059 1973 1126 2024 Et
1167 1969 1304 2025 item
1338 1968 1395 2023 in
1428 1967 1671 2023 homilia
1702 1969 1773 2022 de
1802 1965 1961 2022 Nati-

304 2062 479 2118 vitate
510 2061 743 2116 Domini
767 2077 780 2115 :
803 2083 829 2109 ‹‹
867 2059 930 2114 In
963 2063 1117 2114 terra
1145 2057 1409 2113 nascitur
1440 2057 1612 2112 homo
1646 2057 1958 2128 perlectus,

305 2151 482 2207 homo
513 2155 690 2216 totus,
725 2151 790 2203 ut
827 2147 1078 2203 salvaret
1119 2151 1308 2202 totum
1349 2147 1570 2202 orbem.
1599 2168 1625 2194 ››
1658 2146 1726 2200 Et
1755 2145 1814 2198 in
1851 2144 1957 2198 ho-

307 2239 470 2297 milia
491 2240 562 2294 de
584 2237 892 2294 Nativitate
915 2235 1128 2292 Christi
1159 2240 1217 2292 et
1237 2235 1462 2290 Joanne
1483 2234 1744 2306 Baptista
1768 2249 1815 2288 ;‹‹
1847 2233 1958 2288 Sed

306 2331 666 2385 memoratus
711 2330 801 2382 est
830 2325 1130 2382 Christum
1189 2324 1386 2396 ipsum
1445 2323 1636 2379 solum
1694 2323 1956 2378 futurum

303 2433 506 2474 verum
538 2415 923 2481 sacerdotem,
957 2413 1048 2470 cui
1084 2413 1253 2468 Pater
1295 2413 1538 2479 dixerat,
1576 2413 1650 2467 Tu
1679 2427 1734 2468 es
1779 2427 1956 2466 sacer-

305 2504 400 2561 dos
457 2506 518 2558 in
568 2511 838 2560 aeternum
901 2501 1201 2557 secundum
1267 2499 1514 2555 ordinem
1575 2498 1953 2554 Melchisedech

305 2591 478 2664 (Psal.
511 2607 622 2658 cxx,
647 2592 722 2659 4),
745 2589 846 2662 qui
879 2589 1132 2644 hostiam
1175 2587 1519 2660 placabilem
1561 2605 1662 2659 pio
1705 2587 1956 2660 peccatis

306 2680 572 2738 omnium
605 2678 765 2735 solus
796 2679 910 2734 Deo
941 2677 1162 2733 oll‘ert.»
1185 2679 1252 2732 Et
1278 2677 1416 2732 item
1449 2676 1508 2731 in
1540 2678 1740 2732 eadem
1769 2694 1818 2732 :«
1847 2677 1955 2731 Ve-

306 2768 505 2826 niebat
533 2767 690 2824 enim
721 2765 883 2824 solus
932 2766 1226 2831 sacerdos,
1257 2765 1356 2837 qui
1387 2782 1536 2838 agno
1569 2764 1692 2820 solo
1725 2765 1956 2837 proprio

305 2856 684 2914 immaculato
717 2855 1072 2912 sacriﬁcium
1112 2855 1228 2910 Deo
1258 2871 1362 2926 pro
1403 2853 1656 2926 peccatis
1689 2854 1980 2908 omnium.

303 2947 556 3004 offerret.
580 2947 649 3001 Et
679 2945 807 3001 ideo
829 2943 1252 3000 demonstravit
1271 2960 1407 3000 eum
1436 2945 1692 2999 Joannes
1713 2942 1954 3007 Judmis,

303 3037 434 3093 Ecce
460 3052 635 3108 agnus
669 3035 786 3102 Dei,
811 3051 929 3090 ecce
948 3035 1046 3107 qui
1075 3034 1217 3090 tollit
1242 3041 1458 3106 peccata
1487 3032 1684 3088 mundi
1711 3033 1888 3100 (Joan.
1916 3049 1954 3098 ι,

301 3125 416 3196 29).
441 3147 468 3175 η
495 3125 637 3180 Item
685 3123 745 3178 in
795 3122 1040 3178 homilia
1069 3123 1140 3178 de
1172 3123 1338 3178 Patre
1385 3125 1443 3177 et
1494 3121 1725 3176 duobus
1773 3119 1953 3176 ﬁliis:

311 3237 332 3265 α
359 3189 598 3270 Addidit
619 3217 677 3268 et
697 3210 946 3266 vitulum
979 3211 1312 3282 saginatum
1341 3209 1736 3282 jugulandum
1763 3209 1953 3264 convi-
1985 3189 2028 3255 (ἶ

302 3302 378 3358 vii
403 3299 908 3366 exhibitioni,sine
928 3300 1106 3354 dubio
1127 3298 1443 3354 Dominum
1466 3303 1729 3353 nostrum
1753 3297 1956 3353 Jcsum

305 3389 812 3460 Christum,quem
837 3387 998 3444 dedit
1019 3388 1186 3442 Pater
1215 3387 1273 3442 in
1306 3387 1601 3442 victimam
1635 3403 1738 3459 pro
1769 3385 1957 3441 salute

305 3482 507 3534 nostra
537 3494 551 3533 :
587 3493 760 3548 quem
801 3475 1051 3531 vitulum
1103 3475 1369 3531 nominat
1416 3479 1650 3557 propter
1701 3473 1954 3529 hostiam

303 3568 456 3625 263
501 3564 760 3638 corporis
803 3564 1190 3632 immaculati,
1229 3564 1563 3636 saginatum
1592 3566 1786 3618 autem
1826 3580 1958 3618 vere

301 3655 468 3723 dixit,
494 3655 633 3728 quia
671 3654 908 3726 pinguis
933 3657 991 3710 et
1023 3653 1256 3724 opimus
1297 3658 1406 3718 est,
1432 3651 1725 3708 intantum
1758 3655 1822 3706 ut
1854 3669 1956 3722 pro

301 3745 486 3801 totius
510 3744 713 3800 mundi
739 3743 928 3798 salute.
952 3743 1250 3796 sufﬁciens
1273 3741 1348 3796 sit
1371 3743 1440 3796 ad
1459 3741 1694 3796 odorem
1712 3741 1959 3796 suavita.

300 3833 379 3890 tis
401 3839 458 3890 et
482 3833 746 3888 nidorem
769 3829 1191 3886 immolationis
1213 3831 1284 3885 ad
1304 3831 1482 3885 Deum
1505 3829 1754 3897 mittere,
1773 3834 1830 3884 et
1853 3845 1956 3900 pro

301 3922 580 3978 omnibus
610 3935 865 3976 exorare.
894 3940 922 3970 ››
956 3919 1026 3974 Et
1065 3917 1124 3973 in
1158 3917 1306 3974 libre
1356 3919 1426 3974 ad
1479 3916 1834 3974 Stelechium
1886 3917 1957 3972 de

301 4010 496 4066 cordis
515 4007 974 4081 Compunctione
998 4024 1049 4062 ;‹‹
1072 4007 1175 4062 llic
1197 4011 1286 4062 est
1307 4007 1548 4062 affectus
1572 4006 1720 4062 servi
1741 4007 1950 4074 ﬁdelis,

219 4131 225 4139 ’
302 4102 370 4155 ut
400 4097 683 4154 beneﬁcia
712 4096 934 4152 domini
965 4095 1078 4164 sui,
1103 4113 1229 4168 quae
1259 4096 1650 4152 communiter
1681 4095 1956 4152 omnibus

300 4173 438 4244 data
467 4190 626 4257 sunt,
651 4185 819 4258 quasi
852 4185 960 4242 soli
1005 4185 1120 4242 sibi
1161 4189 1410 4258 reputet,
1435 4190 1491 4240 et
1521 4185 1690 4258 quasi
1724 4186 1848 4256 ipse
1881 4185 1958 4240 sit

301 4277 566 4333 omnium
584 4276 830 4340 debitor,
845 4281 904 4332 et
923 4293 1026 4348 pro
1048 4274 1323 4330 omnibus
1347 4274 1470 4346 ipse
1489 4274 1650 4330 solus
1672 4274 1958 4330 habeatur

301 4364 588 4422 obnoxiis.
613 4365 731 4422 Hoc
760 4363 896 4420 fecit
927 4367 984 4420 et
1031 4363 1268 4430 Paulus,
1297 4363 1396 4434 qui
1429 4367 1679 4418 mortem
1728 4363 1954 4418 Domini

300 4457 360 4510 et
387 4453 704 4511 Salvatoris
735 4454 940 4521 nostri,
974 4470 1101 4526 quae
1139 4469 1242 4525 pro
1282 4451 1552 4508 universo
1585 4468 1840 4524 expensa
1867 4455 1958 4508 est

2072 1880 2210 1935 data
2271 1879 2502 1952 pepulis
2559 1881 2877 1952 nuntiaret,
2902 1881 3004 1954 qni
3034 1882 3106 1937 de
3148 1898 3210 1938 se
3255 1881 3382 1953 ipso
3440 1879 3734 1954 loquitur,

2071 1973 2296 2040 oportet
2326 1969 2628 2040 przedicari
2669 1970 3046 2043 Evangelium
3089 1970 3246 2026 istud
3278 1970 3337 2025 in
3369 1969 3527 2026 omni
3557 1971 3730 2039 orbe,

2068 2057 2128 2112 in
2163 2057 2564 2113 testimonium
2597 2059 2824 2114 cunctis
2854 2057 3150 2131 gentibus,
3173 2059 3245 2114 de
3276 2075 3392 2131 quo
3421 2058 3736 2132 apostolus

2070 2146 2285 2201 Paulus
2317 2146 2520 2202 scribit
2539 2147 2866 2216 Timotheo,
2897 2149 3046 2204 Unus
3063 2149 3331 2204 mediator
3350 2151 3452 2205 Dei
3473 2157 3526 2204 et
3550 2149 3736 2204 homi-

2066 2253 2202 2290 num
2230 2235 2386 2292 homo
2418 2235 2666 2292 Christus
2705 2238 2881 2302 Iesus,
2905 2239 3004 2310 qui
3030 2237 3178 2294 dedit
3209 2254 3268 2294 se
3301 2237 3732 2310 redauptionem

2063 2341 2163 2396 pro
2190 2325 2444 2380 omnibus
2477 2325 2524 2396 (Ι
2556 2327 2691 2380 Tim.
2716 2342 2778 2394 ιι,
2804 2327 2920 2396 5).»
2943 2328 3013 2382 Et
3049 2327 3189 2382 item
3235 2327 3297 2382 in
3344 2327 3548 2384 eadem
3580 2342 3732 2400 pro-

2067 2413 2266 2486 phetia
2289 2431 2337 2468 :«
2368 2414 2496 2468 Haec
2530 2413 2762 2470 locutus
2793 2419 2902 2481 est,
2927 2416 3050 2470 Non
3082 2432 3316 2488 semper
3344 2415 3582 2488 irascor,
3611 2432 3730 2471 nec

2057 2504 2336 2574 jurgatus
2366 2501 2736 2576 indignabor,
2763 2504 2901 2576 quia
2922 2505 2994 2560 ad
3025 2505 3136 2560 hoc
3160 2505 3422 2576 percutio
3443 2509 3509 2560 ut
3526 2521 3732 2560 emen-

2065 2591 2219 2657 dem,
2245 2591 2374 2646 ideo
2406 2591 2606 2647 occido
2639 2597 2704 2647 ut
2732 2591 3038 2648 viviﬁcem.
3064 2593 3340 2649 Misereor
3368 2593 3523 2650 enim
3555 2610 3731 2649 crea-

2063 2683 2207 2733 tura:
2238 2697 2400 2747 mem,
2432 2685 2490 2734 et
2522 2697 2671 2752 quos
2699 2679 2824 2752 ipse
2855 2681 3089 2737 condidi
3121 2682 3182 2736 in
3213 2686 3494 2738 aeternum
3527 2682 3734 2754 perire

2065 2785 2180 2823 non
2212 2768 2421 2840 patiar.
2456 2768 2600 2824 Cum
2633 2785 2768 2841 ergo
2801 2785 2835 2825 a
2864 2787 2958 2826 me
2997 2771 3331 2843 egrediatur
3365 2771 3632 2844 spiritus,
3661 2776 3734 2826 et

2066 2857 2206 2912 ﬂatu
2238 2861 2410 2928 atque
2441 2856 2826 2929 inspiratione
2871 2875 3003 2915 mea
3051 2864 3264 2915 cuncta
3291 2863 3632 2932 vegetentur
3660 2864 3734 2915 et

2063 2945 2278 3013 vivant,
2304 2963 2418 3001 non
2450 2950 2539 3001 est
2559 2947 2790 3016 justum
2823 2948 3013 3019 perire
3043 2965 3141 3004 eos
3193 2948 3252 3003 in
3302 2952 3583 3004 aeternum
3615 2949 3729 3020 qui

2065 3051 2194 3090 meo
2218 3035 2356 3090 ﬂatu
2380 3051 2446 3090 ac
2469 3035 2679 3106 spiritu
2715 3039 3137 3092 sustentatur.»
3157 3037 3298 3094 Item
3321 3037 3382 3092 in
3413 3035 3733 3110 prophetia

2065 3123 2210 3180 Osee
2240 3123 2300 3178 in
2331 3123 2480 3179 libro
2525 3125 2696 3180 tertio
2719 3141 2781 3180 :«
2807 3125 3105 3182 Intantum
3140 3125 3312 3182 dilexi
3353 3142 3472 3194 eos,
3507 3130 3565 3181 et
3595 3129 3729 3182 tam

2067 3213 2324 3268 clemens
2343 3217 2544 3284 pastor
2560 3213 2662 3280 fui,
2677 3218 2744 3269 ut
2762 3214 3087 3270 morbidam
3108 3232 3271 3271 ovem
3290 3213 3554 3270 humeris
3571 3214 3732 3271 meis

2067 3302 2080 3355 i
2088 3319 2190 3374 pse
2212 3307 2528 3374 portarem.
2549 3303 2567 3357 Ι
2574 3319 2676 3375 pse
2691 3319 2825 3358 vero
2849 3303 3262 3377 ignoraverunt
3276 3319 3408 3359 cum
3433 3320 3565 3358 mea
3585 3302 3730 3360 illos

2065 3389 2336 3460 passione
2357 3405 2645 3456 curarem,
2660 3393 2717 3445 et
2734 3391 2834 3462 qui
2853 3395 3082 3446 amator
3097 3407 3229 3446 sum
3247 3390 3512 3446 omnium
3527 3389 3728 3446 trahe.

2068 3495 2189 3534 rem
2221 3496 2318 3534 cos
2351 3478 2408 3533 in
2430 3478 2681 3534 vinculis
2701 3477 3064 3535 charitatis.»
3080 3479 3224 3534 Item
3257 3479 3317 3534 in
3337 3479 3540 3535 eadem
3563 3479 3729 3536 264

2067 3566 2372 3638 prophetia
2404 3583 2453 3620 τε(
2475 3569 2548 3623 De
2587 3583 2760 3622 manu
2803 3569 2995 3624 mortis
3043 3567 3283 3624 liberabo
3333 3583 3444 3624 eos.
3475 3567 3728 3624 Manum

2067 3657 2273 3712 mortis
2303 3657 2557 3729 appellat
2590 3674 2766 3729 opera
2795 3657 3014 3729 quibus
3048 3657 3346 3723 interﬁcit,
3369 3658 3545 3729 juxta
3574 3656 3730 3714 illud

2067 3746 2223 3818 quod
2263 3746 2548 3816 scriptum
2599 3749 2707 3816 est,
2740 3747 2804 3801 In
2859 3763 3033 3801 manu
3089 3746 3298 3818 lingua?
3353 3761 3502 3802 mors
3527 3753 3582 3802 et
3609 3747 3730 3802 vita

2067 3836 2250 3903 (Prov.
2273 3851 2437 3902 xvm,
2460 3834 2574 3907 21).
2607 3833 2841 3890 Liberat
2870 3840 3066 3891 autem
3098 3851 3302 3891 omnes
3331 3833 3644 3903 Dominus,
3669 3840 3732 3891 et

2065 3923 2314 3980 redemit
2343 3923 2402 3978 in
2435 3923 2708 3994 passione
2728 3924 2920 3980 crucis
2949 3929 3006 3980 et
3034 3923 3316 3980 eﬂusione
3337 3922 3581 3996 sanguis
3602 3924 3725 3992 sui,

2067 4013 2300 4085 quando
2328 4012 2528 4068 anima
2557 4013 2686 4083 ejus
2717 4012 3022 4068 descendit
3050 4013 3123 4068 ad
3154 4012 3470 4079 infernum,
3494 4015 3556 4068 et
3583 4029 3729 4069 caro

2065 4103 2194 4174 ejus
2225 4119 2340 4158 non
2367 4101 2514 4156 vidit
2553 4101 3010 4173 corruptionem,
3038 4107 3096 4157 et
3123 4103 3194 4158 ad
3227 4101 3418 4173 ipsam
3465 4105 3727 4157 mortem

2066 4195 2243 4262 atque
2272 4190 2564 4246 infernum
2600 4189 2831 4246 locutus
2861 4196 2950 4246 est
2981 4208 2994 4246 :
3027 4192 3134 4246 Ero
3175 4206 3322 4246 mors
3364 4197 3480 4261 lim,
3509 4205 3542 4246 ο
3571 4205 3730 4246 mors

2065 4278 2208 4348 (Ose.
2242 4297 2362 4349 xm,
2401 4281 2509 4346 14).
2536 4278 2755 4334 Idcirco
2793 4279 2950 4334 enim
2991 4283 3261 4335 mortuus
3297 4295 3452 4344 sum,
3485 4281 3553 4334 ut
3579 4293 3728 4334 cum

2067 4385 2198 4424 mea
2226 4373 2410 4424 morte
2453 4367 2744 4424 moriaris.
2776 4369 2880 4424 Ero
2921 4385 3136 4424 morsus
3167 4376 3312 4434 tuus,
3343 4369 3582 4440 inferne,
3615 4367 3729 4440 qui

2067 4473 2270 4512 omnes
2318 4455 2435 4512 tuis
2485 4456 2754 4512 faucibus
2806 4456 3145 4512 devorabas.
3173 4478 3202 4506 »
3232 4457 3303 4512 Et
3347 4455 3486 4512 item
3521 4473 3534 4512 :
3565 4477 3596 4506 cc
3647 4457 3732 4512 De

302 4543 545 4609 mundo,
569 4542 681 4598 sibi
715 4542 823 4598 soli
855 4543 1175 4614 priestitam
1207 4542 1369 4598 dicit.
1395 4541 1571 4608 Quasi
1601 4541 1758 4596 enim
1793 4542 1862 4596 dc
1893 4557 1957 4596 se
1984 4557 2236 4622 Dmanu
2263 4547 2455 4601 mortis
2484 4545 2726 4601 liberabo
2765 4562 2874 4612 eos,
2898 4550 2964 4602 ut
2993 4547 3148 4618 quod
3181 4549 3323 4601 tunc
3353 4545 3734 4618 ﬁgurabatur

303 4630 428 4688 solo
475 4630 724 4702 loquens
757 4630 839 4686 ita
867 4630 1108 4686 scribit:
1135 4632 1296 4698 Quod
1327 4631 1485 4686 enim
1533 4648 1688 4686 nunc
1735 4631 1861 4686 vivo
1893 4629 1951 4684 in

303 4734 498 4784 carne,
523 4717 583 4773 in
606 4717 719 4774 ﬁde
738 4718 869 4783 vivo,
888 4717 1015 4772 Filii
1049 4717 1276 4791 Dei,qui
1309 4719 1549 4773 tradidit
1570 4719 1828 4791 seipsum
1853 4735 1954 4790 pro

307 4823 422 4863 me.
448 4807 578 4862 Haec
625 4811 820 4862 autem
871 4806 1118 4876 dicebat,
1159 4825 1274 4862 non
1321 4812 1706 4879 coangustare
1757 4808 1956 4864 volens

306 4895 655 4970 anplissima
680 4900 740 4952 et
769 4913 872 4968 per
899 4896 1100 4952 orbem
1138 4901 1301 4951 terra:
1333 4895 1545 4950 diffusa
1573 4895 1788 4951 Christi
1821 4913 1952 4950 mu-

307 5005 448 5044 nera
477 5003 492 5042 :
528 4987 628 5044 sed
659 4986 850 5058 quasi,
885 4990 950 5041 ut
989 4985 1265 5053 diximus,
1302 4985 1401 5056 qui
1441 5001 1544 5057 pro
1583 4985 1860 5040 omnibus
1893 5001 1954 5040 se

308 5076 499 5134 solum
523 5075 822 5147 judicaret
858 5075 1194 5130 obnoxium.
1220 5075 1287 5128 Et
1318 5090 1513 5129 revera
1544 5074 1684 5145 quid
1715 5074 1957 5130 interest

307 5164 357 5221 si
388 5169 444 5222 et
474 5163 605 5221 aliis
635 5163 926 5236 praestitit,
953 5181 1086 5218 cum
1111 5181 1236 5235 quae
1269 5161 1372 5217 tibi
1405 5162 1665 5234 praestita
1694 5167 1852 5234 sunt,
1875 5161 1954 5217 ita

306 5254 580 5326 perfecta,
601 5252 770 5326 quasi
799 5251 948 5308 nulli
973 5251 1070 5306 alii
1093 5269 1161 5307 ex
1181 5251 1274 5306 his
1297 5251 1516 5323 aliquid
1543 5251 1716 5307 fuerit
1736 5252 1956 5323 praesti-

305 5345 456 5397 tum.
481 5341 614 5398 Ideo
635 5341 887 5414 denique
907 5344 964 5396 et
983 5339 1083 5394 illa
1102 5339 1238 5394 boni
1263 5340 1517 5412 pastoris
1541 5340 1816 5412 parabola
1839 5358 1954 5394 non

307 5429 453 5485 dicit
479 5431 620 5501 quia
649 5431 804 5487 venit
835 5428 1052 5485 multas
1089 5445 1221 5484 oves
1266 5428 1583 5501 requirere,
1618 5431 1718 5484 sed
1753 5447 1951 5484 unam.

308 5517 437 5574 Una
467 5535 720 5592 namque
751 5523 858 5587 est,
881 5517 1022 5592 quia
1043 5517 1127 5574 sic
1148 5517 1421 5574 omnibus
1443 5517 1611 5592 quasi
1640 5519 1738 5574 uni
1759 5517 1956 5574 divina

309 5605 592 5666 beneﬁcia
619 5608 1016 5666 conteruntur.
1038 5630 1068 5660 ››

2063 4635 2122 4690 in
2154 4638 2338 4707 parte,
2373 4651 2528 4690 nunc
2559 4634 2851 4690 sentiatur
2895 4635 2950 4688 in
2985 4638 3128 4705 toto,
3161 4639 3219 4690 et
3247 4649 3384 4690 cum
3413 4631 3576 4690 omni
3607 4631 3732 4689 hu-

2065 4739 2240 4779 mano
2271 4739 2484 4796 genere
2512 4721 2686 4778 Israel
2719 4721 3058 4778 liberandus
3091 4722 3166 4778 sit
3194 4727 3255 4778 et
3280 4720 3730 4778 redimendus.»

2066 4812 2208 4868 Item
2260 4811 2385 4884 ipse
2433 4811 2491 4866 in
2543 4811 2850 4884 prophetia
2877 4811 3037 4868 Jonas
3072 4829 3085 4867 :
3117 4812 3364 4883 Afﬂictus
3410 4817 3492 4866 est
3526 4811 3728 4866 Jonas.

2065 4924 2093 4951 «
2119 4900 2363 4955 Pulchre
2407 4904 2602 4955 autem
2645 4899 2850 4968 dolens,
2875 4900 3028 4972 quod
3076 4899 3496 4972 interpretatur
3528 4898 3728 4968 Jonas,

2066 4988 2352 5060 afﬂigitur
2379 4987 2602 5055 dolore,
2622 4992 2680 5044 et
2710 4988 2898 5044 tristis
2927 4992 3016 5044 est
3044 4988 3243 5044 anima
3268 4989 3398 5060 ejus
3430 5003 3618 5060 usque
3645 4989 3730 5044 ad

2065 5082 2336 5143 mortem,
2363 5077 2501 5148 quia
2533 5094 2603 5132 ne
2648 5076 2864 5148 periret
2893 5081 3182 5148 quantum
3213 5076 3271 5132 in
3307 5092 3370 5132 se
3399 5075 3510 5132 fuit
3531 5075 3736 5133 multa

2063 5164 2329 5222 Christus
2354 5181 2667 5237 perpessus
2689 5169 2834 5220 estut
2849 5165 2992 5220 Item
3015 5165 3170 5222 idem
3192 5165 3251 5220 in
3273 5163 3533 5236 Epistula
3554 5162 3734 5220 Pauli

2065 5255 2134 5310 ad
2170 5253 2490 5309 Galatas:«
2527 5253 2710 5326 Igitur
2757 5257 2815 5308 et
2871 5254 3040 5310 Pater
3094 5253 3338 5310 tradidit
3395 5251 3630 5320 Filium,
3667 5257 3740 5308 et

2067 5341 2250 5398 Filius
2281 5341 2406 5412 ipse
2439 5356 2500 5396 se
2531 5340 2794 5408 tradidit,
2827 5344 2883 5396 et
2919 5341 3104 5398 Judas
3133 5346 3192 5397 et
3220 5341 3552 5397 sacerdotes
3581 5355 3735 5396 cum

2065 5429 2432 5503 principibus
2463 5428 2847 5496 tradiderunt,
2881 5433 2938 5485 et
2967 5431 3040 5486 ad
3079 5435 3404 5488 extremum
3433 5426 3736 5485 traditum

2064 5518 2178 5574 sibi
2202 5516 2444 5572 tradidit
2463 5517 2584 5589 ipse
2606 5517 2846 5574 Pilatus.
2862 5519 2973 5574 Sed
2997 5519 3165 5575 Pater
3185 5517 3431 5575 tradidit
3447 5520 3516 5572 ut
3535 5516 3739 5574 salva.

2066 5610 2155 5664 ret
2183 5604 2477 5680 perditum
2512 5606 2822 5680 mundum,
2855 5608 3028 5668 Jesus
3067 5606 3197 5683 ipse
3243 5622 3308 5666 se
3355 5604 3620 5678 tradidit,
3653 5610 3740 5668 ut
