3970 6182
228 286 327 346 3S9

919 281 1022 340 DE
1071 279 1834 342 PRIEDESTINATIONE
1877 278 2400 344 DISSEltTATIO
2443 283 2908 346 POSTEBIOR.

3500 289 3620 383 330

227 413 391 495 Patris
439 429 728 485 suamque
777 414 992 469 faceret
1035 411 1417 469 voluntatem.
1444 436 1472 464 »
1496 413 1640 469 Item
1664 429 1714 469 ;‹‹
1739 415 1854 472 Nec
1882 411 1939 482 Α
1967 411 2080 468 bus
2111 417 2202 468 est
2233 415 2422 471 factus
2449 415 2742 482 infirmus,
2765 420 2823 472 et
2851 433 2954 488 pro
2977 417 3250 475 omnibus
3279 433 3348 476 ex
3378 420 3508 495 ipsa
3530 393 3622 479 est

178 519 191 537 ‘
225 507 311 562 hoc
340 521 410 560 ex
440 519 570 558 meo
601 520 780 559 sensu
810 503 1032 558 dictum
1069 503 1310 575 putetis,
1336 502 1637 574 Scriptura
1685 501 1854 558 testis

225 599 310 660 est,
331 595 477 666 quia
495 592 764 648 Christus
785 591 972 666 gratia
991 591 1091 648 Dei
1115 593 1298 662 salus,
1327 599 1391 648 ut
1420 593 1478 648 in
1502 591 1858 664 quibusdam

224 682 638 755 exemplaribus
656 681 888 755 legitur,
904 681 1127 752 absque
1154 683 1265 738 Deo
1287 697 1390 754 pro
1411 681 1688 737 omnibus
1710 697 1860 736 mor-

224 780 342 830 tuus
364 777 473 829 est.
495 772 554 828 Si
575 775 774 827 autem
797 787 902 843 pro
925 769 1223 840 omnibus,
1241 775 1300 826 et
1320 789 1424 843 pro
1447 770 1662 844 Moyse,
1679 773 1735 825 ct
1755 785 1858 842 pro

225 862 495 921 universis
527 861 850 935 prophetis,
873 878 906 918 a
937 859 1154 933 quibus
1202 859 1401 916 nullus
1449 860 1640 933 potuit
1671 859 1861 916 delere

224 951 664 1026 chirographum
693 953 882 1016 vetus,
901 949 1056 1021 quod
1095 949 1406 1005 adversum
1437 966 1545 1006 nos
1574 949 1861 1021 scriptum

225 1046 345 1108 erat,
369 1047 428 1097 et
457 1041 697 1112 afﬁgere
746 1037 890 1094 illud
943 1037 1102 1094 cruci
1125 1038 1259 1109 (Col.
1285 1055 1346 1108 ιι,
1378 1039 1486 1106 14).
1515 1037 1712 1120 Omnes
1731 1054 1862 1110 pec-

223 1138 465 1188 caverunt
492 1137 544 1184 et
573 1127 822 1200 indigent
847 1128 1034 1200 gloria
1061 1128 1160 1183 Dei
1189 1127 1361 1200 (Rom.
1397 1145 1480 1197 ιιι,
1512 1129 1626 1196 23).
1651 1150 1679 1177 ››
1701 1128 1772 1184 Et
1801 1125 1862 1183 in

225 1219 464 1292 Epistola
513 1218 589 1276 ad
635 1217 921 1290 Ephesios
955 1232 968 1271 :
1000 1217 1062 1272 In
1095 1233 1199 1290 quo
1231 1217 1493 1272 habemus
1542 1215 1862 1288 redemptio-

222 1327 323 1366 nem
359 1325 464 1381 per
509 1308 839 1378 sanguinem
868 1307 1052 1378 ipsius.
1095 1307 1476 1362 remissionem
1526 1312 1868 1378 peccator-um

224 1399 416 1472 (Ephes.
439 1415 482 1466 ι,
501 1397 618 1469 3).‹‹
641 1395 741 1452 llle
762 1395 1072 1452 redimitur
1093 1394 1192 1467 qui
1217 1398 1423 1468 captus
1449 1398 1559 1462 est,
1577 1393 1714 1451 etin
1737 1393 1868 1450 hos-

219 1489 348 1546 tium
365 1484 612 1543 veniens
628 1487 980 1556 potestatem
999 1482 1148 1540 liber
1168 1500 1297 1540 esse
1321 1481 1556 1540 desinit.
1581 1483 1664 1540 lta
1683 1487 1738 1538 et
1759 1499 1866 1540 nos

223 1576 445 1651 quidam
464 1573 674 1631 dicunt
693 1573 756 1628 in
777 1571 886 1630 hoc
910 1573 1130 1628 mundo
1153 1589 1283 1630 esse
1299 1572 1580 1646 captivos,
1594 1575 1734 1628 utet
1755 1571 1864 1630 sub

223 1663 575 1742 principibus
615 1666 672 1719 et
714 1661 1108 1735 potestatibus
1149 1661 1296 1734 jugo
1328 1661 1628 1718 servitutis
1659 1659 1865 1731 teneri,

225 1771 311 1815 nec
340 1757 476 1809 ante
505 1751 735 1808 vinctas
755 1749 980 1808 catenis
1009 1749 1296 1823 explicare
1328 1767 1562 1816 manus,
1586 1754 1644 1806 et
1665 1748 1866 1808 oculos
1892 1791 1941 1857 B

223 1859 443 1912 sursum
497 1839 786 1906 attollere,
833 1837 947 1895 nisi
998 1839 1350 1912 Redemptor
1399 1839 1716 1896 advenerit.
1751 1839 1861 1896 Sed

225 1932 338 2005 quis
356 1931 492 1996 iste,
518 1929 709 1998 aiunt,
728 1932 932 1984 tantus
951 1931 1008 1984 et
1027 1927 1184 1995 talis,
1208 1928 1309 2000 qui
1341 1927 1526 2001 possit
1547 1927 1734 2001 pretio
1755 1944 1862 1984 suo

230 2027 397 2077 totum
427 2019 633 2076 orbem
682 2016 1004 2074 redimere?
1032 2017 1204 2074 Jesus
1230 2017 1496 2074 Christus
1551 2018 1732 2074 Filius
1761 2017 1862 2074 Dei

231 2109 518 2183 proprium
549 2107 904 2180 sanguinem
934 2107 1115 2174 dedit,
1138 2111 1196 2163 et
1227 2124 1333 2162 nos
1356 2107 1428 2164 de
1448 2107 1726 2164 servitute
1747 2106 1862 2163 eri-

231 2199 376 2271 piens
406 2198 679 2254 libertate
711 2195 965 2253 donavit.
989 2196 1060 2251 Et
1080 2213 1299 2264 revera,
1323 2195 1372 2252 si
1395 2196 1656 2252 historiis
1676 2197 1866 2270 genti-

230 2287 358 2344 lium
387 2286 710 2354 credimus,
743 2285 901 2358 quod
950 2283 1195 2352 Codrus,
1227 2289 1286 2341 et
1323 2283 1581 2352 Curtius,
1605 2289 1662 2342 et
1709 2284 1867 2342 Decii

232 2376 409 2432 Mures
436 2375 561 2450 [al.,
595 2378 842 2441 mures],
874 2372 1238 2446 pestilentias
1281 2374 1538 2444 urbium,
1571 2379 1629 2430 et
1657 2374 1864 2441 fames,

1969 500 2308 559 infirmitate
2331 504 2682 561 cruciﬁxus?
2702 507 2837 573 Quae
2865 521 3000 560 cum
3029 505 3111 562 ita
3141 507 3279 574 sint,
3303 525 3409 582 nec
3431 509 3621 586 gratia

1967 591 2236 662 prohibet
2255 593 2701 666 correptionem,
2717 611 2820 650 nec
2838 595 3126 666 correptio
3145 601 3320 668 negat
3335 597 3581 668 gratiam
3601 615 3614 654 :

1969 683 2024 735 et
2055 679 2182 736 ideo
2215 680 2298 736 sie
2329 687 2419 737 est
2449 681 2839 756 praecipienda
2857 681 3118 755 justitia,
3135 686 3202 738 ut
3231 700 3266 738 a
3293 684 3409 741 Deo
3433 687 3623 759 gratia

1971 785 2086 840 qua
2116 769 2174 825 id
2197 771 2351 842 quod
2384 771 2718 844 praecipitur
2738 773 2839 828 fiat
2858 769 3015 828 ﬁdeli
3039 769 3298 828 oratione
3319 778 3616 846 poscatur.
3663 782 3673 792 ‘

1969 859 2041 914 Et
2067 858 2176 914 hoc
2207 862 2520 932 utrumque
2550 859 2630 916 ita
2653 860 2986 916 faciendum
3016 865 3126 927 est,
3152 864 3216 916 ut
3247 877 3436 933 neque
3457 862 3626 934 justa

1971 947 2255 1021 correptio
2277 948 2628 1022 negligatur,
2653 949 2852 1006 omnia
2879 966 3012 1007 vero
3044 949 3166 1007 haec
3187 967 3321 1006 cum
3341 949 3626 1008 charitate

1972 1036 2134 1104 ﬁant,
2169 1036 2448 1109 quoniam
2490 1055 2594 1095 nec
2633 1037 2888 1096 Charitas
2918 1038 3056 1096 facit
3087 1043 3416 1114 peccatum,
3440 1045 3498 1118 et
3526 1055 3628 1118 co-

1972 1125 2160 1199 Operit
2189 1125 2633 1183 multitudinem
2665 1131 3094 1200 peccatorum.»
3117 1129 3188 1184 Et
3213 1127 3354 1186 item
3387 1131 3628 1186 sanctus

1970 1214 2336 1288 Augustinus
2357 1214 2417 1270 in
2438 1215 2722 1289 vigesimo
2743 1215 2892 1274 libro
2915 1218 2984 1272 de
2997 1216 3238 1274 Civitate
3257 1217 3382 1285 Dei,
3400 1217 3572 1294 titulo
3593 1219 3629 1276 6

1973 1320 2042 1360 ex
2071 1320 2341 1366 sermone
2375 1304 2635 1377 Apostoli
2659 1305 2798 1379 (cap.
2819 1306 2876 1379 6)
2900 1323 2913 1362 :
2937 1309 3046 1364 Pro
3075 1309 3331 1364 omnibus
3376 1312 3626 1370 mortuus

1972 1400 2050 1450 est
2077 1393 2152 1463 (Il
2177 1398 2299 1451 Cor.
2323 1411 2378 1461 ν,
2405 1393 2489 1466 14)
2515 1411 2564 1450 ;‹‹
2589 1394 2898 1462 Omnibus,
2920 1395 3134 1468 inquit,
3156 1395 3380 1454 bonum
3400 1400 3491 1454 est
3519 1402 3624 1476 au-

1973 1481 2099 1538 dire
2128 1498 2326 1538 vocem
2359 1481 2489 1538 Filii
2515 1482 2629 1554 .Dei
2659 1486 2716 1540 et
2743 1483 2950 1541 vivere.
2969 1484 3054 1540 Ad
3085 1482 3263 1544 vitam
3293 1484 3528 1560 pietatis
3558 1471 3628 1551 ex

1974 1569 2294 1644 impietatis
2325 1577 2514 1628 morte
2560 1573 3010 1630 transeundum.
3043 1573 3125 1630 De
3164 1591 3282 1647 qua
3329 1577 3516 1634 morte
3547 1571 3630 1633 ait

1973 1659 2287 1733 Apostolus
2316 1677 2328 1718 :
2355 1662 2496 1734 Ergo
2529 1678 2714 1718 omnes
2755 1664 2962 1720 mortui
2987 1669 3135 1732 sunt,
3158 1669 3212 1720 et
3244 1679 3341 1736 pro
3375 1665 3630 1729 amnibus

1974 1757 2220 1806 mortuus
2248 1757 2344 1820 est,
2377 1757 2440 1807 ut
2465 1758 2516 1808 et
2543 1752 2641 1824 qui
2669 1753 2861 1809 vivunt
2885 1753 3009 1826 jam
3034 1768 3146 1810 non
3171 1752 3283 1809 sibi
3309 1754 3514 1823 vivant,
3536 1751 3629 1811 sed

1970 1842 2024 1895 ei
2053 1841 2150 1913 qui
2171 1856 2272 1912 pro
2305 1841 2440 1913 ipsis
2476 1849 2726 1898 mortuus
2757 1849 2855 1910 est,
2897 1851 2948 1898 et
2985 1843 3290 1899 resurrexit
3315 1841 3388 1915 (ιι
3417 1841 3539 1898 εον.
3571 1856 3628 1910 v,

1975 1930 2084 1998 15).
2109 1929 2325 1986 Omnes
2357 1929 2556 2002 itaque
2587 1930 2803 1986 mortui
2827 1934 2967 1986 sunt
2997 1930 3056 1986 in
3091 1930 3366 2004 peccatis,
3393 1929 3628 1987 nemine

1973 2035 2213 2090 prorsus
2235 2024 2493 2090 excepto,
2515 2018 2633 2076 sive
2655 2018 3059 2094 originalibus,
3082 2019 3201 2076 sive
3229 2017 3408 2076 etiam
3427 2016 3626 2077 volun-

1973 2111 2092 2164 tate
2113 2107 2452 2175 additis,vel
2476 2108 2820 2182 ignorando,
2844 2107 2929 2165 vel
2952 2109 3210 2179 sciendo,
3235 2123 3342 2165 nec
3361 2107 3628 2166 faciendo

1975 2197 2132 2268 quod
2154 2197 2389 2267 justum
2431 2203 2521 2253 est
2553 2214 2566 2252 :
2603 2202 2660 2253 et
2705 2215 2809 2270 pro
2857 2199 3134 2255 omnibus
3184 2198 3435 2256 mortuis
3463 2197 3629 2254 vivus

1974 2291 2244 2342 mortuus
2265 2291 2354 2343 est
2371 2304 2545 2356 unus,
2562 2287 2620 2344 id
2642 2293 2731 2344 est
2751 2287 2981 2344 nullum
2999 2287 3224 2346 habens
3241 2287 3482 2344 omnino
3501 2302 3630 2361 pec-

1976 2379 2174 2432 catum
2201 2392 2213 2432 :
2236 2380 2302 2432 ut
2324 2376 2424 2448 qui
2447 2393 2552 2448 per
2572 2377 2980 2434 remissionem
3011 2380 3384 2450 peccatorum
3405 2371 3632 2447 vivunt,

230 2471 278 2520 et
307 2465 455 2522 bella
483 2463 610 2520 suis
649 2463 941 2519 mortibus
988 2463 1392 2535 represserint,
1426 2468 1646 2536 quanto
1678 2463 1868 2536 magis
1967 2465 2095 2536 jam
2119 2483 2234 2520 non
2257 2465 2368 2520 sibi
2392 2465 2604 2536 vivant,
2620 2465 2720 2522 sed
2743 2465 2794 2520 ei
2813 2465 2913 2538 qui
2935 2483 3040 2539 pro
3061 2467 3338 2523 omnibus
3359 2471 3630 2541 mortuus

232 2554 324 2609 hoc
363 2551 425 2606 in
474 2554 574 2608 Dei
622 2551 769 2609 Filio
817 2551 1095 2624 possibile
1143 2553 1536 2625 judicandum
1569 2558 1676 2620 est,
1711 2553 1866 2624 quod

231 2657 420 2698 cruore
448 2659 556 2698 suo
588 2659 707 2698 non
739 2641 946 2697 urbem
979 2658 1158 2698 unam
1190 2642 1292 2698 sed
1324 2645 1513 2698 totum
1544 2645 1753 2716 purget
1783 2660 1868 2698 or-

229 2731 395 2798 bem?
417 2756 441 2782 ι
473 2732 538 2788 In
569 2729 818 2788 humilia
846 2730 1076 2788 decima
1105 2735 1315 2804 quarta
1343 2730 1638 2804 Evangelii
1668 2748 1871 2788 secun-

230 2819 360 2876 dum
389 2821 606 2877 Lucam
633 2837 684 2876 ;‹‹
713 2818 852 2876 Tale
875 2819 986 2876 fuit
1008 2823 1067 2877 et
1085 2836 1192 2892 par
1210 2824 1528 2876 turturum.
1553 2819 1679 2876 Non
1704 2822 1872 2876 erant

230 2908 330 2964 illa:
358 2907 618 2966 volucres
652 2912 718 2964 ut
745 2907 872 2966 ista:
901 2926 1029 2982 quae
1061 2925 1166 2982 per
1194 2927 1387 2966 aerem
1417 2909 1631 2978 volant,
1658 2909 1758 2965 sed
1780 2908 1869 2964 di-

230 2998 416 3055 vinum
446 2998 754 3070 quiddam,
781 3003 838 3054 et
866 2997 1128 3054 humana
1159 2997 1650 3072 contemplatione
1680 3013 1870 3070 augu-

230 3087 391 3155 stius,
411 3089 520 3144 sub
541 3087 740 3161 specie
761 3087 1046 3144 columbae
1071 3090 1129 3144 et
1157 3087 1408 3144 turturis
1429 3086 1746 3160 apparebat
1769 3102 1782 3141 :
1807 3089 1874 3142 ut

230 3193 338 3232 non
366 3177 583 3234 talibus
610 3177 892 3244 victimis,
917 3176 1194 3249 qualibus
1225 3194 1429 3233 omnes
1459 3177 1749 3245 homines,
1772 3175 1870 3233 ille
1899 3161 1943 3228 C

226 3265 323 3337 qui
352 3284 453 3339 pro
481 3272 602 3324 toto
653 3267 880 3322 mundo
921 3266 1290 3334 nascebatur,
1325 3271 1381 3324 et
1429 3267 1548 3340 pati
1597 3266 1868 3334 habebat,

228 3370 415 3412 coram
437 3356 684 3412 Domino
707 3356 1116 3425 mundaretur,
1142 3356 1242 3412 sed
1269 3361 1335 3412 ut
1355 3357 1714 3430 dispensatio
1745 3356 1874 3428 ejus

227 3459 372 3500 nova
400 3445 614 3513 omnia,
650 3445 737 3501 ita
767 3462 948 3502 novas
977 3462 1210 3518 quoque
1241 3445 1497 3502 habebat
1527 3445 1750 3502 hostias
1779 3461 1874 3501 se-

226 3533 479 3590 cundum
505 3534 871 3591 voluntatem
903 3530 1326 3608 omnipotentis
1355 3535 1480 3592 Dei.
1506 3558 1534 3585 »

293 3623 366 3678 Et
386 3628 617 3680 sanctus
645 3623 1016 3696 Augustinus
1047 3623 1110 3680 in
1139 3623 1288 3680 libro
1319 3625 1392 3680 de
1423 3624 1792 3698 Correptione
1822 3625 1879 3680 et

227 3712 573 3784 Gratia(cap.
601 3713 721 3780 16):
749 3711 902 3769 265
921 3712 1134 3769 «Absit
1156 3717 1220 3768 ut
1239 3713 1354 3769 ista
1373 3714 1696 3786 garrientcs
1720 3731 1882 3770 secu-

225 3819 319 3857 ros
341 3818 444 3858 nos
463 3801 520 3857 in
544 3801 654 3858 hac
679 3800 1042 3874 negligentia
1059 3817 1188 3858 esse
1209 3802 1419 3858 debere
1443 3803 1882 3860 credamus.Ve'

229 3908 358 3946 rum
381 3895 463 3947 est
480 3891 638 3947 enim
657 3890 800 3964 quia
815 3907 986 3946 nemo
1004 3891 1177 3963 periit
1200 3890 1314 3948 nisi
1337 3891 1493 3948 [ilius
1513 3892 1880 3964 perditionis

227 3981 338 4037 Sed
361 3981 436 4036 ait
457 3986 606 4036 Deus
628 3997 734 4053 per
752 3979 1112 4036 Ezechielcm
1135 3981 1478 4054 prophetam
1507 3998 1519 4038 :
1543 3983 1644 4038 Ille
1665 3981 1882 4054 quidem

229 4071 290 4124 in
311 4086 406 4126 suo
427 4077 649 4142 peccato
677 4071 965 4138 morietur,
980 4072 1307 4142 sanguinem
1335 4087 1456 4126 vero
1474 4071 1592 4143 ejus
1619 4070 1684 4126 de
1711 4087 1884 4126 manu

227 4161 574 4232 speculatoris
597 4161 880 4232 requiram
901 4160 1114 4232 (Ezech.
1133 4177 1332 4228 xxxm,
1350 4159 1682 4234 6).Proinde
1707 4176 1887 4232 quan-

226 4252 358 4304 tum
375 4251 441 4305 ad
463 4267 572 4306 nos
592 4248 980 4322 pertinet,qui
1002 4249 1450 4323 praedestinutos
1475 4267 1509 4305 a
1530 4266 1645 4305 non
1665 4249 1883 4322 praede-

226 4337 454 4395 stinatis
477 4339 814 4396 discernere
858 4355 976 4395 non
1018 4337 1306 4406 valemus,
1333 4343 1391 4394 et
1421 4339 1494 4394 ob
1524 4337 1634 4394 hoc
1679 4356 1884 4396 omnes

225 4425 416 4486 salvos
444 4427 570 4484 ﬁeri
600 4427 747 4484 velle
777 4428 1086 4495 debemus,
1113 4428 1387 4484 omnibus
1414 4445 1486 4484 ne
1518 4433 1777 4501 pereant,
1796 4428 1884 4487 vel

1977 2559 2068 2610 est
2098 2559 2334 2627 propter
2381 2559 2618 2627 peccata
2668 2558 2886 2622 nostra,
2919 2559 2977 2610 et
3030 2553 3347 2612 resurrexit
3395 2557 3632 2628 propter

1968 2643 2454 2715 justilicationcm
2479 2648 2796 2700 nostram.»
2813 2645 2883 2699 Et
2902 2642 3040 2700 item
3063 2644 3124 2699 in
3151 2643 3302 2700 libro
3325 2648 3534 2717 quarto
3561 2643 3634 2698 de

1977 2732 2262 2789 'l‘rinitate
2292 2733 2430 2806 (cap.
2457 2735 2546 2804 13)
2569 2749 2618 2787 ;‹‹
2643 2731 2910 2789 Christus
2941 2733 3172 2790 occisus
3203 2735 3294 2790 est
3323 2732 3627 2799 innocens,

1978 2825 2044 2878 ut
2063 2820 2362 2878 diabolum
2379 2822 2516 2894 jure
2539 2819 2876 2894 aequissimo
2907 2824 3230 2894 superaret,
3253 2823 3311 2876 et
3329 2837 3364 2876 a
3385 2819 3626 2894 captivi-

1976 2915 2095 2968 tate
2123 2914 2362 2984 prepter
2388 2914 2694 2983 peccatum
2718 2911 2744 2983 j
2754 2911 2885 2966 usta
2905 2926 3012 2966 suo
3034 2910 3198 2982 justo
3219 2907 3510 2982 sanguine
3539 2905 3630 2964 in-

1969 3001 2132 3072 juste
2159 3001 2287 3056 fuso
2320 2997 2526 3055 mortis
2547 2997 3002 3072 chirographum
3023 3001 3080 3054 et
3099 2996 3518 3070 justiﬁcandos
3537 3013 3627 3052 re-

1979 3090 2226 3146 dimeret
2247 3091 2600 3162 peccatores.
2622 3087 2766 3143 llinc
2787 3087 2964 3144 etiam
2984 3085 3254 3144 diabolus
3275 3085 3468 3144 adhuc
3488 3101 3628 3146 suos

1981 3177 2196 3246 illudit,
2220 3177 2434 3250 quibus
2465 3193 2526 3233 se
2557 3193 2660 3250 per
2689 3193 2798 3232 sua
2819 3193 2986 3233 sacra
3003 3174 3182 3232 veluti
3202 3173 3548 3249 purgandis,
3573 3173 3632 3248 et

1981 3269 2176 3342 potius
2191 3265 2559 3340 applicandis
2575 3269 2748 3338 atque
2770 3265 3125 3339 mergendis,
3145 3263 3328 3322 falsus
3344 3263 3634 3320 mediator

1983 3356 2242 3431 opponit,
2267 3355 2424 3429 quod
2447 3355 2717 3428 superbis
2738 3353 3013 3412 facillime
3034 3353 3366 3428 persuadet,
3390 3352 3634 3408 irridere

1985 3453 2160 3519 atque
2180 3450 2550 3502 contemnere
2582 3448 2830 3501 mortem
2852 3443 3086 3513 Christi,
3101 3461 3137 3500 a
3155 3460 3270 3516 qua
3289 3441 3414 3516 ipse
3443 3457 3634 3516 quan-

1983 3541 2112 3592 tum
2132 3539 2222 3591 est
2243 3533 2504 3604 alienior,
2521 3537 2686 3590 tanto
2707 3533 2779 3590 ab
2801 3533 2886 3590 eis
2907 3532 3164 3590 creditur
3182 3530 3439 3589 sanctior
3458 3533 3634 3603 atque

1987 3625 2256 3682 divinior.
2272 3622 2380 3690 Qui
2403 3627 2600 3680 tamen
2623 3623 2780 3697 apud
2800 3638 2936 3679 eum
2965 3620 3307 3696 paucissimi
3331 3636 3634 3678 remanse-

1988 3720 2145 3781 runt,
2168 3713 2622 3786 agnoscentibus
2650 3712 2947 3790 gentibus,
2979 3716 3035 3768 et
3061 3712 3158 3784 pia
3186 3707 3522 3766 humilitate
3546 3708 3634 3764 bi-

1989 3804 2262 3861 bentibus
2274 3802 2524 3875 pretium
2539 3819 2710 3858 suum
2722 3843 2736 3868 ,
2748 3801 2798 3874 ei
2809 3818 2994 3872 usque
3006 3799 3220 3856 ﬁducia
3230 3797 3636 3856 deserentibus

1991 3895 2144 3952 266
2180 3892 2408 3954 hostem
2440 3907 2638 3957 suum,
2669 3895 2726 3946 et
2773 3889 3256 3946 concurrentibus
3285 3889 3358 3944 ad
3393 3888 3638 3945 Redem-

1991 3987 2218 4056 ptorem
2251 3999 2485 4038 suum.»
2507 3982 2576 4035 Et
2603 3980 2664 4034 in
2690 3997 2958 4036 sermone
3000 3979 3320 4034 centesimo
3355 3977 3638 4052 vigesimo

1991 4071 2288 4145 Evangelii
2315 4069 2560 4128 Joannis
2583 4085 2634 4125 ει(
2657 4069 2872 4126 Omnes
2903 4067 3120 4141 quippe
3151 4067 3288 4124 facit
3317 4085 3456 4122 suas
3482 4083 3636 4137 oves,

1991 4180 2096 4236 pro
2129 4161 2344 4236 quibus
2374 4163 2462 4216 est
2489 4159 2764 4215 omnibus
2803 4174 3016 4231 passus
3049 4173 3062 4213 :
3097 4156 3238 4228 quia
3275 4158 3341 4211 ut
3377 4155 3504 4228 ipse
3533 4171 3639 4226 pro

1993 4252 2268 4310 omnibus
2299 4253 2600 4324 pateretur
2619 4249 2741 4304 ovis
2762 4251 2852 4304 est
2879 4248 3126 4304 factus.»
3149 4247 3219 4302 Et
3237 4245 3378 4301 item
3397 4247 3641 4302 sanctus

1991 4323 2356 4416 Augustinus
2386 4339 2446 4395 in
2475 4337 2704 4412 psalmo
2735 4333 3182 4410 quadragesimo
3211 4331 3380 4390 tertio
3405 4349 3420 4388 :
3442 4353 3472 4384 ί(
3491 4323 3638 4391 Nam

1993 4436 2050 4490 et
2079 4448 2221 4488 crux
2250 4429 2380 4502 ipsa
2407 4433 2464 4485 et
2494 4445 2598 4501 pro
2629 4426 2772 4499 ipsis
2802 4423 3292 4498 persequentibus
3321 4421 3474 4479 facta
3501 4425 3591 4480 est
3623 4437 3638 4478 :

225 4531 300 4570 ne
318 4515 456 4573 alios
477 4517 748 4591 perdant,
765 4515 1097 4574 adhibenda
1117 4517 1436 4574 estanobis
1453 4517 1878 4576 medicinaliter
1905 4535 1952 4600 D
1985 4525 2118 4587 inde
2149 4523 2290 4577 sunt
2329 4523 2534 4594 postea
2565 4515 2776 4584 sanati,
2811 4515 2911 4588 qui
2972 4514 3032 4570 in
3082 4530 3220 4570 eum
3265 4511 3642 4586 crediderunt

223 4620 422 4662 severa
449 4605 882 4679 correptio.Dei
904 4611 995 4664 est
1015 4609 1213 4662 autem
1242 4605 1360 4662 illis
1389 4623 1518 4663 eam
1543 4607 1732 4664 facere
1762 4606 1874 4664 uti-

223 4691 373 4762 lem,
391 4712 532 4768 quos
563 4695 662 4752 ille
687 4695 980 4768 praescivit
1008 4699 1064 4752 et
1091 4695 1525 4768 praedestinavit
1548 4698 1879 4754 cont’ormes

223 4781 498 4855 imaginis
527 4783 658 4841 Filii
689 4783 802 4841 sui.
835 4784 990 4841 Dicit
1017 4785 1172 4842 enim
1201 4785 1514 4858 Apostolus
1548 4803 1562 4842 :
1594 4789 1880 4844 Peccantes

225 4885 410 4927 coram
447 4874 704 4930 omnibus
753 4875 984 4947 corripe,
1011 4881 1075 4930 ut
1115 4876 1303 4932 caueri
1349 4877 1598 4932 timorem
1649 4877 1882 4932 habeant

222 4959 276 5028 (1
301 4960 434 5016 Tim.
455 4979 511 5030 ν,
534 4964 627 5034 40)
653 4979 666 5019 :
693 4965 852 5037 quod
873 4964 944 5020 de
963 4963 1059 5020 his
1088 4964 1341 5037 peccatis
1362 4965 1768 5038 accipiendum
1791 4969 1882 5022 est

229 5065 370 5121 qua:
386 5069 492 5108 non
505 5048 714 5122 latent,
727 5071 800 5110 ne
817 5057 1018 5110 contra
1033 5053 1264 5110 Domini
1277 5054 1628 5110 sententiam
1644 5059 1883 5127 putetur

225 5135 324 5194 loc
333 5143 483 5197 ntus.
500 5141 601 5198 Ille
621 5141 780 5198 enim
802 5140 946 5198 dicit
967 5158 981 5197 :
999 5143 1064 5198 Si
1075 5145 1379 5215 peccaverit
1399 5145 1458 5198 in
1478 5151 1528 5199 te
1544 5145 1718 5215 frater
1741 5151 1885 5212 tuus,

221 5230 442 5300 corripe
484 5248 609 5288 eum
647 5233 792 5288 inter
827 5240 878 5289 te
913 5239 967 5289 et
999 5234 1180 5306 ipsum
1207 5232 1413 5304 (Matth.
1451 5249 1611 5304 xvm,
1639 5235 1748 5302 15).
1771 5232 1885 5288 Ve-

222 5321 563 5376 rumtamen
595 5325 653 5377 et
681 5321 810 5394 ipse
831 5321 1202 5380 severitatem
1229 5321 1610 5394 correptionis
1631 5337 1888 5394 eousque

228 5407 504 5479 perducit
539 5415 604 5467 ut
633 5411 792 5469 dicat
826 5427 840 5466 :
871 5411 935 5468 Si
961 5427 1061 5468 nec
1086 5413 1381 5468 Ecclesium
1402 5411 1663 5481 audierit,
1690 5414 1763 5468 sit
1788 5412 1890 5468 tibi

120 5491 126 5496 ’
223 5496 389 5552 δίε-ιιι
429 5499 668 5558 ethnicus
725 5509 778 5558 et
829 5501 1162 5574 publicanus
1211 5501 1412 5576 (Matth.
1464 5519 1624 5574 xvm,
1676 5503 1784 5572 17).
1817 5503 1890 5559 Et

225 5586 382 5662 quis
399 5590 576 5667 magis
597 5590 800 5649 dilexit
819 5589 1110 5664 infirmos,
1135 5609 1314 5669 quam
1333 5591 1432 5652 ille
1455 5592 1556 5670 qui
1575 5608 1680 5668 pro
1704 5589 1888 5652 omni-

553 5719 829 5788 ΡΑι-ιιοι..
873 5721 1107 5789 CXXV.

1986 4630 2162 4688 quem
2193 4609 2305 4683 ipsi
2336 4607 2733 4665 occiderunt.»
2756 4607 2826 4662 Et
2846 4603 2906 4661 in
2928 4602 3158 4678 psalmo
3187 4601 3640 4676 quadragesimo

1987 4703 2229 4776 quinto:
2257 4723 2286 4750 «
2321 4697 2658 4770 Compuncti,
2706 4695 2922 4768 inquit,
2961 4693 3118 4752 corde
3162 4692 3464 4750 dixerunt:
3501 4689 3642 4774 Quid

1985 4793 2250 4865 facimnus
2272 4789 2406 4858 (Act.
2426 4803 2488 4852 ιι,
2507 4784 2628 4854 37)?
2649 4785 2956 4858 Tanquam
2979 4800 3194 4858 magna
3215 4781 3640 4856 desperatione.

1989 4882 2089 4940 Ille
2111 4883 2312 4936 tantus
2335 4881 2426 4935 est
2446 4892 2621 4948 quem
2645 4891 2751 4932 nos
2773 4873 3119 4941 occidimus,
3135 4891 3242 4930 nos
3263 4869 3366 4929 ubi
3387 4871 3645 4928 erimus?

1989 4972 2058 5028 Et
2079 4970 2284 5027 Petrus
2309 4985 2322 5023 :
2349 4967 2500 5039 Agite
2523 4967 2921 5038 panitentiam,
2943 4971 2996 5021 et
3025 4963 3326 5036 baptizatur
3353 4959 3644 5032 numquis-

1989 5077 2092 5134 que
2137 5067 2376 5116 vestrum
2404 5059 2462 5113 in
2491 5057 2716 5112 nomine
2757 5057 2885 5112 Jesu
2933 5054 3166 5120 Christi,
3197 5059 3250 5108 et
3292 5049 3644 5106 dimittuntur

1994 5150 2146 5206 vobis
2170 5155 2387 5222 peccata
2409 5155 2585 5203 vestra
2606 5145 2738 5218 (Act.
2763 5162 2826 5212 ιι,
2848 5143 2960 5218 38).
2984 5141 3142 5200 Nihil
3179 5138 3334 5196 enim
3367 5137 3476 5193 hoc
3505 5151 3644 5210 pec-

1996 5242 2126 5296 cato
2156 5237 2390 5312 gravius
2421 5235 2674 5309 cogitare
2705 5237 3042 5308 potuerunt.
3065 5230 3228 5298 Quod
3254 5226 3488 5302 gravius
3519 5240 3648 5299 pec-
3740 5268 3756 5287 .

1997 5332 2193 5385 catum
2223 5326 2574 5401 aegri,quam
2606 5323 2818 5380 medici
2847 5318 3208 5379 interfectio?
3231 5314 3378 5383 Quid
3409 5313 3643 5390 gravius

1997 5421 2188 5490 potest
2209 5434 2359 5490 aeger
2379 5417 2588 5481 lacere,
2602 5429 2780 5486 quam
2803 5412 2853 5470 si
2875 5410 3168 5467 medicum
3186 5422 3362 5464 suum
3383 5403 3648 5462 occidat?

1997 5511 2142 5564 Cum
2170 5505 2280 5563 hoc
2323 5503 2658 5572 dimittitur,
2691 5501 2831 5576 quid
2880 5517 2996 5556 non
3043 5495 3402 5554 dimittitur?
3428 5494 3516 5552 Ab
3545 5493 3646 5552 illo

1997 5613 2134 5674 ergo
2166 5595 2262 5657 cui
2290 5595 2514 5656 dictum
2543 5598 2663 5657 est:
2687 5593 2978 5671 Refugium
3003 5597 3056 5652 et
3079 5590 3276 5661 virtus,
3299 5591 3649 5666 acceperunt

3246 5725 3317 5789 11
