3970 6182
375 325 482 401 331

1232 336 1690 399 HINCMARUS
1737 335 2186 398 RHEMENSIS
2235 335 2924 398 AltCIIIEPlSthPUS.

3665 337 3774 396 332

372 487 649 545 magnam
700 471 1110 538 securitatem;
1163 469 1465 542 baptizatur
1511 471 1888 542 unusquisque
1933 486 2022 524 vo-
2052 471 2108 537 Λ
2137 470 2230 534 de,
2261 485 2378 542 quo
2409 485 2527 536 ore,
2561 487 2679 542 qua
2710 470 2894 524 fronte
2925 467 3196 541 parvulos
3227 472 3492 523 mortuos
3533 467 3775 539 negatis,

371 569 544 618 strum
575 563 635 617 in
673 561 901 616 nomine
946 556 1168 615 Domini
1211 564 1346 616 Jesu
1373 558 1602 616 Christi.
1637 559 1698 614 In
1731 557 1889 612 illius
1924 575 2030 613 no-

374 650 532 706 mine
563 667 737 724 quem
778 649 1076 705 occidistis
1120 647 1523 721 baptizamini,
1557 651 1612 702 el
1652 647 2032 702 dimittuntur

371 738 538 796 vobis
569 743 810 812 peccata
837 743 1049 794 vestra.
1085 737 1374 792 Medicum
1407 737 1494 792 vel
1529 740 1730 808 postea
1760 735 2030 808 cognovi-

375 824 484 885 Stis
517 829 683 902 :jam
716 827 907 884 securi
938 825 1117 882 bibite
1149 826 1498 898 sanguinem
1530 842 1704 897 quem
1736 824 2029 880 fudistis.»

373 919 446 974 Et
496 917 635 974 item
689 917 746 972 in
796 915 1027 990 psalmo
1071 932 1198 970 XLVI
1233 931 1301 969 :«
1325 915 1518 970 Omnes
1561 921 1759 986 gentes,
1787 912 2033 986 plaudite

373 1007 652 1076 manibus,
687 1005 964 1078 quoniam
1000 1021 1097 1060 rex
1129 1003 1320 1060 omnis
1375 1007 1541 1059 terrae
1589 1003 1764 1058 Deus.
1787 1003 1913 1057 Non
1947 1000 2028 1062 illi

372 1079 598 1152 sufﬁcit
625 1111 804 1150 unam
833 1096 1067 1168 gentem
1098 1091 1312 1148 habere
1349 1092 1460 1148 sub
1491 1109 1553 1147 sc
1587 1107 1600 1146 :
1634 1091 1762 1147 ideo
1794 1096 2028 1148 tantum

376 1185 632 1260 pretium
651 1201 720 1240 ex
739 1183 922 1240 latere
943 1182 1122 1248 dedit,
1139 1186 1204 1236 ut
1225 1181 1654 1238 emeretorbem
1678 1185 2026 1237 terrarum.»

377 1275 522 1331 Item
553 1273 613 1330 in
645 1273 874 1346 psalmo
898 1289 1027 1328 xmx
1050 1289 1098 1327 :a
1123 1271 1228 1336 Qui
1263 1274 1479 1326 terram
1501 1269 1746 1341 vocavit,
1769 1274 1826 1324 et
1844 1275 2027 1326 totam

375 1367 593 1420 terram
625 1361 876 1430 vocavit;
911 1361 1011 1434 qui
1041 1364 1256 1416 terram
1281 1359 1524 1427 vocavit,
1548 1363 1774 1414 tantam
1806 1359 2031 1415 vocavit

375 1455 660 1526 quantam
691 1449 1016 1506 fabricavit.
1051 1449 1197 1516 Quid
1231 1448 1374 1504 mihi
1415 1451 1737 1520 exsurgunt
1775 1449 2026 1520 pseudo-

380 1541 583 1598 christi
607 1545 664 1598 et
682 1539 1242 1614 pseudopmphetac‘?
1264 1537 1408 1605 Quid
1433 1540 1522 1593 est
1545 1538 1698 1610 quod
1723 1555 1816 1592 me
1835 1537 2027 1594 verbis

378 1629 654 1705 captiosis
675 1629 989 1702 illaquearc
1011 1627 1334 1684 moliuntur
1348 1627 1637 1683 dicentes:
1661 1627 1805 1682 Ecce
1823 1626 1918 1682 hic
1939 1631 2028 1683 cst

368 1718 660 1788 Christus,
685 1735 817 1776 ecce
849 1717 1007 1774 illic?
1038 1718 1162 1773 Non
1195 1717 1368 1774 audio
1399 1717 1772 1773 ostendentes
1806 1721 2022 1788 partes.

367 1808 522 1865 Deus
555 1809 808 1866 Deorum
836 1811 1020 1863 totum
1055 1806 1196 1862 mihi
1231 1807 1506 1874 ostendit,
1532 1805 1629 1878 qui
1654 1805 1875 1862 vocavit
1905 1809 2020 1861 ter-

365 1914 490 1954 ram
520 1915 554 1953 a
584 1897 725 1954 solis
747 1901 877 1952 ortu
899 1913 1087 1968 usque
1113 1896 1183 1950 ad
1217 1913 1510 1960 occasum,
1537 1897 1724 1950 totum
1747 1893 2014 1962 redemit,

361 1990 558 2058 partes
579 1989 772 2040 autem
792 1983 1220 2039 calumniantes
1238 1982 1704 2039 condemnavit.»
1720 1985 1864 2038 Item
1889 2001 2016 2038 san-

361 2076 492 2128 ctus
520 2073 884 2145 Augustinus
929 2073 987 2126 in
1037 2071 1186 2126 libro
1226 2072 1297 2126 de
1328 2071 1702 2142 Correptione
1731 2076 1787 2126 et
1819 2071 2015 2127 Gratia

361 2161 612 2234 (0011.11)
640 2177 697 2216 ;‹‹
725 2160 1071 2234 Unigenitus
1107 2161 1204 2214 Dei
1253 2159 1454 2225 Filius,
1479 2159 1721 2232 mqualis
1774 2159 1927 2214 Patri
1959 2165 2016 2214 et

359 2254 702 2318 cozeternus,
726 2267 830 2322 pro
863 2249 1206 2304 hominibus
1236 2247 1410 2303 homo
1436 2248 1646 2314 factus,
1671 2252 1728 2302 et
1750 2247 1877 2302 sine
1908 2265 2014 2304 suo

361 2337 480 2394 ullo
500 2337 586 2394 vel
611 2337 881 2412 originali
903 2337 987 2394 vel
1023 2337 1255 2411 proprio
1289 2341 1546 2409 pec‘cato,
1571 2337 1643 2392 ab
1673 2337 2014 2393 hominibus

361 2427 768 2500 peccatoribus
788 2427 1102 2483 crucifixus
1128 2443 1142 2482 :
1167 2427 1290 2500 qui,
1315 2425 1583 2498 quamvis
1605 2425 1696 2481 die
1727 2427 1896 2482 tertio
1927 2445 2013 2482 re-

361 2516 615 2573 surrexit
643 2533 952 2589 nunquam
997 2516 1142 2571 mori
1155 2521 1321 2571 turus
1352 2515 1619 2584 ulterius,
1645 2515 1886 2589 pertulit
1921 2521 2014 2573 ta-
2045 2575 2049 2580 ,

365 2623 500 2661 men
531 2623 634 2678 pro
666 2605 1012 2662 mortalibus
1043 2608 1316 2670 mortem,
1348 2605 1448 2676 qui
1483 2609 1754 2661 mortuus
1785 2604 2015 2677 praesti-

363 2695 435 2751 tit
464 2696 668 2762 vitam,
700 2699 764 2750 ut
794 2695 1076 2768 redempti
1112 2694 1240 2765 ejus
1279 2693 1587 2767 sanguine,
1619 2699 1782 2750 tanto
1814 2713 1880 2750 ac
1910 2695 2010 2750 tali

361 2781 605 2856 pignore
641 2787 877 2857 accepto
907 2782 1165 2839 dicerent
1197 2800 1210 2838 :
1243 2784 1306 2839 Si
1348 2784 1490 2839 Deus
1535 2800 1634 2856 pro
1679 2783 1856 2851 nobis,
1890 2786 2014 2858 quis

359 2879 548 2928 contra
567 2875 706 2929 nos!
734 2873 851 2945 Qui
871 2874 1097 2946 proprio
1139 2872 1280 2928 Filio
1335 2889 1447 2926 non
1500 2873 1758 2944 pepercit,
1778 2871 1872 2928 sed
1911 2889 2012 2945 pro

357 2960 516 3016 nobis
545 2959 796 3017 omnibus
825 2960 1048 3016 tradidit
1072 2977 1197 3016 eum
1219 2961 1392 3030 (Rom.
1415 2977 1538 3032 vm,
1561 2961 1650 3030 31,
1675 2962 1788 3029 32).
1807 2983 1834 3010 ››
1858 2963 1928 3018 Et
1952 2962 2011 3018 in

359 3049 508 3106 libro
565 3054 726 3106 sexto
781 3055 984 3106 contra
1037 3049 1340 3105 Julianum
1373 3053 1512 3122 (cap.
1544 3050 1683 3124 1);‹‹
1727 3051 1815 3106 Tu
1865 3051 2012 3107 dicis

359 3135 537 3204 etiam
560 3154 664 3210 pro
685 3137 1088 3210 peccatoribus
1111 3131 1410 3194 mortuum
1429 3137 1860 3212 Christum,ego
1881 3139 2010 3198 dico

359 3243 476 3282 non
507 3226 623 3282 nisi
654 3242 756 3298 pro
787 3227 1192 3300 peccatoribus
1222 3232 1543 3295 mortuum,
1571 3227 1652 3284 ita
1685 3232 1749 3284 ut
1778 3246 2012 3302 respon-
2039 3208 2082 3276 C

359 3314 496 3370 dere
553 3314 794 3386 cogrris,
836 3315 887 3370 si
949 3314 1111 3371 nullo
1168 3320 1403 3388 peccato
1462 3316 1686 3389 parvuli
1747 3318 2014 3374 obstricti

362 3405 522 3468 sunt,
556 3419 670 3457 non
703 3419 830 3458 esse
861 3419 964 3474 pro
1015 3403 1274 3476 parvulis
1305 3409 1624 3460 mortuum.
1657 3405 1811 3461 Dicit
1855 3405 2012 3462 enim

361 3488 675 3562 Apostolus
713 3490 786 3546 ad
815 3490 1147 3548 Corinthios
1183 3509 1196 3548 :
1233 3493 1498 3562 Quoniam
1527 3495 1578 3550 si
1600 3511 1746 3550 unus
1769 3511 1868 3567 pro
1898 3511 2012 3551 om-

361 3578 528 3634 nibus
583 3587 829 3635 mortuus
865 3588 962 3648 est,
995 3596 1119 3652 ergo
1149 3597 1333 3636 omnes
1389 3583 1594 3638 mortui
1647 3591 1794 3652 sunt,
1821 3591 1872 3640 ct
1912 3601 2013 3657 pro

364 3667 616 3725 omnibus
651 3677 896 3726 mortuus
933 3677 1012 3726 est
1036 3670 1108 3739 (Il
1137 3669 1257 3726 Cor.
1290 3688 1345 3738 v,
1383 3672 1488 3740 14).
1513 3671 1684 3727 Nullo
1717 3673 1888 3728 modo
1917 3673 2014 3730 hic

364 3773 578 3832 negare
610 3757 985 3830 permitteris,
1022 3776 1136 3814 non
1181 3759 1295 3814 nisi
1351 3776 1456 3832 pro
1514 3760 1606 3816 his
1639 3760 1736 3834 qui
1795 3762 2013 3818 mortui

364 3851 505 3904 sunt
535 3851 833 3904 mortuum
875 3847 1055 3904 fuisse
1091 3848 1316 3904 Jesum.
1352 3852 1506 3916 Quos
1537 3849 1718 3923 igitur
1747 3851 1856 3907 hoc
1887 3851 2012 3908 loco

362 3935 640 4009 intelligis
689 3937 1002 3993 mortuos?
1050 3939 1316 4012 nunquid
1369 3956 1468 3996 eos
1507 3939 1605 4011 qui
1655 3940 1727 3995 de
1773 3957 2013 4012 corpore

359 4023 668 4081 exierunt?
698 4025 830 4098 quis
859 4025 942 4082 ita
973 4025 1219 4100 desipiat
1243 4032 1307 4082 ut
1333 4027 1439 4083 hoc
1463 4027 1698 4101 sapiat?
1727 4030 1806 4084 Eo
1839 4030 2011 4084 modo

359 4113 506 4170 207
541 4112 740 4187 itaque
770 4114 1156 4188 intelligimus
1186 4121 1473 4185 mortuos,
1505 4134 1608 4190 pro
1641 4117 1858 4190 quibus
1887 4135 2010 4174 om-

359 4201 534 4259 nibus
591 4221 746 4260 unus
801 4209 1070 4261 mortuus
1101 4208 1192 4260 est
1229 4205 1496 4262 Christus
1529 4207 1822 4278 quomodo
1871 4207 2009 4264 alibi

357 4291 500 4349 dicit
525 4309 536 4347 :
560 4292 625 4350 Et
654 4309 744 4351 vos
775 4310 897 4349 cum
925 4296 1110 4350 essetis
1140 4296 1344 4350 mortui
1375 4295 1434 4350 in
1463 4295 1696 4361 delictis,
1718 4305 1771 4352 et
1789 4313 2012 4370 praepu-

305 4403 310 4406 ·
357 4385 431 4439 tio
460 4383 647 4438 carnis
681 4392 894 4452 vestra},
923 4385 1223 4456 vivi/ienuit
1250 4401 1372 4439 cum
1403 4385 1498 4440 illo
1529 4385 1668 4453 (Col.
1701 4402 1762 4454 ιι,
1798 4387 1906 4454 13).
1930 4387 2009 4442 Ac

358 4487 462 4544 per
482 4470 590 4527 hoc
614 4489 786 4540 unus,
805 4471 1133 4546 inquit,pro
1156 4473 1432 4530 omnibus
1458 4477 1726 4531 mortuus
1745 4479 1853 4542 est,
1872 4492 2008 4550 ergo

2139 575 2242 630 pro
2273 559 2488 630 quibus
2515 559 2808 615 Bhristum
2832 560 3133 613 mortuum
3159 574 3274 613 non
3298 556 3563 630 negatis?
3584 557 3642 614 Si
3667 574 3777 614 non

2137 651 2224 702 est
2257 665 2358 720 pro
2389 647 2473 702 eis
2507 652 2771 702 mortuus
2793 645 3081 712 Christus,
3108 649 3172 702 ut
3201 645 3339 717 quid
3375 645 3780 718 baptizantur?

2139 736 2484 808 Quicunque
2503 735 2657 792 enim
2681 734 2956 808 baptizati
2978 751 3185 791 sumus
3207 735 3264 789 in
3287 734 3516 792 Cbristo
3535 735 3698 802 Jesu,
3720 735 3776 792 in

2139 829 2324 882 morte
2353 823 2541 898 ipsius
2582 825 2874 896 baptizati-
2888 841 3116 881 sumus.
3150 823 3208 880 Si
3243 828 3438 880 autem
3470 824 3644 880 etiam
3679 841 3777 897 pro

2139 914 2222 970 eis
2253 917 2523 970 mortuus
2553 917 2640 970 cst
2662 913 2763 986 qui
2786 930 2940 970 unus
2962 928 3065 984 pro
3086 912 3362 970 omnibus
3383 917 3652 969 mortuus
3671 918 3776 979 est,

2137 1019 2274 1075 ergo
2305 1019 2508 1059 omnes
2557 1001 2775 1058 mortui
2801 1007 2958 1070 sunt,
2983 1005 3040 1057 et
3069 1000 3165 1058 isti
3212 1017 3346 1057 cum
3396 999 3694 1068 omnibus,
3723 1007 3780 1060 et

2137 1091 2276 1164 quia
2304 1091 2365 1146 in
2397 1096 2630 1164 peccato
2655 1091 2868 1146 mortui
2891 1095 3050 1159 sunt,
3073 1089 3408 1146 moriuntur
3434 1094 3494 1146 et
3523 1097 3778 1164 peccato,

2136 1183 2202 1236 ut
2228 1179 2424 1235 vivant
2471 1180 2588 1236 Deo
2619 1180 2852 1252 quando
2894 1183 3284 1236 renascuntur
3331 1196 3398 1236 ex
3446 1179 3582 1236 Deo.
3616 1180 3780 1246 Quod

2136 1269 2183 1324 si
2238 1267 2526 1340 explicare
2575 1286 2690 1325 non
2742 1285 2984 1342 possum
3015 1269 3306 1342 quomodo
3336 1269 3500 1325 vivus
3543 1273 3783 1342 generet

2135 1362 2457 1423 mortuum,
2481 1362 2750 1414 mortuus
2777 1357 2934 1414 enim
2967 1361 3202 1429 peccato
3242 1373 3454 1428 parens
3489 1361 3546 1413 et
3582 1357 3780 1414 vivens

2133 1445 2272 1515 Deo,
2303 1451 2542 1519 generat
2579 1451 2773 1502 tamen
2825 1446 2884 1502 in
2933 1451 3172 1520 peccato
3221 1451 3544 1515 mortuum,
3578 1445 3690 1504 nisi
3728 1453 3782 1504 et

2132 1535 2260 1608 ipse
2302 1540 2538 1608 peccato
2576 1536 3010 1608 regeneratione
3059 1535 3345 1592 moriatur
3373 1540 3429 1591 et
3457 1536 3610 1592 vivat
3641 1537 3780 1605 Deo,

2133 1624 2398 1697 nunquid
2429 1625 2558 1681 ideo
2588 1624 2803 1680 falsum
2835 1628 2942 1694 est,
2963 1623 3102 1698 quia
3131 1623 3406 1698 explicari
3436 1625 3626 1682 verbis
3661 1643 3782 1683 non

2133 1717 2343 1786 potest,
2375 1712 2464 1770 vel
2495 1713 2839 1770 difﬁcillime
2887 1714 3116 1787 potest?
3155 1715 3242 1770 Tu
3293 1729 3460 1786 nega,
3492 1714 3540 1770 si
3573 1715 3782 1783 audes,

2132 1807 2335 1858 natum
2359 1806 2679 1871 mortuum,
2699 1819 2802 1875 pro
2824 1819 2940 1874 quo
2960 1801 3256 1858 Christum
3283 1819 3402 1858 non
3423 1819 3602 1876 negas
3624 1821 3782 1860 mor-

2127 1896 2319 1946 tuum.
2349 1893 2514 1960 Unus,
2539 1891 2716 1957 enim,
2749 1907 2850 1964 pro
2903 1891 3156 1948 omnibus
3211 1899 3458 1948 mortuus
3501 1901 3600 1961 est,
3657 1909 3782 1966 ergo

2123 1997 2306 2037 omnes
2351 1981 2556 2037 mortui
2598 1989 2728 2036 sunt
2755 1981 2825 2052 (11
2853 1979 2975 2036 Cor.
3001 1997 3056 2045 v,
3093 1981 3203 2050 14).
3236 1979 3427 2037 Verba
3469 1986 3611 2038 sunt
3641 1999 3780 2055 apo-

2125 2070 2353 2135 stolica,
2377 2071 2477 2126 sed
2509 2087 2673 2126 arma
2703 2074 2844 2126 sunt
2873 2074 3092 2126 nostra.
3117 2070 3343 2136 Quibus
3373 2075 3570 2128 tamen
3605 2072 3659 2128 si
3697 2090 3780 2130 πιο-

2125 2174 2386 2231 pugnare
2418 2157 2590 2228 nolis,
2618 2158 2898 2232 intelligis
2925 2159 3076 2230 quod
3112 2159 3240 2216 sine
3269 2159 3635 2217 dubitatione
3667 2178 3785 2218 cre-

2125 2247 2382 2302 dendum
2413 2251 2520 2315 est,
2545 2247 2774 2302 etiamsi
2805 2263 2922 2302 non
2971 2246 3264 2322 intelligas
3295 2253 3430 2322 (cap.
3455 2251 3531 2322 3).
3562 2251 3783 2306 Audie-

2123 2335 2334 2392 bamus
2357 2353 2390 2392 a
2411 2337 2736 2408 majoribus
2758 2336 3101 2409 nostris,qui
3121 2353 3184 2394 se
3204 2337 3260 2393 id
3287 2355 3458 2394 nosse
3479 2355 3544 2395 ac
3560 2339 3786 2396 vidisse

2123 2425 2413 2494 dicebant,
2452 2425 2821 2482 Fundanium
2871 2425 3242 2500 Carthaginis
3287 2427 3599 2497 rhetorem,
3642 2446 3783 2487 cum

2123 2513 2248 2586 ipse
2267 2513 2554 2570 accidenti
2575 2513 2713 2570 vitio
2739 2513 2940 2572 luscus
2961 2519 3136 2583 esset,
3162 2513 3393 2572 luscum
3416 2517 3603 2573 ﬁlium
3641 2535 3786 2591 pro-

2122 2619 2370 2658 creasse.
2403 2604 2526 2668 Quo
2573 2601 2838 2674 exemplo
2867 2601 3146 2658 evertitur
3184 2603 3284 2660 illa
3313 2607 3418 2660 tua
3463 2606 3784 2673 sententia,

2123 2707 2238 2764 qua
2263 2691 2408 2747 dicis
2434 2690 2724 2747 naturalia
2755 2708 2857 2764 per
2877 2690 3148 2748 accidens
3171 2709 3287 2749 non
3311 2695 3588 2750 converti.
3612 2695 3790 2752 Acci-

2121 2781 2267 2836 dens
2297 2779 2513 2853 quippe
2559 2780 2666 2835 l‘uit
2696 2781 2754 2836 in
2788 2784 2951 2854 patre
2983 2782 3138 2854 quod
3171 2782 3390 2839 factum
3423 2788 3512 2840 est
3554 2784 3613 2839 in
3661 2784 3788 2841 ﬁlio

2121 2869 2406 2925 naturale.
2431 2869 2594 2926 Illam
2619 2885 2753 2926 vero
2776 2869 3168 2944 alteram,qua
3191 2869 3386 2928 dicitis
3412 2876 3692 2946 parentes
3723 2873 3788 2930 in

2120 2957 2274 3016 ﬁlios
2289 2971 2356 3014 ea
2371 2976 2498 3032 quae
2517 2975 2631 3014 non
2652 2959 2868 3015 habent
2885 2958 2997 3032 ipsi
3017 2976 3132 3016 non
3150 2976 3321 3033 posse
3342 2961 3788 3034 transfundam,

2121 3046 2270 3105 alius
2303 3047 2591 3104 Fundanii
2632 3046 2810 3114 filius,
2836 3049 2992 3121 quod
3043 3049 3297 3106 maxime
3347 3050 3636 3107 usitatum
3672 3055 3789 3120 est,

2119 3153 2255 3192 cum
2285 3139 2516 3194 duobus
2547 3135 2732 3194 oculis
2761 3138 2832 3194 de
2862 3137 3026 3194 lusco
3059 3143 3233 3195 natus
3259 3139 3484 3210 evertit,
3514 3143 3574 3197 et
3601 3141 3791 3198 innu-

2121 3225 2432 3282 merabiles
2448 3225 2548 3298 qui
2566 3225 3115 3283 nascunturoculati
3135 3227 3204 3283 de
3224 3229 3566 3307 parentibus
3583 3233 3789 3288 caecis.

2121 3314 2597 3371 Transmittendo
2615 3315 2827 3388 quippe
2847 3315 2906 3371 in
2929 3331 3026 3372 eos
3045 3333 3194 3388 quos
3215 3317 3465 3391 gignunt
3481 3321 3644 3392 quod
3674 3319 3794 3394 ipsi

2121 3420 2236 3459 non
2267 3403 2504 3471 habent,
2527 3420 2628 3460 vos
2658 3404 2854 3476 potius
2876 3421 3054 3477 quam
3077 3423 3218 3463 suos
3240 3407 3394 3464 ﬁlios
3415 3407 3524 3464 sibi
3549 3408 3795 3466 similes

2121 3509 2249 3548 esse
2279 3492 2704 3560 demonstrant,
2729 3493 2828 3565 qui
2860 3497 2981 3548 tam
3012 3493 3208 3551 fuistis
3239 3493 3298 3551 in
3330 3495 3535 3552 vestris
3567 3497 3798 3554 defini-

2121 3580 2381 3638 tionibus
2411 3581 2566 3638 czeci.
2592 3605 2620 3632 »
2643 3581 2882 3637 Et‘item
2914 3581 2975 3638 in
3001 3583 3203 3640 eodem
3235 3583 3385 3640 libro
3416 3584 3556 3658 (cap.
3589 3587 3752 3659 eod.)
3779 3604 3794 3644 :

2121 3672 2256 3736 Quae
2288 3670 2408 3725 sint
2432 3670 2589 3726 enim
2615 3687 2682 3727 ex
2711 3670 3076 3744 parentibus,
3097 3672 3186 3728 vel
3219 3677 3418 3730 utrum
3445 3673 3567 3730 sint
3596 3676 3802 3733 etiam

2121 3758 2238 3814 alia
2265 3759 2538 3833 contagia
2575 3764 2968 3831 peccatorum,
3001 3759 3254 3818 liberum
3299 3761 3470 3818 nobis
3497 3769 3590 3820 est
3625 3781 3807 3838 quaa-

2121 3864 2266 3915 rere,
2300 3847 2420 3924 sive
2449 3847 2526 3904 sit
2571 3847 2758 3918 facile,
2793 3848 2912 3906 sive
2955 3849 3216 3918 difficile,
3248 3850 3367 3908 sive
3413 3851 3811 3926 impossibile

2119 3936 2372 4009 reperire
2397 3953 2409 3992 :
2439 3954 2542 4010 per
2571 3954 2755 3993 unum
2788 3941 2983 3994 tamen
3014 3937 3313 3996 hominem
3343 3940 3402 3996 in
3426 3940 3809 4012 huuc‘mun-

2120 4027 2263 4082 dum
2293 4025 2543 4082 intrasse
2574 4030 2898 4100 peccatum,
2930 4031 2987 4082 et
3029 4045 3132 4100 per
3160 4034 3467 4102 peccatum
3497 4037 3807 4099 mortem,

2119 4115 2272 4173 268
2303 4119 2360 4172 et
2387 4115 2468 4171 ita
2499 4115 2559 4172 in
2590 4133 2794 4172 omnes
2825 4116 3092 4173 homines
3125 4119 3536 4190 pertransisse,
3566 4121 3633 4178 in
3678 4140 3808 4196 quo

2119 4221 2323 4260 rmnes
2354 4207 2760 4277 peccaverunt,
2793 4204 2962 4261 aliter
3008 4207 3176 4264 nobis
3210 4207 3298 4263 fas
3337 4225 3470 4265 esse
3508 4227 3636 4266 non
3674 4212 3810 4268 exi-

2119 4293 2428 4350 stimemus
2451 4293 2732 4365 accipere,
2754 4293 2865 4349 nisi
2890 4298 2955 4349 ut
2976 4311 3180 4352 omnes
3212 4301 3478 4354 mortuos
3498 4315 3644 4356 esse
3668 4318 3813 4358 cre-

2118 4383 2332 4438 damus
2363 4382 2420 4436 in
2456 4382 2629 4455 primi
2661 4382 2921 4440 hominis
2951 4387 3210 4456 peccato,
3232 4402 3336 4457 pro
3369 4385 3592 4459 quibus
3631 4407 3813 4446 mor-

2117 4477 2258 4528 tuus
2279 4476 2370 4528 cst
2389 4471 2676 4539 Christus,
2691 4476 2748 4528 et
2767 4489 2974 4528 omnes
2997 4473 3144 4529 mori
3177 4478 3414 4547 peccato
3436 4476 3817 4552 quicunque

359 4576 563 4616 omnes
589 4561 804 4616 mortui
828 4566 985 4629 sunt,
1014 4563 1329 4619 ostendens
1363 4563 1482 4618 ﬁeri
1516 4581 1630 4619 non
1663 4564 1924 4637 potuisse
1947 4569 2011 4622 ut
2041 4581 2086 4646 ι]
2115 4561 2487 4636 baptizantur
2512 4561 2573 4616 in
2596 4561 2846 4618 Christo.
2874 4585 2902 4611 »
2923 4562 2992 4618 Et
3023 4563 3163 4618 item
3193 4562 3252 4618 in
3275 4565 3480 4621 eodem
3502 4568 3668 4640 (cap.
3704 4569 3767 4642 4)
3795 4585 3811 4624 :

360 4651 684 4706 moreretur
711 4649 822 4706 nisi
854 4667 958 4723 pro
1003 4651 1274 4708 mortuis.
1308 4652 1388 4707 Ex
1419 4652 1528 4709 hoc
1557 4653 1714 4708 enim
1745 4655 2010 4727 probavit

359 4752 563 4793 omnes
584 4741 848 4794 mortuos
863 4740 1158 4811 esse,quia
1177 4757 1280 4812 pro
1298 4741 1575 4798 omnibus
1592 4742 1840 4800 mortuis
1861 4761 2012 4800 mor-

357 4829 497 4882 tuus
525 4830 615 4882 est
640 4843 816 4882 unus.
841 4827 1126 4902 Impinge,
1150 4829 1400 4900 inculco,
1425 4829 1668 4888 infarcio
1689 4833 2005 4890 recusanti.

353 4913 584 4989 Accipe,
600 4915 832 4972 salubre
853 4919 960 4986 est,
978 4917 1110 4974 nolo
1137 4918 1590 4990 moriaris,unus
1611 4937 1714 4993 pro
1731 4921 2008 4980 omnibus

351 5009 624 5062 mortuus
648 5007 756 5074 est,
772 5021 908 5079 ergo
928 5023 1133 5064 omnes
1155 5009 1372 5064 mortui
1393 5009 1701 5066 sunt.Vide
1717 5011 1857 5082 quia
1876 5029 2008 5068 con-

349 5111 603 5168 sequens
621 5110 750 5150 esse
765 5095 1042 5163 voluit,ut
1063 5095 1466 5170 intelligantur
1480 5115 1684 5154 omnes
1703 5100 1938 5169 mortui,
1953 5101 2004 5157 si

345 5201 450 5258 pro
471 5183 747 5240 omnibus
778 5189 1046 5240 mortuus
1068 5190 1176 5242 est.
1191 5185 1337 5252 Quia
1355 5203 1495 5260 ergo
1517 5201 1634 5242 non
1657 5187 1714 5241 in
1739 5203 1998 5261 corpore,

345 5277 528 5330 restat
548 5273 691 5328 utin
715 5278 954 5346 peccato
977 5291 1107 5330 esse
1129 5279 1393 5331 mortuos
1415 5291 1641 5342 omnes,
1668 5275 1714 5332 si
1743 5293 1846 5350 pro
1869 5295 2000 5334 om-

343 5361 797 5418 nibusChristus
819 5366 1090 5418 mortuus
1111 5367 1219 5429 est,
1241 5380 1413 5418 nemo
1435 5368 1626 5436 neget,
1643 5380 1813 5422 nemo
1835 5366 1998 5422 dubi-

343 5452 444 5518 tet,
471 5450 570 5524 qui
599 5468 660 5506 se
681 5469 798 5508 non
823 5455 996 5527 negat
1015 5455 1117 5508 aut
1141 5451 1370 5508 dubitat
1391 5469 1520 5508 esse
1541 5452 1993 5512 Christianum.»

345 5536 416 5592 Et
443 5537 584 5594 item
611 5539 672 5596 in
702 5541 904 5597 eodem
937 5541 1086 5597 libro
1117 5545 1257 5614 (cap.
1287 5541 1372 5613 11)
1397 5559 1410 5598 :
1441 5564 1468 5592 ‹‹
1489 5541 1652 5598 Unus
1683 5560 1785 5616 pro
1807 5545 1996 5601 omni-

349 5625 461 5686 bus
483 5632 751 5688 mortuus
777 5634 886 5701 est,
903 5647 1041 5708 ergo
1063 5647 1266 5690 omnes
1297 5631 1512 5690 mortui
1535 5636 1692 5690 sunt.
1717 5635 1840 5706 Quo
1871 5651 1996 5694 cor-

2118 4676 2146 4704 ‹‹
2170 4653 2317 4708 Nam
2341 4652 2389 4708 si
2411 4669 2511 4708 vos
2533 4650 2883 4708 sententiam
2918 4655 3135 4708 rectam
3162 4652 3222 4708 in
3251 4656 3515 4710 vestrum
3547 4659 3812 4714 tortum

2117 4757 2360 4798 sensum
2391 4745 2662 4813 torquere
2694 4739 2946 4808 nolletis,
2971 4741 3254 4798 audiretis
3282 4741 3640 4814 Apostoluxn
3680 4745 3813 4804 hoc

2115 4830 2366 4887 breviter
2393 4829 2798 4903 explicantem,
2823 4829 2924 4902 qui
2956 4847 3141 4886 unum
3164 4830 3310 4886 dixit
3331 4831 3535 4900 fuisse,
3560 4832 3635 4889 in
3675 4851 3816 4910 quo

2115 4937 2319 4976 omnes
2353 4923 2754 4992 peccaverunt.
2786 4919 2849 4974 In
2872 4918 2971 4975 illo
2996 4936 3110 4976 uno
3137 4920 3354 4976 mortui
3375 4924 3518 4976 sunt
3543 4938 3822 4994 omnes,

2115 5013 2179 5064 ut
2209 5011 2533 5066 moreretur
2562 5007 2716 5064 alius
2747 5025 2902 5064 unus
2945 5024 3050 5081 pro
3081 5007 3378 5064 omnibus.
3411 5008 3580 5066 Unus
3624 5013 3828 5072 enim

2112 5115 2216 5170 pro
2238 5097 2514 5154 omnibus
2544 5100 2813 5152 mortuus
2835 5100 2941 5166 est,
2964 5113 3100 5170 ergo
3123 5113 3330 5154 omnes
3357 5097 3578 5153 mortui
3623 5108 3826 5172 sunt,

2109 5202 2214 5258 pro
2235 5185 2452 5258 quibus
2471 5184 2737 5241 Christus
2760 5187 3030 5242 mortuus
3057 5189 3166 5242 est.
3187 5185 3468 5254 Audisne,
3493 5185 3828 5250 Juliane?

2109 5275 2238 5331 Hinc
2257 5273 2518 5347 Aposioli
2543 5275 2740 5343 verba,
2767 5291 2884 5330 non
2917 5291 3050 5331 mea
3079 5279 3240 5332 sunt.
3265 5275 3412 5342 Quid
3436 5291 3471 5330 τι
3491 5291 3598 5331 me
3627 5295 3830 5352 quae-

2107 5363 2188 5422 ris
2219 5380 2334 5436 quo
2365 5363 2444 5420 sit
2489 5363 2709 5420 factum
2754 5364 2950 5432 modo,
2983 5380 3119 5420 cum
3150 5364 3349 5420 videas
3379 5363 3628 5422 factum
3668 5385 3836 5430 esse

2106 5469 2458 5527 quocunque
2487 5453 2661 5508 modo
2683 5453 2710 5509 ?
2741 5453 2791 5509 si
2819 5452 3096 5526 Apostolo
3139 5453 3329 5510 credis
3360 5451 3832 5532 aliquomodo,

2105 5542 2208 5616 qui
2237 5543 2309 5598 de
2357 5540 2586 5598 Christo
2616 5542 2771 5598 etde
2810 5541 2904 5600 his
2953 5559 3060 5616 pro
3105 5542 3320 5617 quibus
3371 5546 3684 5604 mortuus
3723 5556 3842 5612 est

2103 5631 2370 5694 Christus
2399 5629 2638 5690 mentiri
2667 5631 2860 5708 potuit
2883 5631 3047 5692 nullo
3079 5633 3273 5691 modo.
3297 5652 3326 5684 »
3351 5630 3422 5690 Et
3451 5631 3614 5691 item
3647 5640 3838 5719 (cap,
