3970 6182
287 355 398 415 333

1000 355 1102 414 DE
1145 355 1914 416 PR/EDESTINATIONE
1957 357 2479 422 DISSER’I‘ATIO
2521 361 2987 426 POSTERIOR.

3575 339 3694 431 334

285 485 418 555 eod.)
451 507 481 537 ‹‹
515 485 718 542 Merito
758 501 894 558 ergo
936 484 1354 574 intelliguntur
1402 487 1617 544 mortui
1664 488 1766 561 qui
1816 505 1930 544 non
1960 489 2015 558 Α
2044 490 2288 564 ceperis,
2321 508 2456 548 cum
2489 493 2798 550 adversum
2831 498 3100 564 matrem,
3133 513 3258 570 quae
3289 503 3347 555 te
3377 501 3670 574 spirituali

285 575 495 631 habent
516 573 831 646 vitam,pro
849 573 1064 646 quibus
1082 574 1349 630 Christus
1365 579 1454 631 cst
1472 577 1932 634 mortuus.Unus

287 663 431 720 enim
464 680 570 736 pro
603 661 880 720 omnibus
909 668 1177 718 mortuus
1201 668 1306 730 est,
1332 682 1468 737 ergo
1492 682 1694 721 omnes
1715 667 1930 721 mortui

287 757 433 809 sunt.
469 753 604 808 Ideo
635 756 836 808 autem
869 756 1139 808 mortuus
1170 757 1276 820 est,
1313 753 1464 809 sicut
1493 753 1706 828 legitur
1728 756 1798 812 ad
1823 755 1932 812 He-

287 843 560 910 brzeos,Ut
583 858 685 914 per
712 849 939 898 mortem
976 851 1261 898 evacuarct
1309 859 1435 898 eum
1483 845 1580 916 qui
1620 851 1934 917 potestatem

289 932 510 989 habebat
533 929 809 996 mortis,id
844 934 934 986 est
963 930 1284 986 diabolum.
1320 953 1348 980 »
1379 933 1446 987 Et
1476 931 1618 988 item
1651 938 1791 1006 (cap.
1825 933 1879 1006 5)
1914 951 1928 989 :

291 1047 314 1075 ει
343 1023 584 1094 Propter
611 1021 746 1090 hoc,
768 1020 1033 1094 inquam,
1057 1021 1360 1077 vinculum
1385 1023 1592 1079 mortis
1615 1023 1830 1079 mortui
1852 1040 1934 1080 re-

290 1111 592 1186 periuntur
622 1111 874 1168 infantes
908 1128 922 1166 :
955 1127 1070 1166 non
1101 1110 1218 1168 ista
1247 1115 1430 1168 morte
1461 1111 1790 1181 notissima,
1807 1131 1932 1187 quae

289 1220 318 1260 a
346 1217 586 1274 corpore
619 1200 877 1256 animam
908 1204 1159 1273 separat,
1194 1201 1296 1258 scd
1328 1219 1394 1257 ca
1423 1205 1611 1258 morte
1631 1219 1760 1276 qua
1783 1209 1936 1261 tene-

289 1294 497 1349 bantur
523 1307 754 1358 omnes,
786 1307 890 1363 pro
921 1290 1140 1364 quibus
1189 1295 1458 1347 mortuus
1503 1295 1592 1348 est
1643 1292 1931 1350 Christus.

288 1381 512 1440 Scimus
535 1379 716 1446 enim,
741 1377 821 1436 ait
841 1379 1174 1452 Apostolus,
1194 1380 1347 1452 quod
1369 1397 1402 1435 a
1421 1379 1588 1437 nobis
1609 1382 1934 1455 saepissime

288 1470 666 1544 repetendum
697 1473 805 1536 est,
839 1467 1120 1542 quoniam
1155 1469 1302 1526 Unus
1349 1485 1447 1542 pro
1495 1471 1749 1527 omnibus
1793 1489 1935 1529 mor-

287 1570 406 1618 tuus
449 1567 547 1628 est,
589 1575 716 1632 ergo
763 1575 947 1616 omnes
993 1559 1198 1614 mortui
1241 1566 1391 1628 sunt,
1437 1567 1490 1616 et
1531 1577 1634 1633 pro
1681 1561 1934 1619 omnibus

285 1657 527 1707 mortuus
555 1655 638 1706 est
665 1648 936 1720 Christus,
967 1653 1029 1704 ut
1066 1649 1164 1721 qui
1207 1649 1400 1704 vivunt
1415 1649 1538 1722 jam
1565 1667 1676 1706 non
1700 1653 1813 1707 sibi
1857 1653 1935 1708 vi-

285 1746 424 1807 vant,
448 1737 545 1795 sed
572 1740 628 1795 ei
655 1738 754 1812 qui
787 1754 888 1811 pro
935 1738 1190 1794 omnibus
1238 1745 1481 1796 mortuus
1527 1749 1606 1797 est
1649 1747 1701 1798 et
1746 1757 1930 1798 resur-

2042 583 2132 635 ter
2162 581 2406 653 peperit,
2439 583 2622 638 armis
2650 581 2968 655 impietatis
2998 583 3280 641 induaris.
3308 610 3336 636 »
3356 589 3428 644 Et
3449 589 3508 646 in
3541 591 3690 648 libro

2043 675 2252 741 quarto
2305 671 2374 725 de
2434 671 2702 727 Doctrina
2759 671 3090 728 Christiana
3139 673 3276 747 (cap.
3309 677 3419 748 21),
3452 685 3691 738 sanctus

2042 775 2274 832 quoque
2302 761 2672 828 Ambrosius,
2700 778 2834 818 cum
2865 765 3000 835 agat
3031 779 3154 818 rem
3175 779 3453 836 magnam
3474 767 3546 823 de
3569 769 3693 842 Spi-

2041 847 2158 903 ritu
2190 854 2484 918 sancto,ut
2505 867 2640 906 eum
2671 849 2824 906 Patri
2856 855 2913 907 et
2943 850 3085 908 Filio
3117 851 3478 910 demonstret
3505 871 3695 928 aequa-

2043 935 2481 1004 lem,submisso
2502 943 2694 996 tamen
2719 939 2948 996 dicendi
2969 956 3182 1014 genere
3201 942 3692 1015 utitur,quoniam

2043 1043 2136 1084 res
2193 1033 2484 1100 suscepta,
2515 1046 2631 1084 non
2689 1034 3034 1086 ornamenta
3087 1031 3420 1104 verborum,
3471 1037 3572 1088 aut
3619 1033 3692 1090 ad

2043 1115 2362 1173 flectendos
2393 1116 2620 1175 animos
2650 1117 3070 1175 commotiones
3100 1120 3436 1191 affectuum,
3455 1122 3572 1196 .sed
3603 1139 3692 1178 re-

2043 1223 2175 1262 rum
2227 1205 2582 1263 documenta
2627 1207 2944 1264 desiderat.
2977 1209 3126 1282 Ergo
3177 1209 3330 1266 inter
3375 1214 3582 1268 caetera
3629 1211 3690 1268 in

2042 1293 2328 1368 principio
2364 1295 2545 1368 hujus
2594 1295 2809 1369 cperis,
2842 1297 2922 1353 ait
2955 1313 2968 1352 :
3005 1321 3035 1348 «
3067 1298 3408 1357 Commotus
3455 1303 3689 1359 oraculo

2043 1383 2274 1440 Gedeon
2306 1384 2460 1455 (Jud.
2493 1403 2570 1452 v1,
2601 1386 2714 1458 21),
2739 1402 2874 1441 cum
2907 1385 3170 1444 audisset
3191 1389 3347 1461 quod
3369 1389 3690 1447 deﬁcienti-

2041 1472 2154 1529 bus
2185 1472 2319 1529 licet
2346 1472 2698 1548 populorum
2727 1473 3012 1546 millibus,
3037 1475 3094 1530 in
3120 1493 3237 1534 uno
3258 1477 3380 1536 viro
3409 1479 3690 1538 Dominus

2041 1561 2270 1635 plebem
2303 1580 2472 1620 suam
2504 1563 2576 1620 ab
2608 1561 2878 1620 hostibus
2903 1563 3194 1635 liberaret,
3219 1566 3434 1623 obtulit
3453 1567 3688 1627 haedum

2041 1667 2372 1724 caprarum,
2407 1653 2578 1724 cujus
2608 1669 2866 1720 carnem,
2900 1655 3224 1710 secundum
3254 1655 3443 1730 angeli
3475 1674 3697 1739 przece‘

2040 1744 2159 1814 pta,
2193 1745 2251 1798 et
2276 1758 2480 1816 azyma
2508 1759 2689 1815 supra
2713 1744 2937 1815 petram
2970 1742 3188 1816 posuit,
3220 1747 3276 1800 et
3303 1761 3372 1800 ea
3392 1744 3530 1816 jure
3557 1763 3689 1820 per-

287 1830 428 1885 rexit
453 1828 529 1898 (II
553 1827 676 1884 Cor.
709 1845 764 1895 v,
802 1828 912 1896 14).
944 1825 1031 1928 Illi
1054 1837 1200 1932 (εξ-ςςί
1230 1827 1450 1898 vivunt,
1485 1845 1588 1932 pro
1627 1829 1843 1903 quibus
1869 1832 1934 1886 ut
1965 1866 2012 1932 Β
2045 1829 2196 1886 fudit
2230 1847 2243 1886 :
2278 1848 2405 1904 quae
2436 1829 2704 1932 simulat
2722 1829 2894 1904 virgae
2915 1829 3431 1921 cacumine,quam
3451 1834 3691 1906 gerebat

288 1919 477 1974 vivant
505 1920 779 1973 mortuus
808 1920 897 1973 est
927 1915 1028 1990 qui
1058 1917 1306 1973 vivebat.
1341 1918 1504 1984 Quod
1552 1919 1812 1991 apertius
1853 1919 1934 1974 ita

289 2007 515 2076 dicitur,
548 2005 640 2064 Illi
673 2009 814 2062 sunt
843 2024 878 2063 a
898 2006 1104 2062 mortis
1128 2006 1378 2063 vinculis
1397 2006 1696 2081 1ibcri,pro
1717 2008 1932 2082 quibus

289 2102 553 2154 mortuus
593 2099 685 2153 est
738 2095 892 2152 inter
941 2099 1203 2152 mortuos
1251 2095 1444 2151 liber:
1477 2095 1564 2152 vel
1615 2096 1698 2152 sic
1749 2096 1932 2153 multo

289 2185 563 2260 apertius,
609 2183 697 2241 Illi
746 2189 890 2240 sunt
932 2183 1160 2240 liberati
1191 2201 1224 2239 a
1255 2188 1511 2256 peccato,
1563 2202 1666 2258 pro
1716 2185 1932 2258 quibus

289 2279 550 2330 mortuus
571 2273 782 2346 estqui
806 2289 1111 2346 nunquam
1135 2273 1324 2328 fuerat
1343 2273 1403 2328 in
1428 2277 1694 2346 peccato;
1718 2280 1929 2330 etcum

290 2362 460 2420 semel
493 2363 572 2418 sit
602 2366 893 2431 mortuus,
919 2365 1114 2417 tamen
1147 2378 1252 2434 pro
1282 2378 1637 2434 unoquoque
1658 2367 1796 2418 tunc
1815 2379 1934 2418 mo-

290 2453 448 2521 ritur,
467 2452 704 2526 quando
725 2451 783 2506 in
808 2451 936 2522 ejus
954 2455 1139 2506 morte
1157 2449 1537 2524 quantmlibet
1553 2450 1739 2507 artatis
1757 2450 1933 2508 fuerit

288 2541 726 2615 baptizatur,.id
759 2544 867 2608 est,
903 2545 1042 2596 tunc
1069 2539 1121 2596 ci
1153 2539 1412 2612 proderit
1441 2556 1598 2596 mors
1647 2541 1777 2612 ejus
1827 2540 1930 2613 qui

291 2631 394 2687 fuit
423 2633 547 2688 sine
577 2635 838 2704 peccato,
873 2629 1106 2702 quando
1127 2627 1188 2683 in
1209 2629 1337 2701 ejus
1368 2633 1550 2684 morte
1582 2629 1928 2702 baptizatur,

249 2747 256 2752 -
289 2721 333 2776 si
363 2725 634 2777 mortuus
665 2718 840 2774 fuerit
867 2717 1042 2775 etiam
1074 2717 1199 2790 ipse
1231 2721 1496 2790 peccato,
1529 2718 1626 2790 qui
1663 2722 1930 2774 mortuus

290 2809 470 2865 fuerat
493 2808 551 2864 in
585 2813 845 2882 peccato.
869 2830 897 2856 ››
925 2807 996 2862 Et
1024 2807 1163 2862 item
1197 2823 1210 2862 :
1245 2829 1273 2856 «
1307 2807 1351 2860 A
1379 2811 1564 2861 morte
1596 2806 1810 2878 quippe
1831 2807 1930 2877 ju-

291 2899 556 2954 stissima:
587 2896 988 2954 damnationis
1019 2912 1124 2970 per
1142 2913 1327 2951 unum
1352 2894 1732 2952 mediatorem
1757 2895 1852 2951 Dei
1877 2899 1935 2951 et

291 2988 590 3044 hominum
621 2986 908 3044 liberatur
935 3003 1122 3061 genus
1151 2985 1501 3054 humanum,
1536 3001 1650 3040 non
1681 3001 1715 3040 a
1745 2988 1934 3041 morte

291 3078 544 3150 corporis
573 3081 831 3143 tantum,
855 3077 956 3132 sed
980 3092 1014 3131 a
1044 3078 1230 3131 morte
1260 3092 1378 3147 qua
1407 3073 1618 3130 mortui
1645 3078 1805 3140 sunt,
1829 3091 1932 3146 pro

285 3167 496 3240 quibus
514 3184 670 3223 unus
691 3169 965 3222 mortuus
988 3168 1095 3233 est,
1113 3179 1248 3237 ergo
1270 3180 1474 3220 omnes
1498 3161 1711 3218 mortui
1736 3167 1932 3218 sunt.»

2045 1919 2288 1993 angelus
2318 1919 2442 1988 Dei,
2475 1918 2743 1992 contigit,
2777 1919 2848 1976 de
2876 1918 3043 1992 petra
3073 1919 3228 1993 ignis
3269 1921 3481 1994 erupit,
3515 1926 3689 1997 atque

2040 2007 2124 2064 ita
2153 2007 2508 2064 sacriﬁcium
2539 2007 2696 2080 quod
2746 2006 3096 2062 olferebatur
3142 2007 3524 2080 absumptum
3575 2014 3686 2067 est.

2041 2098 2164 2164 Quo
2193 2095 2408 2152 indicio
2438 2095 2796 2152 declaratum
2826 2095 3055 2152 videtur
3083 2097 3238 2169 quod
3269 2101 3435 2169 petra
3463 2096 3565 2154 illa
3595 2103 3690 2173 ty-

2040 2202 2182 2258 pum
2213 2185 2487 2242 habuerit
2507 2183 2767 2258 corporis
2795 2184 3030 2253 Christi,
3066 2185 3207 2258 quia
3237 2185 3522 2260 scriptum
3549 2193 3638 2244 est
3669 2204 3685 2245 :

2042 2275 2306 2332 Bibebant
2330 2269 2395 2331 (ὦ
2423 2281 2776 2348 consequente
2815 2291 2902 2330 eos
2945 2283 3120 2347 petra,
3148 2282 3303 2349 petra
3347 2283 3529 2334 autem
3573 2284 3694 2334 erat

2041 2365 2287 2421 Christus
2319 2365 2366 2437 (Ι
2393 2363 2514 2420 Cor.
2545 2382 2644 2434 νη,
2676 2365 2780 2434 10).
2821 2364 2982 2432 Quod
3016 2363 3220 2437 utique
3272 2381 3388 2422 non
3436 2365 3508 2422 ad
3540 2365 3687 2421 divi-

2040 2453 2283 2510 nitatem
2313 2454 2462 2526 ejus,
2497 2453 2597 2508 sed
2631 2453 2700 2509 ad
2738 2469 2974 2508 carnem
3025 2452 3274 2509 relatum
3304 2457 3415 2524 est,
3449 2470 3577 2527 qua:
3608 2455 3688 2511 si-

2039 2541 2307 2598 tientium
2327 2543 2502 2598 corda
2517 2541 2864 2615 populorum
2888 2541 3126 2614 perenni
3143 2541 3262 2599 rivo
3275 2543 3366 2599 sui
3381 2541 3689 2617 sanguinis

2037 2631 2345 2687 inundavit
2387 2632 2519 2688 Jam
2549 2635 2687 2686 tunc
2719 2629 2898 2702 igitur
2929 2630 2984 2685 in
3020 2630 3296 2704 mysterio
3327 2631 3688 2688 declaratum

2039 2726 2146 2786 est,
2182 2721 2320 2793 quia
2352 2721 2631 2776 Dominus
2659 2719 2832 2774 Jesus
2864 2718 2921 2772 in
2955 2736 3129 2775 carne
3152 2737 3260 2775 sua
3281 2721 3460 2776 totius
3483 2720 3687 2776 mundi

2039 2814 2279 2881 peccata
2309 2809 2624 2864 cruciﬁxus
2653 2807 2909 2864 aboleret
2941 2824 2954 2864 :
2990 2825 3094 2864 nec
3125 2807 3315 2864 solum
3363 2809 3576 2865 delicta
3606 2809 3687 2865 fa-

2041 2897 2394 2963 ctorum,sed
2427 2896 2602 2952 etiam
2627 2895 2978 2969 cupiditates
2999 2895 3506 2953 animorum.Caro
3528 2897 3688 2952 enim

2040 2987 2188 3043 haedi
2221 2987 2291 3042 ad
2324 2985 2555 3057 culpam
2587 2985 2721 3040 facti
2751 2985 3122 3056 refertur,jus
3153 2985 3226 3040 ad
3261 2983 3564 3041 illecebras
3594 3002 3691 3042 cu-

2041 3075 2536 3150 piditatum,sicut
2551 3074 2836 3146 scriptum
2859 3076 2965 3142 est,
2977 3074 3114 3142 Quia
3130 3075 3440 3146 concupivit
3453 3075 3688 3148 populus

2040 3165 2390 3239 cupiditatem
2398 3166 2768 3236 pessimam,et
2784 3162 3216 3236 dixeruntﬁuis
3237 3179 3334 3220 nos
3354 3163 3559 3221 cibabit
3574 3181 3694 3220 car-

284 3235 352 3312 ἐι
382 3257 440 3312 in
491 3257 639 3313 libro
689 3255 882 3330 primo
931 3255 1072 3327 (cap.
1109 3235 1201 3323 il)
1232 3269 1246 3307 :
1283 3274 1310 3303 «
1345 3252 1642 3308 Postremo
1693 3257 1932 3308 sanctus
1963 3235 2006 3302 (ἶ
2038 3235 2320 3325 ne—(Num.
2352 3235 2430 3321 xi,
2465 3253 2596 3326 18)?
2627 3253 2792 3319 Quod
2824 3251 3004 3325 igitur
3031 3235 3291 3310 extendit
3311 3252 3554 3326 angelus
3574 3252 3687 3309 vir-

283 3345 534 3402 Joannes
547 3345 894 3418 dicit,quem
919 3348 979 3400 tu
998 3341 1420 3400 honorabiliter
1435 3340 1904 3398 commemorasti
1915 3384 1929 3410 ,

285 3450 457 3507 quem
485 3439 546 3491 tu
566 3435 722 3491 sicut
745 3437 1019 3490 sanctum
1040 3431 1454 3503 eruditumque
1475 3428 1932 3502 laudasti,quem

286 3528 348 3579 tu
383 3522 783 3581 testimonium
812 3526 870 3578 et
917 3513 1163 3594 gloriam
1213 3520 1284 3576 de
1331 3517 1624 3574 consortio
1672 3518 1932 3574 veritatis

287 3612 612 3686 suscepisse
629 3611 830 3668 dixisti
841 3611 1040 3678 ,etiam
1063 3611 1188 3684 ipse
1201 3609 1256 3664 di
1265 3607 1552 3676 cit,Adam
1567 3605 1651 3662 sic
1661 3623 1934 3679 peccasse

286 3700 432 3757 illud
461 3719 630 3776 grave
660 3704 992 3776 peccatum,
1017 3702 1082 3756 ut
1101 3713 1273 3756 omne
1303 3713 1490 3770 genus
1521 3696 1850 3752 humanum
1873 3695 1933 3750 in

2041 3361 2198 3419 gam,
2232 3347 2288 3399 ct
2321 3342 2512 3416 tetigit
2541 3345 2790 3414 petram,
2822 3341 2892 3397 de
2924 3357 3042 3414 qua
3069 3340 3224 3414 ignis
3253 3341 3413 3410 exiit,
3437 3341 3693 3399 ostendit

2043 3433 2197 3506 quod
2213 3448 2348 3488 caro
2365 3429 2619 3497 Domini,
2635 3429 2845 3502 spiritu
2863 3429 3083 3502 repleta
3099 3429 3557 3504 divino,peccata
3574 3447 3693 3488 om-

2043 3521 2140 3578 nia
2162 3521 2431 3577 humanm
2454 3519 2808 3576 conditionis
2839 3523 3120 3576 exureret.
3145 3519 3308 3576 Unde
3331 3523 3386 3576 et
3407 3519 3692 3578 Dominus

2043 3611 2335 3681 ait,Ignem
2365 3612 2491 3667 veni
2519 3611 2730 3666 mittere
2752 3616 2954 3666 terram
2977 3609 3690 3682 (Luc.xu,49),etczetera.»

2113 3700 2364 3756 Sanctus
2413 3697 2798 3755 nihilominus
2847 3697 3093 3770 Prosper
3130 3697 3188 3752 in
3222 3697 3370 3754 libro
3401 3697 3592 3771 primo
3622 3699 3694 3755 de

289 3807 594 3848 commune
623 3793 955 3848 damnaret.
988 3810 1016 3838 »
1047 3789 1119 3845 Et
1149 3791 1282 3860 post
1323 3802 1507 3859 pauca
1541 3802 1554 3842 :
1585 3809 1611 3836 ‹‹
1647 3783 1796 3840 Dicit
1825 3785 1926 3841 Ju-
2042 3787 2356 3844 Vocatione
2387 3787 2650 3862 gentium
2702 3786 2844 3842 dicit
2873 3791 3013 3860 (cap.
3051 3785 3137 3858 19)
3171 3803 3184 3844 :
3219 3809 3246 3837 ‹‹
3275 3787 3341 3843 Et
3368 3795 3446 3857 tu,
3476 3787 3690 3860 inquit,

288 3878 478 3935 dzeum
500 3884 812 3954 negantem
831 3878 1044 3934 virtute
1068 3877 1246 3932 unius
1267 3874 1480 3932 Christi
1507 3874 1792 3930 mundum
1807 3891 1938 3948 pos—
2038 3894 2198 3951 puer,
2227 3878 2483 3950 prapheta
2509 3876 2781 3932 Attissimi
2801 3877 3078 3932 vocaberis
3097 3893 3117 3930 :
3135 3876 3365 3949 prwibis
3393 3877 3542 3933 enim
3570 3883 3696 3932 ante

291 3982 354 4022 se
384 3967 612 4025 salvari.
651 3992 679 4018 »
711 3969 858 4024 item
887 3965 947 4021 in
993 3965 1140 4021 libro
1188 3963 1358 4020 tertio
1389 3963 1528 4036 (cap.
1563 3964 1652 4032 12)
1685 3980 1698 4018 :
1733 3987 1761 4012 «
1797 3961 1937 4029 Quis
2043 3968 2242 4038 faciem
2271 3967 2493 4022 Domini
2507 3981 2708 4038 parare
2729 3965 2844 4021 tias
2861 3965 3014 4038 ejus;
3045 3964 3116 4020 ad
3145 3964 3383 4021 dandam
3410 3965 3696 4022 scientiam

291 4062 487 4112 autem
503 4056 871 4114 Christianus
889 4053 1117 4128 ignoret
1135 4053 1288 4125 quod
1306 4050 1424 4124 ille,
1441 4050 1539 4124 qui
1560 4050 1816 4122 primum
1843 4050 1940 4106 ho—
2044 4056 2240 4112 salutis
2263 4057 2462 4128 popqu
2493 4056 2610 4128 ejus
2650 4057 2712 4110 in
2756 4055 3131 4111 remissionem
3171 4063 3505 4126 peccatorem
3551 4056 3694 4127 ipso-

295 4145 512 4202 minem
545 4147 698 4204 269
735 4143 870 4202 fecit
901 4161 971 4200 ex
1001 4141 1256 4216 pulvere,
1290 4156 1496 4196 omnes
1527 4139 1841 4196 fabricetur
1871 4157 1940 4196 ex
2047 4161 2174 4200 rum
2203 4163 2222 4199 :
2247 4152 2470 4218 propter
2498 4147 2703 4200 viscera
2732 4143 3132 4200 misericordiae
3155 4143 3394 4209 Domini,
3407 4144 3470 4198 in
3499 4142 3697 4216 quibus

290 4235 556 4290 semine?
585 4235 699 4290 Sed
731 4250 800 4290 ex
831 4232 1055 4289 semine
1074 4230 1199 4302 jam
1219 4228 1420 4284 vitiato
1442 4233 1620 4301 atque
1640 4230 1940 4298 damnato,
2049 4235 2290 4290 visittwit
2316 4249 2416 4290 nos
2441 4235 2623 4290 oriens
2651 4249 2722 4290 ex
2751 4233 2878 4300 alto,
2909 4233 3088 4288 lucere
3113 4232 3201 4288 his
3229 4233 3326 4305 qui
3354 4233 3416 4287 in
3463 4231 3698 4288 tenebris

291 4322 394 4393 qui
428 4323 636 4395 partim
669 4339 772 4396 per
816 4320 1119 4377 veritatem
1167 4322 1470 4374 remaneat
1519 4317 1577 4372 in
1629 4317 1940 4392 supplicio,
2051 4324 2207 4380 270
2229 4330 2282 4378 et
2311 4325 2370 4378 in
2398 4325 2598 4378 umbra
2618 4323 2808 4378 mortis
2837 4321 3039 4388 sedent,
3075 4320 3145 4375 ad
3181 4319 3492 4391 dirigendos
3537 4318 3700 4393 pedes

286 4411 502 4482 partim
551 4429 655 4486 per
701 4408 1168 4467 misericordiam
1219 4406 1499 4463 liberetur
1528 4425 1562 4463 ει
1590 4408 1762 4464 malo.
1817 4409 1942 4464 Non
2049 4419 2261 4469 nostros
2307 4413 2366 4467 in
2411 4413 2561 4467 viam
2601 4411 2756 4482 pacis
2807 4410 2958 4482 (Luc.
2990 4427 3030 4477 ι,
3059 4411 3131 4464 76
3159 4417 3210 4466 et
3236 4408 3405 4482 seqq.)
3437 4409 3576 4482 (cap.
3607 4409 3701 4478 20)

288 4498 492 4572 igitur,
523 4505 590 4558 ut
621 4505 796 4575 putas
827 4502 1005 4572 atque
1043 4497 1364 4566 concludis,
1402 4496 1539 4552 ullis
1569 4495 1794 4570 laqueis
1823 4499 1944 4556 tuis
2052 4505 2187 4556 Haec
2217 4505 2413 4556 autem
2445 4500 2669 4556 viscera
2697 4497 3108 4555 misericordia:
3138 4499 3447 4570 Dominus,
3481 4515 3595 4554 non
3630 4498 3704 4554 ad

279 4594 512 4662 peccati
549 4589 843 4646 naturalis
893 4587 1216 4645 suffocatur
1265 4585 1529 4641 assertio.
1563 4586 1943 4660 Depravatam
1979 4605 2025 4670 D
2058 4591 2235 4647 unius
2266 4593 2497 4646 tantum
2517 4587 2717 4662 populi
2739 4587 3329 4662 redemptionem,sed
3348 4587 3420 4644 ad
3438 4587 3705 4644 omnium

291 4677 509 4752 quippe
527 4679 706 4753 primi
730 4674 1187 4751 transgressoris
1207 4673 1509 4730 voluntate
1531 4679 1948 4745 naturam,non
2059 4679 2364 4736 nationum
2395 4675 2684 4750 impendit
2708 4675 3138 4734 salutem.Dicit
3163 4676 3552 4752 Evangelista,
3569 4676 3711 4749 quia

293 4769 408 4822 tua
435 4767 688 4825 defensio
719 4766 912 4824 verbis
943 4764 1222 4821 inanibus
1261 4766 1478 4838 purgat
1520 4781 1624 4838 per
1673 4765 1956 4828 novitium
2063 4772 2217 4828 Iesus
2249 4770 2550 4824 moriturus
2578 4775 2697 4824 erat
2717 4783 2820 4840 pro
2847 4775 3026 4840 gente,
3048 4784 3160 4824 non
3189 4774 3401 4842 tantum
3415 4782 3518 4840 pro
3535 4774 3710 4840 gente,

295 4854 515 4927 dogma
540 4861 829 4924 vestrum,
858 4855 960 4911 sed
991 4853 1180 4928 gratia
1195 4853 1297 4910 Dei
1318 4870 1420 4926 per
1433 4854 1637 4910 Jcsum
1659 4855 1956 4915 Christum
2067 4859 2159 4916 sed
2183 4860 2350 4915 etiam
2379 4865 2438 4913 ul
2464 4857 2606 4928 ﬂlios
2639 4857 2736 4912 Dei
2761 4855 3030 4930 dispersos
3077 4864 3423 4930 congregaret
3450 4858 3511 4912 in
3537 4871 3715 4912 unum

296 4943 616 5002 Dominum
649 4949 942 5003 nostrum.
979 4966 1008 4994 »
1037 4943 1107 5000 Et
1137 4943 1276 4998 item
1310 4943 1370 4998 in
1417 4943 1566 4999 libro
1615 4949 1775 5002 sexto
1819 4948 1958 5021 (cap.

2070 4950 2246 5024 (Joan.
2279 4965 2356 5018 xx,
2386 4947 2477 5015 51,
2507 4947 2621 5016 52).
2665 4947 2780 5002 [loc
2829 4947 2987 5002 enim
3032 4947 3116 5003 ait
3157 4946 3261 5004 illa
3301 4963 3410 5002 vox
3455 4942 3711 5011 Domini,

297 5034 400 5103 14)
435 5051 503 5088 :«
541 5036 691 5092 Unus
742 5036 892 5091 cnim
936 5051 1036 5106 pro
1095 5033 1350 5090 munibus
1407 5041 1654 5088 mortuus
1701 5042 1796 5103 est,
1838 5053 1962 5110 ergo
2069 5057 2197 5112 qum
2217 5035 2651 5110 perquamdam
2669 5035 3122 5108 pietatistubam
3144 5040 3262 5091 toto
3281 5031 3715 5090 terrarumorbe

300 5138 494 5179 omnes
545 5126 756 5180 mortui
800 5130 950 5192 sunt,
1002 5130 1055 5178 et
1093 5138 1194 5194 pro
1254 5123 1508 5178 omnibus
1563 5130 1810 5180 mortuus
1864 5133 1960 5182 est.

299 5211 440 5267 Nec
483 5212 658 5286 aliqui
711 5215 987 5286 poterunt
1029 5210 1220 5266 vivere
1268 5227 1372 5283 pro
1433 5209 1646 5283 quibus
1705 5230 1818 5269 non
1876 5219 1966 5272 est

297 5303 596 5372 mortuus,
651 5300 794 5375 quia
841 5317 948 5374 pro
997 5299 1249 5356 mortuis
1301 5299 1466 5354 vivus
1523 5304 1614 5356 est
1673 5307 1962 5360 mortuus.

297 5387 450 5445 Haec
491 5407 730 5464 negans,
778 5390 875 5446 bis
922 5405 1279 5463 repugnans,
1311 5389 1428 5444 ista
1476 5389 1793 5447 convellere
1842 5409 1964 5450 mo-

297 5475 488 5545 liens,
515 5478 809 5535 catholicae
843 5479 977 5535 fidei
1020 5478 1391 5534 munimenta
1437 5476 1715 5552 ipsosque
1763 5497 1968 5539 nervos

299 5565 680 5642 disrumpere
741 5561 1086 5625 Christiana:
1145 5566 1472 5640 religionis,
1518 5584 1664 5624 vera:
1713 5569 1965 5644 pietatis,

306 5654 510 5716 audes
537 5657 779 5736 insuper
808 5657 1000 5718 dicere
1031 5659 1186 5737 quod
1213 5661 1414 5717 contra
1444 5656 1657 5733 impios
1677 5656 1972 5727 bellasus-

2073 5131 2380 5183 sonantem
2412 5141 2616 5180 omnes
2646 5123 2915 5180 homines
2944 5123 3154 5180 invitat
3181 5127 3239 5178 et
3259 5118 3544 5178 convenit.
3567 5118 3715 5174 Nam

2075 5233 2212 5272 cum
2259 5215 2525 5280 dixisset,
2561 5213 2826 5286 Conﬁteor
2871 5213 2989 5281 tibi,
3022 5215 3205 5280 Pater,
3249 5211 3474 5266 Domine
3519 5209 3641 5264 caeli
3669 5215 3722 5264 et

2075 5313 2257 5372 terrae,
2292 5305 2424 5376 quia
2455 5302 2786 5359 abscondisti
2813 5303 2932 5360 haec
2959 5319 2993 5357 a
3021 5301 3356 5374 sapientibus
3375 5305 3428 5354 et
3441 5295 3724 5370 prudenti-

2078 5397 2198 5461 bus,
2229 5401 2279 5450 et
2307 5393 2562 5450 revelasti
2585 5409 2650 5448 ea
2683 5392 2959 5464 parvulis.
2991 5395 3097 5458 Ita,
3126 5391 3309 5454 Pater,
3343 5388 3598 5461 quoniam
3641 5387 3724 5442 sic

2078 5484 2474 5558 beneplacitum
2499 5489 2580 5539 est
2603 5489 2729 5538 ante
2752 5489 2819 5549 te,
2852 5479 3076 5536 addidit
3099 5495 3113 5534 :
3135 5477 3333 5534 Omnia
3351 5477 3494 5534 mihi
3516 5475 3727 5534 tradita

2075 5583 2206 5633 sunt
2232 5592 2265 5631 a
2293 5575 2458 5630 Patre
2483 5588 2618 5641 meo,
2645 5578 2698 5628 et
2721 5585 2878 5626 nemo
2912 5569 3066 5624 novit
3112 5568 3340 5635 Filium,
3371 5567 3486 5624 nisi
3530 5568 3728 5636 Pater;

2076 5681 2254 5744 neque
2283 5665 2502 5724 Patrem
2533 5661 2656 5739 quis
2678 5659 2970 5733 novit,nisi
2986 5658 3164 5720 Filius
3181 5665 3238 5720 et
3262 5659 3357 5721 cui
3381 5657 3616 5721 voluerit
3641 5656 3731 5718 Fi-
