3970 6182
263 319 380 407 33ὲ

1195 344 1571 406 HINCMABI
1617 343 2057 404 RHENENSIS
2101 343 2724 404 ARCHIEPISCOPI.

3543 341 3664 404 336

261 457 372 534 lius
403 477 676 546 revelare;
703 491 769 531 ac
800 476 1009 532 deinde
1035 475 1267 546 adjecit,
1303 475 1484 532 Venite
1511 475 1580 530 ad
1596 493 1700 544 me,
1725 491 1908 532 omnes
1934 475 1986 542 Α
2021 479 2131 530 cst.
2165 476 2299 540 Qua:
2331 473 2487 531 enim
2513 474 2668 531 Deus
2697 473 2926 530 occulta
2955 489 3084 529 esse
3125 471 3326 542 voluit,
3361 489 3476 529 non
3525 457 3668 531 sunt

259 569 356 640 qui
385 565 644 622 laboratis
671 581 725 622 et
749 567 959 622 onerati
985 567 1134 632 estis,
1169 573 1218 620 et
1243 581 1336 635 ego
1369 566 1610 636 reficiam
1639 581 1750 620 vos.
1788 565 1901 620 Tol-

258 655 353 712 lite
371 656 570 728 jugum
597 672 778 711 meum
805 671 969 726 super
997 671 1110 722 vos,
1140 661 1190 709 et
1217 653 1407 710 discite
1427 671 1461 709 a
1481 671 1566 710 me
1593 655 1722 727 quia
1752 655 1902 710 mitis

255 761 380 802 sum
408 751 459 800 et
477 744 708 800 humilis
735 745 910 809 corde,
947 752 996 800 et
1023 744 1312 799 invenietis
1342 745 1580 815 requiem
1613 743 1904 798 animabus

255 828 449 892 vestris
471 835 709 908 :jugum
736 834 885 889 enim
909 848 1091 889 meum
1117 849 1284 888 suave
1319 840 1414 900 est,
1447 839 1500 887 et
1543 849 1680 896 onus
1721 849 1903 886 meum

258 925 372 982 leve
418 923 622 994 (Matth.
663 939 741 992 x1,
774 922 993 992 25-29).
1026 922 1284 978 Joannes
1339 937 1470 976 vero
1530 920 1791 992 Baptista
1841 919 1902 976 in

256 1011 567 1085 Evangelia
615 1011 860 1068 Joannis
905 1010 1240 1083 prophetico
1289 1009 1497 1082 spiritu
1547 1013 1904 1082 protestatur

258 1097 458 1159 dicens
483 1118 494 1156 :
521 1098 628 1170 Qui
653 1099 718 1156 de
746 1101 875 1156 coelo
905 1103 1052 1156 venit
1095 1115 1260 1172 super
1305 1113 1488 1156 omnes
1534 1107 1630 1166 cst,
1663 1107 1714 1154 et
1763 1098 1904 1171 quod

256 1187 395 1248 vidit
422 1198 474 1248 et
502 1189 714 1246 audivit
744 1189 845 1246 hoc
873 1197 1117 1256 testatur,
1139 1196 1190 1245 et
1217 1189 1586 1244 testimonium
1612 1189 1728 1260 ejus
1747 1203 1902 1244 nemo

253 1281 471 1356 accipit,
503 1281 600 1352 qui
623 1281 824 1352 accipit
850 1281 1221 1335 testimonium
1240 1279 1356 1351 ejus
1375 1279 1615 1347 signavit
1645 1278 1901 1348 quoniam

259 1375 408 1427 Deus
461 1385 630 1426 veram
679 1376 758 1425 est
803 1369 980 1442 (Joan.
1025 1385 1110 1436 ll],
1143 1367 1356 1434 31-33).
1390 1367 1576 1438 Igitur
1613 1369 1901 1438 quantum

257 1455 463 1516 attinet
478 1459 550 1515 ad
572 1457 816 1514 humani
839 1457 1069 1530 generis
1091 1456 1430 1524 caecitatem,
1446 1455 1620 1528 longa
1636 1455 1899 1528 ignoran-

256 1549 350 1605 tiae
369 1551 427 1604 et
451 1546 736 1622 superbiae
756 1551 924 1603 nocte
946 1549 1328 1614 contractam,
1346 1545 1503 1600 venit
1527 1544 1585 1599 in
1613 1545 1902 1600 mundum

255 1636 490 1694 Creator
518 1637 745 1706 mundi,
777 1644 828 1693 et
855 1635 1092 1692 mundus
1122 1652 1244 1691 etuti
1273 1651 1384 1691 non
1413 1633 1898 1706 cognovit(.l0an.1,

255 1728 364 1794 '10).
391 1727 511 1782 Lux
541 1727 680 1783 lucet
710 1729 769 1782 in
800 1725 1033 1782 tenebris
1063 1734 1112 1781 et
1159 1726 1396 1781 tenebrae
1445 1739 1564 1778 cum
1609 1738 1716 1780 non
1766 1738 1904 1778 com-

251 1814 654 1887 prehenderunt
681 1815 864 1883 (ibid.,
898 1816 974 1886 5).
1008 1814 1114 1880 Qui
1150 1830 1329 1886 super
1369 1829 1572 1868 omnes
1615 1815 1704 1868 est
1747 1813 1899 1884 quod

253 1903 401 1960 vidit
430 1907 486 1960 et
515 1902 736 1959 audivit
758 1907 1024 1971 testatur,
1058 1907 1115 1957 et
1135 1901 1536 1957 testimonium
1569 1901 1699 1972 ejus
1729 1917 1900 1956 nemo

259 1991 491 2064 accipit.
516 1991 627 2048 Sed
651 1991 791 2063 quia
822 2009 938 2048 non
969 1993 1187 2046 frustra
1218 1991 1371 2046 Deus
1402 1989 1502 2046 Dei
1535 1988 1716 2045 Filius
1746 1989 1904 2045 venit

257 2080 319 2136 in
350 2077 662 2148 mundum,
693 2084 749 2136 et
777 2081 938 2136 dedit
967 2081 1349 2153 semetipsum
1381 2095 1484 2152 pro
1515 2079 1812 2147 omnibus,
1847 2083 1902 2135 et

255 2174 390 2242 post
415 2173 684 2226 mortuus
713 2174 822 2236 est,
849 2187 962 2227 non
993 2179 1221 2226 tantum
1249 2187 1358 2242 pro
1385 2177 1580 2250 gente.
1592 2170 1698 2225 sed
1724 2171 1900 2224 etiam

253 2263 317 2315 ut
345 2253 506 2330 filios
539 2260 648 2314 Dei
667 2259 961 2331 dispersos
989 2269 1376 2333 congregaret
1409 2260 1470 2315 in
1501 2275 1678 2314 unum
1699 2263 1755 2315 et
1777 2259 1905 2314 uni-

251 2345 436 2404 versis
448 2344 824 2416 dicit,Venite
835 2350 916 2405 ad
933 2365 1246 2418 me,omncs
1267 2350 1371 2422 qui
1391 2349 1677 2404 laboratis
1700 2356 1754 2404 et
1774 2354 1902 2404 one-

253 2435 377 2496 i'ali
403 2436 562 2504 estis,
595 2440 671 2509 ct,
707 2443 933 2494 servato
973 2437 1084 2493 sibi
1133 2436 1608 2510 ineognoscibilis
1658 2437 1899 2494 arbitrio

252 2524 683 2596 electionis,dat
705 2525 797 2582 sui
820 2526 1006 2584 Patris
1027 2526 1291 2582 notitiam
1316 2527 1533 2598 quibus
1553 2543 1681 2580 eam
1701 2525 1899 2582 voluc-

253 2605 329 2672 rit
348 2614 630 2672 revelare:
661 2632 866 2672 omnes
888 2615 991 2671 filii
1025 2614 1195 2684 lucis,
1221 2613 1326 2669 filii
1357 2613 1898 2686 promissionisﬁlii

247 2703 512 2772 Abrahm,
533 2703 637 2758 filii
658 2703 780 2772 Dei,
789 2721 975 2778 genus
993 2702 1464 2775 elcctum,regale
1481 2703 1896 2771 sacerdotium,

245 2791 354 2856 viri
386 2789 659 2850 Israelita:
692 2793 1028 2866 praecognili
1059 2797 1117 2848 et
1145 2791 1518 2864 praeordinati
1547 2791 1617 2848 ad
1651 2808 1899 2864 regnum

251 2877 374 2950 Dei,
407 2881 508 2954 qui
539 2897 638 2938 eos
667 2882 892 2938 vocavit
911 2897 1026 2936 non
1051 2879 1244 2937 solum
1266 2897 1335 2936 ex
1353 2879 1702 2947 Judaais,sed
1723 2880 1899 2937 etiam

255 2985 323 3026 ex
352 2969 626 3044 gentibus
657 2972 829 3052 (Rom.
863 2971 1075 3040 1x,24),
1099 2968 1503 3026 testimonium
1535 2971 1664 3042 ejus
1697 2971 1796 3042 qui
1829 2971 1901 3026 de

254 3057 398 3116 oculo
427 3060 588 3117 venit
607 3059 922 3133 accipiunt,
939 3060 1239 3133 signantes
1259 3059 1399 3132 quia
1419 3059 1574 3115 Deus
1594 3077 1766 3116 verax
1788 3063 1896 3129 est,

255 3148 314 3204 id
346 3151 454 3218 est,
487 3165 758 3221 expresse
789 3149 1193 3221 signiﬁcantes
1213 3149 1274 3204 in
1297 3149 1386 3204 sui
1411 3148 1902 3220 salvatione,quo-

2013 563 2330 619 scrutanda
2361 581 2374 619 :
2409 581 2536 634 qua:
2567 567 2766 619 autem
2809 560 3126 617 manifesta
3167 561 3320 628 fecit,
3356 579 3472 618 non
3522 549 3664 618 sunt

2013 653 2298 726 neganda.
2336 675 2364 702 ››
2395 653 2465 708 Et
2490 651 2629 708 item
2659 653 2798 724 (cap.
2829 649 2970 724 eod.)
3006 667 3020 707 :
3056 675 3084 700 «
3119 650 3264 706 Cum
3299 650 3501 724 utique
3532 667 3665 708 con-

2013 746 2102 797 tra
2133 741 2362 798 hostem
2393 759 2510 797 non
2542 741 2774 814 expedit
2809 740 2934 797 sine
2963 743 3287 813 protectore
3309 739 3660 814 conﬂigere:

2012 849 2146 887 cum
2177 831 2278 887 illo
2308 831 2466 888 enim
2498 831 2672 887 habet
2691 834 3008 898 certamen,
3035 845 3069 885 a
3091 846 3206 902 quo
3231 827 3547 902 aliquando
3568 845 3664 885 su-

2011 926 2248 996 peratus
2279 926 2386 978 est.
2421 921 2546 978 Non
2571 937 2708 994 ergo
2739 920 2884 976 fidat
2908 919 3134 976 viribus
3157 919 3302 985 suis,
3328 935 3456 992 qua:
3477 918 3661 976 etiam

2011 1029 2146 1068 eum
2179 1015 2374 1068 essent
2403 1011 2642 1084 integrae
2676 1027 2790 1066 non
2843 1013 3154 1079 steterunt,
3190 1010 3292 1065 sed
3341 1025 3443 1080 per
3489 1007 3663 1064 illum

2011 1104 2232 1173 quierat
2261 1099 2599 1166 vindictam,
2635 1098 2736 1172 qui
2761 1097 2922 1156 solus
2945 1115 3062 1154 non
3085 1103 3171 1154 est
3191 1097 3381 1154 victus
3401 1101 3457 1154 et
3479 1097 3669 1154 omni-

2008 1189 2122 1246 bus
2152 1175 2289 1246 vicit
2320 1207 2332 1246 :
2367 1193 2425 1245 et
2455 1189 2504 1245 si
2537 1188 2766 1262 quaerit,
2802 1205 2917 1244 non
2949 1187 3180 1243 dubitet
3211 1186 3506 1259 quaerendi
3529 1183 3666 1243 aﬂ‘e—

2011 1281 2171 1334 ctum
2203 1278 2406 1334 abillo
2435 1295 2497 1334 se
2538 1275 2833 1351 accepisse
2884 1291 3058 1349 quem
3109 1274 3334 1350 quaerit,
3367 1289 3472 1332 nec
3522 1274 3668 1348 quia

2010 1367 2230 1440 Spiritu
2261 1367 2362 1424 Dei
2393 1367 2608 1440 agitur,
2633 1365 2762 1423 ideo
2794 1382 2857 1422 se
2887 1367 3052 1439 putet
3075 1365 3325 1420 liberum
3350 1362 3663 1421 arbitrium

2011 1475 2128 1513 non
2157 1457 2394 1524 habere,
2427 1457 2582 1531 quod
2613 1473 2686 1511 ne
2715 1459 2856 1516 tunc
2887 1453 3124 1528 quidem
3151 1453 3404 1528 perdidit
3426 1453 3666 1534 quando

2011 1545 2224 1604 diaboli
2253 1546 2538 1603 voluntati
2561 1561 2622 1602 se
2643 1544 2824 1612 dedit,
2844 1562 2878 1601 a
2893 1561 3010 1617 quo
3027 1543 3325 1616 judicium
3341 1531 3667 1600 voluntatis

2011 1637 2391 1710 depravatum
2423 1640 2530 1705 est,
2554 1652 2668 1692 non
2703 1634 2988 1692 ablatum.
3014 1656 3044 1683 υ
3064 1634 3134 1690 Et
3153 1632 3292 1690 item
3315 1633 3373 1690 in
3399 1632 3666 1690 secundo

2011 1723 2160 1781 libro
2187 1729 2328 1798 (cap.
2365 1726 2451 1798 16)
2485 1741 2498 1780 :
2537 1745 2566 1774 ‹‹
2594 1723 2770 1780 Nulla
2800 1723 2981 1821 igitur
3011 1723 3158 1778 ratio
3207 1720 3518 1778 dubitandi
3549 1726 3664 1807 est,

2009 1814 2212 1870 Jesum
2244 1812 2541 1870 Christum
2572 1798 2887 1869 Dominum
2936 1817 3205 1869 nostrum
3237 1827 3340 1889 pro
3371 1810 3576 1886 impiis
3602 1798 3669 1867 et.

2010 1903 2412 1976 peccatoribus
2436 1907 2756 1971 mortuum,
2773 1920 2806 1958 a
2829 1917 3079 1974 quorum
3105 1916 3352 1958 numero
3375 1899 3422 1957 si
3448 1898 3670 1972 aliquis

2010 1993 2158 2048 liber
2185 1993 2455 2048 inventus
2486 1997 2592 2058 est,
2629 2009 2743 2047 non
2785 1995 2873 2047 est
2923 2006 3026 2064 pro
3071 1989 3346 2047 omnibus
3395 1993 3672 2045 mortuus

2011 2079 2298 2137 Christus.
2331 2081 2443 2137 Sed
2478 2097 2720 2154 prorsus
2767 2097 2871 2152 pro
2919 2079 3204 2154 omnibus
3247 2081 3522 2134 mortuus
3551 2081 3668 2134 est.

2011 2170 2192 2227 Nemo
2222 2169 2404 2242 igitur
2431 2169 2698 2226 omnium
2729 2168 3062 2237 hominum,
3087 2173 3222 2224 ante
3246 2165 3678 2224 reconciliatio-

2011 2276 2145 2316 nem
2175 2276 2302 2331 quze
2335 2275 2439 2331 per
2467 2258 2680 2314 Christi
2713 2257 3063 2330 sanguinem
3095 2257 3247 2313 facta
3277 2260 3384 2324 est,
3409 2269 3528 2312 non
3566 2257 3677 2312 aut

2009 2353 2278 2422 peccator
2306 2353 2407 2404 aut
2434 2347 2652 2420 impius
2681 2347 2812 2416 fuit,
2834 2347 3066 2402 dicente
3097 2344 3371 2420 Apostolo
3398 2345 3498 2402 :Si
3514 2347 3675 2401 enim

2010 2438 2274 2501 Christus,
2309 2455 2432 2493 cum
2477 2437 2657 2493 adhuc
2703 2437 2918 2509 infirmi
2963 2449 3220 2504 essemus,
3244 2436 3412 2509 juxta
3453 2442 3675 2506 tempus

2007 2544 2104 2600 pro
2137 2528 2323 2600 impiis
2351 2534 2597 2584 mortuus
2627 2534 2726 2592 est,
2757 2527 2855 2582 vix
2882 2527 3030 2582 enim
3052 2540 3154 2598 pro
3171 2525 3320 2598 justo
3351 2525 3474 2597 quis
3491 2525 3676 2580 mori-

2008 2625 2098 2673 tur
2130 2635 2142 2672 :
2176 2635 2306 2673 nam
2333 2634 2432 2690 pro
2463 2617 2598 2673 bono
2621 2617 2858 2688 forsitan
2904 2616 3028 2689 quis
3077 2613 3276 2671 audeat
3314 2613 3460 2670 mori
3488 2611 3672 2685 (Rom.

2007 2724 2061 2774 v,
2095 2708 2149 2775 6,
2181 2707 2260 2778 7),
2294 2709 2444 2762 utet
2475 2704 2575 2778 qui
2602 2703 2806 2762 vivunt
2827 2703 2954 2775 jam
3001 2718 3117 2759 non
3167 2700 3283 2760 sibi
3310 2702 3526 2770 vivant,
3563 2691 3674 2759 sed

2008 2794 2060 2850 ei
2110 2793 2211 2866 qui
2261 2811 2366 2866 pro
2413 2791 2560 2866 ipsis
2610 2795 2880 2848 mortuus
2927 2795 3038 2848 est.
3083 2789 3432 2848 Commendat
3481 2797 3677 2846 autem

2006 2898 2167 2940 suam
2193 2881 2516 2938 eharitatem
2561 2881 2702 2938 Deus
2735 2882 2795 2936 in
2823 2880 3002 2948 nobis,
3037 2881 3299 2953 quoniam
3323 2880 3374 2936 si
3401 2895 3526 2936 cum
3558 2878 3673 2934 ad-

2009 2971 2115 3028 huc
2135 2978 2438 3044 peccatores
2483 2986 2722 3026 essemus
2773 2969 3020 3026 Christus
3065 2985 3166 3042 pro
3209 2969 3369 3026 nobis
3413 2975 3676 3025 mortuus

2006 3069 2103 3130 est,
2135 3062 2306 3117 multo
2329 3061 2507 3132 magis
2525 3059 2828 3132 justiﬁcati
2869 3060 2932 3114 in
2976 3059 3250 3130 sanguine
3295 3058 3472 3130 ipsius
3517 3051 3678 3114 salvi

2005 3152 2214 3207 erimus
2245 3150 2312 3205 ab
2343 3151 2432 3206 ira
2457 3165 2558 3222 per
2587 3150 2788 3221 ipsum.
2820 3147 2884 3204 Si
2909 3149 3062 3204 enim
3107 3163 3232 3204 cum
3270 3137 3493 3203 inimici
3521 3161 3675 3204 esse-

255 3236 416 3308 niam
457 3234 612 3293 Deus
659 3253 832 3293 verax
879 3240 989 3308 est,
1023 3235 1280 3310 impleas
1308 3241 1365 3292 et
1393 3236 1699 3310 perficiens
1748 3236 1904 3309 quod
1930 3225 1973 3292 C
2009 3256 2152 3308 mus,
2181 3239 2522 3295 reconciliati
2560 3254 2750 3295 sumus
2799 3241 2915 3294 Deo
2936 3253 3039 3310 per
3063 3244 3291 3293 mortem
3337 3235 3472 3290 Filii
3519 3236 3677 3308 ejus,

251 3325 525 3398 promisit
552 3325 796 3382 Abrahae
845 3325 1110 3382 omnium
1139 3325 1408 3399 gentium
1439 3325 1613 3397 patri,
1646 3325 1746 3396 qui
1778 3325 1902 3398 pol-

251 3409 464 3472 licente
493 3415 608 3472 Deo
639 3416 794 3488 quod
825 3415 1009 3472 haeres
1051 3414 1284 3470 futurus
1331 3418 1486 3470 esset
1533 3415 1761 3483 mundi,
1791 3431 1904 3471 non

253 3503 532 3562 haesitavit
587 3503 919 3577 diffidentia,
966 3504 1058 3560 sed
1103 3505 1436 3576 confortatus
1483 3510 1566 3560 est
1607 3503 1732 3576 ﬁde,
1765 3503 1903 3560 dans

252 3595 484 3668 gloriam
511 3597 634 3664 Deo,
668 3603 720 3652 et
745 3595 1062 3668 plenissime
1089 3596 1288 3662 sciens,
1315 3595 1574 3666 quoniam
1605 3593 1744 3666 quod
1767 3610 1902 3665 pro-

251 3669 408 3740 misit
429 3691 616 3757 potens
645 3693 725 3740 est
749 3692 802 3739 et
835 3685 1015 3755 facere
1063 3683 1234 3751 (Rom.
1269 3697 1346 3752 IV,
1369 3684 1482 3749 20).
1517 3681 1656 3748 Quis
1703 3687 1902 3738 autem

253 3775 374 3826 tam
406 3772 634 3828 alienus
665 3776 754 3829 est
783 3789 817 3827 a
839 3772 952 3827 ﬁde
979 3771 1244 3840 Abrahae,
1269 3775 1389 3826 tam
1413 3771 1665 3846 degener
1684 3771 1756 3827 ab
1778 3771 1904 3826 uni-

251 3875 551 3938 versurum
583 3859 845 3932 gentium
869 3865 1053 3932 patre,
1069 3861 1169 3932 qui
1193 3859 1644 3934 promissionem
1665 3864 1766 3916 aut
1785 3877 1900 3916 non

251 3936 502 4022 impleri.
535 3952 636 4004 aut
659 3949 733 4005 ab
765 3948 876 4006 alio
908 3953 1118 4022 praeter
1147 3966 1282 4004 eum
1314 3949 1412 4022 qui
1446 3947 1715 4020 promisit
1744 3949 1903 4006 dicat

251 4035 481 4110 impleri
497 4037 526 4094 ‘I
542 4033 642 4094 Ille
664 4038 901 4111 quidem
925 4039 1034 4094 erit
1056 4038 1490 4107 mendax,Dcus
1512 4042 1709 4094 autem
1728 4055 1902 4094 verm:

249 4131 308 4192 et
323 4126 516 4184 omnis
533 4127 633 4200 qui
650 4127 863 4201 accipit
878 4127 1281 4185 testimonium
1299 4129 1427 4200 ejus
1443 4127 1553 4182 hoc
1570 4126 1901 4200 signat,hoc

248 4205 492 4290 indicat,
523 4216 679 4290 quod
718 4233 822 4290 per
868 4216 1060 4273 lucem
1113 4215 1547 4272 ill'uminantem
1597 4215 1786 4272 factus
1813 4219 1903 4272 est

247 4304 473 4376 videns,
506 4305 694 4364 factus
726 4310 815 4363 est
847 4306 1147 4372 obediens,
1171 4306 1360 4362 factus
1384 4303 1903 4378 intelligens,sicut

248 4395 506 4452 Joannes
535 4394 893 4468 evangelista
929 4399 1181 4451 testatur
1226 4394 1428 4450 dicens
1459 4410 1472 4450 :
1505 4395 1722 4450 Scimus
1769 4395 1902 4468 quia

242 4481 486 4540 imundus
517 4492 654 4540 tot-us
686 4486 746 4540 in
775 4485 1020 4556 maligno
1045 4485 1256 4556 positus
1293 4491 1392 4550 est,
1423 4492 1474 4540 et
1517 4485 1722 4540 scimus
1770 4485 1900 4556 quia

2009 3327 2180 3382 multo
2209 3328 2387 3396 magis
2415 3327 2558 3383 salvi
2584 3327 2791 3383 erimus
2821 3327 2877 3381 in
2912 3327 3024 3382 vita
3075 3326 3248 3398 ipsius
3279 3323 3462 3394 (ibid.,
3483 3317 3677 3398 8-10).

2011 3405 2177 3471 Idem
2189 3419 2385 3471 autem
2403 3412 2716 3488 Apostolus
2735 3415 2794 3470 in
2811 3413 3072 3470 secunda
3091 3415 3162 3470 ad
3182 3411 3518 3468 Corinthios
3538 3412 3635 3468 ait
3661 3430 3677 3470 :

2011 3505 2258 3560 Charitas
2287 3506 2435 3560 enim
2467 3504 2672 3561 Christi
2699 3510 2858 3576 urget
2893 3519 3012 3573 nos,
3033 3501 3346 3576 judicantes
3392 3501 3512 3570 hoc,
3545 3496 3691 3574 quo-

2008 3597 2166 3651 niam
2191 3596 2243 3651 si
2269 3611 2416 3650 unus
2440 3609 2542 3668 pro
2581 3593 2840 3650 omnibus
2887 3601 3132 3650 mortuus
3179 3599 3276 3660 est,
3307 3607 3432 3662 ergo
3483 3606 3691 3648 omnes

2007 3685 2214 3739 mortui
2237 3690 2386 3756 sunt,
2419 3690 2471 3738 et
2494 3698 2598 3756 pro
2628 3683 2882 3738 omnibus
2920 3689 3170 3738 mortuus
3218 3689 3315 3749 est,
3347 3688 3400 3736 et
3427 3677 3691 3737 resurre-

2007 3773 2096 3828 :cit
2118 3773 2189 3842 (Il
2221 3772 2342 3828 Cor.
2373 3789 2430 3840 ν,
2466 3771 2574 3844 14).
2607 3771 2687 3827 De
2719 3771 2911 3844 seipso
2952 3787 3088 3827 vero
3138 3769 3280 3843 quid
3329 3769 3692 3842 pronuntiet.

2009 3861 2321 3916 audiamus
2346 3877 2358 3916 :
2383 3859 3138 3932 Fidelis,inquit,sermo,et
3156 3860 3322 3915 omni
3339 3849 3692 3932 acceptione

2007 3951 2240 4024 dignus,
2269 3952 2415 4024 quia
2447 3950 2721 4006 Christus
2747 3954 2920 4006 Jesus
2948 3951 3100 4007 venit
3121 3951 3184 4006 in
3207 3949 3360 4006 [tunc
3388 3950 3689 4022 mundum

1998 4046 2305 4113 pecatores
2315 4041 2508 4096 salvos
2518 4039 2990 4115 facere,quorum
3019 4039 3252 4110 primus
3265 4055 3372 4113 ego
3387 4052 3540 4094 sum.
3554 4029 3689 4097 Sci!

2007 4129 2144 4186 ideo
2173 4129 2644 4186 misericordiam
2664 4135 3002 4186 consecutus
3021 4145 3170 4201 sum,
3187 4133 3254 4183 ut
3276 4130 3339 4184 in
3362 4145 3452 4184 me
3468 4129 3692 4201 primo

2007 4218 2331 4274 ostenderet
2361 4217 2619 4274 Christus
2647 4221 2820 4274 Jesus
2849 4233 3076 4274 onmem
3094 4215 3574 4288 patientiamque!
3593 4219 3694 4276 ἰη-

2005 4305 2428 4380 formationem
2459 4323 2663 4363 eorum
2691 4307 2790 4381 qui
2811 4307 3112 4364 credituri
3133 4313 3267 4366 sunt
3287 4303 3384 4362 illi
3401 4305 3460 4362 in
3482 4308 3690 4365 vitam

2005 4401 2291 4454 aeternam
2320 4395 2369 4466 (1
2402 4395 2548 4452 Tim.
2583 4413 2622 4464 ι,
2658 4397 2726 4452 15
2753 4401 2812 4451 ct
2837 4397 3034 4470 seqq.).
3067 4395 3200 4452 Sive
3230 4410 3368 4469 ergo
3413 4386 3692 4454 circum-

2006 4484 2170 4554 cisio,
2206 4484 2326 4541 sive
2346 4485 2724 4558 praeputium,
2739 4489 2978 4558 peccato
3005 4481 3418 4541 universaliter
3436 4483 3696 4544 concluo

248 4571 424 4628 Filius
447 4573 595 4628 27‘!
624 4573 721 4629 Dei
753 4575 916 4641 venit,
937 4581 992 4630 et
1007 4573 1156 4629 dedit
1178 4574 1337 4630 nobis
1365 4589 1586 4630 sensum
1614 4580 1677 4628 ut
1703 4588 1900 4646 cogno-
1928 4593 1974 4660 Β
2007 4573 2274 4642 debetur,
2303 4589 2576 4646 unusque
2607 4589 2814 4630 omnes
2845 4577 3042 4630 reatus
3074 4573 3464 4642 abstinuerat,
3492 4578 3552 4631 et
3583 4573 3693 4632 in-

247 4677 464 4718 scamus
507 4677 698 4717 verum
744 4663 933 4731 Deum,
966 4671 1016 4718 et
1043 4665 1218 4719 simus
1264 4664 1324 4719 in
1371 4678 1495 4719 vero
1537 4663 1657 4735 ﬁlio
1705 4664 1822 4736 ejus
1855 4663 1902 4737 (I

245 4751 402 4807 Joan.
435 4767 490 4818 v,
525 4749 633 4822 19).
669 4750 824 4824 (Cap.
855 4750 971 4824 21.)
1007 4751 1066 4808 Si
1091 4768 1224 4808 vero
1255 4752 1534 4824 quaeritur
1559 4768 1665 4808 cur
1691 4750 1896 4808 Salva-

247 4843 342 4896 tor
365 4839 630 4896 omnium
661 4839 972 4896 hominum
1002 4857 1118 4896 non
1149 4841 1428 4897 omnibus
1455 4839 1681 4896 dederit
1709 4857 1896 4896 unum

237 4945 508 4999 sensum,
535 4934 600 4986 ut
627 4933 1053 5002 cognoscerent
1073 4947 1277 4986 verum
1303 4930 1513 4998 Deum,
1534 4933 1591 4986 et
1611 4930 1894 4998 essent,id

245 5024 354 5086 est,
387 5021 796 5092 permanerent
819 5017 878 5074 in
911 5035 1045 5076 vero
1076 5019 1255 5089 Filio;
1288 5018 1556 5092 quamvis
1587 5019 1896 5075 credamus

247 5109 426 5166 nullis
458 5107 799 5164 hominibus
830 5125 1000 5181 opem
1029 5107 1228 5180 gratia:
1255 5106 1315 5162 in
1345 5112 1538 5163 totum
1560 5107 1742 5162 fuisse
1761 5107 1898 5164 sub-

245 5200 514 5267 tractam,
543 5202 739 5254 tamen
770 5196 853 5253 ita
877 5197 1022 5252 forte
1051 5198 1161 5252 hoc
1190 5195 1443 5252 velatum
1467 5196 1560 5264 sit,
1576 5195 1730 5252 sicut
1749 5195 1895 5252 illud

246 5285 656 5342 absconditum
681 5290 789 5357 est,
812 5303 936 5354 cur,
961 5285 1240 5341 omnibus
1259 5284 1534 5358 gentibus
1551 5285 1896 5357 praetermis-

247 5371 352 5442 sis,
375 5391 562 5430 unum
584 5375 696 5432 sibi
721 5375 1026 5448 populum,
1046 5390 1222 5446 quem
1245 5373 1316 5429 ad
1338 5373 1596 5430 veritatis
1617 5374 1898 5448 cognitio-

246 5475 382 5515 nem
415 5463 690 5534 erudiret,
725 5464 1036 5538 exceperit.
1072 5463 1152 5519 De
1182 5479 1296 5534 quo
1321 5461 1546 5534 judicio
1578 5463 1680 5520 Dei
1701 5463 1750 5520 si
1777 5481 1894 5521 non

246 5552 336 5605 est
365 5551 849 5625 conquirendum,
883 5552 1070 5610 multo
1099 5552 1300 5608 minus
1329 5552 1400 5608 de
1429 5551 1538 5608 hoc
1570 5553 1726 5626 quod
1757 5571 1893 5611 cum

245 5635 526 5698 electione
555 5642 820 5700 omnium
850 5641 1114 5718 gentium
1145 5640 1368 5720 geritur
1395 5643 1892 5704 murmurandum

2009 4667 2098 4719 ter
2128 4663 2318 4736 magis
2351 4663 2668 4736 minusque
2695 4663 2910 4736 impios
2945 4679 3116 4720 nemo
3146 4666 3272 4719 erat
3317 4662 3419 4736 qui
3468 4669 3696 4736 posset

2006 4751 2229 4824 absque
2260 4750 2473 4807 Christi
2505 4751 2906 4824 redemptione
2927 4750 3162 4808 salvari.
3183 4753 3318 4818 Quae
3340 4751 3692 4825 redemptio

2005 4841 2276 4896 universo
2301 4841 2392 4897 27
2407 4841 2454 4897 2
2476 4857 2604 4896 sese
2625 4839 2824 4896 intulit
2845 4840 3088 4912 mundo,
3103 4844 3161 4896 et
3177 4840 3455 4896 omnibus
3477 4839 3698 4898 homi-

2005 4930 2181 4986 nibus
2212 4929 2610 4987 iudill‘erenter
2638 4929 2914 4986 innotuit.
2949 4952 2976 4979 »
3003 4930 3076 4986 Et
3107 4934 3310 4986 contra
3341 4927 3541 4986 Gallos
3571 4931 3696 4988 οὶ)-

1997 5019 2252 5092 jectione
2285 5037 2438 5076 nona
2461 5036 2475 5076 :
2500 5045 2528 5071 ‹‹
2550 5018 2762 5076 Nullus
2793 5019 3034 5076 omnino
3055 5023 3145 5076 est
3165 5030 3235 5075 ex
3255 5019 3536 5075 omnibus
3555 5018 3696 5078 ho-

2003 5108 2288 5181 minibus,
2312 5110 2482 5181 cujus
2513 5113 2726 5165 natura
2755 5109 2814 5162 in
2847 5107 3077 5166 Christo
3110 5109 3354 5165 Domino
3389 5113 3698 5181 suscepta.

2009 5215 2125 5282 nep
2156 5199 2350 5266 tuerit,
2384 5198 2653 5272 quamvis
2680 5195 2780 5254 ille
2811 5200 2986 5252 natus
3017 5196 3094 5253 sit
3111 5196 3172 5253 in
3205 5184 3696 5257 similitudinem

2005 5285 2198 5344 carnis
2224 5286 2468 5360 peccati,
2499 5286 2692 5343 omnis
2719 5290 2919 5343 autem
2949 5286 3124 5344 homo
3157 5290 3438 5343 nascatur
3457 5287 3518 5341 in
3541 5299 3700 5344 εει·-

2003 5393 2078 5433 ne
2105 5377 2350 5450 peccati.
2381 5379 2536 5432 Deus
2565 5392 2702 5450 ergo
2749 5375 2852 5432 Dei
2899 5373 3081 5432 Filius
3130 5373 3512 5432 mortalitatis
3541 5373 3698 5434 hu-

2002 5481 2188 5522 manae
2221 5463 2512 5538 particeps
2542 5463 2731 5522 factus
2763 5464 2985 5538 absque
3015 5467 3274 5538 peccato,
3305 5462 3416 5518 hoc
3453 5475 3695 5536 pecca-

2001 5553 2231 5612 toribus
2251 5559 2310 5611 et
2328 5553 2676 5611 mortalibus
2695 5553 2964 5622 contulit,
2979 5553 3160 5628 utqui
3179 5550 3508 5610 nativitatis
3529 5553 3588 5625 ej
3599 5572 3698 5615 us

2002 5646 2304 5704 consortes
2329 5641 2598 5718 fuissent,
2631 5642 2933 5704 vinculum
2955 5643 3184 5720 peccati
3208 5646 3266 5702 et
3291 5641 3506 5701 mortis
3526 5658 3694 5704 cva-
