3970 6182
301 323 410 408 337

1019 321 1119 384 DE
1161 321 1923 388 Pli/EDESTINATIONE
1969 323 2480 389 DISSERTA'I‘IO
2527 327 2984 392 POSTERIOlt.

3589 333 3706 414 338

302 455 518 514 derent.
551 453 718 513 Sicut
745 453 948 528 itaque
978 472 1094 512 non
1125 455 1345 513 sufﬁcit
1371 456 1686 515 hominum
1717 475 1954 516 renova-
1978 457 2034 528 Α
2061 459 2276 519 vulnus
2307 460 2610 536 originalis
2649 462 2891 536 pe‘coati,
2924 479 3040 536 quo
3089 462 3148 520 in
3205 463 3389 522 Adam
3438 465 3705 522 omnium

300 544 435 603 tioni
469 548 678 604 natum
709 561 840 601 esse
861 544 1163 602 hominem
1185 545 1388 602 Jesum
1415 545 1860 616 Christum,nisi
1887 548 1946 604 in

301 635 415 709 ipso
446 635 653 692 eodem
687 635 758 690 de
783 651 902 706 quo
931 634 1058 707 ipse
1080 639 1244 692 ortus
1271 641 1362 692 est
1392 637 1602 710 spiritu
1637 654 1946 693 renascan-

300 729 407 793 tur,
441 723 527 780 sic
560 740 676 782 non
707 723 927 780 sufﬁcit
957 723 1264 780 hominum
1297 726 1684 799 redemptioni
1717 726 1946 782 cruciﬁ-

299 830 428 872 xum
459 829 590 870 esse
619 813 936 870 Dominum
966 813 1170 872 Jesum
1203 814 1522 884 Christum,
1552 815 1666 871 nisi
1697 831 1950 872 commo-

301 904 522 961 riantur
542 906 600 959 et
621 902 1097 976 consepcliantur
1122 903 1181 960 in
1213 903 1530 978 baptismo.
1549 903 1778 977 Alioqui
1812 907 1946 960 nato

301 991 591 1050 Salvatore
621 990 680 1047 in
713 1008 888 1048 carne
927 991 1272 1049 substantiae
1316 998 1550 1060 nostrae,
1583 996 1641 1049 et
1670 993 1946 1050 cruciﬁxo

302 1098 391 1163 pro
411 1079 695 1138 omnibus
715 1080 908 1152 nobis,
934 1097 1050 1138 non
1075 1081 1264 1138 fuerat
1283 1081 1679 1138 necessarium
1700 1087 1767 1138 ut
1788 1099 1949 1138 rena-

301 1186 613 1238 sceremur,
637 1175 694 1227 et
725 1168 1105 1228 similitudini
1135 1171 1341 1227 mortis
1372 1173 1502 1243 ejus
1531 1171 1950 1248 complantare-

301 1277 441 1330 mur.
477 1259 592 1317 Sed
624 1276 762 1316 cum
792 1257 918 1316 sine
964 1259 1074 1316 hoc
1124 1266 1493 1318 sacramento
1539 1278 1710 1317 nemo
1757 1260 1947 1316 homi-

299 1365 430 1421 num
463 1353 865 1421 consequatur
891 1347 1072 1406 vitam
1105 1353 1540 1421 mternam,non
1572 1355 1662 1406 est
1691 1349 1948 1406 salvatus

297 1455 458 1496 cruce
488 1437 728 1506 Christi,
764 1439 865 1512 qui
916 1456 1030 1495 non
1079 1443 1169 1498 est
1217 1439 1536 1496 cruciﬁxus
1573 1438 1634 1495 in
1665 1438 1896 1496 Christo
1930 1455 1944 1496 :

297 1544 398 1594 non
454 1530 550 1584 est
597 1531 795 1587 autem
845 1527 1158 1586 cruciﬁxus
1201 1527 1262 1584 in
1295 1529 1546 1598 Christo,
1580 1529 1682 1603 qui
1712 1546 1829 1586 non
1861 1533 1950 1585 est

297 1607 625 1682 membrum
646 1617 906 1693 corporis
929 1616 1142 1674 Christi
1167 1635 1180 1674 :
1215 1635 1322 1676 nec
1343 1622 1434 1675 est
1457 1621 1789 1676 membrum
1820 1635 1946 1675 cor-

295 1706 443 1780 poris
475 1697 842 1780 Christi,qui
874 1723 989 1762 non
1022 1724 1126 1779 per
1155 1724 1372 1781 aquam
1405 1712 1461 1766 et
1492 1707 1779 1782 Spiritum
1811 1725 1945 1764 san-

295 1799 444 1857 ctum
465 1792 663 1894 induit
693 1794 1016 1898 Christum,
1037 1795 1138 1870 qui
1159 1795 1288 1894 ideo
1308 1797 1364 1852 in
1386 1797 1730 1896 inﬁrmitate
1749 1802 1949 1854 nostra
1978 1832 2026 1898 Β

297 1883 774 1944 communionem
805 1883 989 1940 subiit
1017 1883 1328 1952 mortis,ut
1358 1901 1464 1941 nos
1493 1882 1553 1940 in
1583 1884 1802 1941 virtute
1818 1886 1948 1957 ejus

296 1973 650 2036 haberemus
679 1973 1040 2030 consortium
1075 1973 1540 2030 resurrectionis.
1573 1973 1721 2030 Cum
1747 1973 1948 2047 itaque

299 2057 622 2122 rectissime
645 2062 875 2121 dicatur
895 2061 1162 2119 Salvator
1177 2079 1281 2136 pro
1299 2063 1482 2119 totius
1500 2063 1705 2119 mundi
1727 2065 1949 2120 redem-

298 2149 486 2228 ptione
519 2151 856 2222 cruciﬁxus,
891 2156 1128 2226 propter
1155 2168 1352 2208 veram
1403 2152 1676 2208 humanae
1725 2158 1947 2209 naturae

298 2229 752 2315 susceptionem,
785 2244 840 2298 et
870 2245 1106 2314 propter
1135 2257 1510 2298 communem
1543 2241 1600 2296 in
1632 2240 1820 2314 primo
1851 2241 1950 2298 ho-

296 2327 441 2386 mine
477 2325 752 2386 omnium
783 2327 1191 2401 perditionem,
1225 2333 1420 2400 potest
1468 2315 1665 2385 tamen
1697 2327 1810 2386 dici
1843 2347 1946 2401 pro

295 2415 380 2476 his
405 2421 648 2485 tantum
682 2416 1016 2487 cruciﬁxus,
1051 2417 1269 2491 quibus
1301 2433 1460 2472 mors
1491 2416 1679 2490 ipsius
1707 2417 1944 2490 profuit.

293 2505 441 2566 Dixit
495 2505 658 2564 enim
703 2505 1073 2580 Evangelista
1129 2507 1268 2579 quia
1311 2507 1466 2564 Jesus
1505 2508 1804 2562 moriturus
1833 2513 1952 2562 erat

290 2613 381 2669 pro
406 2604 590 2670 gente,
615 2612 728 2654 non
774 2602 987 2651 tantum
1038 2611 1141 2668 pro
1187 2603 1362 2667 gente,
1393 2595 1487 2651 sed
1523 2597 1690 2651 etiam
1717 2603 1779 2652 ut
1804 2597 1949 2668 ﬁlios

293 2685 384 2742 Dei
414 2684 694 2758 dispersos
723 2691 1070 2758 congregaret
1097 2687 1158 2740 in
1186 2701 1358 2740 unum
1387 2686 1566 2754 (Joan.
1600 2701 1680 2751 ιι,
1709 2685 1801 2757 51,
1832 2687 1945 2754 52).

297 2772 355 2830 In
377 2792 487 2832 sua
518 2773 678 2838 enim
709 2775 875 2845 venit,
907 2781 959 2832 et
983 2775 1076 2830 sui
1101 2790 1229 2830 eum
1255 2790 1365 2830 non
1396 2781 1714 2846 receperunt
1741 2792 1760 2828 :
1791 2780 1948 2846 quot-

299 2871 416 2936 quot
439 2870 631 2920 autem
659 2869 975 2934 receperunt
1002 2878 1146 2930 eum,
1179 2860 1326 2918 dedit
1353 2863 1434 2918 eis
1466 2868 1776 2934 potestatem
1804 2863 1950 2934 ﬁlios

300 2949 390 3006 Dei
411 2953 565 3022 ﬂeri,
599 2953 699 3024 qui
724 2967 836 3007 non
863 2967 934 3008 ex
959 2951 1344 3023 sa-nguinibus,
1377 2967 1550 3024 neque
1578 2967 1648 3006 ea:
1681 2951 1951 3006 voluntate

301 3041 504 3108 carnis,
540 3056 716 3114 neque
743 3057 813 3096 ea:
840 3041 1115 3096 voluntate
1144 3041 1276 3109 viri,
1306 3039 1398 3096 sed
1427 3057 1496 3096 ea:
1523 3040 1629 3097 Deo
1677 3041 1798 3096 nati
1821 3047 1952 3096 sunt

300 3129 469 3198 (Joan.
505 3146 548 3196 ι,
581 3130 669 3198 11,
706 3130 816 3200 13).
851 3129 1091 3189 Diversa
1139 3147 1274 3204 ergo
1325 3131 1395 3186 ab
1429 3128 1558 3185 istis
1587 3147 1716 3186 sors
1746 3146 1948 3186 eorum

2057 551 2368 608 hominum
2389 556 2665 624 corrupta
2684 555 2742 608 et
2761 552 3114 608 mortiﬁcata
3132 557 3342 611 natura
3361 559 3470 621 est,
3485 555 3708 612 etunde

2056 641 2320 698 omnium
2345 641 2953 715 concupiscentiarum
2983 643 3224 698 morbus
3241 641 3704 715 inolevit,verum

2057 733 2114 786 et
2136 735 2344 803 potens
2375 749 2440 788 ac
2471 729 2770 804 singulare
2802 731 3128 787 remedium
3160 747 3320 786 mors
3350 731 3478 787 Filii
3510 734 3580 789 de
3603 733 3710 789 Do-

2057 819 2202 878 mini
2225 823 2404 876 nostri
2429 821 2570 878 Jesu
2591 819 2824 888 Christi,
2848 819 2949 892 qui
2971 819 3119 876 liber
3138 836 3172 875 a
3193 821 3396 876 mortis
3417 821 3634 888 debito,
3649 826 3708 878 et

2057 908 2218 967 solus
2251 911 2471 983 absque
2505 914 2882 984 peccato,pro
2913 907 3316 982 peccatoribus
3345 911 3402 964 et
3431 909 3706 966 debitori-

2056 997 2170 1054 bus
2187 998 2391 1053 mortis
2409 1001 2498 1054 est
2516 998 2976 1066 mortuus.Quod
2995 1013 3130 1070 ergo
3149 997 3221 1053 ad
3241 996 3706 1071 magnitudinem

2057 1089 2115 1144 et
2134 1087 2453 1158 potentiam
2494 1086 2686 1160 pretii,
2711 1091 2768 1144 et
2795 1087 2948 1159 quod
2973 1087 3045 1142 ad
3081 1101 3258 1141 unam
3295 1083 3540 1160 pertinet
3573 1101 3708 1142 cau-

2058 1193 2186 1232 sam
2217 1174 2447 1249 generis
2478 1175 3004 1248 humani,sauguis
3035 1173 3246 1230 Christi
3278 1172 3598 1244 redemptio
3620 1176 3710 1230 est

2057 1265 2239 1322 totius
2259 1265 2485 1320 mundi.
2511 1265 2622 1320 Sed
2658 1264 2758 1337 qui
2789 1265 2898 1320 hoc
2928 1262 3210 1318 smculum
3244 1261 3370 1318 sine
3400 1262 3515 1317 ﬁde
3547 1259 3706 1318 Chri-

2057 1355 2216 1422 sti,et
2239 1354 2366 1409 sine
2397 1353 2856 1427 regenerationis
2884 1355 3254 1408 sacramento
3275 1353 3708 1424 pertranseunt,

2057 1460 2090 1500 a
2103 1443 2502 1516 redemptione
2514 1443 2689 1500 alieni
2709 1446 2865 1499 sunt.
2881 1442 3026 1498 Cum
3047 1441 3266 1513 itaque,
3283 1444 3707 1514 propterunam

2056 1532 2323 1588 omnium
2356 1537 2625 1589 naturam
2649 1550 2683 1588 a
2705 1532 2952 1588 Domino
2984 1535 3184 1587 nostro
3214 1529 3274 1585 in
3306 1529 3546 1586 veritate
3575 1547 3706 1586 sus-

2056 1626 2308 1694 ceptam,
2336 1626 2489 1679 recte
2519 1639 2726 1678 omnes
2754 1621 3030 1677 dicantur
3059 1618 3572 1690 redempti,tamen
3594 1634 3708 1673 non

2056 1727 2261 1767 omnes
2282 1728 2316 1767 a
2337 1710 2670 1784 captivitate
2691 1710 2810 1766 sint
2828 1709 3000 1777 eruti,
3019 1705 3435 1779 redemptionis
3457 1705 3709 1778 proprie-

2056 1805 2146 1856 tas
2175 1799 2332 1856 haud
2362 1799 2538 1857 dubie
2569 1816 2748 1873 penes
2778 1797 2910 1854 illos
2939 1801 3051 1864 est,
3081 1798 3152 1852 de
3184 1794 3401 1874 quibus
3433 1794 3705 1868 princeps

2057 1889 2262 1945 mundi
2289 1890 2511 1946 missus
2529 1893 2617 1946 est
2641 1889 2888 1956 foras,et
2899 1888 3026 1960 jam
3051 1903 3168 1942 non
3191 1901 3329 1940 vasa
3350 1882 3587 1950 diaboli,
3603 1882 3705 1938 sed

2058 1979 2324 2036 membra
2353 1983 2494 2034 sunt
2522 1977 2754 2038 Christi.
2792 1977 2972 2048 Cujus
3005 1992 3162 2032 mors
3189 1991 3305 2029 non
3328 1973 3410 2029 ita
3440 1972 3707 2044 impensa

2057 2072 2146 2126 est
2175 2067 2433 2124 humano
2462 2065 2754 2140 generi,ut
2786 2065 2859 2121 ad
2891 2062 3350 2137 redemptionem
3379 2061 3508 2132 ejus
3528 2059 3706 2135 etiam

2057 2158 2156 2232 qui
2191 2154 2572 2231 regenerandi
2605 2171 2720 2211 non
2753 2158 2920 2210 erant
2962 2151 3324 2230 pertinerent
3357 2166 3370 2206 :
3406 2149 3508 2206 sed
3536 2147 3620 2204 ita
3645 2151 3712 2206 ut

2057 2247 2213 2320 quod
2235 2263 2338 2318 per
2358 2261 2542 2324 upum
2565 2242 2896 2316 exemplum
2919 2246 3152 2316 gestum
3172 2245 3260 2296 cst
3276 2255 3378 2311 pro
3399 2237 3708 2303 universis,

2056 2351 2160 2408 per
2180 2333 2478 2408 singulare
2503 2335 2937 2389 sacramentum
2953 2329 3344 2387 celebraretur
3367 2328 3422 2382 ir.
3437 2325 3708 2399 singulis.

2058 2425 2336 2481 Poculum
2361 2423 2576 2496 quippe
2599 2419 3084 2486 immortalitatis,
3101 2419 3258 2490 quod
3281 2433 3385 2474 con
3397 2416 3714 2493 fectumest

2058 2514 2126 2570 de
2150 2513 2490 2568 inﬁrmitate
2512 2516 2714 2567 nostra
2733 2515 2789 2566 et
2807 2509 3016 2565 virtute
3037 2507 3250 2574 divina,
3277 2505 3451 2561 habet
3469 2503 3708 2578 quidem

2058 2603 2117 2658 in
2140 2619 2202 2660 se
2223 2605 2288 2658 ut
2307 2600 2584 2658 omnibus
2615 2598 2818 2673 prosit,
2845 2599 2944 2655 sed
2968 2596 3018 2654 si
3041 2613 3155 2653 non
3178 2594 3420 2664 bibitur,
3455 2610 3571 2650 non
3594 2609 3710 2650 me-

2057 2692 2246 2750 detur.
2279 2711 2306 2743 ι»

2127 2781 2199 2836 Et
2218 2783 2459 2837 sanctus
2479 2777 2726 2852 Cyrillus
2748 2777 2806 2833 in
2829 2775 3078 2849 epistola
3097 2773 3376 2849 synodica
3404 2773 3476 2829 ad
3492 2773 3708 2849 (Nesto-

2057 2868 2211 2925 rium
2243 2868 2386 2925 dicit
2417 2867 2650 2940 (concil.
2681 2867 2894 2940 Ephes.
2920 2870 3083 2937 part.
3115 2881 3154 2933 ι,
3187 2880 3238 2919 e.
3267 2863 3381 2935 26).
3415 2884 3443 2912 ‹‹
3463 2861 3708 2918 Conﬁte-

2059 2975 2192 3014 mur
2219 2957 2421 3026 etiam,
2456 2957 2752 3029 inquiens,
2785 2955 2940 3027 quod
2989 2954 3143 3008 idem
3181 2951 3326 3024 ipse,
3359 2949 3461 3024 qui
3491 2966 3560 3005 ex
3589 2949 3706 3006 Deo

2057 3047 2224 3103 Patre
2255 3049 2430 3112 natus
2460 3049 2570 3114 est,
2607 3043 2785 3100 Filius
2819 3042 3160 3115 unigenitus
3190 3037 3516 3106 Deus,licet
3537 3039 3709 3110 juxta

2060 3139 2334 3192 naturam
2366 3151 2536 3191 suam
2556 3150 2760 3206 expers
2786 3130 3078 3205 passionis
3100 3126 3516 3204 exstiterit,pro
3537 3125 3708 3184 nobis

299 3213 401 3287 εει,
435 3217 544 3292 qui
592 3216 748 3274 inter
789 3217 922 3275 “108
973 3223 1305 3286 censentur.
1338 3220 1410 3274 ἀει
1439 3218 1657 3292 quibus
1687 3218 1901 3274 dioitm‘
1932 3235 1946 3274 ε
1977 3206 2022 3275 C
2062 3229 2259 3282 tamen
2286 3225 2612 3284 secundum
2645 3221 2976 3295 Scripturas
2996 3235 3230 3276 carnem
3261 3233 3576 3291 perpessus
3607 3215 3709 3286 sit,

299 3311 420 3364 Luae
435 3306 596 3365 lucet
609 3308 673 3370 in
685 3309 1021 3379 tenebris,et
1032 3308 1290 3365 tenebrw
1301 3324 1432 3364 eam
1442 3324 1558 3364 non
1577 3311 1950 3380 comprehen-

300 3395 513 3462 derunt
545 3397 746 3470 (ibid.,
769 3399 846 3467 5),
876 3401 941 3453 ut
969 3395 1157 3470 possit
1186 3397 1512 3454 secundum
1544 3396 1653 3454 hoc
1679 3396 1815 3464 dici,
1849 3398 1953 3454 Re-

297 3486 566 3558 demptor
591 3486 797 3551 mundi
823 3486 982 3542 dedit
1005 3503 1109 3560 pro
1133 3487 1352 3542 mundo
1375 3485 1724 3559 sanguinem
1751 3504 1947 3554 suum,

295 3577 351 3630 et
379 3575 645 3632 mundus
676 3574 885 3630 redimi
919 3574 1127 3642 noluit,
1160 3574 1302 3648 quia
1328 3573 1520 3630 lucem
1555 3577 1802 3632 tenebrae
1835 3593 1950 3631 non

295 3667 658 3736 receperunt,
693 3667 751 3719 et
808 3664 1059 3720 tenebrae
1119 3665 1483 3736 receperunt,
1538 3663 1752 3736 quibus
1809 3664 1954 3721 dicit

295 3750 608 3824 Apostolus
642 3767 657 3806 :
688 3752 900 3808 Fuistis
927 3753 1238 3827 aliquando
1285 3753 1550 3820 tenebrae,
1579 3769 1732 3810 nunc
1757 3761 1956 3810 autem

301 3831 406 3905 tua:
451 3839 514 3898 in
557 3840 807 3898 Domino
836 3841 1067 3915 (Ep/tes.
1095 3859 1150 3912 v,
1179 3843 1256 3911 8).
1292 3842 1421 3913 Ipse
1477 3857 1610 3897 vero
1669 3843 1954 3900 Dominus

297 3927 486 3998 Iesus,
513 3929 618 4000 qui
649 3929 797 3985 dixit
827 3947 890 3986 se
917 3930 1148 3988 venisse
1179 3947 1436 4004 quaerere
1465 3933 1524 3986 et
1554 3930 1776 3988 salvare
1797 3934 1953 4005 quod

299 4017 551 4090 perierat
583 4035 598 4074 :
631 4017 751 4078 Non
779 4020 924 4088 veni,
959 4019 1173 4093 inquit,
1201 4020 1317 4076 nisi
1345 4018 1416 4074 ad
1445 4035 1565 4074 oves
1611 4035 1736 4092 quae
1774 4024 1954 4093 perie-

302 4117 425 4164 rant
470 4108 666 4168 domus
714 4109 885 4168 Israel
915 4110 1130 4183 (Matth.
1161 4128 1217 4179 χ,
1248 4111 1327 4181 6).
1362 4109 1472 4166 Sed
1506 4126 1634 4182 quis
1681 4109 1802 4167 sint
1831 4111 1954 4169 istae

298 4211 431 4254 oves
443 4197 660 4254 domus
676 4197 877 4270 Israel,
895 4199 1197 4272 apostolus
1219 4197 1436 4255 Paulus
1459 4202 1707 4272 exponat
1724 4199 1952 4256 dicens:

299 4287 424 4358 Non
442 4301 647 4343 omnes
667 4288 772 4359 qui
789 4303 865 4344 ea:
894 4291 1102 4360 Israel,
1135 4287 1202 4345 hi
1241 4291 1372 4346 sunt
1421 4290 1702 4346 Israelin
1729 4311 1748 4346 .-
1777 4305 1958 4364 neque

298 4375 437 4458 quia
462 4380 600 4430 mni
627 4392 823 4432 semen
851 4377 1107 4438 Abrahae
1134 4397 1330 4438 omnes
1353 4381 1504 4456 ﬁlii,
1539 4382 1664 4453 sed,
1695 4381 1757 4436 In
1787 4384 1960 4438 Isaac

299 4463 618 4526 mabitur
643 4465 759 4522 tibi
782 4481 976 4522 semen
1006 4467 1165 4537 (Gen.
1198 4487 1310 4538 χχι,
1347 4472 1456 4544 12),
1490 4471 1560 4528 id
1580 4476 1687 4543 est,
1717 4487 1831 4528 non
1859 4471 1962 4544 qui

2059 3318 2118 3371 et
2139 3319 2261 3370 erat
2280 3313 2339 3370 in
2363 3313 2638 3370 cruciﬁxo
2669 3328 2908 3384 corpore
2936 3309 3180 3383 propriae
3209 3307 3404 3364 carnis
3433 3303 3706 3377 impassi-

2060 3403 2257 3461 biliter
2285 3405 2357 3460 ad
2389 3421 2450 3460 se
2478 3403 2734 3459 referens
2783 3399 3140 3472 passionem.
3175 3395 3375 3454 Gratia
3421 3411 3556 3467 vero
3604 3391 3706 3450 Dei

2061 3510 2164 3564 pro
2185 3492 2462 3548 omnibus
2487 3489 2744 3565 gustavit
2767 3487 3289 3552 mortem,tradens
3319 3488 3376 3540 et
3404 3481 3707 3556 proprium

2061 3599 2294 3654 corpus,
2319 3579 2588 3653 quamvis
2619 3577 2965 3634 naturaliter
2995 3575 3118 3648 ipse
3145 3573 3264 3630 \ita
3287 3571 3364 3628 sit
3381 3576 3439 3628 et
3459 3587 3711 3628 resurre-

2061 3671 2175 3728 ctio
2197 3674 2581 3727 mortuorum.
2608 3669 2756 3724 Nam
2776 3671 2840 3722 ut
2862 3670 3110 3722 mortem
3133 3660 3414 3726 ineffabili
3445 3659 3711 3734 potentia

2061 3759 2442 3833 proculcaret,
2476 3761 2532 3814 et
2559 3775 2668 3814 sua
2697 3771 2870 3812 carne
2903 3751 3330 3827 primogenitus
3361 3766 3428 3806 ex
3459 3747 3708 3806 mortuis

2063 3851 2244 3917 ﬁeret,
2259 3853 2316 3904 et
2337 3846 2607 3920 primitiae
2630 3843 3046 3900 dormientium
3069 3842 3220 3897 viam
3245 3841 3478 3912 faceret,
3500 3837 3708 3894 huma:

2065 3956 2151 3995 nae
2178 3941 2400 3992 naturae
2431 3936 2502 3992 ad
2535 3931 2991 4006 incorruptionis
3019 3946 3346 3998 recursum,
3369 3925 3558 4002 gratia
3590 3925 3708 3994 Dei,

2065 4027 2220 4082 sicut
2247 4041 2428 4098 supra
2457 4023 2678 4079 dictum
2711 4026 2820 4094 est,
2843 4038 2942 4094 pro
2967 4019 3244 4076 omnibus
3275 4015 3533 4096 gustavit
3563 4031 3711 4070 mor-

2064 4118 2277 4182 tem,et
2295 4113 2470 4170 tertia
2493 4113 2586 4168 die
2617 4127 2931 4183 resurgens
2961 4107 3302 4181 exspoliavit
3333 4105 3648 4181 infernum.
3681 4124 3709 4152 »

2065 4205 2212 4261 Item
2243 4203 2304 4258 in
2333 4201 2580 4276 epistola
2608 4201 2680 4256 ad
2713 4200 3082 4272 presbyteros
3111 4200 3170 4251 et
3190 4195 3488 4259 diaconos,
3513 4192 3714 4276 Patres

2067 4275 2576 4358 monachorum,et
2601 4290 2669 4345 ad
2699 4305 2799 4344 eos
2828 4285 2928 4358 qui
2960 4282 3282 4342 solitariam
3313 4281 3492 4335 vitam
3522 4275 3713 4350 adepti

2067 4382 2128 4438 in
2187 4381 2289 4438 Dei
2347 4380 2461 4436 ﬁde
2520 4377 2871 4442 consistunt,
2907 4374 2978 4429 ad
3019 4373 3213 4428 locum
3245 4367 3427 4439 (ibid.,
3458 4382 3574 4438 cap.
3607 4368 3666 4434 2)
3697 4379 3710 4418 :

2069 4494 2099 4522 «
2125 4469 2354 4527 Sufﬁcit
2383 4486 2537 4539 vero,
2561 4472 2628 4522 ut
2663 4464 2934 4530 arbitror,
2959 4461 3030 4517 ad
3053 4459 3229 4514 ﬁdem
3261 4456 3437 4512 etiam
3467 4453 3714 4511 sanctis-

301 4547 415 4624 ῥιίί
443 4546 722 4621 carnisJii
749 4554 861 4625 ﬁlii
885 4555 1025 4624 Dei;
1044 4556 1138 4613 sed
1168 4560 1264 4630 qui
1285 4560 1396 4630 ﬁlii
1417 4542 1962 4632 promissioniszesli-
1991 4578 2037 4644 Ι)
2069 4559 2256 4618 simus
2287 4557 2524 4624 Paulus,
2558 4555 2660 4630 qui
2691 4556 2940 4644 testatur
2969 4550 3170 4606 dicens
3205 4565 3218 4602 :
3256 4545 3403 4644 Quid
3429 4561 3554 4644 ergo
3583 4542 3722 4644 dice-

298 4646 538 4720 ρωπίαν
567 4644 627 4698 in
651 4645 860 4699 semine
889 4645 1062 4715 (Rom.
1097 4663 1174 4718 ιχ,
1204 4649 1260 4719 6,
1285 4650 1362 4718 8).
1397 4649 1462 4703 In
1497 4649 1625 4704 istis
1655 4665 1792 4721 ergo
1824 4653 1964 4705 sunt
1991 4633 2033 4644 ’⁷
2071 4653 2226 4705 mus?
2245 4649 2308 4703 Si
2335 4649 2475 4702 Deus
2501 4661 2602 4718 pro
2632 4643 2808 4712 nobis,
2844 4643 2966 4714 quis
2996 4646 3182 4695 contra
3209 4639 3343 4693 nos?
3367 4635 3472 4704 Qui
3503 4633 3718 4707 proprio

303 4725 414 4798 illi,
449 4730 525 4786 de
557 4730 775 4804 quibus
819 4733 1043 4790 dictum
1094 4752 1273 4808 supra
1321 4737 1796 4805 memoravimus,
1830 4739 1970 4810 quia

299 4823 467 4879 Jews
500 4821 801 4878 moriturus
829 4829 948 4879 erat
968 4839 1070 4895 pro
1097 4833 1271 4896 gente,
1289 4843 1396 4882 non
1430 4835 1640 4884 tantum
1663 4845 1762 4900 pro
1791 4837 1964 4900 gente,

303 4905 399 4978 sed
455 4910 624 4974 etiam
679 4918 743 4966 ut
789 4911 938 4983 ﬁlias
999 4914 1097 4971 Dei
1167 4915 1437 4988 dispersos
1507 4926 1853 4990 congregaret
1907 4921 1969 4975 in

301 5014 487 5070 unum
518 5016 536 5052 :
569 4999 710 5071 quia
766 5017 884 5056 non
945 5001 1136 5060 solum
1184 5021 1253 5060 ex
1286 5004 1528 5072 Judaeis,
1563 5006 1664 5062 sed
1693 5006 1868 5062 etiam
1900 5025 1970 5066 ex

307 5084 470 5162 μη
503 5088 798 5160 gentibus,
831 5105 934 5164 per
979 5109 1115 5150 eum
1165 5093 1265 5166 qui
1317 5097 1483 5150 vocat
1525 5111 1654 5168 quis
1683 5113 1798 5152 non
1831 5101 1971 5154 sunt

301 5177 595 5248 tanquam
622 5195 750 5250 quis
783 5185 944 5249 sunt,
975 5187 1033 5238 et
1063 5181 1163 5256 qui
1195 5183 1494 5256 dispersos
1525 5184 1701 5241 Israel
1732 5202 1967 5259 congre-

299 5267 430 5336 gat,
467 5261 574 5319 ﬁlii
604 5265 728 5336 Dei,
762 5266 869 5323 ﬁlii
901 5271 1330 5341 promissionis,
1352 5273 1412 5328 in
1434 5289 1615 5328 unam
1647 5273 1964 5330 Ecclesium

299 5358 764 5425 congregantur,
801 5361 865 5413 ut
897 5358 1213 5432 impleatur
1271 5361 1428 5434 quod
1486 5363 1846 5434 promissum
1879 5368 1970 5420 est

299 5440 582 5510 Abrahaa,
603 5446 696 5501 cui
729 5445 958 5504 dictum
987 5453 1075 5506 est
1099 5451 1254 5523 quod
1287 5451 1348 5506 in
1379 5452 1605 5507 semine
1635 5453 1762 5522 ejus
1793 5453 1966 5510 bene-

299 5529 576 5616 dicendae
591 5540 788 5592 essent
803 5552 1009 5595 omnes
1038 5539 1226 5596 tribus
1243 5544 1408 5596 terra:
1433 5540 1584 5613 (Gen.
1609 5558 1710 5607 xu,
1740 5542 1818 5611 3).
1841 5564 1869 5591 »
1899 5543 1971 5598 Et

301 5617 366 5684 in
401 5617 734 5690 objectione
764 5625 956 5696 prima
986 5631 1186 5697 contra
1210 5627 1662 5686 Vincentianos:
1697 5651 1725 5680 «
1760 5631 1971 5688 Contra

2073 4739 2214 4794 Filio
2241 4753 2352 4792 non
2393 4735 2648 4808 pepercit,
2682 4731 2774 4790 sed
2817 4747 2920 4804 pro
2975 4729 3131 4784 nobis
3187 4726 3439 4784 omnibus
3497 4721 3723 4780 tradidit

2071 4843 2218 4894 eum,
2249 4823 2510 4899 quomodo
2565 4840 2676 4880 non
2721 4823 2888 4878 etiam
2931 4836 3054 4876 cum
3084 4820 3200 4890 ipso
3227 4817 3412 4872 omnia
3439 4813 3596 4870 nobis
3620 4809 3722 4866 do-

2074 4917 2230 4972 navit
2247 4916 2422 4985 (Rom.
2440 4928 2564 4980 νιιι,
2597 4913 2686 4980 31,
2718 4910 2853 4982 32)?
2885 4907 3132 4965 Proinde
3159 4905 3254 4961 dic
3285 4903 3451 4972 mihi,
3486 4916 3723 4981 quomo-

2075 5005 2151 5061 do
2182 5003 2545 5077 intelligatur
2585 5001 2688 5058 Dei
2737 4997 3011 5074 proprius
3060 4995 3244 5052 Filius
3290 4992 3392 5066 qui
3423 5008 3492 5046 ex
3521 4989 3723 5046 sancta

2075 5095 2358 5170 Virgine?
2389 5093 2555 5150 Sicut
2584 5091 2740 5148 enim
2773 5089 3077 5163 proprium
3117 5087 3272 5142 274
3301 5077 3581 5144 hominis,
3604 5091 3723 5170 nec

2075 5165 2270 5242 non‘et
2291 5183 2759 5254 uniuscujusque
2789 5178 3037 5236 aliorum
3067 5171 3433 5238 animalium,
3467 5165 3725 5254 quodies

2075 5292 2142 5331 eo
2165 5274 2490 5330 secundum
2517 5252 2790 5327 naturam
2821 5269 3160 5341 generatur;
3190 5261 3271 5316 ita
3299 5253 3599 5330 proprium
3620 5252 3724 5308 Dei

2076 5364 2232 5437 quod
2246 5381 2314 5419 ex
2325 5359 2660 5420 substantia
2674 5359 2802 5430 ejus
2818 5361 2908 5413 est
2931 5351 3276 5424 intelligitur
3290 5351 3462 5437 atque
3483 5342 3720 5437 dicitur.

2077 5433 2376 5520 Quomodo
2409 5467 2544 5523 ergo
2593 5446 2866 5521 preprius
2914 5443 3014 5499 Dei
3059 5439 3240 5496 Filius
3267 5433 3606 5491 nominatus
3635 5436 3726 5488 est

2079 5540 2383 5600 Christus?
2413 5539 2519 5607 Qui
2551 5555 2686 5610 ergo
2708 5533 2957 5592 traditus
2978 5534 3064 5586 est
3084 5547 3115 5582 a
3139 5528 3256 5582 Deo
3279 5529 3338 5582 ct
3360 5525 3526 5580 Patre
3547 5538 3728 5580 causa

2077 5631 2347 5698 (omnium
2379 5627 2588 5687 salutis
2615 5631 2673 5682 et
2700 5617 3108 5691 vitiati-aditus
3127 5620 3218 5674 est
3235 5617 3473 5690 propter
3488 5615 3728 5686 peccata
