3970 6182
250 323 368 384 339

1179 318 1564 380 HINCMARI
1611 318 2058 381 RHEMENSIS
2102 319 2720 382 ARCHIEPISCOPI.

3539 319 3653 382 340

247 457 508 523 nostra,»
538 456 596 512 et
626 451 871 527 reliqua.
902 453 972 508 Et
999 451 1140 509 item
1171 435 1498 510 inicadem:
1534 475 1562 502 «
1595 452 1690 510 Sic
1719 451 1896 508 etiam
1925 454 1982 522 Α
2010 453 2320 510 obduratio
2350 471 2466 511 non
2494 453 2794 528 relinquit,
2825 454 3139 512 ostendant
3171 453 3322 511 unde
3350 453 3462 512 sibi
3493 472 3654 528 spem

249 543 447 618 posuit
475 559 582 617 pro
611 543 782 599 nobis
830 541 1090 600 animam
1137 557 1305 596 suam
1341 558 1354 598 :
1389 540 1528 614 quia
1573 541 1729 598 enim
1776 539 1905 598 erat

251 649 412 689 mors
443 633 570 706 ejus
601 632 822 688 mundo
855 629 1152 697 salutaris,
1185 629 1472 686 sustinuit
1501 647 1802 686 erucem.»
1833 632 1904 686 Et

252 721 394 778 item
429 737 440 777 :
474 744 503 772 «
537 721 607 776 Et
637 738 792 776 unus
841 720 1107 776 omnium
1166 719 1642 792 compensatione
1689 719 1906 793 dignus

253 814 522 867 mortuus
569 826 672 882 pro
717 807 1014 877 omnibus,
1048 811 1116 863 ut
1147 807 1454 864 redimeret
1504 808 1734 880 proprio
1765 825 1905 864 san-

253 898 430 972 guine
447 897 733 970 quidquid
755 898 864 954 sub
889 897 1033 954 ccelo
1065 901 1173 966 est,
1193 901 1250 953 et
1265 897 1496 953 offerret
1527 897 1641 953 Deo
1663 900 1720 954 et
1750 897 1904 952 Patri

255 1003 355 1044 eos
370 987 470 1060 qui
497 987 557 1042 in
579 987 737 1044 omni
760 993 915 1044 terra
937 987 1286 1043 consistunt.
1316 1008 1344 1034 »
1375 987 1446 1042 Et
1467 985 1605 1041 item
1633 1003 1646 1040 :
1690 1009 1718 1036 «
1741 985 1905 1042 Unus

255 1093 393 1150 ergo
405 1075 672 1134 omnium
686 1077 921 1151 dignior
934 1093 1100 1133 suam
1117 1092 1218 1148 pro
1232 1073 1508 1132 omnibus
1521 1074 1782 1131 animam
1803 1092 1906 1148 po-

258 1165 396 1222 suit.
433 1187 460 1215 »
491 1165 562 1221 Et
592 1166 770 1222 item:
805 1187 834 1215 «
861 1165 1024 1221 Sicut
1069 1163 1223 1220 enim
1267 1163 1408 1219 dicit
1431 1161 1492 1218 in
1523 1163 1730 1232 Adam,
1764 1163 1904 1236 quin

259 1270 438 1326 mors,
471 1253 554 1311 ita
589 1253 799 1311 cecidit
828 1259 886 1310 et
911 1253 970 1308 in
1001 1252 1226 1310 Christo
1259 1269 1274 1306 :
1307 1252 1644 1309 ascendenti
1675 1269 1908 1326 quoque

259 1347 496 1416 propter
533 1360 640 1400 nos
661 1347 720 1398 et
740 1359 843 1415 pro
876 1341 1048 1398 nobis
1072 1341 1143 1398 ad
1171 1342 1398 1397 Patrem
1419 1346 1477 1397 et
1498 1343 1682 1397 Deum
1715 1341 1816 1414 qui
1847 1342 1906 1396 in
1937 1347 1946 1355 '

259 1430 420 1488 caelis
451 1435 560 1504 est,
594 1435 659 1488 ut
686 1431 771 1489 eis
802 1429 902 1504 qui
933 1430 992 1485 in
1025 1433 1180 1486 terra
1208 1435 1347 1486 sunt
1395 1430 1611 1486 adibile
1663 1431 1908 1487 demon-

259 1523 473 1577 straret
500 1521 732 1578 caelum.
768 1543 796 1570 n

331 1609 579 1684 Magnus
611 1613 806 1666 autem
832 1611 970 1680 Leo,
989 1612 1163 1666 tantae
1195 1609 1416 1666 scilicet
1445 1609 1602 1666 sedis
1634 1609 1908 1666 Romanae

258 1715 374 1755 non
405 1697 617 1772 impar,
656 1699 715 1754 in
745 1699 992 1772 epistola
1021 1699 1092 1755 ad
1127 1700 1378 1756 Leonem
1407 1700 1737 1772 Augustum
1770 1697 1912 1754 dicit

257 1789 450 1860 (epist.
484 1805 612 1862 cap.
647 1791 734 1857 11)
767 1805 782 1844 :
817 1811 846 1839 «
879 1789 1044 1845 Sicut
1089 1788 1246 1845 enim
1294 1787 1494 1862 negari
1543 1805 1658 1844 non
1697 1791 1887 1860 potest

259 1877 618 1952 evangelista
647 1877 894 1947 dicente,
915 1878 1070 1950 quod
1094 1878 1353 1934 Verbum
1373 1894 1512 1934 caro
1547 1878 1771 1953 ﬁcetum
1801 1883 1908 1945 est,

259 1973 315 2021 et
346 1965 653 2022 habitarit
701 1968 766 2022 in
811 1967 977 2022 nobis
1005 1969 1198 2034 (Joan.
1233 1984 1272 2035 ι,
1309 1967 1418 2040 ti),
1449 1967 1532 2023 ita
1563 1965 1761 2039 negari
1793 1983 1908 2022 non

261 2056 476 2125 potest,
506 2054 675 2110 beato
694 2053 872 2110 Paulo
889 2053 1150 2127 apostolo
1173 2054 1545 2128 praedicante,
1580 2056 1734 2128 quod
1759 2059 1911 2112 Deus

259 2147 394 2198 erat
418 2143 481 2198 in
513 2142 752 2200 Christo
780 2143 1066 2199 mundum
1109 2143 1496 2200 reconcilians
1520 2145 1636 2201 sibi
1663 2145 1741 2214 (Il
1773 2147 1906 2202 Cor.

261 2247 356 2298 xv,
392 2230 502 2300 19).
535 2232 672 2298 Quae
721 2236 920 2288 autem
966 2231 1359 2288 reconciliatio
1388 2250 1516 2289 esse
1545 2236 1758 2304 potest,
1793 2249 1913 2305 qua

263 2317 524 2375 humano
572 2320 771 2394 generi
829 2320 1247 2394 propitiaretur
1291 2322 1466 2388 Deus,
1499 2321 1614 2378 nisi
1643 2321 1908 2378 omnium

263 2424 443 2464 causa
455 2407 738 2465 Mediator
757 2409 859 2466 Dei
879 2415 936 2466 et
957 2409 1265 2466 hominum
1288 2428 1523 2467 carnem
1544 2411 1868 2484 susciperet
1889 2416 1912 2468 ?

264 2498 390 2563 Qua
409 2514 543 2553 vero
565 2497 788 2554 ratione
815 2498 1120 2554 veritatem
1139 2497 1472 2556 Mcdiatoris
1489 2499 1775 2572 impleret,
1797 2499 1910 2557 nisi

264 2584 366 2657 qui
391 2583 450 2640 in
477 2585 668 2642 forma
697 2585 798 2643 Dei
831 2585 1074 2659 aequalis
1101 2587 1278 2656 Patri,
1305 2587 1366 2646 in
1389 2588 1576 2645 forma
1597 2589 1745 2646 servi
1771 2607 1908 2662 par-

261 2673 448 2746 ticeps
469 2678 625 2730 esset
643 2679 700 2731 et
720 2674 998 2744 nostri,et
1019 2675 1224 2734 mortis
1246 2676 1545 2734 vinculum
1567 2679 1744 2735 unius
1765 2696 1910 2752 prae-

261 2761 616 2820 varicatione
629 2767 1018 2834 contractum,
1035 2765 1211 2822 unius
1233 2770 1418 2822 morte
1438 2766 1541 2839 qui
1562 2765 1724 2824 solus
1749 2784 1908 2823 mor-

264 2849 308 2907 ti
329 2851 474 2908 nihil
498 2852 702 2910 debuit
721 2853 1081 2910 solveretur?
1105 2854 1322 2911 Eﬁ'usio
1341 2855 1499 2912 enim
1515 2856 1665 2928 justi
1686 2874 1790 2929 pro
1821 2857 1910 2912 in-

255 2938 441 3010 justis
463 2940 770 3015 sanguinis
796 2940 1006 2998 Christi
1032 2945 1153 2997 tam
1169 2943 1452 3000 l‘uitdives
1467 2945 1540 3000 ad
1558 2945 1832 3018 pretium,
1849 2950 1912 3001 ut

264 3027 313 3084 si
331 3029 678 3086 universitas
690 3029 1052 3102 captivorum
1065 3029 1124 3086 in
1139 3031 1592 3106 Redemptorum
1605 3049 1783 3090 suum
1796 3051 1914 3090 cre-

264 3119 446 3189 deret,
472 3120 704 3177 nullum
726 3119 944 3178 diaboli
971 3119 1205 3178 vincula
1235 3122 1578 3180 retinerent:
1608 3123 1907 3196 quoniam,

1893 1830 1988 1900 ’B

2011 542 2140 598 vitae
2172 542 2560 616 polliceantur
2581 549 2830 614 aeternae,
2855 546 2928 600 ad
2961 561 3139 616 quam
3172 543 3282 601 nisi
3317 561 3418 618 per
3447 545 3654 602 media-

2011 634 2198 687 torem
2237 633 2337 688 Dei
2371 635 2426 689 et
2459 633 2767 689 hominum
2797 634 3098 690 hominem
3129 633 3428 690 Christum
3455 635 3656 692 Jesum

2014 738 2128 776 non
2160 725 2350 793 potest
2382 722 2688 795 perveniri.
2719 723 2883 779 Sicut
2921 723 3078 779 enim
3110 723 3191 779 ait
3221 723 3427 780 beatus
3458 724 3659 781 Petrus

2015 810 2335 882 apostolus,
2369 811 2486 868 Non
2503 820 2582 868 cst
2601 811 2754 868 aliud
2775 813 2970 869 nomen
2991 812 3181 868 datum
3221 813 3534 869 hominibus
3560 816 3658 869 sub

2013 901 2161 968 caelo,
2195 901 2256 955 in
2295 918 2397 973 quo
2447 909 2687 974 oporteat
2735 917 2833 958 nos
2879 903 3057 959 sat-vos
3105 904 3230 974 ﬁeri
3277 901 3409 974 (Act.
3437 919 3514 972 1v,
3551 903 3659 972 12),

2014 1005 2119 1045 nec
2141 993 2230 1045 est
2258 989 2580 1061 redemptio
2603 989 2957 1063 captivitatis
2989 989 3403 1059 humanmmisi
3436 990 3495 1046 in
3527 1008 3660 1047 san-

2014 1077 2192 1151 guine
2209 1078 2336 1150 ejus
2354 1079 2454 1151 qui
2478 1078 2636 1136 dedit
2667 1079 3048 1154 semetipsum
3081 1079 3542 1152 redemptionem
3558 1096 3661 1152 pro

2015 1166 2310 1238 omnibus,
2341 1171 2398 1224 et
2427 1169 2550 1241 qui,
2584 1169 2738 1224 sicut
2785 1168 3064 1240 praedicat
3109 1169 3318 1224 beatus
3361 1167 3664 1242 apostolus

2016 1255 2388 1326 Paulus,cum
2413 1261 2476 1314 in
2504 1258 2700 1332 forma
2725 1261 2834 1316 Dei
2857 1264 3020 1330 esset,
3050 1275 3166 1314 non
3195 1259 3479 1330 rapinam
3505 1258 3664 1314 arbi-

2015 1350 2210 1402 tratus
2237 1354 2316 1402 est
2341 1363 2460 1402 esse
2477 1364 2536 1404 se
2552 1347 2844 1421 ayualem
2873 1352 3010 1416 Deo,
3043 1346 3144 1404 sed
3171 1347 3538 1420 semetipsum
3569 1365 3665 1403 ex-

2015 1436 2298 1505 inanivit,
2327 1438 2583 1508 formam
2611 1439 2772 1494 servi
2790 1438 3106 1510 accipiens,
3128 1436 3666 1493 insimititudinem

2014 1524 2300 1582 hominum
2317 1529 2513 1598 factus,
2534 1535 2585 1583 et
2599 1528 2790 1584 habitu
2808 1529 3059 1584 inventus
3071 1527 3315 1584 uthomo.
3339 1527 3670 1582 Ilumiliavit

2014 1616 2362 1687 semetipsum
2377 1618 2552 1689 [actus
2580 1617 2830 1674 obediens
2860 1633 3030 1690 usque
3058 1616 3130 1672 ad
3156 1624 3404 1685 mortem,
3437 1624 3664 1672 mortem

2015 1711 2196 1760 autem
2223 1707 2421 1762 crucis.
2453 1707 2680 1778 Propter
2734 1706 2874 1780 quod
2901 1714 2953 1763 et
2981 1707 3120 1763 Deus
3170 1707 3334 1762 illum
3377 1705 3664 1773 exultavit,

2019 1801 2068 1849 et
2095 1793 2316 1851 donavit
2343 1797 2434 1852 illi
2460 1813 2657 1852 nomen
2687 1796 2826 1870 quod
2853 1805 2933 1854 est
2953 1813 3118 1870 super
3145 1811 3304 1851 omne
3354 1811 3576 1864 nomen,
3609 1801 3671 1851 ut

2017 1883 2078 1938 in
2109 1887 2330 1941 nomine
2353 1885 2479 1942 Jesu
2509 1902 2668 1942 omne
2709 1903 2860 1960 genu
2905 1888 3170 1957 ﬂectatur,
3219 1886 3533 1950 caelestium,
3565 1892 3672 1952 tet-

2015 1974 2294 2044 restrium,
2323 1983 2375 2030 et
2405 1977 2766 2047 infernarum,
2800 1982 2850 2032 ct
2877 1977 3054 2032 omnis
3101 1976 3292 2046 lingua
3345 1975 3670 2045 conﬁteatur

2019 2062 2148 2133 quia
2175 2064 2439 2120 Dominus
2485 2065 2638 2121 les-us
2669 2065 2916 2120 Christus
2948 2066 3003 2120 in
3034 2065 3215 2137 gloria
3243 2071 3322 2120 est
3349 2063 3448 2119 Dei
3473 2063 3670 2118 Patris

2015 2149 2412 2225 (I’hilipp.n,6
2440 2159 2496 2209 et
2522 2157 2755 2228 βψω.»
2773 2155 2844 2210 Et
2867 2153 2926 2208 in
2947 2153 3194 2226 epistola
3223 2153 3297 2209 ad
3323 2149 3671 2209 Juvenalem

2017 2239 2360 2314 episcopum
2425 2241 3010 2316 llierosolymitanum
3052 2241 3242 2315 (epist.
3273 2243 3364 2313 72,
3395 2257 3529 2314 cap.
3558 2239 3620 2314 3)
3653 2257 3669 2297 :

2019 2351 2046 2378 ‹‹
2073 2329 2281 2386 Veram
2303 2330 2484 2405 igitur
2500 2331 2712 2388 Christi
2736 2332 3171 2405 generationem
3201 2347 3344 2388 crux
3370 2347 3507 2386 vera
3536 2347 3675 2386 con-

2020 2418 2236 2486 ﬁrmat,
2259 2421 2540 2492 quoniam
2571 2420 2696 2494 ipse
2727 2421 2785 2478 in
2819 2425 3020 2478 nostra
3048 2438 3221 2478 carne
3249 2418 3531 2488 nascitur,
3563 2418 3670 2492 qui

2019 2505 2078 2562 in
2095 2513 2294 2565 nostra
2307 2527 2480 2565 carne
2502 2509 2882 2584 cruciﬁgitur.
2899 2513 3032 2578 Quae
3055 2509 3216 2567 nullo
3247 2507 3674 2566 interveniente

2018 2601 2277 2668 peccato,
2313 2598 2426 2654 nisi
2459 2599 2668 2656 fuisset
2716 2599 2902 2656 nostri
2949 2599 3204 2673 generis,
3233 2615 3348 2654 non
3379 2597 3676 2670 potuisset

2019 2699 2147 2742 esse
2177 2687 2478 2745 mortalis:
2515 2695 2581 2745 ut
2610 2693 2807 2746 autem
2839 2693 3133 2762 repararet
3163 2687 3430 2744 omnium
3457 2686 3670 2755 vitam,

2019 2775 2236 2848 recepit
2257 2777 2520 2834 omnium
2543 2795 2806 2846 causam,
2825 2782 2882 2834 et
2903 2777 3018 2833 vim
3040 2777 3250 2835 veteris
3271 2775 3671 2850 chirographi,

2021 2865 2177 2936 quod
2209 2865 2372 2924 solus
2401 2867 2553 2922 inter
2577 2884 2780 2924 omnes
2815 2885 2930 2924 non
2981 2867 3202 2938 debuit,
3235 2884 3340 2939 pro
3387 2865 3672 2922 omnibus

2019 2955 2296 3012 solvendo
2315 2957 2607 3014 vacuatit:
2632 2961 2698 3014 ut
2719 2957 2871 3014 sicut
2889 2975 2992 3030 per
3014 2956 3190 3012 unius
3211 2961 3437 3012 reatum
3459 2972 3673 3011 omnes

2019 3041 2155 3098 facti
2187 3044 2418 3100 fuerant
2445 3049 2796 3118 peccatores,
2824 3045 2902 3101 ita
2932 3062 3036 3118 per
3064 3045 3240 3100 unius
3270 3043 3673 3099 innocentiam

2020 3146 2224 3188 omnes
2257 3132 2463 3188 ﬁerent
2505 3132 2864 3205 innocentes,
2897 3132 3034 3189 inde
3066 3133 3126 3189 in
3157 3149 3361 3189 omnes
3391 3137 3675 3188 manante

251 3208 420 3266 sicut
435 3208 1212 3284 aitApostolus:Ubiautem
1236 3212 1566 3270 abundavit
1581 3219 1908 3286 peccatum,
1939 3206 1983 3272 C
2011 3219 2268 3290 justitia,
2303 3222 2401 3278 ubi
2433 3225 2523 3278 est
2553 3223 2812 3279 humana
2852 3227 3129 3295 suscepta
3185 3225 3413 3277 natura.
3450 3243 3478 3270 »
3505 3221 3576 3276 Et
3609 3219 3674 3276 in

263 3299 770 3371 superabundavit
800 3308 855 3356 et
884 3300 1090 3372 gratia
1118 3301 1468 3370 (Rom.v,2l)
1501 3317 1515 3356 :
1549 3305 1606 3357 et
1633 3319 1767 3358 cum
1799 3303 1908 3359 sub

263 3385 485 3458 peccati
543 3385 880 3459 praajudicio
931 3386 1052 3443 nati
1099 3391 1446 3460 potestatem
1476 3389 1806 3462 acceperint
1835 3392 1907 3447 ad

255 3472 552 3546 justitiam
586 3475 1216 3544 renascendi,validius
1245 3478 1466 3533 factum
1497 3483 1586 3534 est
1607 3479 1825 3536 donum
1848 3479 1912 3534 li-

262 3563 508 3620 bertatis
529 3581 707 3636 quam
731 3563 994 3621 debitum
1015 3565 1380 3622 servitutis.»
1399 3567 1468 3622 Et
1490 3567 1630 3624 item
1653 3585 1667 3622 :
1698 3591 1718 3618 ι
1747 3569 1908 3635 Quod

262 3668 528 3724 unquam
559 3652 917 3710 sacriﬁcium
944 3653 1230 3710 sacratius
1261 3655 1394 3723 fuit,
1428 3672 1606 3728 quam
1640 3659 1794 3730 quod
1822 3676 1911 3714 ve-

262 3759 364 3798 rus
385 3745 442 3798 et
461 3745 712 3799 aeternus
732 3742 992 3814 pontifex
1011 3741 1179 3798 altari
1199 3743 1390 3800 crucis
1421 3762 1523 3818 per
1551 3744 1910 3804 immolatio-

261 3846 394 3886 nem
418 3847 537 3886 suzn
559 3829 752 3886 carnis
773 3829 1382 3902 imposuit?Quamvis
1403 3831 1558 3888 enim
1585 3833 1908 3890 multorum

261 3921 600 3973 sanctorum
617 3916 678 3973 in
697 3922 1014 3990 conspectu
1036 3917 1261 3975 Domini
1285 3919 1538 3992 pretiosa
1559 3939 1716 3980 mors
1737 3921 1910 3979 fuerit

261 4003 444 4075 (Psal.
459 4021 586 4073 cxv,
603 4006 712 4075 15),
739 4005 960 4064 nullius
978 4009 1175 4062 tamen
1188 4006 1440 4066 insontis
1452 4009 1665 4066 occisio
1683 4011 1906 4068 redem-

259 4093 381 4167 ptio
411 4092 523 4150 fuit
552 4094 1334 4168 mundi.Acceperuntjusti,
1361 4115 1476 4154 non
1504 4098 1790 4156 dederunt
1820 4117 1906 4156 co-

260 4187 517 4254 ronas,et
531 4185 602 4241 de
617 4184 959 4241 fortitudine
979 4183 1241 4242 ﬁdelium
1263 4187 1528 4260 exempla
1542 4193 1680 4244 sunt
1692 4189 1910 4262 patien-

259 4271 496 4336 tiae.non
519 4272 950 4345 donajustitizn.
974 4273 1312 4348 Singulares
1335 4275 1549 4348 quippe
1572 4275 1630 4332 in
1657 4277 1906 4351 singulis

259 4366 476 4419 mortes
507 4364 878 4430 l‘uerunt,nec
909 4362 1150 4420 alterius
1173 4363 1488 4436 quisquam
1512 4366 1774 4423 debitum
1798 4385 1906 4424 suo

259 4451 373 4506 ﬁne
394 4451 686 4524 persolvit,
706 4469 842 4508 cum
865 4451 1020 4508 inter
1049 4451 1200 4509 ﬁlios
1231 4452 1538 4510 hominum
1572 4473 1726 4512 unus
1746 4456 1906 4514 solus

2017 3308 2264 3382 epistola
2294 3311 2366 3366 ad
2403 3310 2742 3368 Flavianum
2767 3313 2958 3382 (epist.
2980 3312 3065 3385 10)
3093 3327 3106 3367 :
3143 3335 3171 3362 ί(
3194 3310 3279 3366 Ab
3310 3309 3436 3382 ipso
3469 3314 3673 3365 autem

2018 3398 2306 3470 principio
2327 3401 2557 3473 generis
2578 3399 3126 3472 humani,omnibus
3149 3398 3488 3455 hominibus
3500 3397 3674 3454 Chri-

2019 3491 2146 3544 stus
2167 3493 2257 3544 est
2279 3489 2660 3546 denuntiatus
2683 3489 2744 3544 in
2766 3506 2938 3546 carne
2961 3495 3269 3546 venturus:
3297 3489 3358 3543 in
3377 3505 3516 3560 qua,
3549 3486 3676 3544 sic-

2019 3581 2084 3631 ut
2106 3576 2328 3633 dictum
2367 3584 2475 3645 est,
2510 3582 2588 3634 Et
2611 3589 2784 3635 erunt
2813 3579 2932 3636 duo
2962 3580 3020 3634 in
3050 3595 3230 3636 carne
3259 3593 3380 3633 una
3411 3577 3569 3650 (Gen.
3607 3593 3672 3646 ιι,

2016 3666 2128 3736 24),
2165 3665 2364 3738 utique
2419 3668 2536 3723 duo
2590 3673 2749 3736 sunt,
2786 3673 2936 3724 Deus
2983 3673 3040 3724 et
3089 3668 3286 3735 homo,
3318 3665 3586 3722 Christus
3619 3670 3681 3723 et

2017 3751 2294 3821 Ecclesia,
2326 3771 2454 3826 qum
2487 3757 2556 3812 de
2587 3757 2787 3828 sponsi
2838 3771 3010 3813 carne
3069 3755 3306 3828 prodiit,
3340 3753 3576 3827 quando
3604 3772 3677 3811 ex

2017 3839 2196 3898 latere
2227 3843 2487 3900 cruciﬁxi
2535 3849 2813 3901 manante
2865 3845 3150 3919 sanguine
3181 3849 3238 3900 et
3267 3861 3438 3916 aqua,
3473 3860 3677 3900 sacra-

2018 3935 2280 3987 mentum
2317 3933 2773 4006 regenerationis
2805 3939 2863 3991 et
2892 3933 3313 4007 redemptionis
3356 3933 3604 4006 accepit.
3641 3955 3672 3984 ››

2017 4019 2088 4075 Et
2119 4019 2257 4076 item
2302 4020 2360 4076 in
2409 4021 2654 4078 homilia
2710 4024 2780 4078 de
2839 4023 3042 4080 Natale
3099 4021 3330 4080 Domini
3362 4023 3526 4094 (hom.
3564 4023 3618 4090 1)
3656 4038 3672 4078 :

2023 4129 2049 4162 α
2081 4109 2346 4166 Salvator
2402 4117 2618 4180 noster,
2669 4111 3058 4178 dilectissimi,
3107 4110 3278 4168 hodie
3334 4116 3509 4168 natus
3553 4116 3672 4178 est,

2017 4199 2606 4272 gaudeamus.Neque
2632 4200 2790 4256 enim
2815 4199 3008 4256 locum
3034 4200 3122 4256 fas
3138 4204 3229 4256 est
3243 4216 3372 4256 esse
3388 4197 3671 4266 tristitia},

2017 4286 2118 4342 ubi
2140 4285 2452 4344 natalisest
2469 4289 2618 4357 vitm,
2644 4305 2771 4360 quae
2803 4293 3152 4362 consumpto
3183 4287 3560 4344 mortalitatis
3593 4287 3672 4342 ti-

2017 4391 2176 4431 more
2197 4375 2412 4448 ingerit
2432 4377 2600 4434 nobis
2617 4377 2689 4432 de
2708 4377 2998 4450 promissa
3025 4377 3346 4434 aeternitate
3377 4375 3669 4432 laetitiam.

2016 4465 2194 4520 Nemo
2227 4465 2298 4520 ab
2327 4467 2455 4536 ejus
2487 4463 2804 4522 alacritatis
2834 4466 3278 4540 participatione
3316 4465 3670 4534 secernitur,

257 4537 1203 4640 DominusnosterJesusChristus
1217 4542 1318 4614 qui
1333 4546 1906 4619 vereeratagnusim-
1935 4575 1984 4640 D
2016 4571 2136 4608 una
2162 4552 2390 4610 cunctis
2419 4552 2626 4609 laetitia:
2668 4537 2998 4612 communis
3028 4537 3119 4611 est
3149 4555 3295 4612 ratio
3327 4571 3342 4610 :
3376 4553 3516 4627 quia
3544 4553 3672 4610 Do-

255 4625 585 4684 maculatus
605 4627 908 4696 exstiterit,
935 4629 995 4685 in
1020 4647 1136 4702 quo
1161 4648 1366 4688 omnes
1387 4634 1668 4701 cruciﬁxi,
1703 4652 1905 4693 omnes

254 4713 704 4783 mortui,omnes
726 4716 1174 4789 sepulti,omnes
1196 4718 1504 4776 sintetiam
1519 4722 1784 4780 suscitati
1805 4725 1902 4782 :de

253 4802 471 4876 quibus
483 4803 607 4876 ipse
620 4803 846 4861 dicebat
861 4823 875 4862 ε
893 4806 1027 4862 Cum
1037 4809 1307 4865 exattatus
1325 4811 1526 4880 [heroa
1537 4819 1701 4880 terra,
1715 4817 1902 4870 omnia

253 4889 470 4948 traham
497 4891 567 4947 ad
593 4909 681 4948 me
717 4894 894 4964 (Joan.
932 4911 1031 4961 xu,
1049 4895 1162 4964 32).
1185 4895 1354 4954 Fides
1385 4899 1600 4955 etenim
1629 4919 1784 4970 vera,
1809 4903 1902 4974 ju-

253 4979 327 5038 sti
338 4981 517 5037 ﬁcans
539 4979 752 5054 impios
769 4986 826 5038 et
843 4999 1046 5039 creans
1060 4985 1358 5056 justos,ad
1381 4985 1768 5044 humanitatis
1780 5007 1900 5046 suae.

253 5070 405 5128 215
427 5073 614 5128 tracta
646 5071 1012 5145 participem,
1039 5072 1095 5128 in
1120 5071 1220 5130 illo
1252 5075 1502 5148 acquirit
1533 5075 1804 5146 salutem,
1839 5078 1898 5133 in

252 5177 370 5233 quo
391 5159 514 5218 solo
543 5177 606 5217 se
629 5160 805 5217 homo
831 5162 1050 5218 invenit
1079 5161 1473 5231 innocentem,
1507 5164 1756 5221 liberum
1787 5167 1895 5224 ha-

251 5250 395 5306 bens
416 5267 518 5322 per
546 5250 799 5324 gratiam
823 5251 923 5307 Dei
950 5251 1021 5307 de
1053 5251 1182 5322 ejus
1213 5251 1472 5324 potentia
1502 5251 1759 5324 gloriari,
1795 5257 1896 5328 qui

249 5341 454 5394 contra
471 5338 702 5395 hostem
722 5339 964 5395 humani
989 5339 1220 5412 generis
1241 5338 1300 5394 in
1323 5340 1516 5395 carnis
1540 5347 1748 5398 nostra:
1781 5344 1894 5400 hu-

251 5425 493 5482 militate
523 5443 894 5500 congressus,
928 5427 1020 5484 his
1050 5427 1368 5483 vindictam
1400 5445 1568 5483 suam
1605 5431 1894 5505 tribuit,in

247 5530 499 5584 quorum
531 5532 770 5588 corpore
801 5515 1204 5590 triumphavit.
1240 5538 1266 5564 υ
1301 5516 1371 5571 Et
1404 5515 1540 5572 item
1574 5519 1632 5574 in
1665 5522 1890 5580 eadem:

253 5624 273 5651 ι
291 5602 362 5656 At
377 5599 425 5657 si
442 5601 500 5657 in
527 5607 689 5660 tanta
717 5603 845 5661 luce
874 5605 1137 5663 veritatis
1169 5604 1440 5662 tenebras
1463 5623 1600 5664 suas
1623 5608 1892 5668 haeretica

2015 4641 2214 4698 minus
2244 4647 2444 4698 noster
2485 4643 2703 4715 peccati
2752 4644 3078 4717 mortisque
3125 4645 3472 4709 destructor,
3507 4643 3675 4700 sicut

2010 4731 2238 4787 nullum
2262 4749 2296 4788 a
2316 4735 2480 4788 reatu
2517 4731 2767 4789 liberum
2803 4733 3036 4806 reperit,
3066 4733 3148 4790 ita
3177 4732 3496 4790 liberandis
3529 4749 3671 4788 om-

2009 4821 2186 4877 nibus
2215 4821 2392 4877 venit.
2427 4844 2454 4871 »
2487 4822 2556 4876 Et
2605 4821 2744 4878 item
2799 4822 2858 4877 in
2911 4820 3029 4879 alia
3075 4821 3322 4878 homilia
3350 4821 3517 4891 (hom.
3551 4825 3606 4889 2)
3650 4838 3665 4878 :

2015 4910 2199 4965 «Nam
2234 4909 2510 4982 superbia
2531 4910 2719 4966 hostis
2741 4910 2966 4984 antiqui
2988 4928 3103 4966 non
3126 4909 3420 4966 immerito
3452 4909 3566 4966 sibi
3599 4911 3666 4966 in

2007 5015 2214 5054 omnes
2244 4997 2513 5054 homines
2533 5000 2638 5070 jus
2665 4999 3038 5073 tyrannicum
3070 4999 3420 5068 vindicabat,
3446 5015 3554 5054 nec
3577 5000 3669 5056 in-

2006 5087 2202 5144 debita
2233 5087 2537 5144 dominatu
2570 5087 3342 5162 premebat,quos,neglecto
3376 5088 3664 5144 mandato

2005 5176 2130 5244 Dei,
2153 5181 2508 5250 spontaneos
2530 5177 2590 5232 in
2627 5177 2976 5250 obsequium
3000 5179 3154 5235 216
3185 5195 3305 5234 sua:
3335 5175 3666 5233 voluntatis

2006 5265 2282 5322 illexerat.
2308 5267 2432 5322 Non
2459 5265 2654 5337 itaque
2669 5268 2828 5338 juste
2851 5269 3146 5323 amitteret
3174 5265 3519 5339 originalem
3555 5265 3668 5322 hu-

2004 5355 2162 5411 mani
2185 5355 2416 5427 generis
2437 5355 2798 5424 scrvitutem,
2825 5355 2936 5410 nisi
2967 5357 3037 5412 de
3058 5373 3124 5410 eo
3154 5355 3310 5428 quod
3343 5354 3667 5426 subegerat

2000 5444 2348 5500 vinceretur.
2384 5449 2524 5498 Cum
2557 5441 2737 5516 igitur
2781 5444 3116 5501 misericors
3165 5444 3666 5516 omnipotensque

2003 5531 2286 5600 Salvator,
2311 5532 2394 5587 ita
2415 5531 2808 5604 suseeptionis
2839 5533 3110 5590 humanae
3142 5533 3546 5608 moderaretur
3565 5547 3665 5587 ex-

2004 5621 2186 5688 ordia,
2213 5624 2279 5675 ut
2295 5620 2570 5676 virtutem
2592 5619 3001 5695 inseparabilis
3021 5639 3056 5680 a
3073 5639 3178 5679 suo
3209 5621 3449 5678 homine
3469 5619 3660 5676 deita-
