3970 6182
231 343 330 406 341

940 341 1043 402 DE
1083 337 1843 402 PREDESTINATIONE
1887 338 2400 404 DISSEB'I‘ATIO
2441 341 2904 404 POSTERIOB.

3498 341 3618 403 3i2

225 475 292 534 tis
311 491 412 548 per
430 471 694 532 velamen
727 477 939 531 nostris
967 473 1329 530 inﬁrmitatis
1359 473 1762 544 absconderet,
1793 471 1862 528 il-
1890 471 1948 542 Α
1975 475 2181 545 mittit,
2211 494 2281 534 ex
2309 476 2410 534 illa
2437 482 2526 534 est
2551 476 2852 535 voluntate
2891 492 3010 550 qna
3037 472 3240 531 dilexit
3270 489 3397 546 nos,
3421 477 3478 530 et
3507 479 3618 532 tra-

222 566 338 623 lusa
358 571 449 620 est
471 563 663 620 securi
685 563 872 620 hostis
903 565 1143 635 astutia,
1177 566 1278 638 qui
1299 565 1664 621 nativitatem
1697 563 1862 636 pueri

221 655 272 712 in
292 652 542 711 salutem
563 653 808 711 humani
829 653 1060 726 generis
1081 653 1389 727 procreati,
1415 671 1529 708 non
1552 653 1720 708 aliter
1749 653 1860 708 sibi

221 760 386 818 quam
415 743 684 799 omnium
723 743 1091 799 nascentium
1128 743 1355 816 putavit
1375 741 1705 798 obnoxiam.
1734 764 1760 790 »
1793 742 1862 797 Et

221 839 338 908 post
375 849 568 906 pauca
605 833 744 906 (cap.
784 833 876 900 4):
912 856 939 882 «
964 831 1134 888 Redit
1163 833 1222 888 in
1256 831 1537 887 honorem
1582 848 1756 886 suum
1787 831 1858 888 ab

221 921 468 995 antiquis
499 920 788 995 contagiis
819 926 1066 994 purgata
1098 926 1327 990 natura,
1362 937 1521 976 mers
1552 925 1739 976 morte
1769 922 1862 977 de-

222 1012 478 1078 struitur,
506 1010 782 1068 nativitas
801 1009 1103 1068 nativitatc
1126 1015 1449 1083 reparatur,
1473 1010 1752 1082 quoniam
1775 1009 1855 1065 si-

223 1100 331 1156 mul
363 1104 423 1156 et
445 1099 770 1172 redemptio
799 1099 991 1156 aufert
1019 1099 1380 1164 servitutem,
1411 1103 1470 1154 et
1499 1097 1856 1171 regeneratie

221 1193 398 1246 mutat
429 1187 738 1261 originem,
761 1193 818 1244 et
838 1188 985 1245 ﬁdes
997 1188 1289 1260 justiﬁcat
1315 1193 1697 1261 peccaterem.
1725 1210 1753 1236 »
1787 1187 1858 1243 Et

219 1276 378 1352 paulo
411 1282 549 1350 post
569 1278 707 1350 (cap.
731 1277 785 1350 5)
811 1293 824 1332 :
872 1299 899 1326 «ι
925 1276 1055 1333 Tibi
1085 1277 1241 1332 enim
1273 1277 1572 1350 quendam
1604 1276 1853 1346 abjecte,

216 1373 438 1425 extruso
471 1366 728 1439 paradisi
767 1366 1028 1432 sedibus,
1051 1365 1156 1422 tibi
1179 1383 1281 1438 per
1303 1365 1700 1437 exsilialenga
1731 1381 1853 1421 mo-

216 1455 393 1525 rienti,
430 1456 538 1512 tibi
569 1455 628 1510 in
661 1455 917 1512 cinerem
967 1461 1024 1512 et
1071 1454 1368 1528 pulverem
1416 1454 1724 1523 dissolute,
1759 1453 1852 1510 cui

206 1547 317 1619 jam
339 1562 461 1602 non
503 1549 629 1600 erat
661 1561 796 1618 spes
822 1543 944 1601 ulla
973 1545 1224 1612 vivendi,
1255 1561 1359 1617 per
1387 1543 1852 1600 incarnationem

211 1634 366 1690 Verbi
417 1638 680 1707 potestas
729 1635 866 1690 data
893 1637 1002 1702 est,
1035 1637 1100 1689 ut
1128 1635 1198 1690 de
1231 1633 1550 1707 longinque
1579 1633 1651 1689 ad
1682 1637 1851 1689 tuum

212 1723 515 1780 revertaris
563 1727 886 1792 auctorem,
921 1739 1304 1794 recognoscas
1347 1725 1674 1795 parentem,
1705 1719 1854 1777 liber

213 1811 474 1870 efficiatis
499 1829 569 1868 ex
593 1813 855 1878 serve,de
879 1815 1150 1868 extraneo
1173 1811 1510 1884 proveharis
1530 1809 1589 1864 in
1613 1809 1800 1865 lilium
1834 1827 1848 1866 :

214 1902 384 1975 utqui
405 1919 480 1958 ex
500 1900 868 1974 corruptibili
899 1917 1074 1958 carne
1097 1905 1270 1956 natus
1291 1917 1377 1965 es,
1409 1917 1478 1956 ex
1505 1899 1607 1956 Dei
1638 1898 1852 1971 spiritu

215 1991 553 2057 renascaris,
577 1995 636 2047 et
655 1990 921 2048 ebtineas
941 2007 1044 2063 per
1061 1990 1312 2063 gratiam
1337 1989 1490 2062 quod
1523 2006 1638 2044 non
1670 1987 1851 2043 habes

215 2098 307 2154 per
321 2086 620 2136 naturam.
645 2103 674 2130 »
707 2081 778 2136 Et
807 2079 950 2136 item
981 2079 1040 2135 in
1070 2078 1314 2135 hemilia
1343 2082 1553 2151 quarta
1572 2083 1712 2150 (cap.
1743 2080 1798 2145 2)
1833 2093 1847 2131 :

215 2193 239 2220 ι(
261 2169 563 2226 Exsultent
590 2185 726 2242 ergo
755 2169 814 2224 in
846 2167 1082 2225 laudem
1112 2168 1214 2224 Dei
1245 2169 1421 2224 corda
1461 2166 1847 2234 credentium,

214 2262 264 2315 et
290 2257 585 2315 mirabilia
612 2258 743 2330 ejus
771 2259 1161 2314 confiteantur
1189 2257 1296 2313 filii
1325 2255 1632 2312 hominum
1665 2271 1678 2310 :
1713 2271 1852 2328 que-

215 2347 357 2403 niam
395 2347 455 2402 in
485 2347 596 2404 hec
626 2346 916 2418 praecipue
945 2346 1046 2402 Dei
1079 2363 1252 2419 opere
1299 2345 1603 2402 humilitas
1650 2348 1851 2401 nostra

215 2434 504 2508 cognoscit
529 2434 733 2506 quanti
766 2451 894 2490 eam
917 2451 1064 2491 suus
1091 2434 1368 2490 Conditor
1397 2432 1726 2490 aestimarit:
1747 2433 1849 2506 qui

215 2539 333 2579 cum
351 2522 568 2596 origini
601 2521 872 2578 humanae
905 2522 1158 2578 multum
1190 2523 1608 2594 dedcrit,qued
1639 2539 1745 2578 nes
1775 2522 1848 2578 ad

216 2611 521 2686 imaginem
553 2629 726 2668 suam
756 2611 1268 2685 fecit,rcparatieni
1302 2616 1511 2668 nostra:
1540 2611 1711 2684 longe
1733 2627 1852 2666 am-

215 2700 352 2774 plius
388 2701 614 2769 tribuit,
645 2718 782 2758 cum
829 2700 1026 2757 servili
1077 2701 1275 2758 forma:
1317 2701 1439 2774 ipse
1470 2719 1532 2757 se
1563 2700 1850 2757 Dominus

214 2790 509 2864 coaptavit.
557 2789 834 2857 Quamvis
859 2790 1016 2846 enim
1047 2807 1117 2846 ex
1147 2807 1265 2846 una
1295 2791 1614 2862 eademque
1637 2789 1852 2863 pietate

215 2879 284 2934 sit
307 2878 594 2952 quidquid
625 2883 906 2935 creaturae
935 2879 1171 2934 Greater
1197 2879 1505 2952 impendit,
1539 2880 1736 2934 minus
1765 2883 1848 2935 ta-

215 2983 335 3024 men
363 2967 586 3024 mirum
609 2973 699 3024 est
719 2966 1017 3024 hominem
1039 2969 1112 3022 ad
1136 2967 1332 3024 divina
1351 2969 1648 3041 prolicere,
1673 2985 1849 3040 quam

216 3055 390 3112 Deum
419 3057 485 3113 ad
509 3057 774 3112 humana
795 3056 1295 3113 descendere.Hec
1317 3061 1514 3112 autem
1539 3055 1650 3112 nisi
1663 3057 1852 3112 lacere

215 3143 542 3218 dignaretur
579 3144 985 3218 Omnipotens,
1017 3144 1181 3200 nulla
1227 3163 1586 3218 quemquam
1629 3145 1852 3217 species

1971 565 2120 622 didit
2135 569 2517 641 semetipsum
2537 586 2640 642 pro
2663 567 3205 640 nebis,ceeperante
3225 564 3285 619 in
3297 563 3406 620 hoc
3421 563 3618 637 ipsum

1971 655 2157 723 Patre,
2183 656 2283 729 qui
2309 657 2452 713 Filio
2492 658 2724 730 proprie
2759 675 2875 712 non
2898 654 3176 729 pepercit,
3200 654 3300 710 sed
3323 671 3426 726 pro
3448 653 3618 710 nobis

1968 745 2212 801 tradidit
2234 745 2556 804 illum.Una
2576 751 2665 804 est
2695 747 2851 802 enim
2882 745 3069 802 Patris
3101 748 3158 800 et
3189 742 3318 800 Filii
3346 743 3616 801 voluntas

1971 839 2036 890 ut
2064 839 2154 890 est
2183 853 2301 891 una
2331 835 2626 903 divinitas,
2661 836 2732 891 de
2761 836 2930 906 cujus
2973 833 3378 906 dispositionis
3406 833 3612 888 eil‘ectu

1969 923 2116 978 nihil
2139 923 2322 994 vobis,
2341 925 2548 992 Judaei,
2565 925 2783 998 gratim,
2801 923 2945 979 nihil
2969 922 3092 991 tibi,
3107 922 3282 994 Juda,
3305 922 3610 977 debemus.

1968 1011 2283 1068 Salvatieni
2307 1013 2543 1087 quidem
2565 1017 2774 1068 nostra:
2804 1011 2970 1068 vobis
3001 1029 3114 1068 non
3147 1011 3257 1066 hoc
3285 1008 3612 1066 volentibus

1967 1099 2241 1174 impietas
2263 1108 2458 1160 vestra
2487 1103 2740 1172 servivit,
2763 1105 2820 1158 et
2840 1119 2942 1173 per
2963 1117 3062 1156 ves
3086 1102 3301 1156 factum
3323 1103 3412 1154 est
3439 1097 3610 1171 quid-

1965 1190 2107 1264 Quid
2139 1208 2350 1248 manus
2379 1192 2480 1248 Dei
2499 1196 2555 1250 et
2573 1191 2884 1247 consilium
2909 1191 3283 1246 decreverunt
3303 1187 3611 1244 fieri.Mers

1966 1279 2146 1354 igitur
2175 1279 2385 1336 Christi
2433 1298 2540 1336 nes
2571 1279 2798 1346 liberat,
2830 1296 2930 1335 ves
2978 1281 3232 1334 accusat.
3268 1276 3472 1333 Merito
3502 1274 3610 1332 soli

1965 1387 2081 1426 non
2107 1369 2335 1426 habetis
2359 1371 2511 1442 quod
2534 1368 2810 1424 omnibus
2830 1368 3019 1438 perire
3039 1365 3392 1432 veluistis,et
3411 1369 3607 1421 tamen

1964 1463 2128 1516 tanta
2157 1463 2248 1516 est
2279 1458 2462 1514 nostri
2489 1458 2722 1514 bonitas
2755 1456 3184 1528 Redemptoris,
3209 1459 3274 1511 ut
3303 1454 3479 1512 etiam
3507 1471 3610 1512 vos

1962 1545 2203 1620 possitis
2243 1547 2523 1619 consequi
2568 1545 2818 1612 veniam,
2855 1545 2902 1602 si
2935 1543 3232 1600 Christum
3262 1543 3364 1600 Dei
3397 1541 3608 1598 Filium

1962 1637 2292 1693 confitendo
2314 1635 2475 1692 illam
2498 1634 2903 1708 parricidalem
2928 1632 3217 1689 malitiam
3240 1631 3606 1703 relinquatis.

1961 1726 2085 1782 Non
2107 1726 2266 1782 enim
2287 1727 2508 1782 frustra
2527 1725 2812 1781 Dominus
2833 1723 2891 1779 in
2914 1739 3084 1779 cruce
3105 1720 3313 1778 oravit:
3331 1719 3606 1786 Pater,di-

1958 1816 2112 1871 mitte
2133 1816 2270 1884 illis,
2296 1817 2425 1888 quia
2454 1816 2707 1870 nesciunt
2735 1813 2866 1886 quid
2893 1814 3110 1885 faciunt
3137 1810 3285 1882 (Luc.
3313 1825 3470 1874 xqu,
3491 1808 3604 1875 33:).

1961 1904 2124 1970 Quod
2155 1903 2482 1960 remedium
2516 1921 2620 1959 nec
2658 1908 2734 1970 te,
2759 1903 2936 1968 Juda,
2958 1900 3256 1966 transiret,
3291 1897 3339 1952 si
3371 1897 3442 1952 ad
3475 1912 3603 1951 eam

1960 1990 2111 2062 pmni
2123 1991 2364 2046 tentiam
2395 1990 2762 2063 cenl'ugisses
2786 2007 2912 2062 qua:
2938 1992 2991 2044 te
3015 1989 3306 2044 revocaret
3335 1985 3408 2040 ad
3441 1983 3604 2039 Chri-

1959 2083 2140 2145 stum,
2165 2097 2281 2136 nen
2305 2098 2432 2152 quae
2464 2080 2770 2152 instigaret
2799 2079 2871 2134 ad
2903 2077 3200 2150 laqueum.
3225 2073 3479 2130 Dicende
3509 2088 3606 2128 au-

1956 2171 2075 2223 tem
2092 2185 2106 2222 :
2121 2169 2347 2226 Peccavi
2365 2169 2583 2226 tradens
2606 2169 2940 2243 sanguinem
2957 2168 3171 2240 justum
3203 2163 3404 2235 (Matth.
3427 2179 3602 2230 xxvu,

1957 2257 2036 2326 4),
2061 2257 2120 2312 in
2141 2257 2459 2331 impietatis
2491 2263 2601 2313 tuae
2641 2256 2886 2330 perﬁdia
2916 2252 3245 2328 perstitisti,
3269 2250 3370 2324 qui
3399 2251 3603 2307 Jesum

1957 2362 2075 2402 non
2105 2351 2286 2402 Deum
2310 2347 2411 2403 Dei
2435 2346 2783 2414 Filium,sed
2807 2350 3017 2402 nostrae
3049 2339 3454 2398 tantummodo
3475 2355 3607 2394 cen-

1957 2436 2200 2492 ditienis
2231 2437 2551 2503 hominem,
2584 2435 2763 2492 etiam
2787 2436 2938 2490 inter
2965 2439 3225 2490 extrema
3257 2429 3462 2486 mortis
3491 2433 3602 2484 tua:
3679 2477 3690 2487 .

1957 2525 2218 2596 pericula
2239 2523 2555 2592 credidisti,
2581 2525 2753 2595 cujus
2777 2523 3032 2579 ﬂexisscs
3056 2518 3538 2586 misericordiam,
3555 2515 3603 2573 si

1957 2615 2088 2685 ejus
2113 2612 2598 2684 emnipetcntiam
2621 2631 2735 2668 non
2762 2630 3057 2686 negasses.
3075 2633 3102 2659 ››
3127 2610 3196 2665 Et
3219 2605 3473 2670 inlertia
3501 2605 3604 2662 h0-

1959 2701 2124 2758 milia
2150 2703 2222 2757 de
2242 2701 2514 2776 passione
2551 2701 2786 2758 Domini
2806 2706 2945 2768 (cap.
2969 2700 3023 2770 2)
3050 2716 3064 2754 :
3106 2721 3133 2749 «
3160 2695 3456 2770 Quidquid
3486 2693 3605 2750 Do-

1957 2789 2117 2846 mine
2139 2789 2430 2848 illusienis
2451 2795 2508 2846 et
2527 2787 3203 2861 centumclize,quidquid
3219 2782 3536 2842 vexationis
3548 2785 3606 2838 et

1959 2897 2140 2952 poma:
2162 2881 2324 2936 furor
2351 2880 2550 2936 intulit
2571 2879 2905 2952 impiorum,
2932 2894 3045 2933 non
3067 2877 3138 2932 de
3157 2874 3502 2931 necessitate
3523 2875 3606 2928 to-

1956 2967 2339 3038 leratum,scd
2361 2969 2432 3024 de
2453 2968 2752 3024 voluntate
2773 2969 3114 3037 susceptum
3138 2967 3248 3019 est.
3277 2963 3428 3020 Venit
3455 2961 3606 3018 enim

1956 3060 2107 3130 ﬁlius
2137 3059 2376 3116 hominis
2415 3073 2661 3130 quaerere
2681 3065 2731 3112 et
2747 3055 2960 3111 sulcare
2980 3052 3122 3126 quod
3134 3053 3378 3124 perierat
3397 3049 3599 3120 (Matlh.

1956 3165 2118 3219 XVIII,
2156 3148 2262 3219 11),
2291 3152 2348 3204 et
2377 3147 2460 3203 sic
2492 3147 2564 3201 ad
2593 3144 2857 3202 omnium
2891 3141 3351 3214 redemptionem
3399 3137 3603 3194 uteba-

209 3232 465 3305 justitiae,
479 3233 640 3290 nulla
659 3234 850 3290 forma
870 3233 1168 3306 sapientiae
1189 3251 1224 3291 a
1244 3234 1576 3308 captivitate
1605 3234 1842 3303 diaboli,
1875 3218 1920 3287 C
1959 3243 2057 3294 tur
2085 3218 2311 3293 malitia
2342 3233 2910 3310 persequentium,ut
2931 3231 2990 3287 in
3022 3229 3226 3287 mortis
3257 3229 3386 3300 ejus
3415 3243 3605 3284 resur-

215 3325 268 3377 ct
295 3340 324 3376 a
351 3322 642 3394 profundo
682 3327 910 3378 aeternae
959 3323 1166 3380 mortis
1213 3328 1461 3379 erueret.
1495 3345 1523 3374 »
1556 3325 1626 3378 Et
1655 3323 1714 3379 in
1742 3323 1850 3380 he-

217 3408 367 3464 milia
409 3409 479 3464 de
512 3409 839 3483 Epiphania
859 3410 1028 3483 (hom.
1059 3412 1114 3479 5,
1138 3428 1184 3467 c.
1217 3415 1312 3480 2):
1350 3433 1377 3461 «
1405 3411 1592 3467 Judaei
1625 3412 1724 3485 qui
1756 3431 1850 3469 ex-

215 3501 298 3552 tra
324 3515 569 3571 regnum
602 3498 819 3554 Christi
850 3515 980 3555 esse
1001 3499 1332 3568 voluerunt,
1361 3501 1554 3556 adhuc
1575 3503 1854 3573 quedam-

217 3587 377 3644 mode
411 3589 520 3643 sub
547 3587 796 3644 Herodis
843 3593 983 3644 sunt
1019 3587 1371 3662 principatu,
1406 3593 1484 3656 et,
1517 3589 1855 3646 dominante

216 3673 318 3730 sibi
329 3674 646 3732 Salvatoris
660 3675 1264 3751 inimico,alienigenaa
1282 3677 1542 3734 serviunt
1557 3679 1851 3750 potestati.

217 3761 369 3820 Unde
391 3764 546 3836 quod
567 3763 653 3820 illi
675 3767 796 3820 tres
817 3763 1337 3830 viri,uuiversalem
1361 3753 1626 3839 gentium
1657 3783 1855 3838 perse-

219 3868 344 3907 nam
375 3857 666 3926 gerentes,
691 3853 930 3908 adorato
960 3853 1228 3924 Domine,
1251 3854 1361 3910 hec
1392 3855 1451 3909 in
1479 3855 1714 3927 populis
1731 3855 1857 3912 suis

219 3956 313 4012 per
327 3941 496 3996 ﬁdem
519 3959 649 4013 qua:
673 3941 967 4012 justiﬁcat
996 3942 1209 4016 impios
1241 3947 1400 4000 totus
1427 3945 1686 4000 mundus
1705 3961 1860 4000 asse-

221 4029 426 4100 quitur,
449 4035 508 4086 et
527 4029 934 4086 hereditatem
956 4031 1055 4086 Dei
1081 4037 1215 4087 ante
1237 4032 1452 4088 saecula
1471 4037 1856 4105 praeparatam

219 4118 498 4190 accipiunt
541 4117 828 4192 adeptivi,
859 4123 915 4174 et
943 4119 1197 4191 perdunt
1225 4119 1325 4192 qui
1353 4119 1702 4177 videbantur
1730 4139 1858 4178 esse

218 4203 470 4278 legitimi.
497 4227 526 4259 ι
574 4209 646 4264 Et
676 4207 818 4263 item
848 4207 908 4262 in
941 4209 1143 4264 eadem
1173 4213 1314 4282 (cap.
1349 4211 1440 4279 4):
1481 4235 1502 4260 ι
1538 4211 1695 4266 Inter
1736 4209 1859 4268 haec

218 4299 404 4350 autem
451 4300 760 4368 permanet
805 4313 982 4368 super
1031 4314 1237 4354 omnes
1283 4298 1614 4374 benignitas
1656 4300 1778 4369 Dei,
1802 4305 1860 4356 et

219 4381 357 4438 nulli
389 4383 853 4440 misericordiam
885 4402 1055 4446 suam
1087 4387 1352 4461 denegat,
1386 4405 1521 4444 eum
1547 4387 1860 4446 indiscrete

218 4471 493 4530 universis
510 4475 667 4530 bona
691 4472 881 4530 multa
899 4472 1176 4547 largitur:
1191 4492 1448 4548 eousque
1461 4493 1609 4549 ques
1621 4478 1859 4535 meritos

1961 3325 2351 3398 rectionisque
2400 3325 2763 3380 sacramento
2811 3321 3210 3377 interfectores
3240 3317 3331 3374 sui
3364 3317 3606 3390 possent

1961 3414 2102 3471 salvi
2129 3413 2333 3480 csse,si
2355 3411 2843 3469 crederent.Unde
2869 3406 3488 3466 sceleratioremnibus
3506 3405 3604 3462 Ju-

1962 3504 2037 3560 da
2055 3509 2113 3560 et
2133 3503 2418 3560 inl'elicier
2441 3499 2734 3568 exstitisti,
2755 3517 2929 3571 quem
2954 3516 3066 3553 non
3091 3495 3430 3569 pmnitentia
3453 3511 3607 3550 reve-

1963 3593 2114 3648 cavit
2133 3593 2205 3649 ad
2229 3589 2673 3656 Deminum,sed
2690 3589 2720 3644 cl
2731 3587 3018 3660 esperatie
3033 3585 3206 3642 traxit
3217 3586 3288 3641 ad
3307 3583 3605 3658 laqueum.

1963 3683 2374 3754 Exspectasses
2387 3677 2954 3735 consummationem
2967 3674 3232 3731 criminis
3245 3671 3610 3742 tui,ctdenec

1964 3769 2207 3842 sanguis
2237 3767 2450 3824 Christi
2499 3785 2602 3840 pro
2651 3767 2925 3822 omnibus
2971 3759 3608 3829 fundereturinfirmis,

1963 3857 2105 3914 lethi
2127 3856 2513 3929 suspendium
2545 3855 3172 3926 distulisses.Cumque
3193 3848 3611 3908 conscientiam

1967 3952 2129 4003 tuam
2159 3951 2242 4002 tet
2269 3945 2504 4002 Domini
2535 3943 2840 4013 miracula,
2863 3949 2950 4000 tet
2970 3945 3142 4011 dena,
3170 3945 3364 4014 totque
3387 3939 3488 3996 illa
3507 3937 3617 3996 sal-

1966 4041 2084 4092 tem
2133 4039 2188 4090 te
2219 4053 2252 4090 a
2293 4033 2610 4107 prmcipitie
2659 4038 2759 4089 tuo
2807 4036 3175 4088 sacramenta
3223 4032 3611 4096 revocassent,

1967 4142 2094 4197 qua:
2118 4123 2176 4178 in
2200 4122 2465 4178 Paschali
2495 4140 2660 4178 coena
2683 4123 2808 4193 jam
2841 4123 2912 4176 de
2941 4119 3187 4192 perfidia
3214 4124 3316 4174 tua
3347 4117 3513 4190 signo
3531 4116 3614 4173 di-

1965 4213 2110 4270 vinae
2134 4211 2389 4268 scientia:
2407 4213 2670 4268 detectus
2701 4228 3028 4282 acceperas,
3055 4226 3158 4264 cur
3187 4208 3258 4263 de
3288 4207 3415 4278 ejus
3444 4205 3613 4262 beni-

1967 4307 2084 4359 tate
2107 4301 2350 4366 difﬁdis,
2383 4301 2484 4372 qui
2515 4305 2569 4355 tc
2593 4318 2626 4356 a
2647 4298 2905 4370 corporis
2927 4302 2984 4353 et
3004 4295 3309 4370 sanguinis
3330 4293 3421 4350 sui
3452 4310 3612 4349 cem-

1967 4391 2246 4448 muniene
2267 4406 2380 4445 non
2403 4387 2650 4461 repulit?
2662 4386 2762 4459 qui
2782 4385 2886 4441 tibi
2905 4387 2974 4442 ad
2999 4381 3612 4457 comprehendendum

1968 4496 2030 4536 se
2060 4496 2195 4536 cum
2226 4476 2413 4536 turbis
2444 4483 2501 4533 et
2530 4481 2889 4532 armatorum
2920 4473 3154 4530 cohorte
3182 4469 3432 4528 venienti
3452 4468 3615 4544 pacis

219 4560 482 4651 subderet
513 4561 725 4635 pennis,
761 4563 986 4619 mavult
1015 4563 1259 4620 invitare
1299 4565 1617 4622 beneficiis.
1653 4567 1860 4624 Dilatie
1889 4587 1936 4651 Ι)
1969 4567 2237 4624 osculum
2262 4583 2375 4622 non
2400 4565 2666 4638 negavit?
2688 4565 2800 4620 Sed
2820 4563 2996 4619 homo
3017 4560 3615 4634 incenvertibilis,spi-

219 4649 367 4705 enim
391 4650 658 4707 vindicta:
679 4652 782 4707 dat
804 4651 998 4707 locum
1021 4652 1396 4725 pmnitentize,
1412 4654 1648 4726 neodici
1671 4660 1865 4728 potest

221 4737 381 4793 nulla
407 4739 479 4795 ibi
522 4755 656 4796 esse
707 4738 874 4810 ultio,
909 4739 1008 4796 ubi
1041 4739 1202 4796 nulla
1232 4743 1527 4800 conversio
1557 4748 1645 4800 est
1677 4759 1691 4800 :
1723 4745 1864 4817 quia

221 4842 382 4882 mens
415 4828 560 4884 dura
582 4833 640 4884 et
661 4829 892 4901 ingrata
913 4830 1040 4900 jam
1072 4829 1185 4885 sibi
1218 4829 1346 4902 ipsa
1376 4831 1730 4905 supplicium
1751 4837 1858 4901 est,

220 4918 274 4967 et
303 4913 363 4970 in
396 4917 752 4973 conscientia
798 4934 906 4973 sua
955 4917 1179 4989 patitur
1223 4919 1508 4992 quidquid
1563 4921 1666 4977 Dei
1691 4921 1861 4979 boni-

220 5006 338 5058 tate
365 5003 648 5061 diil'ertur.
683 5005 810 5061 Non
865 5005 948 5061 ita
995 5005 1403 5079 delinquentes
1441 5015 1679 5081 peccata
1709 5009 1863 5067 dele-

220 5095 395 5160 ctent,
419 5098 476 5148 ut
508 5093 640 5150 illos
673 5094 733 5149 in
765 5093 890 5150 suis
919 5095 1150 5152 actibus
1180 5095 1306 5151 vitae
1338 5096 1516 5168 hujus
1547 5097 1682 5154 linis
1713 5099 1866 5155 inve-

220 5179 360 5250 niat,
396 5181 534 5238 271
582 5183 866 5254 quoniam
899 5182 960 5238 in
986 5183 1211 5239 inferno
1247 5184 1410 5241 nulla
1446 5185 1724 5244 correctio
1753 5192 1862 5257 est,

221 5283 324 5323 nec
347 5268 515 5326 datur
539 5271 866 5328 remedium
907 5272 1325 5329 satisfactienis
1355 5273 1453 5328 ubi
1470 5275 1596 5344 jam
1620 5293 1735 5331 non
1767 5294 1865 5332 su-

220 5361 414 5427 perest
448 5359 596 5415 actio
615 5359 958 5416 voluntatis.
986 5385 1014 5410 n
1037 5361 1180 5418 Item
1205 5361 1263 5416 in
1287 5361 1529 5420 hemilia
1546 5365 1617 5420 de
1643 5364 1866 5436 passio-

223 5460 290 5500 ne
312 5445 537 5504 Demini
556 5450 724 5518 (hom.
751 5452 802 5519 1,
822 5467 870 5506 c.
887 5452 976 5524 5):
1003 5475 1032 5502 «
1058 5451 1282 5507 Habent
1307 5469 1442 5526 ergo
1468 5453 1723 5509 divinam
1746 5453 1869 5511 haec

221 5549 402 5604 opera
426 5535 714 5595 virtutem.
739 5539 852 5596 Sed
885 5540 1042 5612 quod
1072 5540 1359 5596 Dominus
1391 5541 1720 5614 majestatis
1751 5560 1868 5598 suae

223 5624 536 5693 potentiam
561 5628 916 5700 comprimit,
941 5634 998 5685 et
1025 5629 1143 5686 vim
1174 5629 1231 5685 in
1265 5648 1326 5687 se
1355 5631 1746 5704 persecutoris
1776 5633 1873 5688 ad-

1971 4658 2123 4713 ritus
2143 4655 2360 4711 vadens
2383 4659 2438 4710 et
2469 4671 2582 4710 non
2616 4652 3134 4719 revertens,cerdis
3151 4652 3236 4708 tui
3258 4655 3497 4708 secutus
3529 4656 3618 4708 est

1972 4744 2217 4809 rabiem,
2241 4746 2298 4799 et
2317 4745 2508 4798 stante
2529 4741 2760 4798 diabolo
2783 4759 2818 4797 a
2841 4741 3062 4798 dextris
3083 4741 3200 4798 tuis
3220 4739 3614 4814 iniquitatem,

1971 4849 2149 4908 quam
2182 4833 2240 4887 in
2271 4835 2608 4887 sanctorum
2655 4831 2921 4887 omnium
2969 4849 3300 4888 armaveras
3331 4833 3525 4903 caput,
3557 4829 3618 4884 in

1969 4927 2140 4979 tuum
2161 4919 2436 4976 verticem
2460 4919 2744 4976 retorsisti
2769 4938 2782 4976 :
2817 4925 2878 4976 ut
2899 4919 3038 4993 quia
3059 4921 3290 4978 facinus
3308 4925 3480 4976 tuum
3501 4936 3620 4976 om-

1973 5027 2108 5068 nem
2129 5025 2470 5066 mensuram
2493 5007 2732 5065 ultionis
2755 5011 2846 5066 27
2862 5011 2908 5066 8
2931 5014 3276 5078 excesserat,
3303 5014 3358 5066 te
3378 5009 3618 5064 haberet

1972 5099 2247 5173 impietas
2275 5105 2379 5154 tua
2397 5097 2754 5168 judicem,te
2780 5103 3077 5172 pateretur
3105 5103 3210 5154 tua
3237 5115 3406 5170 pmna
3435 5095 3616 5152 c'arni-

1972 5191 2162 5245 ﬁccm.
2197 5189 2340 5244 Cum
2372 5187 2554 5262 igitur
2583 5187 2739 5244 Deus
2778 5193 2933 5245 esset
2961 5187 3020 5244 in
3051 5187 3278 5244 Christo
3327 5184 3616 5240 mundum

1974 5276 2359 5334 reconcilians
2380 5277 2512 5345 sibi,
2529 5282 2585 5333 et
2596 5284 2922 5334 creaturam
2944 5279 3014 5332 ad
3038 5273 3354 5332 conditoris
3367 5272 3458 5330 sui
3479 5272 3618 5329 ima-

1975 5366 2172 5440 ginem
2209 5367 2638 5422 rel'ermandam
2671 5367 2908 5422 Greater
2937 5365 3061 5436 ipse
3091 5363 3622 5436 gestaret,pcractis

1980 5453 2280 5510 miraculis
2301 5471 2540 5526 eperum
2569 5455 2920 5521 divinorum,
2945 5471 3072 5524 qua:
3089 5451 3465 5524 propheticus
3479 5451 3620 5508 olim

1983 5543 2224 5616 spiritus
2248 5544 2502 5616 gerenda
2537 5543 2877 5616 praedixerat
2907 5559 2920 5596 ε
2961 5543 3106 5596 Tunc
3131 5541 3444 5612 aperientur
3479 5543 3626 5600 oculi

1979 5649 2266 5701 decorum,
2322 5641 2372 5688 et
2420 5650 2580 5688 aures
2635 5631 2927 5687 surdorum
2983 5629 3210 5686 amitam
3237 5649 3256 5684 :
3287 5638 3416 5687 tunc
3468 5633 3630 5690 saliet
