3970 6182
347 313 466 396 343

1277 332 1662 394 HINCMARI
1706 332 2154 394 RHEMENSIS
2201 333 2818 396 ABCHIEPISCOPI.

3635 340 3745 402 344

346 463 666 524 claudus'ut
695 480 902 532 cervus,
934 471 985 522 et
1007 463 1159 521 clara
1187 465 1294 522 erit
1330 465 1522 538 lingua
1564 473 1840 524 mutorum
1870 466 1996 539 (Isa.
2028 465 2084 534 Α
2115 467 2340 524 stantia:
2393 468 2685 541 passione,
2738 467 2840 524 sed
2889 465 3065 524 etiarn
3116 467 3298 525 totius
3344 469 3548 526 mundi
3597 487 3745 529 com-

344 573 511 625 xxxv,
534 555 591 622 5,
613 556 690 626 6),
715 554 907 611 sciens
924 553 1097 611 Jesus
1120 555 1323 612 adesse
1331 555 1458 627 jam
1477 560 1711 628 tempus
1733 555 1996 630 gloriosa:

345 643 638 722 passionis
677 643 988 718 implenda:
1023 662 1035 700 :
1074 645 1262 701 Tristis
1291 653 1371 702 est
1397 646 1583 702 anima
1611 663 1749 713 mea,
1783 647 1996 720 inquit,

343 749 516 808 usque
549 733 621 790 ad
655 741 887 791 mortem
925 733 1448 806 (Matth.xxv1,38);
1473 739 1531 790 et
1552 735 1993 804 iterumzPater,

343 826 396 881 si
437 825 565 897 ﬁeri
607 830 798 896 potest,
850 829 1092 880 transeat
1129 841 1164 880 α
1207 841 1294 880 me
1341 827 1491 882 calix
1532 827 1633 882 iste
1661 826 1840 894 (ibid,
1881 828 1994 896 39).

345 912 570 982 Quibus
597 911 1137 984 verbis,quamdam
1161 913 1531 970 formidinem
1564 916 1996 988 proﬁtentibus,

347 1005 558 1058 nostrae
583 999 947 1056 inﬁrmitatis
967 1001 1212 1056 affectus
1242 1001 1643 1075 participando
1665 1004 1928 1075 curabat,
1943 1009 2000 1060 et

349 1091 597 1166 poenalis
622 1090 987 1164 experientiae
1021 1094 1240 1146 metum
1289 1093 1596 1149 subeundo
1628 1093 1897 1166 pellebat.
1931 1097 1998 1150 In

351 1181 522 1238 nobis
552 1198 689 1255 ergo
737 1179 1024 1236 Dominus
1073 1185 1275 1237 nostro
1321 1199 1529 1254 pavore
1561 1183 1910 1255 trepidabat,
1943 1187 2000 1240 et

351 1269 723 1344 susceptione
754 1287 814 1325 se
845 1274 1054 1325 nostrae
1085 1268 1448 1326 inﬁrmitatis
1475 1271 1765 1340 induerat,
1802 1277 1864 1328 ut
1894 1291 1996 1329 no-

352 1351 536 1416 stram
549 1358 1002 1414 inconstantiam
1020 1375 1138 1414 suae
1149 1359 1383 1416 virtutis
1400 1360 1846 1418 soliditatevesti
1856 1366 1958 1418 ret.
1970 1385 1996 1412 ››

353 1449 494 1506 Item
522 1447 582 1504 in
603 1447 847 1505 homilia
875 1449 946 1504 de
973 1447 1248 1521 passione
1279 1450 1509 1506 Domini
1541 1450 1707 1522 (hom.
1732 1469 1804 1519 ιν,
1830 1469 1872 1508 c.
1904 1453 1954 1518 1)
1981 1468 1994 1506 :

353 1561 381 1589 «
406 1537 658 1594 Peractis
679 1535 876 1610 itaque
897 1537 1192 1608 omnibus,
1214 1557 1341 1612 quae
1365 1539 1639 1596 divinitas
1663 1541 1783 1597 ﬁeri
1807 1541 2000 1598 carnis

346 1626 635 1685 velamine
657 1631 978 1700 temperata
999 1627 1288 1701 permisit,
1310 1630 1484 1687 Jesus
1515 1630 1696 1686 Filius
1718 1631 1816 1688 Dci
1842 1631 2000 1687 cruci

349 1734 526 1790 quam
543 1715 716 1773 etiam
735 1718 860 1790 ipse
871 1721 1129 1791 gestarat
1149 1719 1358 1776 afﬁxus
1381 1725 1487 1790 est,
1505 1721 1736 1777 duobus
1761 1720 1998 1777 latroni-

349 1806 588 1862 busuno
599 1807 670 1862 ad
685 1807 979 1863 dexteram
993 1807 1320 1880 ipsius,alio
1333 1809 1404 1864 ad
1421 1809 1718 1866 sinistram
1735 1810 2004 1866 similiter
2033 1846 2078 1911 B

349 1895 662 1966 cruciﬁxis,
677 1899 743 1952 ut
754 1896 929 1952 etiam
944 1897 1002 1953 in
1017 1896 1147 1970 ipsa
1166 1898 1413 1969 patibuli
1436 1899 1626 1972 specie
1647 1906 2000 1956 monstrare-

349 1984 560 2042 turilla
571 1985 1204 2059 quaeinjudicioipsius
1217 1986 1482 2044 omnium
1501 1988 1808 2046 hominum
1821 1994 1911 2046 est
1925 1992 2003 2046 fa-

349 2073 555 2132 cienda
573 2073 866 2143 discretio,
900 2092 1033 2132 cum
1056 2080 1114 2132 et
1133 2074 1549 2134 salvandorum
1574 2079 1823 2152 ﬁguram
1855 2080 2000 2137 ﬁdes

350 2163 642 2222 credentis
657 2163 903 2222 latronis
923 2165 1290 2238 exprimeret,
1316 2171 1372 2222 et
1393 2168 1861 2224 damnandorum
1885 2170 1998 2224 for-

351 2271 510 2311 mam
523 2253 986 2328 blasphemantis
1003 2253 1276 2328 impietas
1288 2261 1783 2329 praemonstraret.
1800 2258 1998 2314 Passio

350 2340 754 2414 igiturChristi
769 2341 976 2398 salutis
989 2346 1198 2399 nostrae
1213 2343 1470 2400 continet
1483 2350 1935 2416 sacramentum,
1945 2351 2000 2403 et

349 2429 823 2488 deinstrumento
836 2432 990 2503 quod
1014 2431 1298 2505 iniquitas
1319 2433 1652 2490 Judzeorum
1679 2436 1903 2508 paravit
1924 2437 1995 2492 ad

348 2519 871 2594 pcenam,potentia
903 2521 1306 2594 Redemptoris
1336 2524 1585 2596 gradum
1617 2524 1753 2580 fecit
1778 2527 1850 2581 ad
1881 2525 2000 2598 glo-

349 2605 498 2666 riam
532 2625 546 2665 :
580 2625 762 2682 quam
793 2609 1080 2668 Dominus
1109 2613 1284 2670 Jesus
1316 2612 1396 2669 ita
1426 2613 1497 2669 ad
1529 2615 1794 2670 omnium
1815 2615 2002 2671 homi-

349 2715 493 2756 num
527 2703 789 2776 suscepit
814 2703 1088 2774 salutem,
1114 2709 1180 2761 ut
1199 2705 1350 2762 inter
1371 2705 1563 2762 clavos
1593 2705 1810 2779 quibus
1838 2706 1998 2780 ligno

351 2789 660 2856 tenebatur
689 2792 923 2861 afﬁxus,
951 2811 1055 2866 pro
1086 2793 1557 2851 interfectoribus
1589 2795 1712 2852 suis
1744 2801 1998 2870 paterna:

349 2876 669 2936 clementiae
691 2881 1046 2954 supplicaret
1065 2888 1121 2940 et
1142 2883 1358 2940 diceret
1383 2886 1603 2956 :J’ater,
1627 2887 1841 2958 ignosce
1861 2887 1996 2954 illis,

351 2971 484 3049 quia
519 2973 771 3028 nesciunt
809 2972 938 3046 quid
966 2974 1181 3044 faciunt
1201 2974 1348 3047 (Luc.
1372 2991 1532 3045 xxm,
1556 2976 1669 3044 34).
1705 2974 2000 3048 Principes

351 3063 548 3125 autem
563 3061 929 3119 sacerdotum
940 3063 1178 3136 ,quibus
1190 3063 1617 3138 indulgentiam
1636 3065 1899 3122 Salvator
1909 3082 2002 3136 pe-

348 3149 529 3220 tebat,
556 3150 913 3223 supplicium
940 3153 1132 3210 crucis
1155 3152 1497 3210 irrisionum
1521 3152 1997 3226 aeuleis'aspera-

2107 558 2363 616 motione
2385 563 2774 615 monstratum
2800 561 2908 615 est.
2925 559 3218 616 Pendente
3237 558 3392 615 enim
3414 559 3472 616 in
3495 561 3748 633 patibulo

2107 648 2394 717 Creatore,
2429 649 2700 705 universa
2747 652 3017 704 creatura
3071 650 3428 723 congemuit,
3461 656 3520 706 et
3566 652 3748 710 crucis

2108 738 2302 795 clavos
2356 739 2554 795 omnia
2602 737 2780 795 simul
2811 737 3100 795 elementa
3128 744 3458 796 senserunt.
3493 740 3648 796 Nihil
3679 742 3746 798 ab

2105 827 2206 883 illo
2251 827 2538 901 supplicio
2577 827 2827 884 liberum
2859 827 2970 884 fuit
2999 845 3012 884 :
3047 828 3156 884 hoc
3184 829 3245 883 in
3277 830 3745 887 communionem

2108 918 2197 974 sui
2232 923 2289 973 et
2317 922 2532 973 terram
2581 917 2756 973 traxit
2785 923 2843 973 et
2873 916 3086 974 cmlum
3119 935 3133 974 :
3169 917 3279 974 hoc
3327 923 3520 991 petras
3575 919 3744 992 rupit,

2108 1011 2490 1063 monumenta
2521 1006 2811 1080 patefecit,
2843 1006 3070 1062 inferna
3127 1008 3426 1074 reseravit,
3460 1012 3516 1064 et
3547 1008 3747 1064 densa-

2107 1113 2237 1150 rum
2288 1095 2526 1151 horrore
2584 1097 2956 1152 tenebrarum
3016 1094 3211 1152 radios
3252 1095 3394 1152 solis
3425 1097 3746 1152 abscondit.

2108 1185 2365 1242 Debebat
2380 1185 2489 1240 hoc
2508 1185 2909 1241 testimonium
2931 1203 3038 1242 suo
3058 1187 3317 1241 mundus
3338 1186 3582 1253 auctori,
3603 1190 3668 1242 ut
3696 1185 3750 1242 in

2108 1293 2318 1331 occasu
2340 1274 2670 1330 Conditoris
2696 1275 2784 1330 sui
2809 1273 3023 1331 vellent
3039 1275 3311 1331 universa
3331 1273 3625 1332 ﬁniri.Scd
3651 1292 3749 1348 pa-

2107 1363 2312 1421 tientia
2330 1365 2430 1420 Dei
2464 1368 2654 1421 servat
2680 1365 2855 1420 rebus
2889 1368 3063 1436 atque
3093 1363 3458 1436 temporibus
3488 1365 3750 1421 ordinem

2109 1468 2306 1518 suum,
2341 1468 2564 1524 nosque
2597 1451 2654 1506 in
2688 1450 2853 1506 illum
2879 1450 3077 1524 potius
3125 1451 3333 1507 invitat
3361 1452 3658 1520 affectum,
3695 1457 3753 1508 ut

2109 1558 2311 1597 eorum
2334 1541 2584 1598 salutem
2609 1545 3158 1614 petamus,quorum
3183 1539 3401 1597 crimen
3423 1541 3752 1598 horremus.

2110 1631 2297 1686 Tanto
2338 1629 2517 1704 igitur
2538 1629 2744 1702 pretio,
2768 1634 3050 1702 tantoque
3080 1634 3472 1700 sacramento,
3505 1629 3656 1686 eruti
3691 1631 3754 1686 de

2110 1723 2394 1792 potestate
2425 1717 2820 1787 tenebrarum,
2853 1723 2910 1774 et
2965 1719 3038 1775 ab
3090 1719 3345 1792 antiquae
3404 1719 3756 1792 captivitatis

2110 1808 2360 1865 vinculis
2413 1808 2688 1865 absoluti.
2723 1829 2751 1860 »
2786 1808 2856 1864 Et
2880 1807 2938 1864 in
2971 1811 3173 1865 octava
3203 1808 3448 1865 homilia
3481 1809 3618 1881 (cap.
3655 1809 3710 1880 1)
3739 1825 3752 1864 :

2110 1922 2138 1948 ‹‹
2173 1897 2436 1954 Βίηνίθηὶἰ
2483 1897 2714 1954 diabolo
2762 1915 2867 1971 per
2917 1897 3241 1954 ministeria
3269 1899 3608 1954 Judaeorum
3641 1898 3755 1954 for-

2109 2006 2265 2045 mam
2290 1988 2436 2044 servi
2462 1986 2603 2042 nihil
2629 1987 2847 2060 peccati
2869 1987 3142 2044 habentis
3163 1987 3396 2060 objecit,
3413 1992 3478 2042 ut
3497 2005 3601 2060 per
3620 2003 3754 2044 eum

2109 2083 2382 2150 ageretur
2408 2077 2675 2134 omnium
2716 2092 2915 2149 causa,
2949 2076 3006 2132 in
3039 2093 3154 2150 quo
3186 2076 3308 2133 solo
3337 2081 3462 2132 erat
3490 2077 3756 2133 omnium

2108 2172 2318 2223 natura
2348 2166 2472 2223 sine
2503 2165 2695 2240 culpa.
2729 2167 3033 2223 Irruerunt
3063 2181 3199 2240 ergo
3229 2165 3288 2222 in
3320 2165 3518 2222 lumen
3549 2181 3755 2222 verum

2107 2255 2212 2310 ﬁlii
2247 2257 2640 2324 tenebrarum,
2673 2260 2729 2310 et
2759 2258 2991 2312 utentes
3047 2254 3257 2311 faculis
3287 2259 3463 2328 atque
3491 2254 3759 2325 laternis,

2108 2363 2222 2400 non
2254 2350 2564 2402 evaserunt
2615 2345 2980 2402 inﬁdelitatis
3029 2361 3148 2402 suae
3190 2349 3440 2412 noctem,
3473 2345 3612 2418 quia
3641 2362 3757 2402 non

2108 2434 2519 2490 intellexerunt
2538 2433 2686 2490 lucis
2708 2438 3029 2490 auctorem.
3054 2434 3467 2508 Prazoccupant
3488 2439 3759 2507 paratum

2105 2523 2311 2591 teneri,
2337 2527 2393 2578 et
2419 2523 2662 2579 trahunt
2701 2523 2990 2580 volentem
3031 2523 3182 2579 trahi
3209 2540 3222 2580 :
3247 2523 3347 2596 qui
3380 2523 3430 2580 si
3451 2523 3628 2581 vellet
3659 2525 3760 2581 ob-

2107 2610 2235 2678 niti,
2270 2611 2415 2668 nihil
2449 2613 2685 2685 quidem
2719 2612 2779 2668 in
2813 2612 3093 2685 injuriam
3127 2614 3256 2685 ejus
3301 2613 3494 2686 impiae
3542 2631 3758 2671 manus

2105 2705 2365 2774 possent,
2390 2703 2487 2758 sed
2514 2703 2720 2757 mundi
2745 2701 3067 2775 redemptio
3089 2703 3503 2771 tardaretur,et
3524 2703 3756 2760 nullum

2107 2789 2354 2848 salvaret
2377 2791 2616 2859 illmsus,
2648 2791 2746 2864 qui
2775 2808 2876 2864 pro
2903 2791 3169 2848 omnium
3201 2795 3324 2848 erat
3354 2791 3542 2848 salute
3574 2794 3757 2850 mori-

2106 2885 2296 2936 turus.
2336 2904 2362 2930 ››
2392 2881 2462 2937 Et
2492 2881 2630 2939 item
2663 2885 2804 2954 (cap.
2838 2882 2894 2950 5)
2927 2898 2941 2936 :
3008 2905 3028 2931 α
3065 2881 3276 2938 Pascha
3318 2899 3442 2954 ergo
3484 2891 3756 2949 nostrum,

2108 2970 2262 3026 sicut
2319 2969 2400 3026 ait
2455 2970 2788 3044 Apostolus,
2822 2971 3135 3026 immolatus
3163 2979 3244 3027 est
3272 2970 3518 3027 Christus
3545 2971 3598 3040 (Ι
3628 2973 3755 3029 Cor.

2106 3077 2162 3128 ν,
2186 3059 2263 3132 7);
2291 3059 2389 3132 qui
2415 3077 2475 3115 se
2499 3076 2710 3115 novum
2733 3064 2789 3116 et
2820 3077 3024 3116 verum
3056 3060 3543 3118 reconciliationis
3576 3061 3760 3118 sacri-

2108 3149 2308 3205 ﬁcium
2342 3151 2591 3206 offerens
2617 3150 2794 3218 Patri,
2817 3167 2933 3206 non
2956 3148 3017 3205 in
3039 3149 3260 3223 templo
3282 3151 3452 3222 cujus
3473 3150 3606 3222 jam
3637 3153 3762 3207 erat

348 3238 512 3306 bant,
545 3240 602 3294 et
621 3221 689 3294 in
701 3255 875 3310 quem
899 3241 1174 3296 manibus
1208 3241 1462 3314 amplius
1484 3241 1684 3298 smvire
1707 3221 2000 3314 non—pote-
2028 3221 2072 3288 (ἶ
2111 3238 2278 3295 ﬁnita
2309 3239 2649 3306 reverentia,
2685 3257 2788 3296 nec
2819 3239 2973 3295 intra
3001 3243 3166 3312 septa
3195 3239 3446 3296 civitatis
3475 3241 3548 3296 ob
3583 3241 3762 3297 meri-

349 3325 844 3400 rant,linguarum
874 3326 990 3384 tela
1001 3327 1302 3399 jaciebant
1322 3329 1582 3386 dicentes
1606 3347 1619 3385 :
1645 3331 1792 3386 Alios
1820 3332 1997 3387 salvos

345 3416 494 3487 fecit,
525 3416 766 3487 seipsum
793 3415 1009 3472 salvum
1033 3418 1214 3488 facere
1236 3435 1348 3475 non
1373 3426 1562 3490 potest.
1595 3418 1658 3474 Si
1695 3436 1796 3476 rex
1825 3421 1998 3476 Israel

345 3511 444 3571 est,
475 3503 762 3562 descendat
788 3505 854 3562 de
882 3521 1058 3575 cruce,
1092 3515 1145 3564 et
1182 3507 1453 3564 credimus
1501 3525 1552 3564 ei
1583 3507 1788 3578 (Matth.
1822 3527 1994 3576 xxvn,

347 3593 459 3666 42).
496 3616 524 3644 ››
553 3592 700 3650 Item
731 3593 790 3650 in
823 3593 1032 3668 quinta
1081 3595 1324 3652 homilia
1351 3597 1423 3652 de
1452 3597 1724 3670 passione
1765 3598 1998 3654 Domini

347 3685 490 3756 (cap.
523 3683 580 3750 3)
609 3698 622 3738 :
658 3705 686 3732 ‹‹
722 3683 783 3738 In
817 3681 1094 3739 omnibus
1140 3687 1358 3752 autem,
1392 3701 1520 3756 quae
1565 3683 1648 3739 illi
1699 3685 1997 3758 popularis

348 3789 416 3828 ac
446 3771 824 3846 sacerdotalis
871 3771 1102 3828 insania
1132 3773 1552 3829 contumeliose
1583 3792 1648 3830 ac
1679 3773 2000 3846 procaciter

349 3859 660 3928 inferebat,
692 3864 902 3916 nostrae
950 3859 1326 3918 diluebantur
1361 3863 1625 3931 maculas,
1660 3868 1868 3920 nostra:
1900 3881 1996 3919 ex-

347 3949 662 4022 piabantur
691 3950 961 4018 offensas;
995 3949 1134 4022 quia
1183 3956 1412 4020 natura,
1445 3969 1572 4025 quae
1610 3951 1668 4007 in
1702 3951 1870 4008 nobis
1899 3969 1998 4008 rea

335 4053 584 4111 semper
602 4038 792 4095 fuerat
821 4043 997 4113 atque
1027 4041 1275 4114 captiva,
1309 4040 1370 4096 in
1392 4040 1490 4097 illo
1522 4041 1802 4098 innocens
1823 4041 2000 4114 patie-

324 4127 523 4194 _batur
541 4131 597 4184 et
615 4126 836 4185 libera:
864 4132 929 4184 ut
949 4129 1023 4185 ad
1047 4129 1431 4185 auferendum
1454 4134 1758 4202 peccatum
1791 4129 1997 4185 mundi

348 4214 447 4272 ille
467 4214 720 4273 hostiam
743 4234 805 4274 se
821 4233 1010 4290 agnus
1031 4218 1280 4286 offerret,
1305 4236 1477 4291 quem
1499 4223 1555 4276 et
1574 4219 1850 4275 omnibus
1870 4237 1996 4275 cor-

347 4304 564 4379 poralis
587 4305 918 4363 substantia
934 4307 1228 4382 jungeret,
1245 4311 1302 4364 et
1323 4308 1396 4364 ab
1419 4308 1694 4364 omnibus
1715 4306 1996 4381 spiritalis

347 4395 510 4468 origo
532 4395 906 4452 discerneret.
935 4418 962 4446 »
986 4397 1127 4452 Item
1167 4395 1228 4452 in
1261 4401 1424 4453 sexta
1445 4396 1688 4453 homilia
1715 4401 1856 4470 (cap.
1893 4399 1942 4469 1)
1979 4414 1992 4454 :

346 4483 684 4540 Judazorum
709 4485 866 4542 enim
899 4484 1127 4542 cmcitas
1157 4485 1304 4542 nihil
1334 4486 1608 4554 obtinuit,
1643 4486 1757 4543 nisi
1791 4492 1857 4542 ut
1888 4505 1996 4543 sua

2107 3331 2235 3383 tum
2286 3327 2376 3382 sui
2426 3327 2662 3384 sceleris
2713 3329 3030 3396 diruendae,
3066 3329 3164 3385 sed
3200 3328 3339 3385 foris
3369 3333 3532 3385 extra
3560 3334 3764 3386 castra

2106 3415 2419 3473 cruciﬁxus
2451 3422 2540 3473 est
2572 3435 2585 3473 :
2619 3423 2704 3486 ut,
2737 3423 2999 3474 veterum
3056 3417 3432 3474 victimarum
3490 3422 3765 3474 cessante

2107 3505 2408 3579 mysterio,
2443 3523 2591 3561 nova
2639 3506 2830 3563 hostia
2869 3523 3015 3562 novo
3044 3506 3446 3578 imponeretur
3473 3506 3674 3578 altari,
3707 3512 3766 3563 et

2106 3611 2246 3650 crux
2276 3594 2487 3651 Christi
2521 3612 2632 3650 non
2668 3594 2870 3668 templi
2909 3600 3066 3651 esset
3100 3613 3224 3663 ara,
3247 3596 3348 3652 sed
3372 3595 3604 3651 mundi.
3631 3618 3660 3647 ››
3697 3597 3765 3652 Et

2108 3683 2246 3741 item
2281 3683 2339 3739 in
2370 3684 2575 3740 eadem
2605 3701 2617 3740 :
2655 3707 2682 3734 ‹‹
2709 3684 2982 3756 Traxisti,
3015 3683 3279 3752 Domine,
3313 3685 3512 3741 omnia
3566 3686 3648 3742 ad
3684 3689 3760 3752 te,

2108 3775 2345 3846 utquod
2368 3773 2426 3828 in
2451 3791 2566 3829 uno
2590 3775 2804 3831 Judaue
2829 3761 3044 3847 templo
3066 3775 3433 3832 obumbratis
3465 3773 3765 3848 signiﬁca-

2105 3862 2366 3924 tionibus
2389 3867 2677 3936 ageretur,
2702 3863 2872 3936 pleno
2897 3868 3212 3938 apertoque
3233 3868 3601 3919 sacramento
3627 3863 3764 3918 uni-

2103 3968 2402 4008 versarum
2417 3951 2634 4024 ubique
2649 3952 2953 4008 nationum
2975 3951 3201 4009 devotio
3223 3951 3560 4008 celebraret.
3585 3951 3760 4007 Nunc

2105 4040 2282 4108 enim,
2299 4039 2621 4096 carnalium
2647 4039 3144 4114 signiﬁcationum
3164 4041 3442 4098 varietate
3460 4045 3762 4107 cessante,

2105 4147 2311 4186 omnes
2343 4129 2701 4186 differentias
2731 4130 3057 4186 hostiarum
3093 4148 3210 4186 una
3237 4129 3496 4204 corporis
3527 4134 3587 4186 et
3621 4147 3763 4187 san-

2103 4219 2300 4292 guinis
2316 4219 2398 4275 tui
2421 4219 2626 4292 implet
2645 4218 2890 4275 oblatio:
2907 4219 3183 4292 quoniam
3206 4223 3269 4274 tu
3287 4236 3349 4276 es
3368 4235 3540 4276 verus
3561 4235 3767 4292 agnus

2105 4307 2204 4380 qui
2228 4307 2386 4364 tollis
2407 4312 2711 4380 peccatum
2742 4308 2971 4376 mundi,
2997 4313 3054 4364 et
3075 4307 3158 4366 ita
3185 4307 3416 4381 perﬁcis
3448 4307 3507 4362 in
3541 4312 3598 4363 te
3637 4307 3769 4364 uni-

2103 4414 2268 4453 versa
2289 4399 2588 4470 mysteria,
2611 4401 2678 4452 ut
2699 4396 2852 4454 sicut
2877 4415 3064 4454 unum
3099 4403 3188 4454 est
3209 4415 3312 4470 pro
3333 4395 3492 4454 omni
3513 4395 3770 4452 victima

2105 4486 2461 4542 sacriﬁcium
2499 4502 2511 4540 :
2547 4486 2629 4541 ita
2660 4503 2846 4541 unum
2880 4485 2950 4542 de
2981 4485 3140 4542 omni
3166 4490 3340 4559 gente
3369 4485 3446 4541 sit
3477 4501 3764 4558 regnum.

347 4571 645 4646 impietate
677 4591 738 4630 se
767 4575 1073 4646 perderet:
1109 4574 1321 4632 Christi
1378 4593 1512 4632 vero
1559 4575 1842 4649 patientia
1885 4575 1993 4632 hoc
2023 4590 2071 4654 D
2103 4575 2499 4632 Conﬁteamur
2552 4575 2752 4648 igitur,
2814 4573 3203 4643 dilectissimi,
3255 4575 3409 4649 quod
3472 4575 3770 4648 magister

347 4659 483 4732 egit,
508 4666 573 4717 ut
601 4679 806 4720 omnes
837 4681 946 4718 sua
984 4663 1254 4736 passione
1297 4663 1566 4721 salvaret.
1601 4688 1628 4716 »
1663 4667 1734 4722 Et
1761 4665 1900 4721 item
1935 4665 1993 4720 in

346 4750 550 4806 eadem
591 4753 731 4823 (cap.
774 4751 826 4826 4)
857 4769 870 4807 :
910 4775 932 4803 ι
971 4752 1274 4809 Seditiosis
1305 4753 1486 4826 igitur
1511 4753 1867 4810 clamoribus
1897 4754 1995 4810 Ju-

347 4840 608 4896 daeorum
628 4841 866 4897 cedente
897 4839 1100 4909 Pilato,
1123 4841 1182 4897 in
1204 4841 1330 4898 loco
1352 4843 1444 4898 cui
1472 4859 1682 4899 nomen
1705 4843 1994 4916 Golgotha

346 4928 708 5003 cruciﬁgitur
737 4929 1042 4986 Christus:
1075 4947 1180 5003 per
1220 4930 1448 5005 lignum
1497 4931 1744 5003 erigitur
1789 4931 1990 5006 lapsus

346 5019 406 5075 in
463 5018 643 5094 ligno,
677 5023 736 5076 et
792 5023 970 5092 gustu
1030 5019 1183 5077 fellis
1241 5025 1298 5077 et
1355 5019 1500 5077 acéti
1559 5019 1805 5076 diluitur
1858 5039 1992 5078 esca

344 5108 586 5184 peccati.
621 5108 826 5165 Merito
848 5109 1196 5182 priusquam
1232 5111 1562 5166 traderetur
1581 5110 1807 5168 dixerat
1837 5113 1989 5168 279

342 5198 676 5255 Dominus:
739 5198 874 5254 Cum
943 5199 1213 5255 erallatus
1280 5201 1437 5271 fuero
1491 5217 1524 5255 a
1583 5208 1750 5270 terra,
1805 5202 1992 5257 omnia

343 5287 557 5344 traham
583 5287 656 5344 ad
683 5305 770 5344 me
795 5290 983 5360 (Joan.
1018 5305 1116 5356 xn,
1149 5288 1260 5360 32),
1295 5289 1352 5343 id
1394 5293 1501 5360 est,
1534 5293 1717 5345 totam
1750 5306 1989 5346 causam

343 5375 587 5433 humani
609 5378 840 5450 generis
863 5381 1116 5450 agam,et
1139 5376 1275 5431 olim
1301 5379 1587 5450 perditam
1615 5379 1671 5433 in
1697 5379 1988 5451 integrum

345 5467 622 5521 revocabo
643 5471 936 5534 naturam,
961 5467 1020 5521 in
1043 5483 1136 5522 me
1163 5466 1356 5522 omnis
1396 5466 1710 5523 inﬁrmitas
1734 5466 1988 5523 abolebi-

343 5557 458 5620 tur,
482 5552 542 5609 in
568 5571 662 5610 me
681 5555 874 5611 omnis
897 5555 1068 5631 plaga
1086 5555 1411 5613 sanabitur.
1443 5555 1769 5612 Exaltatum
1792 5561 1988 5612 autem

342 5640 544 5697 Jesum
566 5642 811 5699 traxisse
832 5644 903 5700 ad
927 5661 988 5700 se
1008 5645 1224 5714 omnia,
1251 5662 1365 5701 non
1393 5644 1583 5702 solum
1607 5650 1814 5702 nostra!
1846 5645 1989 5702 sub-

2103 4664 2362 4738 gcntium
2389 4662 2604 4720 Paulus
2625 4663 2878 4736 gloriosa
2897 4680 3032 4720 voce
3055 4663 3360 4720 confessus
3381 4668 3470 4719 est
3499 4662 3718 4720 dicens
3751 4679 3765 4717 :

2099 4753 2301 4810 Fidelis
2331 4769 2504 4810 sermo
2524 4761 2576 4810 et
2594 4754 2746 4810 omni
2773 4755 3075 4826 acceptione
3103 4752 3323 4824 dignus,
3342 4755 3472 4826 quia
3502 4751 3768 4808 Christus

2099 4845 2251 4900 Iesus
2282 4846 2428 4900 venit
2453 4845 2512 4898 in
2537 4842 2684 4899 hunc
2711 4842 2978 4898 mundum
3003 4850 3306 4914 peccatores
3347 4842 3525 4897 salvos
3571 4843 3774 4912 facere

2099 4932 2148 5002 (I
2180 4934 2313 4988 Tim.
2349 4950 2424 4998 1v,
2456 4931 2530 5003 9).
2565 4931 2710 4987 Hinc
2759 4947 2895 5004 ergo
2944 4930 3273 4986 mirabilior
3316 4933 3406 4986 est
3453 4946 3594 5002 erga
3649 4947 3770 4986 nos

2099 5021 2501 5078 misericordia
2526 5021 2647 5088 Dei,
2691 5021 2846 5092 quod
2896 5037 3011 5075 non
3055 5037 3160 5092 pro
3183 5019 3387 5092 justis,
3422 5035 3615 5090 neque
3653 5038 3772 5092 pro

2099 5111 2340 5176 sanctis,
2364 5110 2464 5166 sed
2489 5127 2590 5182 pro
2614 5109 2835 5182 iniquis
2865 5113 2922 5166 et
2951 5108 3148 5181 impiis
3179 5107 3448 5165 Christus
3476 5111 3568 5164 est
3599 5125 3774 5164 mor-

2097 5204 2274 5256 tuus:
2319 5205 2376 5255 et
2432 5216 2565 5256 cum
2618 5199 2826 5256 mortis
2857 5198 3127 5255 aculeum
3159 5199 3413 5270 recipere
3444 5195 3600 5254 280
3639 5216 3775 5255 non

2100 5294 2294 5362 posset
2325 5293 2535 5344 natura
2566 5289 2822 5356 deitatis,
2847 5288 3106 5360 suscepit
3135 5293 3333 5342 tamen
3365 5287 3674 5344 nascendo
3701 5305 3778 5344 ex

2099 5379 2268 5433 nobis
2299 5377 2452 5448 quod
2489 5377 2673 5448 possit
2702 5378 2907 5432 oll'erre
2938 5395 3040 5448 pro
3073 5377 3260 5432 nobis.
3300 5399 3326 5426 »
3361 5379 3422 5430 In
3457 5392 3618 5430 nona
3655 5376 3778 5433 h0-

2099 5465 2260 5521 milia
2292 5468 2428 5537 (cap.
2463 5468 2518 5533 2)
2545 5482 2558 5519 :
2591 5466 2864 5538 «Lugeat
2893 5463 3146 5522 carnalis
3176 5465 3434 5532 Judaeus,
3468 5465 3570 5520 sed
3605 5481 3780 5538 gau-

2099 5557 2231 5611 deat
2265 5553 2548 5627 spiritalis
2579 5554 2968 5622 Cbristianus,
3001 5559 3060 5611 et
3101 5555 3386 5612 festivitas
3441 5571 3569 5626 qua:
3641 5554 3783 5612 illis

2101 5662 2377 5702 conversa
2406 5648 2495 5700 est
2526 5644 2582 5698 in
2617 5649 2867 5712 noctem,
2901 5643 3070 5700 nobis
3128 5647 3391 5701 coruscet
3440 5641 3502 5698 in
3531 5642 3781 5708 lucem,
