3970 6182
233 349 334 412 345

927 349 1030 411 DE
1071 349 1830 412 PR/EDESTINATIONI‘]
1873 347 2391 411 DISSERTATIO
2433 347 2894 412 POSTERIOR.

3494 345 3614 410 346

231 482 490 559 quoniam
511 499 654 538 crux
684 481 901 539 Christi
931 485 1132 540 eadem
1164 487 1253 540 est
1273 487 1330 540 et
1355 483 1717 541 credentium
1741 483 1858 557 glo-
1885 482 1940 551 Α
1965 482 2289 555 terpellare,
2311 487 2400 538 est
2429 482 2624 556 ipsum
2655 499 2718 540 se
2745 499 2849 555 pro
2879 482 3152 542 omnibus
3181 484 3480 546 hominem
3511 489 3612 547 de-

231 575 324 641 ria,
361 577 415 629 et
457 590 575 629 non
617 573 978 630 credentium
1011 591 1201 648 poena.
1232 577 1360 641 »Εἰ
1392 575 1530 631 item
1562 574 1620 630 in
1655 576 1858 632 eadem

230 666 350 739 (cap.
381 663 523 734 eod.)
557 680 570 718 :
607 687 634 714 «
663 663 721 720 Si
754 669 947 720 autem
979 664 1038 718 in
1069 665 1227 720 exitu
1273 663 1450 721 Israel
1500 666 1570 720 de
1617 668 1858 740 Egypto

227 755 346 828 agni
367 752 611 828 sanguis
634 753 744 810 fuit
763 753 1052 810 restitutio
1075 753 1447 822 libertatis,et
1461 755 1860 812 sacratissima

225 844 478 901 estfacta
511 843 816 908 festivitas,
851 861 978 916 qua:
1009 860 1112 916 per
1141 843 1395 900 hostiam
1439 845 1680 918 pecudis
1711 845 1856 901 iram

225 936 492 990 averterat
511 933 1074 1005 vastatoris,quanta
1097 933 1331 1007 populis
1352 933 1700 991 Christianis
1721 951 1856 990 con-

228 1023 478 1095 cipienda
499 1027 642 1078 sunt
661 1023 894 1097 gaudia,
921 1039 1024 1096 pro
1053 1023 1271 1096 quibus
1302 1023 1672 1096 omnipotens
1693 1025 1860 1080 Pater

227 1113 351 1170 Filio
375 1130 481 1168 suo
503 1112 810 1186 unigenito
846 1130 961 1168 non
980 1112 1260 1185 pepercit,
1283 1114 1384 1170 sed
1407 1131 1509 1186 pro
1531 1113 1701 1170 nobis
1733 1132 1855 1171 om-

225 1203 382 1258 nibus
423 1201 668 1258 tradidit
700 1219 858 1271 eum,
889 1207 956 1258 ut
983 1202 1038 1258 in
1072 1203 1360 1259 occisione
1390 1203 1605 1259 Christi
1637 1203 1860 1260 Pascha

222 1295 362 1348 esset
387 1309 618 1360 verum,
648 1296 706 1346 et
735 1293 794 1347 in
827 1291 1110 1364 singulari
1153 1292 1459 1358 sacrificio,
1494 1310 1610 1364 quo
1642 1311 1758 1349 non
1790 1311 1859 1350 ex

222 1381 607 1438 dominatione
637 1381 958 1437 Pharaonis
1005 1399 1162 1437 unus
1193 1381 1464 1454 populus,
1501 1383 1600 1438 sed
1633 1399 1701 1438 ex
1733 1383 1856 1438 dia-

221 1469 322 1528 boli
351 1470 689 1544 captivitate
741 1475 898 1528 totus
949 1473 1209 1527 mundus
1256 1471 1527 1527 eruitur?
1559 1495 1586 1522 η
1622 1472 1764 1528 Item
1796 1473 1856 1527 in

220 1559 447 1616 homilia
469 1561 940 1634 Quadragcsimtc
967 1578 980 1616 :
1007 1585 1035 1611 «
1063 1561 1437 1617 Prudentiam
1471 1561 1687 1618 diaboli
1711 1561 1854 1617 stul-

221 1655 325 1705 tam
355 1649 494 1706 fecit
524 1649 814 1721 sapientia
843 1649 966 1718 Dei,
1001 1654 1068 1706 ut
1097 1650 1388 1722 superbus
1436 1651 1624 1707 hostis
1666 1651 1856 1707 homi-

220 1756 336 1796 nem
365 1738 576 1796 videns
605 1757 781 1812 quem
812 1739 1127 1813 aliquando
1160 1745 1552 1812 superaverat,
1585 1759 1702 1797 non
1733 1759 1854 1798 me-

219 1833 388 1925 tueret
415 1845 556 1925 eum
591 1829 861 1925 persequi
893 1846 1067 1925 quem
1098 1847 1201 1902 pro
1234 1829 1508 1886 omnibus
1553 1833 1856 1904 oportebat
1885 1859 1932 1925 B

219 1917 446 1974 occidi.»
481 1918 626 1974 Item
659 1917 716 1973 in
749 1918 992 1975 homilia
1019 1920 1089 1975 de
1119 1919 1390 1992 passione
1421 1920 1651 1976 Domini
1679 1937 1692 1976 ε
1727 1921 1852 1976 «Ad

216 2007 351 2064 hanc
388 2007 825 2081 indulgentiam
873 2009 1120 2064 traditor
1162 2010 1346 2066 Judas
1396 2010 1694 2082 pervenire
1737 2027 1852 2067 non

217 2097 388 2170 potuit
413 2113 426 2151 :
456 2097 739 2170 quoniam
763 2097 1105 2170 perditionis
1127 2097 1306 2164 filius,
1333 2098 1426 2154 cui
1449 2099 1716 2156 diabolus
1741 2103 1855 2156 sta-

217 2186 304 2242 bat
323 2205 355 2243 a
374 2187 619 2256 dextris,
645 2187 811 2260 prius
831 2187 890 2243 in
913 2186 1382 2262 desperationem
1414 2189 1850 2262 transiit,quam

217 2281 640 2334 sacramentum
670 2277 962 2350 generalis
994 2278 1412 2351 redemptionis
1443 2279 1710 2335 Christus
1741 2278 1850 2334 im-

217 2365 399 2438 pleret.
413 2367 590 2438 Nam,
607 2371 840 2423 mortuo
854 2383 957 2438 pro
971 2367 1246 2423 omnibus
1261 2367 1456 2440 impiis
1471 2367 1852 2439 Domino,po-

214 2454 407 2511 tuisset
419 2455 572 2511 forte
586 2455 763 2510 etiam
778 2456 871 2512 hic
893 2457 1172 2528 consequi
1197 2457 1518 2512 remedium
1530 2457 1599 2520 ,si
1618 2475 1732 2512 non
1749 2457 1854 2513 fes-

217 2541 446 2597 tinasset
468 2542 540 2598 ad
561 2541 1060 2614 laqueum.»1tcm
1085 2543 1142 2598 in
1164 2543 1307 2600 alia:
1330 2567 1356 2594 «
1371 2545 1730 2600 Evacuatum
1763 2549 1853 2601 cst

215 2630 466 2704 generale
500 2631 648 2688 illud
680 2631 1030 2688 venditionis
1053 2637 1262 2689 nostra}
1294 2633 1772 2706 chirographum,
1795 2639 1853 2690 et

215 2724 433 2791 pactum
446 2719 908 2794 captivitatisinj
917 2739 984 2777 us
997 2721 1232 2778 transiit
1243 2722 1851 2795 Redemptorisadtem

217 2807 268 2866 in
287 2807 527 2866 homilia
559 2809 802 2866 Sabbati
835 2809 1058 2866 sancti:
1100 2834 1127 2861 «
1153 2812 1234 2866 Ex
1264 2828 1350 2879 eo,
1379 2811 1590 2884 inquit,
1613 2811 1850 2869 initium

217 2897 368 2954 nobis
397 2899 623 2954 factum
657 2903 747 2956 est
789 2899 1233 2957 resurrectionis
1263 2899 1324 2955 in
1355 2899 1604 2968 Christo,
1637 2919 1704 2958 ex
1735 2921 1850 2976 quo

215 2983 266 3040 in
295 3003 356 3042 eo
384 2987 489 3061 qui
520 3005 627 3060 pro
657 2989 934 3045 omnibus
965 2993 1056 3046 est
1087 2989 1568 3058 mortuus,totius
1601 2991 1724 3064 spei
1755 3009 1853 3048 no-

214 3079 330 3131 stre:
359 3077 551 3133 forma
579 3079 900 3151 praecessit.
939 3101 965 3128 ››

274 3164 482 3224 Beatus
504 3183 740 3239 quoque
763 3167 1076 3242 Gregorius
1098 3166 1158 3223 in
1179 3167 1423 3224 homilia
1443 3167 1670 3224 decima
1689 3171 1854 3224 sexta

213 3252 339 3310 dicit
367 3271 380 3311 :
414 3279 441 3304 ι(
474 3235 604 3312 Non
636 3235 726 3312 est
749 3235 1228 3330 crgovindignum
1259 3256 1630 3339 Redemptori
1653 3261 1852 3314 nostro
1881 3235 1926 3302 (ἶ

212 3343 350 3412 quod
410 3343 630 3400 tentari
687 3344 872 3401 voluit
929 3345 1030 3418 qui
1085 3350 1321 3402 venerat
1372 3345 1578 3402 occidi.
1611 3346 1850 3403 Justum

209 3429 407 3504 quippe
438 3436 568 3488 erat
597 3437 666 3488 ut
696 3433 780 3489 sic
810 3434 1161 3490 tentationcs
1210 3437 1444 3492 nostras
1494 3434 1617 3490 suis
1668 3437 1852 3490 tenta-

211 3517 452 3578 tionibus
478 3521 761 3590 vinceret,
797 3523 951 3578 sicut
980 3529 1228 3580 mortem
1260 3528 1521 3580 nostram
1553 3541 1661 3580 sua
1687 3540 1854 3579 vene—

211 3611 288 3663 rat
312 3613 498 3666 morte
551 3625 848 3683 superare.
881 3635 908 3662 »
940 3613 1009 3668 Et
1037 3613 1098 3668 in
1129 3612 1373 3670 homilia
1409 3612 1693 3686 vigesima
1721 3630 1850 3685 sep-

209 3696 376 3755 tima:
413 3722 442 3748 «
465 3700 616 3756 Mori
649 3701 828 3757 etiam
861 3721 962 3775 pro
992 3702 1250 3758 inimicis
1282 3703 1568 3758 Dominus
1593 3705 1847 3770 venerat,

208 3791 257 3840 et
279 3789 468 3844 tamen
503 3791 842 3868 positurum
874 3809 936 3847 se
959 3791 1217 3847 animam
1239 3810 1342 3864 pro
1365 3790 1570 3846 amicis
1595 3790 1846 3858 dicebat,

211 3879 268 3929 ut
294 3877 552 3947 profecto
585 3879 756 3935 nobis
796 3881 1150 3950 ostenderet,
1185 3881 1324 3954 quia
1365 3897 1500 3936 cum
1553 3880 1850 3954 diligendo

209 3959 424 4022 lucrum
474 3965 668 4024 facere
717 3969 788 4025 de
831 3969 1088 4025 inimicis
1135 3987 1473 4041 possumus,
1518 3969 1693 4026 etiam
1737 3968 1850 4042 ipsi

209 4053 366 4110 amici
397 4059 544 4111 sunt
573 4056 674 4128 qui
707 4063 1162 4130 persequuntur.
1195 4080 1217 4108 ι
1251 4059 1324 4114 Et
1351 4057 1412 4114 in
1443 4058 1592 4113 libro
1625 4057 1848 4114 decimo

208 4148 400 4214 quarto
421 4143 741 4202 Moralium
763 4148 905 4220 (cap.
937 4149 1062 4215 22):
1101 4169 1129 4197 «
1157 4148 1326 4204 Stulli
1352 4163 1561 4220 quoque
1587 4147 1848 4218 despicie-

207 4229 321 4287 bant
345 4250 432 4291 me
462 4235 582 4306 (Job
611 4252 726 4302 χιχ,
760 4236 848 4304 18)
881 4253 895 4290 :
930 4253 994 4291 ac
1023 4236 1072 4292 si
1119 4240 1313 4308 aperte
1361 4235 1652 4292 diceretur
1684 4252 1696 4291 :
1731 4236 1848 4308 Ipsi

203 4318 365 4375 etiam
395 4339 492 4378 me
525 4323 936 4395 despexerunt,
960 4341 1064 4396 pro
1098 4323 1311 4398 quibus
1343 4323 1622 4380 sanandis
1655 4323 1848 4380 stulti-

202 4405 331 4463 tiam
362 4409 802 4482 prredicationis
835 4413 1153 4486 assumpsi,
1180 4414 1236 4469 id
1268 4418 1356 4470 est
1386 4417 1452 4470 ut
1480 4430 1584 4486 per
1611 4431 1846 4469 carnem

199 4492 358 4552 Verbi
390 4504 770 4568 sanarentur,
803 4506 860 4558 et
889 4503 963 4558 ab
996 4501 1142 4576 ipsis
1190 4503 1503 4576 despectus
1552 4521 1710 4571 sum,
1743 4519 1846 4575 pro

197 4585 402 4674 quibus
433 4585 660 4645 stultus
689 4589 968 4648 aestimari
999 4591 1220 4648 veritus
1252 4609 1367 4647 non
1402 4609 1592 4648 sum.»
1619 4593 1760 4649 Item
1785 4592 1843 4646 in
1873 4609 1922 4674 Β

197 4670 334 4730 libro
358 4675 652 4749 vigesimo
683 4679 872 4751 primo
905 4684 1044 4754 (cap.
1065 4683 1122 4750 5)
1147 4699 1160 4737 :
1207 4706 1233 4733 ‹‹
1260 4682 1344 4737 Ad
1376 4681 1487 4738 hoc
1517 4679 1713 4754 itaque
1740 4681 1846 4738 Do-

197 4761 383 4821 minus
414 4767 699 4840 apparuit
728 4768 787 4823 in
820 4786 1014 4837 carne,
1057 4774 1122 4826 ut
1149 4771 1474 4827 humanam
1517 4769 1694 4826 vitam
1745 4771 1845 4826 ad-

199 4853 484 4910 monendo
537 4854 836 4926 excitaret,
887 4859 1152 4932 exempla
1199 4859 1509 4932 praebendo
1567 4858 1844 4915 accende-

196 4944 296 5012 ret,
327 4941 641 5000 moriendo
691 4944 1022 5016 redimeret,
1058 4949 1416 5022 resurgendo
1466 4952 1780 5021 repararet.
1816 4971 1844 4998 »

197 5025 331 5084 Item
375 5030 436 5085 in
498 5032 788 5105 vigesimo
845 5037 1101 5092 secundo
1133 5037 1270 5110 (cap.
1307 5037 1392 5110 13)
1425 5054 1436 5093 :
1477 5061 1497 5087 «
1537 5035 1844 5110 Unigenito

195 5115 341 5174 enim
373 5117 527 5176 Filio
557 5138 662 5192 pro
701 5121 940 5179 homine
993 5125 1365 5198 interpellare
1413 5130 1522 5193 est,
1557 5125 1712 5196 apud
1745 5141 1844 5180 co-

193 5209 471 5264 aeternum
507 5207 739 5266 Patrem
771 5212 1032 5285 seipsum
1073 5214 1372 5270 hominem
1405 5215 1842 5281 demonstrare;

193 5291 353 5368 eique
405 5315 522 5370 pro
583 5297 846 5358 humana
903 5306 1116 5359 natura
1159 5321 1394 5377 rogasse
1433 5307 1542 5371 est,
1577 5302 1844 5358 eamdem

193 5383 330 5439 281
368 5389 654 5442 naturam
682 5389 740 5444 in
767 5389 1090 5448 divinitatis
1117 5410 1236 5446 sua:
1267 5392 1614 5448 celsitudine
1647 5407 1843 5446 susce-

192 5469 400 5542 pisse.»
437 5475 591 5531 Item
619 5473 679 5532 in
709 5477 992 5551 vigesimo
1019 5485 1226 5552 quarto
1257 5485 1396 5554 (cap.
1424 5482 1508 5552 2):
1543 5504 1570 5530 «
1606 5480 1713 5536 Per
1735 5479 1846 5535 hoc

193 5577 288 5631 pro
314 5563 497 5619 nobis
542 5563 694 5621 Patri
749 5567 1030 5640 loquitur,
1086 5585 1190 5642 per
1247 5569 1401 5642 quod
1460 5567 1844 5640 semetipsum

193 5648 357 5707 nobis
387 5649 655 5709 similem
687 5655 959 5712 ostendit.
1012 5656 1195 5729 Loqui
1227 5658 1438 5730 quippe
1469 5657 1618 5728 ejus,
1647 5657 1736 5712 vel
1763 5657 1848 5713 in-

1970 559 2354 629 monsitrare.»
2379 575 2519 629 Item
2544 573 2604 629 in
2627 573 2772 628 libro
2803 573 3106 647 trigesimo
3127 576 3264 648 (cap.
3293 579 3380 648 15)
3411 595 3424 634 :
3462 601 3490 630 «
3524 580 3613 636 Id-

1969 663 2122 719 circo
2145 680 2400 736 namque
2430 665 2583 720 inter
2611 681 2718 720 nos
2740 664 2916 720 homo
2939 665 3124 720 factus
3145 669 3253 731 est,
3277 671 3342 721 ut
3370 685 3486 724 non
3517 685 3628 736 so-_

1966 753 2089 809 lum
2113 771 2220 809 nos
2241 753 2526 826 sanguine
2550 755 2680 810 fuso
2705 753 3038 819 redimeret,
3058 753 3158 810 sed
3178 755 3353 810 etiam
3379 761 3610 815 ostenso

1967 843 2230 916 exemplo
2255 843 2731 899 commutaret.In
2752 842 3380 916 conversationeigitur
3391 849 3609 918 nostra,

1967 931 2320 988 ctveniendo
2343 932 2457 988 alia
2478 931 2719 1001 invenit,
2751 936 2809 988 et
2824 932 3068 988 vivendo
3091 931 3207 988 alia
3226 931 3442 990 docuit.
3477 935 3610 991 Stu-

1967 1019 2184 1078 debant
2213 1021 2368 1078 enim
2401 1039 2604 1078 omnes
2635 1022 2890 1094 superba
2916 1023 3100 1078 Adam
3124 1022 3304 1096 stirpe
3325 1023 3611 1096 progeniti

1965 1128 2247 1184 prospera
2273 1111 2403 1166 vita:-
2428 1111 2732 1184 praesentis
2755 1112 3305 1185 appetcre,advers-a
3333 1112 3609 1182 devitem,

1966 1200 2517 1273 opprobria't'ugere,
2545 1201 2792 1274 gloriam
2823 1200 3008 1274 sequi.
3031 1201 3204 1258 Venit
3223 1202 3375 1258 inter
3393 1219 3491 1259 eos
3523 1203 3612 1259 in-

1967 1293 2241 1346 carnatus
2264 1291 2548 1346 Dominus
2570 1291 2811 1346 adversa
2830 1293 3128 1362 appetens,
3154 1308 3432 1364 prospera
3451 1310 3612 1365 sper-

1968 1396 2133 1446 nens,
2167 1381 2480 1452 Opprobria
2511 1379 2890 1452 amplectens,
2912 1379 3160 1452 gloriam
3190 1380 3440 1454 fugiens.
3465 1379 3611 1438 Nam

1967 1485 2102 1524 cum
2125 1468 2311 1524 Judaei
2331 1468 2498 1525 illum
2521 1486 2717 1542 regem
2741 1469 2852 1525 sibi
2887 1469 3242 1526 constituere
3265 1469 3610 1540 voluissent,

1967 1558 2091 1614 fieri
2123 1576 2222 1615 rex
2251 1559 2466 1632 refugit
2500 1576 2513 1614 :
2548 1576 2682 1615 cum
2729 1577 2861 1616 vero
2914 1575 3048 1616 eum
3096 1557 3423 1616 interﬁcere
3451 1559 3614 1617 moli-

1967 1651 2188 1716 rentur,
2211 1651 2416 1720 sponte
2435 1648 2509 1703 ad
2531 1647 2722 1704 crucis
2746 1647 3078 1722 patibulum
3098 1647 3457 1721 venit.Fugit
3477 1665 3612 1722 ergo

1967 1737 2122 1808 quod
2151 1754 2355 1794 omnes
2377 1737 2932 1811 appetunt,appetiit
2952 1737 3106 1810 quod
3131 1753 3336 1793 omnes
3356 1737 3608 1810 fugiunt:

1966 1825 2100 1882 fecit
2143 1828 2298 1898 quod
2345 1843 2550 1883 omnes
2594 1826 2970 1894 mirarentur,
3005 1831 3068 1882 ut
3096 1831 3154 1882 et
3186 1829 3455 1884 mortuus
3485 1827 3610 1900 ipse

1964 1919 2375 1988 resurgeret,et
2399 1905 2583 1972 morte
2601 1933 2710 1972 sua
2729 1915 2875 1972 alios
2905 1917 2975 1972 de
3007 1920 3191 1972 morte
3221 1915 3552 1973 suscitaret.
3579 1938 3610 1966 η

1965 2005 2106 2061 ltem
2130 2007 2189 2061 in
2210 2005 2359 2062 libro
2380 2005 2682 2080 trigesimo
2705 2006 2894 2079 primo
2917 2005 3056 2078 (cap.
3091 2005 3178 2075 19)
3205 2021 3219 2062 :
3264 2027 3288 2057 ι
3313 2006 3421 2072 Qui
3451 2005 3609 2062 enim

1964 2098 2103 2149 sunt
2123 2093 2221 2149 alii
2245 2094 2522 2166 praerupti
2555 2093 2769 2161 silices,
2794 2094 2910 2150 nisi
2931 2093 3016 2149 illi
3039 2092 3343 2151 fortissimi
3375 2093 3609 2168 angelo-

1961 2198 2094 2270 ru‘n
2125 2181 2309 2248 chori,
2343 2182 2445 2255 qui
2477 2182 2746 2254 quamvis
2775 2199 2892 2238 non
2917 2181 3154 2256 integri,
3187 2183 3288 2238 sed
3321 2186 3519 2238 tamen
3549 2181 3610 2265 in

1964 2269 2196 2344 prOprio
2219 2274 2373 2327 statu
2397 2271 2514 2339 fixi,
2540 2273 2782 2328 cadente
2803 2288 2938 2328 cum
2969 2271 3094 2328 suis
3122 2269 3348 2346 angelis
3378 2269 3609 2328 diabolo

1963 2362 2410 2418 remanserunt?
2423 2361 2705 2434 Praerupti
2722 2361 2879 2417 enim
2905 2366 3066 2432 sunt,
3089 2361 3230 2434 quia
3249 2377 3387 2434 pars
3405 2376 3608 2417 eorum

1963 2449 2190 2516 cecidit,
2215 2467 2352 2523 pars
2373 2451 2674 2506 remansit.
2699 2449 2806 2516 Qui
2829 2449 3038 2522 integri
3070 2449 3307 2522 quidem
3329 2453 3488 2506 stant
3506 2465 3611 2522 per

1963 2527 2303 2611 qualitatem
2327 2539 2649 2606 meriti,sed
2672 2556 2775 2612 per
2795 2537 3024 2594 numeri
3050 2539 3440 2611 quantitatem
3471 2555 3610 2611 pree-

1963 2629 2138 2700 rupti.
2174 2630 2332 2684 Hanc
2380 2628 2832 2700 praeruptionem
2874 2629 3179 2685 restituere
3209 2628 3494 2684 Mediator
3520 2645 3610 2684 ve-

1963 2717 2068 2786 nit,
2093 2723 2157 2773 ut
2177 2719 2479 2790 rcdempto
2509 2718 2769 2774 humano
2800 2716 3138 2791 genere,illo
3159 2717 3422 2791 angelica
3449 2717 3610 2774 dam-

1963 2824 2040 2862 na
2069 2806 2330 2874 sarciret,
2365 2813 2422 2863 et
2451 2824 2792 2864 mensuram
2837 2805 3088 2863 cmlestis
3119 2806 3321 2880 patria:
3349 2806 3608 2881 locuple-

1959 2895 2078 2952 tius
2100 2897 2344 2954 fortasse
2366 2897 2958 2969 cumularet.Propter
2977 2896 3128 2952 hanc
3152 2896 3607 2968 prteruptionem

1962 2986 2032 3042 de
2057 2986 2225 3042 Patre
2247 2986 2480 3050 dicitur,
2507 2984 2888 3059 proposuitin
2919 3001 2984 3040 eo
3014 2983 3074 3040 in
3106 2985 3606 3057 dispensationem

1961 3075 2344 3148 plenitudinis
2371 3079 2705 3148 temporum
2738 3074 3068 3130 instaurare
3084 3073 3357 3130 omniain
3375 3072 3605 3129 Christo

1961 3182 2088 3238 quae
2121 3165 2180 3220 in
2211 3164 2374 3222 caelis
2404 3169 2460 3222 et
2491 3182 2618 3238 quae
2649 3165 2710 3220 in
2739 3168 2896 3221 terra
2941 3167 3080 3221 sunt
3108 3162 3169 3218 in
3199 3161 3346 3235 ipso.
3383 3162 3447 3218 In
3477 3160 3604 3234 ipso

1961 3252 2175 3326 quippe
2206 3255 2612 3309 restaurantur
2632 3269 2698 3309 ea
2729 3269 2857 3325 quae
2887 3251 2948 3308 in
2972 3254 3129 3308 terra
3155 3251 3461 3318 sunt,dum
3482 3265 3608 3322 pec-

1961 3346 2187 3398 catores
2218 3343 2292 3410 ad
2315 3341 2613 3415 justitiam
2641 3343 3058 3398 convertuntur
3091 3356 3104 3396 :
3139 3339 3198 3395 in
3230 3339 3358 3414 ipso
3387 3342 3608 3395 restau-

1961 3435 2169 3487 rantur
2197 3447 2265 3488 ea
2293 3447 2420 3504 quae
2452 3430 2512 3486 in
2546 3429 2706 3486 cmlis
2753 3433 2914 3495 sunt,
2946 3429 3087 3485 dum
3135 3427 3277 3485 illuc
3309 3427 3604 3484 humiliati

1960 3519 2230 3576 homines
2253 3520 2515 3587 redeunt,
2531 3519 2687 3574 unde
2709 3521 2984 3590 apostatze
3006 3515 3196 3592 angeli
3214 3515 3605 3590 superbiendo

1960 3608 2314 3664 ceciderunt.
2351 3630 2378 3657 »
2413 3609 2475 3664 In
2533 3606 2682 3663 libro
2735 3607 3037 3681 trigesimo
3095 3610 3303 3678 quarto
3333 3610 3474 3678 (cap.
3501 3606 3556 3678 8)
3585 3622 3601 3662 :

2031 3721 2061 3748 «
2092 3697 2444 3769 Expediebat
2471 3695 2688 3769 quippe
2707 3699 2772 3752 ut
2787 3700 3158 3768 peccatorum
3181 3699 3427 3750 mortem
3441 3695 3605 3767 juste

1961 3786 2337 3840 morientium
2360 3785 2606 3840 solveret
2629 3801 2788 3840 mors
2801 3785 2950 3856 justi
2971 3785 3188 3857 injuste
3217 3782 3538 3839 morientis.
3572 3804 3600 3833 »

1961 3873 2103 3930 Item
2136 3874 2194 3928 in
2226 3873 2376 3929 libro
2406 3860 2711 3948 trigesimo
2749 3872 2954 3946 quinto
2985 3876 3126 3946 (cap.
3156 3872 3214 3942 9)
3247 3889 3260 3926 :
3291 3895 3319 3922 ‹‹
3352 3872 3605 3928 Sustinui

1960 3964 2058 4034 qui
2084 3963 2254 4018 simul
2282 3978 2494 4018 mecum
2538 3965 2973 4030 contristantur,
3007 3969 3059 4018 ct
3083 3977 3194 4018 non
3223 3961 3334 4033 fuit
3360 3978 3379 4015 :
3417 3976 3604 4017 conso-

1960 4052 2162 4107 lantcm
2189 4068 2276 4106 me
2305 4051 2557 4124 quaesivi,
2585 4058 2638 4106 et
2681 4067 2793 4106 non
2840 4051 3028 4106 inveni
3065 4051 3236 4119 (Psal.
3266 4067 3458 4118 LXVIII,
3489 4050 3601 4122 21).

1959 4137 2367 4196 Consolantem
2390 4137 2675 4212 quippein
2697 4138 2970 4211 passione
2993 4137 3235 4192 minime
3255 4135 3604 4208 invenit,qui

1958 4245 2027 4284 ex
2047 4230 2322 4302 despectu
2350 4229 2558 4285 mortis
2587 4227 2762 4284 etiam
2793 4228 2954 4300 ipsos
2983 4227 3181 4283 hostes
3207 4225 3466 4298 pertulit,
3497 4241 3602 4296 pro

1959 4317 2174 4390 quibus
2205 4317 2276 4373 ad
2309 4321 2556 4372 mortem
2589 4317 2763 4373 venit.
2793 4339 2813 4366 η
2840 4316 2912 4372 Et
2943 4315 3000 4370 in
3031 4313 3274 4370 homilia
3302 4311 3604 4385 trigesima

1959 4410 2118 4462 sexta
2151 4423 2163 4462 :
2201 4428 2228 4457 «
2257 4407 2342 4461 Ad
2375 4405 2825 4479 abstergendum
2859 4419 3115 4475 namque
3163 4399 3375 4458 mentis
3397 4404 3601 4456 vestrae

1956 4495 2284 4564 fastidium,
2315 4496 2375 4552 in
2407 4512 2572 4552 omna
2599 4494 2698 4550 Dei
2731 4493 2828 4550 ille
2854 4493 3018 4549 vobis
3049 4489 3366 4564 singularis
3413 4506 3601 4562 agnus

1957 4585 2186 4641 occisus
2207 4589 2316 4640 est.
2341 4583 2452 4640 Sed
2476 4583 2618 4656 quid
2639 4583 2892 4656 agimus,
2918 4581 3017 4654 qui
3039 4580 3151 4636 hoc
3171 4579 3325 4652 quod
3349 4578 3600 4650 subjun—
3677 4569 3685 4578 ’

1954 4675 2112 4748 gitur
2141 4673 2334 4730 adhuc
2363 4673 2486 4728 ﬁeri
2519 4690 2554 4728 a
2581 4671 2788 4728 multis
2815 4669 3122 4727 videmus?
3143 4671 3210 4725 Et
3235 4675 3506 4742 accperam
3531 4669 3604 4724 si-

1953 4764 2070 4818 mul
2100 4779 2284 4819 omnes
2312 4778 2575 4818 excusare
2603 4763 2753 4831 (Luc.
2774 4777 2891 4828 xw,
2918 4761 3026 4828 18).
3051 4759 3233 4815 Oti'ert
3261 4758 3416 4814 Deus
3445 4757 3602 4830 quod

1955 4851 2145 4924 rogari
2168 4851 2370 4906 debuit
2395 4868 2409 4906 :
2435 4867 2551 4906 non
2574 4854 2812 4924 rogatus
2842 4849 2980 4906 dare
3009 4847 3153 4920 vult,
3177 4848 3336 4920 quod
3353 4846 3449 4902 vix
3479 4862 3604 4918 spe-

1955 4939 2069 4996 rari
2092 4943 2322 5014 poterat
2343 4941 2484 5014 quia
2502 4939 2704 5013 largiri
2725 4940 3068 5012 dignaretur
3081 4937 3434 5010 postulatus.
3453 4935 3600 4990 Con-

1952 5029 2343 5102 temptoribus
2362 5044 2496 5085 vero
2518 5033 2752 5102 paratas
2775 5027 3014 5084 delicias
3035 5024 3476 5082 refectioniszetc
3486 5039 3599 5077 rnze

1954 5119 2286 5190 denuntiat,
2309 5123 2364 5174 et
2386 5123 2579 5174 tamen
2603 5117 2780 5173 simul
2802 5133 3007 5174 omnes
3027 5117 3364 5171 excusant.»
3379 5113 3446 5168 Et
3472 5113 3600 5182 post

1953 5208 2294 5281 aliquanta:
2329 5233 2356 5258 «
2379 5207 2474 5263 Ait
2501 5206 2680 5274 enim,
2707 5209 2834 5262 Dico
2880 5213 3062 5262 autem
3099 5203 3248 5260 vobis
3277 5200 3416 5274 quod
3443 5215 3599 5255 nemo

1956 5299 2206 5354 uirorum
2238 5299 2458 5354 illorum
2493 5299 2588 5370 qui
2617 5298 2788 5353 vocati
2816 5303 2946 5351 sunt
2964 5295 3117 5350 282
3137 5290 3376 5364 guslabit
3391 5305 3600 5344 cumam

1952 5405 2128 5443 incum
2153 5387 2334 5455 (ibid.,
2362 5388 2472 5459 2-1).
2507 5387 2649 5441 Ecce
2707 5387 2869 5440 Vocat
2926 5399 3027 5454 per
3058 5397 3140 5448 se,
3174 5382 3341 5434 vocat
3371 5394 3474 5450 per
3503 5395 3600 5433 an-

1955 5477 2310 5550 gelos,vocat
2332 5494 2435 5550 per
2450 5475 2958 5549 prophetas,vocat
2976 5487 3079 5542 per
3099 5467 3415 5542 apostolos,
3432 5471 3599 5524 vocat

1954 5568 2131 5623 etiam
2153 5583 2255 5639 per
2273 5585 2379 5624 nos
2400 5583 2413 5620 :
2441 5569 2608 5621 vocat
2629 5563 2972 5636 plerumque
3001 5576 3104 5631 per
3123 5556 3601 5627 miracula,vocat

1955 5657 2301 5730 plerumque
2331 5673 2432 5728 per
2461 5652 2888 5726 ﬂagella,vocat
2917 5649 3232 5722 aliquando
3267 5664 3370 5720 per
3393 5646 3598 5706 mundi
