3970 6182
367 313 483 380 347
525 370 533 375 .

1223 318 1518 382 ΗΙΝΟΜΑ
1533 320 1683 382 RUS
1731 315 2176 382 RHEMENSIS
2221 318 2267 380 A
2281 319 2916 385 ltCHIEPlSCOl’US.

3648 312 3760 380 348

364 449 547 527 hujus
568 471 866 528 prospera,
887 460 1054 513 vocat
1073 454 1388 529 aliquando
1419 473 1522 530 per
1544 455 1816 512 adversa:
1843 469 2014 512 nemo
2043 457 2098 522 Α
2128 458 2268 512 runt
2295 455 2355 512 in
2387 457 2758 532 semetipsos,
2781 473 2897 514 non
2927 451 3200 531 baptizati
3226 451 3300 511 ab
3320 467 3408 510 eo.
3441 449 3602 520 Quod
3629 427 3764 507 dicit

368 549 730 611 contemnat,
765 563 834 602 ne
865 547 1007 601 dum
1037 551 1276 602 vocatus
1317 553 1574 614 excusat,
1608 563 1742 602 cum
1775 542 2027 600 voluerit
2130 543 2192 600 in
2222 546 2588 620 semetipsos,
2645 548 2733 605 vel
2793 551 2995 604 contra
3053 543 3423 616 semetipsos,
3479 538 3764 613 significat

367 635 609 692 introire
640 654 755 693 non
783 635 988 693 valeat.
1022 637 1234 694 Audite
1285 638 1428 710 quid
1461 637 1761 711 Sapientia
1792 655 1894 710 per
1922 639 2021 694 Sa-

365 724 658 782 lomonem
692 727 850 782 dicat
882 743 896 782 :
937 729 1082 783 Tunc
1128 728 1455 784 invocabant
1494 745 1600 793 me,
1631 735 1683 784 et
1707 743 1818 784 non
1847 743 2016 782 exau-

365 815 515 870 diam
543 834 561 868 :
588 832 749 872 nume
803 825 1146 888 consurge-nt,
1178 826 1230 874 et
1255 835 1368 874 non
1410 820 1688 874 invenient
1713 833 1799 872 me
1828 817 2010 884 (Prov.

363 921 404 969 1,
429 906 542 971 28).
567 902 711 960 Hine
743 910 832 960 est
863 907 1016 978 quod
1053 907 1220 962 fatua:
1250 905 1503 980 virgines
1526 907 1688 961 tarde
1713 904 2012 960 venientes

363 991 664 1049 clamant:
699 995 942 1062 Domine,
999 996 1244 1062 Domine,
1297 998 1453 1068 aperi
1508 997 1704 1062 nobis;
1734 995 1835 1050 sed
1881 993 2008 1064 jam

361 1084 502 1136 tunc
523 1083 748 1138 aditum
779 1085 1174 1155 quaerentibus
1197 1084 1446 1140 dicitur:
1477 1086 1664 1152 Amen,
1687 1084 1806 1140 dico
1839 1083 2005 1149 vobis,

359 1173 540 1228 nescio
569 1188 660 1228 vos
691 1173 892 1242 (Matth.
924 1191 1053 1239 xxv,
1090 1175 1174 1240 11,
1206 1175 1313 1245 12).
1354 1197 1374 1224 ιο
1413 1173 1557 1230 Hinc
1587 1175 1726 1230 item
1759 1173 1912 1229 idem
1946 1171 2005 1226 in

361 1258 605 1316 homilia
634 1262 978 1318 duodecima
1011 1280 1024 1318 :
1059 1286 1087 1312 «
1121 1263 1207 1318 Ibi
1247 1263 1374 1334 jam
1405 1281 1438 1319 a
1468 1263 1584 1320 Deo
1643 1281 1758 1320 non
1817 1267 2008 1336 potest

361 1349 573 1406 mereri
603 1352 759 1423 quod
791 1353 954 1424 petit,
991 1353 1088 1424 qui
1122 1351 1218 1408 hic
1248 1352 1436 1409 noluit
1465 1353 1668 1408 audire.
1699 1355 1856 1425 quod
1881 1355 2007 1423 jus-

361 1439 439 1494 sit
469 1455 483 1494 :
519 1439 618 1511 qui
647 1443 880 1512 tempus
911 1457 1180 1514 congruae
1211 1442 1561 1514 poenitentiae
1589 1441 1860 1514 perdidit,
1891 1441 2006 1496 fru-

359 1530 483 1584 stra
512 1533 648 1584 ante
679 1528 840 1602 regni
861 1529 1109 1600 januam
1141 1547 1276 1586 cum
1323 1531 1595 1604 precibus
1644 1530 1821 1585 venit.
1857 1529 2004 1585 Hinc

359 1621 449 1672 est
474 1617 632 1672 enim
657 1619 812 1690 quod
845 1635 947 1690 per
976 1619 1347 1675 Salomonem
1380 1619 1666 1675 Dominus
1687 1618 1830 1674 dicit
1863 1634 1876 1674 :
1915 1619 2005 1674 1⁷0-

357 1708 480 1762 cavi
505 1716 556 1762 et
585 1709 844 1766 renuistis
865 1729 884 1767 :
913 1709 1131 1765 extendi
1185 1726 1413 1765 manum
1453 1726 1649 1779 meam,
1680 1717 1732 1764 et
1756 1725 1868 1764 non
1893 1709 2004 1780 fuit

358 1797 456 1868 qui
481 1798 783 1868 aspiceret;
813 1797 1146 1870 dexpexistis
1173 1815 1330 1854 omne
1375 1799 1670 1855 consilium
1721 1813 1924 1862 meum,
1953 1803 2004 1852 et
2030 1829 2078 1894 Β

356 1885 752 1958 inerepationes
783 1903 930 1943 meas
955 1889 1294 1959 neglexistis.
1328 1890 1447 1960 Ego
1477 1904 1685 1959 quoque
1731 1887 1790 1942 in
1840 1887 2004 1941 inter-

355 1973 438 2028 itu
467 1982 638 2031 vestro
659 1975 863 2043 ridebo,
896 1984 946 2032 et
973 1977 1316 2032 subsannabo
1371 1993 1497 2031 cum
1543 1976 1692 2032 vobis
1749 1974 1888 2047 quod
1929 1975 2001 2029 ti-

351 2062 580 2119 mebatis
607 2063 904 2122 advenerit.
934 2065 1070 2120 Cum
1098 2067 1328 2121 irruerit
1366 2065 1646 2136 repentina
1694 2063 1999 2134 calamitas,

353 2158 406 2206 et
435 2153 686 2208 interitus
717 2156 880 2226 quasi
905 2162 1186 2225 tempestas
1208 2156 1498 2227 ingruerit.
1535 2153 1758 2221 Quando
1795 2153 2002 2227 venerit

352 2256 519 2311 super
545 2257 636 2298 vos
665 2216 948 2300 tribulatio
975 2216 1026 2300 ei
1062 2216 1334 2315 angustia.
1372 2246 1517 2298 Tune
1541 2216 2002 2299 Vinvocabunthe

353 2335 405 2384 et
433 2346 543 2385 non
571 2331 868 2388 exaudiam
895 2350 914 2387 :
944 2349 1105 2389 mane
1133 2341 1474 2404 consurgent,
1505 2340 1557 2388 et
1582 2349 1693 2388 non
1721 2332 2002 2386 invenient

351 2434 440 2474 me
469 2420 647 2488 (Prov.
670 2436 710 2487 ι,
736 2422 941 2490 24-27).
965 2445 991 2472 ››
1015 2423 1084 2477 Et
1112 2421 1412 2493 aliquanto
1441 2421 1714 2494 superius
1741 2437 1754 2476 :
1780 2443 1810 2470 ‹‹
1833 2421 1998 2477 Tunc

355 2507 516 2579 regni
532 2508 719 2579 janua
736 2508 1073 2582 lugentibus
1093 2509 1542 2582 clauditur,qua3
1553 2509 1726 2565 modo
1739 2509 1999 2581 quotidie

355 2596 776 2667 paenitentibus
804 2599 1080 2670 aperitur.
1117 2622 1145 2649 »

427 2685 499 2740 Et
517 2686 862 2744 venerabilis
907 2689 1210 2762 presbyter
1237 2690 1388 2746 Beda
1423 2689 1480 2745 in
1512 2687 1870 2761 expositione
1899 2687 2000 2742 Ac-

356 2775 526 2828 tuum
550 2775 944 2846 apostolorum
961 2795 1011 2832 :«
1027 2777 1328 2834 Demuleet
1347 2782 1543 2834 autem
1565 2774 1864 2849 apostolus
1881 2775 2000 2830 ani-

356 2878 485 2918 mos
499 2863 980 2937 Judaeorum,quo
1003 2867 1074 2922 ad
1093 2867 1450 2923 credendum
1474 2866 1650 2922 faciat
1679 2863 1998 2938 promptio-

354 2966 468 3018 res,
485 2950 728 3008 dicendo
749 2955 903 3026 quod
925 2957 1106 3012 totius
1123 2957 1328 3012 mundi
1347 2957 1610 3012 Salvator
1623 2971 1722 3010 eos
1740 2953 1996 3022 primum

353 3038 697 3098 visitaturus
714 3048 772 3099 et
786 3044 1202 3102 benedicturus
1219 3045 1477 3119 elegerit,
1503 3044 1678 3110 Vobis,
1702 3043 1994 3116 inquiens,

348 3131 596 3200 primum
623 3132 762 3188 Deus
789 3135 1060 3190 suscitans
1103 3135 1311 3190 Filium
1353 3151 1516 3190 suum
1545 3133 1676 3203 (Aet.
1711 3149 1794 3200 ιιι,
1823 3132 1935 3203 26).
1968 3153 1996 3180 »

2129 634 2270 705 quia
2291 635 2391 709 qui
2411 637 2657 710 gratiam
2681 638 2783 694 Dei
2805 637 3030 710 respuit
3051 639 3254 692 contra
3282 630 3662 704 semetipsum
3693 628 3765 685 fa-

2127 723 2338 780 citzvel
2371 727 2444 782 ad
2475 727 2820 800 semetipsos
2841 726 3101 782 missum
3132 723 3233 780 Dei
3265 719 3576 778 consilium
3605 717 3759 774 stulti

2123 813 2408 888 etingrati
2429 817 2824 889 vituperantes
2854 813 3110 871 noluisse
3140 811 3412 884 recipere.
3443 806 3758 864 Consilium

2120 919 2255 977 ergo
2273 905 2374 961 Dei
2403 911 2637 980 est,quo
2666 923 2770 980 per
2801 905 3134 979 passionem
3167 907 3222 957 et
3255 903 3502 957 mortem
3531 895 3756 954 Domini

2117 991 2258 1048 Jesu
2289 996 2578 1050 mundum
2611 995 2834 1052 salvere
2864 993 3136 1051 decrevit.
3172 1015 3200 1041 ››
3234 991 3379 1046 item
3413 1005 3426 1044 :
3461 1011 3488 1038 ει
3522 987 3594 1042 Et
3616 985 3757 1042 bene

2119 1081 2422 1154 saginatus
2451 1083 2670 1141 vitulus
2701 1082 3083 1156 dicitur,quia
3107 1097 3240 1137 caro
3271 1079 3400 1151 ejus
3424 1077 3568 1133 adeo
3599 1073 3760 1146 spiri-

2116 1169 2218 1225 tali
2251 1177 2341 1228 est
2370 1173 2566 1246 opima
2593 1174 2830 1240 virtute,
2864 1177 2932 1230 ut
2959 1189 3062 1246 pro
3095 1169 3276 1226 totius
3324 1164 3532 1222 mundi
3575 1163 3762 1221 salute

2115 1260 2371 1318 sufﬁciat
2426 1262 2486 1318 in
2545 1264 2784 1320 odorem
2844 1261 3173 1326 suavitatis,
3205 1258 3468 1314 nidorem
3498 1251 3761 1310 videlicet

2113 1351 2536 1410 immolationis
2566 1353 2640 1409 ad
2683 1353 2868 1409 Deum
2928 1351 3177 1417 mittere,
3211 1351 3269 1404 et
3327 1361 3430 1420 pro
3488 1341 3761 1400 omnibus

2111 1456 2366 1508 exorare.
2402 1465 2430 1490 ››
2465 1443 2533 1498 Et
2563 1442 2704 1498 item
2742 1459 2756 1497 :
2791 1464 2820 1492 «
2852 1439 2961 1506 Qui
3019 1437 3176 1495 enim
3229 1433 3557 1509 appellatus
3587 1428 3758 1488 estin

2109 1533 2264 1586 terra
2293 1547 2392 1586 rex
2421 1531 2782 1597 Judaaornm,
2817 1529 2876 1586 in
2911 1527 3074 1585 caelis
3103 1531 3194 1583 est
3222 1524 3499 1582 dominus
3529 1518 3762 1594 angelo-

2111 1635 2264 1674 rum.
2297 1618 2512 1675 Verum
2545 1619 2684 1692 quia
2715 1618 2982 1676 Christus
3014 1619 3074 1674 in
3105 1632 3280 1672 carne
3320 1613 3504 1670 totius
3553 1609 3760 1666 mundi

2111 1707 2444 1780 propitiatio
2475 1714 2532 1764 et
2578 1708 2886 1764 hominum
2937 1706 3204 1778 videlicet
3232 1708 3291 1760 et
3319 1699 3662 1775 angelorum
3697 1696 3759 1752 il-

2111 1795 2275 1864 luxit,
2300 1797 2543 1870 pulchre
2575 1797 2687 1854 sibi
2716 1797 2964 1854 invicem
2997 1797 3058 1852 in
3088 1797 3218 1867 ejus
3247 1793 3420 1850 laude
3451 1789 3757 1862 dispensa-

2108 1886 2288 1944 tionis
2303 1887 2562 1944 ccelestia
2590 1887 2767 1944 simul
2785 1891 2844 1942 et
2859 1891 3091 1942 terrena
3113 1884 3489 1941 concinunt.»
3522 1879 3592 1935 Et
3621 1877 3756 1932 item

2108 1991 2179 2032 ex
2209 1976 2398 2032 verbis
2427 1975 2718 2033 Ambrosii
2753 1993 2768 2033 :
2805 1997 2834 2030 ι
2861 1976 3022 2043 Iuda,
3056 1975 3240 2032 osculo
3287 1974 3329 2028 Γ
3330 1971 3493 2028 ilium
3519 1967 3760 2024 hominis

2109 2064 2326 2120 tradis?
2383 2065 2532 2136 (Luc.
2586 2083 2726 2132 xxn,
2756 2064 2870 2138 48.)
2927 2064 3165 2130 Filium,
3225 2059 3439 2133 inquit,
3497 2055 3755 2114 hominis

2108 2150 2312 2219 tradis,
2346 2154 2486 2226 quia
2539 2171 2692 2222 caro,
2727 2171 2843 2210 non
2887 2151 3184 2219 divinitas,
3217 2144 3753 2222 comprehenditur.

2107 2241 2259 2298 Illud
2289 2245 2484 2298 tamen
2519 2243 2649 2316 plus
2679 2243 2942 2300 confutet
2971 2238 3446 2313 ingratum,quod
3480 2252 3616 2292 eum
3639 2238 3752 2288 tra-

2107 2329 2340 2396 diderit,
2371 2332 2472 2404 qui
2521 2349 2656 2388 cum
2712 2337 2867 2389 esset
2895 2331 2996 2388 Dei
3031 2329 3234 2396 Filius,
3266 2330 3503 2402 propter
3531 2341 3640 2380 nos
3670 2324 3752 2376 ta-

2108 2434 2242 2473 men
2273 2418 2431 2475 filius
2462 2419 2720 2476 hominis
2751 2437 2880 2476 esse
2905 2418 3172 2486 voluit,et
3201 2415 3370 2488 quasi
3398 2412 3582 2470 dicat:
3618 2409 3750 2466 Pro-

2107 2511 2236 2578 pter
2264 2511 2318 2564 te
2343 2507 2597 2580 suscepi,
2631 2509 2877 2581 ingrate,
2907 2507 3064 2580 quod
3094 2505 3302 2561 tradis.
3339 2503 3752 2574 Interrogative

2106 2611 2246 2651 sane
2275 2597 2776 2668 pronuntiandum
2809 2601 2970 2670 puto,
3004 2594 3173 2669 quasi
3231 2590 3484 2650 amantis
3539 2589 3752 2645 attactu

2106 2684 2381 2757 corripiat
2409 2686 2784 2758 proditorem,
2815 2685 2977 2754 Iuda,
3009 2685 3191 2742 osculo
3246 2683 3453 2738 Filium
3506 2678 3752 2735 hominis

2105 2773 2275 2829 tradis
2299 2777 2322 2829 ἓ
2349 2774 2458 2830 hoc
2487 2779 2596 2840 est,
2627 2774 2844 2831 amoris
2871 2775 3113 2848 pignore
3159 2771 3373 2828 vulnus
3417 2767 3665 2841 inﬂigis,
3699 2771 3754 2822 et

2105 2861 2408 2918 charitatis
2437 2863 2629 2920 ofﬁcio
2657 2863 3004 2936 sanguinem
3029 2861 3310 2929 fundis,et
3340 2857 3500 2932 pacis
3528 2855 3751 2911 instru-

2107 2955 2302 3008 mento
2335 2955 2582 3008 mortem
2614 2952 2858 3026 irrogas,
2891 2969 3094 3009 servus
3123 2949 3451 3015 dominum,
3485 2943 3752 3016 discipu-

2106 3035 2199 3092 lus
2222 3039 2418 3110 prodis
2448 3039 2818 3112 magistrum,
2851 3037 3072 3095 electus
3101 3032 3435 3093 auctorem?
3458 3054 3488 3082 ››
3511 3032 3581 3087 Et
3612 3029 3754 3086 item

2106 3141 2175 3181 ex
2195 3127 2386 3184 verbis
2407 3128 2742 3203 Hieronymi
2767 3144 2780 3184 :
2817 3151 2845 3180 ‹‹
2869 3128 2939 3184 Et
2966 3125 3258 3200 quomodo
3289 3139 3392 3196 pro
3423 3119 3593 3177 nobis
3629 3135 3754 3174 ma-

355 3197 426 3272 Et
454 3217 594 3274 item
628 3235 642 3274 :
677 3242 707 3270 «
740 3221 1109 3294 Multumque
1139 3223 1382 3278 decebat
1411 3197 1598 3287 illum,
1617 3220 1758 3292 quin
1781 3197 2000 3276 ’Corne-
2027 3197 2070 3263 Ο
2107 3213 2388 3272 ledictum
2435 3197 2633 3273 crucis
2675 3219 2866 3273 factus
2891 3197 3002 3284 est,
3033 3219 3090 3272 et
3119 3212 3446 3286 ﬂagellatus
3475 3213 3536 3266 et
3562 3207 3754 3264 cruci-

353 3304 522 3373 lium,
557 3307 838 3374 exaudiri,
873 3309 975 3380 qui
1015 3311 1359 3366 instantiam
1411 3308 1758 3381 deprecandi
1807 3307 1998 3363 tribus

355 3391 516 3448 horis
533 3395 885 3452 continuans
907 3414 940 3451 a
961 3402 1122 3452 sexta
1142 3398 1514 3468 pertrahebat
1532 3397 1605 3452 ad
1627 3413 1863 3461 nonam,
1883 3412 1996 3468 quo

355 3483 616 3552 tempore
672 3483 956 3539 Dominus
998 3483 1124 3556 ipse
1167 3501 1340 3557 quem
1384 3486 1626 3558 rogabat
1668 3501 1771 3557 pro
1818 3483 1998 3540 totius

357 3569 563 3625 mundi
595 3569 782 3626 salute
811 3573 1065 3628 extensis
1094 3572 1155 3628 in
1184 3591 1355 3630 cruce
1387 3573 1660 3629 manibus
1711 3573 1932 3628 orabat.
1968 3594 1996 3620 ι)

355 3657 426 3713 Et
456 3658 594 3714 item
625 3659 682 3714 in
714 3660 1073 3733 expositione
1102 3661 1396 3735 Evangelii
1423 3660 1788 3734 evangelista:
1819 3661 1998 3717 Marci

357 3747 429 3802 ad
461 3745 654 3802 locum
681 3765 694 3802 :
720 3747 978 3806 «Altiore
999 3754 1192 3806 autem
1217 3767 1391 3806 sensu
1419 3769 1431 3806 :
1459 3751 1708 3806 Facilius
1732 3751 1888 3806 enim
1911 3755 2000 3806 est

355 3835 651 3892 Christum
676 3837 794 3908 pati
816 3854 919 3908 pro
935 3837 1311 3895 dilectoribus
1336 3839 1554 3908 saeculi,
1569 3857 1744 3912 quam
1766 3839 2000 3894 dilecto-

357 3939 451 3978 res
478 3923 674 3979 sazculi
706 3926 776 3980 ad
809 3925 1107 3982 Christum
1139 3945 1310 3999 posse
1341 3927 1618 3984 converti.
1653 3950 1682 3978 »
1711 3929 1781 3984 Et
1807 3927 1947 3984 item
1981 3943 1996 3982 :

359 4033 388 4060 «
413 4010 699 4069 Passurus
729 4029 834 4084 pro
863 4014 1022 4070 omni
1054 4017 1298 4084 mundo,
1320 4021 1377 4074 et
1403 4017 1702 4073 universas
1735 4016 1998 4074 nationes

357 4117 464 4156 suo
495 4100 780 4173 sanguine
809 4103 1514 4176 redempturus,moratur
1543 4106 1600 4160 in
1632 4105 1912 4162 Bethania
1938 4105 1998 4160 in

358 4188 532 4245 domo
560 4190 924 4247 obcdientiae.
957 4215 986 4243 ››
1020 4194 1091 4248 Et
1133 4193 1272 4250 item
1307 4211 1320 4250 :
1375 4217 1404 4246 «
1433 4195 1789 4267 Amphoram
1837 4213 1998 4268 aqua:

358 4276 633 4348 bajulans
663 4281 1018 4352 occurrit,ut
1046 4284 1388 4339 ostendatur
1412 4283 1591 4356 hujus
1622 4285 1852 4356 paschae
1885 4301 2002 4357 my-

357 4367 601 4422 sterium
629 4385 733 4440 pro
763 4368 1062 4426 ablutione
1112 4371 1364 4444 perfecta
1425 4373 1630 4428 mundi
1663 4373 1842 4429 totius
1871 4390 2002 4430 esse

357 4453 968 4530 celebrandumzaqua
998 4459 1215 4532 quippe
1246 4459 1540 4516 lavacrum
1567 4461 2003 4536 gratiaeJagena

2106 3304 2276 3372 ﬁxus,
2310 3305 2396 3360 sic
2425 3321 2530 3376 pro
2579 3306 2845 3362 omnium
2895 3304 3083 3360 salute
3132 3300 3297 3374 quasi
3349 3298 3559 3354 noxius
3603 3295 3760 3351 inter

2108 3391 2308 3448 noxios
2352 3393 2736 3468 cruciﬁgitur,
2769 3399 2836 3451 ut
2891 3393 2990 3450 ubi
3047 3388 3366 3448 abundavit
3421 3389 3755 3460 peccatum,

2105 3483 2545 3555 superabundet
2573 3488 2629 3540 et
2655 3484 2901 3557 gratia.»

2177 3573 2246 3628 Et
2265 3572 2649 3630 Cassiodorus
2679 3573 2740 3628 in
2772 3572 3002 3628 Psalmo
3024 3588 3126 3628 xx:
3160 3594 3188 3620 ‹‹
3208 3567 3308 3626 llle
3341 3566 3502 3624 solus
3533 3569 3628 3621 est
3657 3561 3759 3636 qui

2108 3660 2394 3718 desiderio
2426 3661 2777 3718 desideravit
2805 3648 2976 3729 mori,
2995 3659 3231 3734 quando
3261 3673 3322 3714 se
3351 3673 3455 3730 pro
3483 3654 3761 3711 omnium

2109 3751 2298 3808 salute
2326 3751 2603 3807 otl‘erebat
2631 3749 2837 3818 occidi,
2871 3753 2937 3805 ut
2979 3747 3270 3822 pretiosus
3325 3743 3569 3817 sanguis
3628 3743 3763 3828 ejus

2107 3841 2398 3898 mundum
2423 3839 2749 3907 redimeret,
2787 3856 2859 3895 ne
2880 3837 3150 3894 diabolus
3172 3852 3306 3893 eum
3328 3834 3520 3891 adhuc
3549 3832 3766 3904 iniqua

2109 3928 2561 4002 przesumptione
2586 3932 2890 3983 vastaret.»
2924 3927 2994 3982 Et
3023 3925 3163 3981 item
3187 3925 3247 3980 in
3275 3923 3478 3978 eodem
3513 3935 3527 3975 :
3562 3941 3590 3968 ιι
3607 3918 3762 3974 Nam

2109 4019 2438 4074 nescientes
2467 4033 2601 4073 vera
2631 4016 2904 4072 dixerunt
2935 4031 2950 4070 :
2982 4013 3241 4088 eportuit
3270 4027 3456 4068 unum
3492 4025 3598 4082 pro
3631 4023 3762 4064 om-

2109 4107 2286 4162 nibus
2313 4105 2482 4161 mori.
2520 4128 2548 4155 ››
2581 4105 2650 4160 Et
2677 4104 2816 4160 item
2847 4104 2908 4159 in
2938 4102 3166 4176 psalmo
3195 4119 3288 4157 xxn
3321 4117 3334 4156 :
3368 4123 3396 4151 ‹‹
3429 4097 3768 4154 Audiamus

2108 4211 2245 4268 ergo
2280 4210 2477 4250 vocem
2528 4193 2928 4250 membrorum
2958 4207 3028 4248 ex
3058 4208 3156 4247 ore
3191 4189 3422 4263 capitis,
3453 4190 3512 4243 et
3540 4183 3765 4241 intelli-

2108 4299 2319 4357 gamus
2349 4298 2418 4338 ex
2449 4285 2649 4336 nostra
2687 4297 2940 4354 persona
2982 4278 3190 4335 merito
3239 4277 3421 4334 fuisse
3467 4275 3767 4342 locutum,

2109 4370 2211 4444 qui
2240 4387 2302 4426 se
2333 4369 2586 4426 hostiam
2617 4367 2831 4424 obtulit
2860 4385 2964 4442 pro
2994 4365 3186 4424 salute
3213 4369 3580 4422 cunctorum.
3619 4384 3653 4412 »
3694 4361 3770 4418 Et

2110 4459 2250 4514 item
2269 4458 2326 4513 in
2339 4457 2544 4513 eodem
2559 4474 2572 4512 ;
2589 4480 2616 4507 «
2633 4459 2994 4530 Quapropter
3004 4457 3128 4528 jam
3155 4473 3270 4511 non
3284 4451 3772 4526 pertimescimus

357 4540 734 4614 fragilitatem
791 4546 1061 4618 designat
1107 4565 1308 4603 eorum
1340 4566 1443 4622 per
1471 4566 1620 4622 quos
1647 4551 1849 4606 eadem
1881 4557 2006 4608 erat
2035 4563 2080 4628 ι)
2111 4547 2304 4603 dicere
2347 4547 2533 4602 Deum
2585 4563 2760 4602 carne
2807 4562 3074 4618 passum,
3108 4545 3293 4602 Deum
3319 4547 3624 4600 mortuum
3659 4555 3770 4628 pro

357 4629 547 4698 gratia
576 4632 796 4688 mundo
835 4633 1360 4692 administranda.»
1381 4638 1446 4692 Et
1478 4637 1617 4694 item
1643 4655 1656 4695 :
1691 4639 2002 4697 «Consulto
2039 4626 2064 4628 ἡ
2111 4635 2300 4692 salute
2329 4639 2736 4692 cunctorum.»
2766 4636 2837 4691 Et
2866 4635 3003 4691 item
3035 4635 3269 4690 eodem:
3295 4631 3488 4688 «Nam
3511 4627 3614 4702 qui
3640 4626 3774 4702 pati

359 4715 479 4771 sive
505 4735 669 4790 aquae
702 4721 908 4793 bajuli,
941 4740 1043 4778 seu
1075 4725 1296 4780 domini
1331 4727 1563 4794 domus,
1597 4733 1738 4783 sunt
1767 4735 2000 4800 prater-

359 4804 543 4861 missa
570 4809 874 4879 vocabula,
908 4815 972 4866 ut
999 4813 1278 4869 omnibus
1333 4831 1536 4870 verum
1595 4816 1812 4888 pascha
1861 4817 2003 4873 cele-

358 4893 528 4950 brare
607 4896 958 4967 volentibus,
1014 4899 1123 4957 hoc
1179 4906 1270 4956 est
1327 4901 1539 4959 Christi
1621 4906 2005 4963 sacramentis

358 4981 828 5058 imbui,eumque
859 5005 976 5043 suae
1003 4989 1218 5044 mentis
1249 4989 1502 5064 hospitio
1531 4993 1828 5066 suscipere
1858 5011 2010 5066 quae-

359 5071 646 5140 rentibus,
679 5073 928 5130 facultas
988 5077 1182 5133 danda
1241 5077 1522 5150 signetur.
1557 5103 1585 5129 ››
1617 5081 1687 5136 Et
1743 5082 1956 5137 iterum
1992 5099 2004 5138 :

360 5181 390 5209 «
422 5160 596 5217 Solus
649 5167 779 5219 erat
835 5181 938 5236 pro
997 5166 1294 5234 omnibus,
1327 5167 1480 5224 sicut
1507 5173 1564 5224 et
1594 5169 1755 5226 olus
1786 5171 2006 5242 patitur

358 5266 462 5320 pro
518 5251 852 5310 universis:
912 5258 970 5308 et
1027 5257 1319 5326 quomodo
1377 5274 1480 5328 pro
1537 5257 1706 5313 nobis
1761 5258 2004 5315 maledi-

363 5343 522 5393 ctum
581 5340 772 5397 crueis
830 5341 1020 5397 factus
1076 5348 1166 5398 est
1222 5349 1280 5398 et
1336 5344 1686 5417 ﬂagellatus,
1721 5351 1778 5401 et
1825 5346 2008 5402 cruci-

361 5427 530 5494 tixus,
589 5428 675 5484 sic
747 5447 850 5502 pro
927 5431 1195 5487 omnium
1270 5431 1462 5488 salute
1543 5433 1712 5505 quasi
1797 5435 2006 5491 noxius

361 5513 512 5570 288
543 5518 954 5592 cruciﬁgitur.-
989 5520 1060 5575 Et
1090 5521 1149 5576 in
1181 5521 1520 5577 Commento
1552 5522 1720 5578 Lucae
1754 5539 1768 5577 :
1807 5544 1833 5573 «
1867 5523 2007 5580 Pha-

362 5600 511 5658 risaei
561 5610 759 5664 autem
807 5613 866 5664 et
912 5607 1060 5682 legis
1109 5608 1276 5682 periti
1309 5609 1622 5666 consilium
1651 5609 1751 5667 Dei
1784 5628 2008 5685 spreve-

2109 4729 2348 4782 venerat
2385 4741 2489 4797 pro
2520 4723 2711 4781 salute
2749 4729 3116 4793 cunctorum,
3149 4738 3326 4794 quem
3377 4735 3577 4776 eorum
3645 4734 3774 4782 non

2111 4813 2330 4870 diceret
2357 4814 2678 4870 fratrem?»
2709 4814 2780 4869 Et
2808 4813 2868 4868 in
2899 4812 3126 4886 psalmo
3155 4827 3302 4866 xxx:
3329 4835 3355 4861 ‹‹
3377 4809 3458 4866 De
3486 4807 3777 4882 passione

2115 4921 2222 4960 sua
2242 4902 2431 4958 multa
2449 4901 2806 4972 dicturus,ut
2836 4919 2965 4959 eam
2998 4901 3288 4974 frequenti
3313 4897 3594 4957 memoria
3627 4895 3780 4969 piis-

2115 4991 2303 5050 simus
2333 4997 2942 5064 commoneret,quam
2972 5007 3078 5063 pro
3109 4989 3375 5046 omnium
3407 4987 3595 5046 salute
3631 5002 3780 5042 sus-

2117 5080 2410 5152 cepit.»Et
2439 5080 2498 5135 in
2529 5080 2756 5152 psalmo
2785 5096 2951 5136 xuv:
2985 5103 3012 5130 «
3039 5078 3168 5135 Haec
3197 5077 3400 5146 omnia
3428 5074 3590 5133 carni
3623 5090 3780 5131 con-

2107 5168 2370 5236 veniunt,
2393 5169 2487 5225 cui
2518 5169 2832 5242 pissimum
2860 5167 3117 5225 Verbum
3144 5167 3379 5224 unitum
3409 5169 3498 5222 est
3525 5181 3636 5238 pro
3672 5181 3783 5221 sa-

2111 5255 2232 5312 lute
2262 5261 2627 5312 cunctorum.
2667 5279 2694 5306 »
2725 5257 2796 5313 Et
2822 5256 2882 5312 in
2916 5255 3141 5328 psalmo
3175 5272 3328 5322 LXIII,
3360 5255 3401 5310 A
3432 5257 3631 5312 timore
3666 5256 3788 5309 ini-

2110 5346 2245 5400 mici
2272 5347 2421 5416 eripe
2447 5346 2692 5400 aniinam
2719 5362 2960 5401 mearum
2978 5345 3102 5400 Non
3135 5343 3392 5417 postulat
3421 5348 3488 5399 ut
3516 5343 3788 5400 minime

2113 5451 2218 5506 pro
2249 5433 2514 5488 omnium
2545 5432 2734 5488 salute
2764 5433 3068 5499 moriatur,
3099 5433 3258 5489 unde
3288 5433 3521 5490 Petrum
3568 5433 3790 5506 arguit

2114 5522 2424 5588 dicentem,
2453 5522 2732 5593 Propitius
2761 5523 2864 5578 tibi
2891 5531 3022 5592 esto,
3055 5517 3300 5590 Domine,
3332 5539 3444 5579 non
3498 5523 3606 5578 erit
3674 5523 3791 5578 tibi

2115 5613 2212 5668 hoc
2239 5610 2442 5679 (Matth.
2477 5627 2589 5678 xw,
2619 5612 2749 5684 22);
2781 5612 2881 5668 sed
2933 5616 2998 5668 ut
3036 5628 3070 5667 a
3114 5611 3324 5667 timore
3372 5609 3574 5683 populi
3635 5627 3792 5683 per-
