3970 6182
149 343 250 407 319

849 342 952 402 DE
994 339 1752 403 pnsousrmmvosn
1797 300 2314 404 DISSER’I‘ATIO
2355 339 2820 402 POSTERIOB.

3411 339 3534 403 850

152 472 435 549 sequentis
465 472 663 530 anima
686 474 840 531 284
855 476 1052 546 erepta
1081 478 1297 531 sanctae
1320 471 1778 546 dispensationis
1805 473 1860 540 Α
1887 480 2068 530 autem
2094 481 2412 545 receperunt
2437 489 2581 541 eum,
2613 471 2760 529 dedit
2805 473 2884 528 eis
2908 479 3218 544 potestatem
3262 472 3406 545 ﬁlios
3432 472 3534 530 Dei

153 584 250 622 sum
278 562 572 636 compleat
603 562 993 637 passionem.»
1018 563 1086 618 Et
1105 563 1161 616 in
1194 562 1420 634 psalmo
1443 579 1610 618 1.xx:«
1631 564 1777 617 Nam

153 672 260 710 cum
283 653 510 708 dixtero
524 651 782 706 Verbum
802 651 989 707 Patris
1011 651 1213 707 fecisse
1231 651 1438 706 etclum
1469 656 1525 706 et
1540 657 1776 718 terram,

154 747 198 800 et
221 741 415 796 omnia
446 758 573 814 quae
607 742 664 794 in
698 741 782 795 eis
813 741 1230 814 sunt,perl'ecta
1261 741 1575 796 Dominum
1607 741 1776 796 devo-

155 831 281 886 tione
313 829 568 885 laudavi.
594 831 707 886 Sed
737 847 871 884 cum
903 830 1221 902 adjunxero
1246 830 1617 885 inearnatum
1650 848 1778 886 esse

157 937 233 994 pro
247 917 438 974 salute
459 919 1018 990 cunctorum,adjeci
1040 919 1344 974 cumulum
1365 918 1640 975 laudibus
1665 919 1776 992 plo-

157 1011 279 1066 nis.»
311 1009 382 1064 Et
407 1009 468 1063 in
499 1006 727 1082 psalmo
759 1026 930 1064 Lxxm
954 1026 967 1064 :
993 1032 1018 1058 ‹‹
1053 1009 1271 1064 Revera
1300 1007 1636 1082 intelligens
1668 1010 1779 1064 fac-

151 1103 223 1154 tos
249 1101 337 1154 est
385 1097 605 1170 Asaph,
639 1096 739 1170 qui
773 1095 915 1153 talia
961 1097 1103 1169 petit
1143 1098 1297 1154 unde
1327 1101 1486 1154 totus
1518 1099 1778 1155 mundus

151 1186 418 1261 potuisset
449 1187 692 1242 absolvi.
730 1211 757 1235 »
789 1189 858 1242 Et
890 1187 947 1242 in
980 1187 1212 1244 Psalmo
1245 1205 1444 1245 LXXIV:
1472 1211 1500 1238 «
1535 1189 1610 1244 Ut
1639 1187 1778 1244 libe-

152 1280 360 1332 raretur
386 1293 420 1331 a
450 1274 715 1343 crimine,
748 1275 1014 1332 invocare
1063 1277 1317 1350 neglexit
1345 1277 1609 1333 omnium
1667 1279 1775 1334 Ite-

151 1367 514 1438 demptorem.
551 1387 579 1414 ››
607 1366 676 1419 Et
703 1365 760 1419 in
794 1365 1020 1436 psalmo
1053 1383 1253 1422 LXXXIV
1286 1384 1299 1422 :
1337 1388 1364 1416 ‹‹
1395 1367 1479 1421 Ad
1531 1371 1775 1439 aegrotos

153 1453 410 1521 medicus,
445 1455 514 1509 ad
549 1452 885 1526 pestilentia
915 1454 1118 1527 plenos
1140 1460 1342 1510 auctor
1370 1454 1581 1511 salutis
1613 1455 1774 1527 adve-

151 1544 218 1599 nit
245 1559 258 1596 :
287 1542 450 1615 quod
482 1559 598 1598 non
627 1542 819 1598 solum
851 1544 924 1599 ad
956 1561 1132 1599 unam
1165 1547 1419 1618 gentem,
1448 1545 1549 1599 sed
1580 1545 1651 1600 ad
1684 1545 1778 1600 be-

151 1631 402 1688 neﬁcium
430 1631 610 1687 totius
637 1632 796 1688 orbis
825 1634 1150 1705 aptandum
1181 1635 1288 1689 est.
1316 1634 1429 1688 »Εἰ
1456 1632 1515 1688 in
1547 1633 1774 1706 psalmo

149 1738 272 1776 xxv:
301 1743 332 1772 ‹‹
371 1721 628 1793 Dignum
661 1727 752 1776 est
782 1722 939 1777 enim
971 1725 1033 1777 ut
1064 1721 1293 1795 publice
1326 1723 1533 1778 debeat
1570 1722 1774 1777 lauda-

151 1810 205 1878 ri,
230 1811 318 1884 qui
357 1810 478 1884 pati
513 1828 620 1884 pro
648 1811 912 1866 omnium
947 1810 1135 1867 salute
1167 1811 1448 1884 dignatus
1479 1816 1588 1867 est.
1627 1834 1654 1860 »

697 1927 928 1982 CAPUT
966 1926 1202 1982 XXXIV.

150 2023 268 2072 Nunc
307 2023 457 2088 quod
497 2038 657 2088 supra
708 2024 1214 2073 commemoravimus
1260 2027 1468 2075 tertium
1522 2029 1768 2091 sequitur,

195 2096 441 2158 quomodo
484 2095 768 2145 orthodoxi
791 2099 839 2145 et
867 2096 1073 2160 antiqui
1113 2098 1355 2161 magistri
1397 2113 1460 2147 eu:
1504 2100 1773 2163 scripturis

197 2167 492 2216 mathenticis
521 2167 896 2225 demonstrant,
923 2167 1140 2217 discreta
1167 2184 1264 2218 non
1297 2169 1481 2218 debere
1516 2170 1769 2234 inte/[ige-

198 2252 261 2296 re,
284 2239 412 2302 quia
441 2237 557 2287 licet
584 2239 750 2301 fuerit
779 2237 1012 2287 Christus
1036 2253 1219 2302 passus
1244 2255 1340 2304 pro
1384 2240 1639 2300 omnibus,
1669 2257 1770 2291 non

198 2313 354 2360 tamen
402 2323 576 2358 omnes
627 2309 704 2358 ad
743 2313 988 2359 sternam
1033 2310 1249 2360 salutem
1290 2311 1472 2360 mundi
1497 2313 1683 2376 pretio,
1715 2311 1774 2362 id

198 2383 261 2429 est
282 2381 538 2445 passionis
565 2381 680 2444 ejus
719 2381 961 2443 mysterio
1005 2382 1111 2430 sint
1158 2381 1425 2446 redempti.
1458 2384 1496 2432 A
1529 2399 1628 2448 quo
1653 2400 1768 2446 pre-

201 2452 259 2499 tio
283 2452 520 2501 extranei
546 2455 688 2512 sunt,
716 2453 806 2515 qui
831 2454 920 2500 aut
967 2451 1206 2501 delectati
1242 2454 1538 2517 Captivi/ate
1582 2455 1776 2504 redimi

198 2521 476 2580 noluerunt,
517 2527 611 2572 aut
653 2524 770 2587 post
814 2523 1214 2587 redemptionem
1264 2524 1338 2572 ad
1376 2524 1606 2574 eamdem
1651 2529 1770 2576 sunt

198 2595 498 2659 captivitatis
523 2595 823 2645 servitutem
845 2596 1053 2645 reversi.

202 2700 332 2756 Ecce
361 2701 660 2774 quomodo
699 2700 886 2756 sancti
925 2702 1191 2758 doctores
1240 2707 1550 2759 senserunt
1595 2708 1769 2778 atque

150 2789 505 2862 scripserunt,
539 2791 696 2864 quod
729 2790 997 2847 Christus
1029 2792 1204 2849 Jesus
1235 2793 1520 2850 Dominus
1551 2800 1766 2861 noster,

149 2878 444 2952 redemptio
474 2879 700 2936 scilicet
728 2880 912 2936 totius
952 2882 1182 2950 mundi,
1217 2899 1319 2954 pro
1368 2883 1643 2938 omnibus
1692 2884 1770 2939 sit

151 2968 497 3038 passus,licet
525 2986 640 3024 non
665 2986 870 3024 omnes
891 2971 1184 3042 passionis
1199 2972 1328 3042 ejus
1354 2971 1629 3044 mysterio
1652 2972 1771 3027 sint

149 3054 430 3128 redempti.
461 3057 609 3112 Nam
661 3057 712 3113 si
741 3057 1039 3115 Christum
1089 3059 1182 3116 his
1231 3063 1461 3116 tantum
1513 3060 1770 3116 remedia

151 3142 388 3200 attulisse
437 3144 692 3200 dicimus
742 3147 843 3219 qui
893 3148 1177 3220 redempti
1231 3152 1391 3216 sunt,
1440 3147 1770 3204 videbimur

149 3231 421 3290 absolvere
469 3250 586 3289 non
636 3235 990 3307 redemptos,
1024 3253 1170 3308 quos
1217 3254 1320 3308 pro
1369 3237 1768 3308 redemptione

149 3327 459 3396 contempta
507 3327 738 3380 constat
783 3341 912 3380 esse
963 3323 1310 3396 puniendos,
1345 3325 1499 3380 sicut
1529 3330 1768 3382 sanctus

141 3410 480 3484 Augustinus
506 3411 566 3468 in
599 3429 868 3468 sermone
900 3413 969 3468 de
999 3411 1273 3486 Symbolo
1322 3414 1393 3469 ad
1444 3414 1766 3488 neophytos

142 3515 194 3554 ex
214 3501 517 3575 Evangelio
549 3500 690 3557 dicit
719 3518 734 3556 :
770 3503 951 3558 Veniet
985 3501 1138 3567 hora,
1168 3502 1382 3574 quando
1428 3519 1612 3559 omnes
1665 3506 1762 3577 qui

140 3597 246 3645 sunt
271 3593 325 3645 in
351 3592 724 3647 monumentis
749 3591 975 3648 audient
999 3608 1180 3647 vocem
1215 3593 1352 3665 ejus,
1384 3600 1435 3648 et
1477 3593 1767 3664 precedent

139 3680 217 3747 qui
243 3679 365 3736 bene
389 3683 642 3751 fecerunt
673 3683 733 3735 in
774 3684 1228 3737 resurrectimzem
1277 3683 1445 3750 vitae;
1475 3684 1571 3755 qui
1617 3684 1765 3738 mata

138 3776 354 3835 egerunt,
392 3771 456 3824 in
503 3771 957 3826 resurrectionem
988 3771 1198 3844 judicii
1245 3772 1422 3840 (Joan.
1455 3789 1510 3839 v,
1541 3771 1672 3844 28);
1705 3776 1764 3827 et

137 3852 200 3908 illi
228 3856 508 3914 videbunt
523 3857 583 3913 in
603 3857 791 3914 forma
807 3857 1066 3915 hominis
1089 3859 1144 3914 in
1165 3876 1341 3930 quem
1365 3859 1757 3928 crediderunt,

137 3945 181 3996 et
225 3943 299 4022 illi
347 3964 524 4019 quem
575 3951 1102 4020 contempserunt:
1153 3949 1398 4004 formam
1455 3965 1590 4003 vero
1642 3948 1759 4020 Dei,

135 4046 233 4101 qua
257 4035 496 4106 aequalis
526 4041 619 4092 est
647 4036 820 4104 Patri,
841 4036 1004 4109 impii
1035 4053 1149 4091 non
1181 4036 1480 4092 videbunt.
1498 4037 1762 4093 Tollctur

134 4120 266 4176 enim
293 4123 534 4197 impius,
560 4142 632 4180 ne
663 4124 855 4180 videat
882 4124 1205 4180 claritatem
1239 4125 1492 4195 Domini,
1517 4130 1576 4182 et
1605 4126 1758 4183 beati

131 4211 548 4280 mundicordes,
573 4213 853 4286 quoniam
870 4214 979 4286 ipsi
1012 4214 1196 4270 Deum
1214 4214 1523 4285 videbunt._
1547 4217 1618 4270 Et
1647 4215 1756 4271 Do-

131 4299 306 4356 minus
333 4301 515 4357 dicit:
547 4301 850 4360 Prazdicate
877 4303 1237 4374 Evangelium
1265 4305 1422 4360 omni
1465 4311 1753 4371 creaturae,

127 4384 176 4442 id
202 4393 286 4444 est
321 4390 485 4446 omni
543 4390 767 4446 homini
804 4408 818 4447 :
864 4392 969 4460 Qui
1015 4391 1308 4448 crediderit
1355 4399 1406 4448 et
1453 4394 1756 4464 baptith

124 4474 279 4543 fuerit
303 4479 493 4534 salvus
522 4482 649 4548 erit,
682 4482 782 4552 qui
817 4497 941 4537 vero
971 4497 1076 4537 non
1107 4481 1400 4537 crediderit
1425 4481 1756 4538 condemna—

1803 1850 1850 1916 B

1886 565 2030 635 ﬁeri,
2064 565 2149 620 his
2181 566 2279 636 qui
2305 563 2536 619 credunt
2565 565 2624 618 in
2642 563 2863 618 nomine
2891 563 3007 634 ejus
3038 561 3221 634 (Joan.
3253 580 3292 630 ι,
3330 564 3438 632 12).

1959 653 2121 708 Unde
2153 653 2223 718 si,
2250 657 2314 707 ut
2346 649 2841 707 Praadestinatiani
2872 651 3094 718 dicunt,
3130 668 3242 706 non
3274 656 3364 706 est
3392 669 3532 724 pas-

1889 759 1991 798 sus
2023 742 2307 797 Dominus
2340 740 2451 796 nisi
2484 758 2586 813 pro
2608 740 2702 796 his
2723 744 2953 795 tantum
2975 739 3075 812 qui
3095 739 3385 812 passionis
3402 741 3531 812 ejus

1887 833 2164 906 mysterio
2193 835 2332 886 sunt
2362 829 2666 902 redempti,
2701 834 2758 885 et
2789 829 2887 902 qui
2922 846 3038 884 non
3087 827 3388 884 salvantur
3415 846 3532 885 non

1886 925 1975 977 est
2006 920 2322 976 voluntatis
2353 919 2476 985 Dei,
2509 919 2680 991 cujus
2707 917 2990 974 voluntati
3023 934 3195 973 nemo
3224 920 3417 990 potest
3443 935 3532 974 re-

1887 1009 2111 1077 sistere,
2145 1009 2380 1082 penitus
2410 1014 2473 1064 ut
2502 1008 2818 1076 salventur,
2842 1007 3102 1079 injustus
3131 1011 3220 1064 est
3247 1007 3402 1063 Deus
3431 1007 3532 1080 qui

1887 1099 2061 1154 infert
2112 1099 2277 1167 iram,
2311 1103 2513 1153 contra
2558 1098 2712 1170 quod
2760 1097 2903 1154 dicit
2950 1097 3263 1169 Apostolus
3296 1114 3309 1151 :
3341 1096 3530 1153 Absit.

1887 1187 2192 1256 Quoniam,
2227 1191 2289 1243 ut
2317 1186 2584 1243 catholici
2619 1189 2877 1242 fatentur
2905 1185 3196 1259 magistri,
3225 1189 3317 1242 est
3344 1186 3535 1260 gratia

1885 1276 1986 1332 Dei
2020 1276 2210 1332 salvos
2241 1277 2574 1343 faciendi,et
2603 1281 2691 1332 est
2716 1276 2965 1332 liberum
2996 1276 3304 1332 arbitrium
3335 1274 3534 1331 volun-

1885 1366 2030 1422 tarie
2062 1367 2176 1422 Deo
2209 1365 2577 1422 sacriﬁcandi
2611 1383 2623 1420 :
2655 1369 2712 1420 et
2743 1381 2913 1422 nemo
2946 1365 3165 1420 invitus
3191 1365 3338 1422 bene
3367 1363 3529 1432 facit,

1885 1455 2063 1511 etiam
2095 1454 2144 1510 si
2177 1455 2396 1511 bonum
2428 1460 2516 1512 est
2543 1455 2700 1527 quod
2733 1454 2888 1522 facit,
2925 1454 3066 1526 quia
3115 1453 3260 1510 nihil
3293 1453 3533 1525 prodest

1885 1543 2128 1617 spiritus
2161 1544 2388 1600 timoris
2413 1545 2510 1600 ubi
2537 1561 2652 1600 non
2683 1548 2774 1600 est
2790 1543 3034 1617 spiritus
3055 1543 3533 1610 charitatis.Qua-

1885 1637 2124 1706 propter
2149 1633 2435 1690 catholica
2465 1633 2724 1690 Ecclesia
2753 1637 2950 1689 cantat
2998 1633 3244 1688 Domino
3294 1629 3530 1687 miseri-

1885 1721 2142 1776 cordiam
2173 1721 2564 1795 etjudicium,
2598 1722 2699 1795 qui
2761 1739 2875 1778 non
2929 1720 3087 1777 venit
3137 1725 3201 1777 ut
3235 1720 3531 1793 judicaret

1884 1811 2304 1879 mundum,sed
2340 1816 2403 1866 ut
2430 1811 2752 1867 salvaretur
2780 1811 3041 1868 mundus
3066 1826 3169 1882 per
3196 1809 3527 1882 ipsum.Ve-

1881 1899 2002 1956 niet
2030 1900 2410 1968 autem,sicut
2437 1901 2496 1956 in
2529 1899 2794 1973 symbolo
2824 1899 3230 1965 confitetur,ad
3253 1898 3526 1970 judican-

1881 1989 1987 2045 dos
2017 1989 2174 2046 vivos
2203 1994 2262 2044 et
2291 1994 2576 2046 mortuos.
2601 1989 2661 2045 Si
2691 2006 2849 2062 ergo,
2873 1993 2938 2044 ut
2966 1988 3332 2060 Augustinus
3363 1986 3527 2054 dicit,

1881 2094 1995 2133 non
2028 2084 2117 2134 est
2148 2079 2248 2136 Dei
2280 2078 2790 2150 gratia,quomodo
2829 2077 3016 2134 salvat
3045 2076 3376 2132 mundum?
3396 2079 3455 2131 et
3475 2075 3527 2132 si

1879 2185 1994 2222 non
2028 2173 2116 2223 est
2143 2167 2393 2224 liberum
2424 2167 2756 2234 arbitrium,
2779 2167 3072 2238 quomodo
3094 2165 3324 2238 judicat
3356 2181 3526 2220 mun-

1879 2256 2053 2312 dum?
2067 2257 2282 2312 Passus
2313 2261 2402 2313 est
2433 2256 2616 2329 igitur
2641 2256 2926 2312 Dominus
2957 2272 3060 2328 pro
3089 2252 3530 2320 omnibus,licet

1879 2363 1995 2401 non
2027 2364 2232 2402 omnes
2258 2345 2550 2419 passionis
2566 2347 2615 2417 ej
2627 2363 2695 2402 us
2720 2345 2995 2418 mysterio
3013 2343 3132 2401 sint
3152 2340 3530 2415 redempti,ut

1879 2435 2072 2491 omnis
2103 2435 2202 2508 qui
2237 2435 2420 2492 credit
2451 2436 2508 2490 in
2543 2436 2739 2508 ipsum
2772 2452 2887 2490 non
2934 2437 3150 2508 pereat,
3183 2433 3282 2492 sed
3314 2431 3528 2486 haheat

1876 2523 2055 2580 vitam
2088 2530 2388 2592 aeternam,
2419 2525 2491 2580 ad
2541 2542 2720 2597 quam
2769 2524 2976 2580 invitat
3015 2538 3240 2587 omnes,
3273 2519 3474 2576 dicens
3507 2534 3520 2572 :

1881 2613 2090 2672 Venite
2117 2616 2198 2671 att
2219 2631 2309 2672 me
2329 2624 2604 2683 omnes,et
2628 2613 2932 2670 invenietis
2945 2611 3198 2685 requiem
3215 2609 3526 2666 animabus

1879 2705 2080 2760 vestris
2108 2703 2541 2772 (Mutth.xr,29),
2563 2708 2619 2758 et
2647 2701 2772 2758 vult
2799 2718 3005 2758 omnes
3035 2699 3303 2756 homines
3333 2697 3524 2755 salvos

1879 2791 2137 2865 fieri,qui
2171 2793 2465 2848 neminem
2495 2791 2619 2847 vult
2649 2791 2999 2864 perire,licet
3027 2805 3142 2844 non
3174 2803 3380 2844 omnes
3407 2785 3521 2843 sal-

1877 2882 2271 2948 vcntur.Quod
2301 2885 2496 2937 autem
2529 2881 2769 2954 quidam
2799 2879 3120 2944 salvantur,
3136 2875 3414 2932 salvantis
3435 2879 3526 2930 est

1877 2969 2096 3024 donum
2124 2986 2135 3024 :
2159 2971 2313 3042 quod
2345 2988 2480 3028 vero
2497 2969 2738 3042 quidam
2771 2963 3411 3040 percunt,pereuntium
3435 2965 3524 3018 est

1878 3057 2323 3131 meritum,quia
2351 3059 2558 3130 perivit
2585 3058 2768 3114 Adam
2801 3061 2858 3112 et
2889 3055 2948 3110 in
2982 3055 3107 3127 ipso
3137 3068 3341 3108 omnes
3375 3050 3524 3124 peri-

1873 3145 2088 3202 vimus.
2123 3148 2202 3202 De
2224 3165 2340 3220 qua
2363 3165 2560 3204 massa
2579 3145 2923 3220 perditionis
2949 3142 3190 3216 quidam
3207 3140 3397 3214 gratia
3417 3139 3520 3195 eli-

1799 3220 1842 3286 C
1878 3241 2100 3309 guntur
2128 3237 2198 3292 ad
2230 3237 2427 3302 vitam,
2451 3237 2689 3310 quidam
2719 3235 2776 3290 in
2809 3251 2877 3290 ea
2891 3232 3117 3305 judicio
3149 3231 3517 3297 deseruntur,

1875 3329 1932 3382 et
1963 3343 2077 3381 non
2109 3345 2143 3380 a
2173 3326 2286 3382 Deo
2319 3327 2810 3400 praedestinantur
2835 3324 2908 3380 ad
2958 3325 3228 3389 mortem,
3261 3319 3360 3392 qui
3405 3335 3520 3374 non

1874 3413 1997 3470 vult
2027 3419 2272 3471 mortem
2306 3414 2762 3486 peccatoris,sed
2795 3418 2860 3468 ut
2888 3413 3257 3468 convertatur
3284 3412 3343 3465 et
3371 3406 3524 3463 vivat

1877 3505 2104 3574 (Ezeeli.
2128 3522 2282 3572 xvnl,
2302 3507 2415 3574 23).
2443 3507 2571 3579 Ipse
2602 3509 2690 3560 est
2719 3504 2876 3560 enim
2909 3501 3262 3558 resurrectio
3283 3505 3339 3555 et
3370 3498 3520 3568 cita,

1873 3600 1927 3648 et
1959 3595 2059 3666 qui
2085 3595 2272 3649 credit
2305 3595 2362 3648 in
2392 3611 2549 3661 cum,
2573 3594 2817 3649 etiamsi
2843 3601 3107 3648 mortuus
3131 3589 3312 3662 fuerit
3345 3588 3518 3658 vivet,

1871 3689 1928 3740 et
1959 3685 2060 3757 qui
2074 3685 2214 3739 rivi!
2228 3689 2280 3738 et
2295 3683 2480 3740 credit
2506 3683 2563 3737 in
2577 3699 2711 3737 eum
2723 3698 2838 3737 non
2854 3681 3135 3737 morietur
3153 3679 3215 3734 in
3233 3683 3518 3736 aeternum

1870 3775 2068 3841 (Joun.
2099 3789 2177 3839 χι,
2211 3774 2300 3839 25,
2331 3773 2446 3840 26),
2482 3770 2599 3826 vita
2629 3769 2826 3825 vivens
2853 3786 2920 3824 ex
2951 3785 3100 3841 pane
3129 3767 3278 3835 vivo,
3313 3765 3412 3838 qui
3447 3765 3519 3820 de

1871 3860 2014 3915 calle
2045 3858 2437 3928 descendit,et
2464 3859 2566 3915 dat
2593 3859 2770 3914 vitam
2804 3857 3046 3928 mundo,
3061 3872 3235 3930 quem
3267 3853 3428 3910 dedit
3458 3851 3516 3908 in

1869 3965 2039 4004 cruce
2073 3965 2175 4020 pro
2205 3949 2482 4004 omnibus
2514 3945 3054 4015 redimendis,sicut
3082 3944 3208 4018 ipse
3237 3942 3415 3998 dicit:
3443 3944 3519 3997 Et

1863 4037 2040 4109 panis
2067 4053 2233 4110 quem
2263 4054 2370 4110 ego
2399 4037 2620 4093 dedero
2650 4053 2790 4092 euro
2821 4052 2947 4091 mea
2972 4043 3054 4090 est
3084 4050 3194 4103 pro
3211 4031 3411 4088 mundi
3437 4032 3520 4086 vi-

1866 4132 1934 4183 ta
1963 4130 2158 4196 (Joan.
2194 4143 2270 4194 v1,
2300 4126 2412 4194 25).
2445 4126 2528 4181 Ad
2561 4127 2734 4198 cujus
2771 4141 2938 4180 esum
2970 4139 3176 4179 omnes
3209 4119 3520 4176 Psalmista

1867 4215 2073 4271 invitat
2103 4215 2303 4272 dicens
2337 4233 2350 4270 :
2392 4215 2666 4272 .Jccedile
2697 4213 2783 4269 ad
2807 4229 2956 4283 eum,
2985 4218 3040 4267 et
3073 4206 3517 4275 ittuminumiui,

1865 4311 1921 4361 et
1968 4305 2168 4360 cultus
2213 4304 2388 4361 vestri
2433 4321 2548 4361 non
2595 4304 2924 4359 crubesccnt
2974 4299 3156 4368 (Psal.
3191 4313 3384 4362 xxxm,
3415 4297 3513 4363 6);

1866 4399 1923 4449 et
1957 4410 1970 4447 :
2002 4398 2239 4449 Gustate
2267 4399 2321 4448 et
2373 4393 2560 4450 ridete
2598 4409 2772 4466 quam
2817 4389 3012 4446 suavis
3061 4395 3144 4442 est
3191 4383 3464 4440 Dominus
3497 4400 3510 4438 :

1866 4482 2078 4538 beatus
2125 4484 2214 4538 εἰν
2255 4483 2353 4556 qui
2393 4487 2594 4552 sperat
2645 4483 2710 4536 in
2757 4496 2824 4536 eo
2871 4477 3058 4548 (ibid,
3087 4476 3164 4548 9).
3198 4475 3268 4530 Et
3295 4473 3367 4528 de
3397 4489 3514 4544 quo

127 4563 256 4656 bitur
297 4567 488 4636 (Marc.
519 4585 635 4637 xvr,
672 4569 758 4637 15,
796 4569 903 4640 16).
948 4571 1018 4626 Et
1051 4587 1064 4625 :
1115 4571 1223 4638 Qui
1267 4587 1378 4626 non
1425 4571 1598 4627 credit
1633 4573 1756 4644 jam
1787 4592 1834 4656 Β
1865 4570 2078 4628 iterum
2111 4572 2250 4628 item
2283 4572 2424 4627 dicit
2457 4587 2469 4624 :
2497 4571 2616 4640 Qui
2646 4585 2707 4626 se
2738 4566 3034 4656 elongonti
3067 4582 3104 4621 a
3133 4569 3207 4656 Ie,
3237 4562 3512 4656 peribunt

116 4652 368 4720 judicent:
397 4659 638 4731 est,quia
665 4674 774 4714 non
824 4659 1056 4715 credidit
1101 4661 1161 4714 in
1206 4661 1431 4715 nomine
1477 4661 1760 4728 unigeniti

123 4740 236 4798 Filii
262 4749 382 4802 Dei.
417 4748 526 4804 Hoc
566 4756 649 4804 est
691 4757 872 4804 autem
888 4749 1188 4821 judicium,
1219 4751 1350 4822 quia
1382 4750 1482 4804 tua:
1510 4751 1659 4806 venit
1688 4752 1748 4806 in

121 4833 387 4904 mundum,
422 4844 476 4892 et
501 4836 812 4893 diluerunt
841 4837 1085 4894 homines
1108 4841 1287 4908 rnagis
1317 4841 1565 4895 tenebras
1587 4856 1753 4912 quam

123 4918 274 4976 lucem
299 4942 318 4978 :
350 4933 515 4982 erant
538 4927 690 4982 enim
714 4942 906 4982 eorum
929 4928 1079 4982 mata
1119 4943 1282 4999 opera
1311 4931 1496 4997 (Joan.
1531 4945 1612 4996 ιιι,
1663 4929 1747 4996 18,

123 5008 212 5081 19).
241 5012 358 5068 Et:
413 5015 560 5070 Cum
606 5017 816 5071 venerit
864 5015 961 5070 ille
1004 5017 1234 5087 spiritus
1282 5015 1432 5073 285
1483 5018 1749 5082 veritatis,

120 5098 200 5153 ille
223 5111 420 5171 arguet
448 5104 736 5171 mundum,
769 5104 827 5159 id
856 5110 948 5160 est
977 5103 1333 5161 habitatores
1363 5111 1421 5161 et
1459 5111 1750 5163 amatores

119 5189 322 5258 mundi,
373 5191 448 5248 de
473 5201 704 5266 peccato,
740 5196 872 5266 quia
918 5211 1029 5250 non
1073 5194 1302 5251 credunt
1347 5197 1408 5250 in
1455 5212 1540 5252 me
1567 5199 1752 5266 (Joan.

115 5291 209 5346 xvi,
238 5281 314 5351 8).
347 5282 482 5336 Lua:
504 5299 651 5338 enim
698 5285 759 5338 in
808 5285 1044 5340 tenebris
1092 5285 1249 5353 lucet,
1284 5293 1335 5342 et
1365 5286 1609 5343 tenebrae
1635 5303 1752 5342 eam

111 5381 200 5420 non
242 5371 777 5441 comprehenderunt
823 5375 1005 5444 (Joan.
1054 5392 1092 5441 ι,
1123 5376 1225 5442 5):
1280 5391 1394 5430 non
1448 5375 1585 5448 quia
1640 5394 1752 5432 non

116 5460 545 5528 potuerunt,sed
567 5461 704 5532 quia
723 5461 1058 5518 noluerunt.
1079 5463 1223 5518 Nam
1245 5468 1302 5519 et
1325 5464 1573 5520 tenebrae
1596 5482 1750 5522 rece-

117 5551 317 5616 perunt,
352 5548 581 5621 quibus
609 5549 828 5606 dicitur
859 5569 871 5607 :
904 5553 1106 5608 Fuistis
1147 5553 1446 5624 aliquando
1491 5555 1745 5623 tenebrae,

120 5647 240 5689 nm
282 5646 481 5694 autem
527 5639 624 5694 lux
665 5642 724 5694 in
772 5641 997 5697 Domino
1036 5642 1248 5714 (Ephes.
1283 5660 1338 5710 v,
1369 5642 1462 5714 8);
1497 5651 1748 5716 quotquot

1868 4663 2048 4730 (Psal.
2083 4677 2250 4725 LXXII,
2281 4663 2374 4727 27)
2408 4676 2421 4714 :
2455 4660 2732 4732 quoniam
2765 4660 2831 4713 ut
2863 4657 2988 4729 ipse
3019 4652 3306 4711 Dominus
3336 4651 3512 4708 dicit:

1861 4752 1981 4822 Qui
2007 4767 2121 4804 non
2150 4748 2497 4817 crediderit,
2529 4745 2798 4802 videlicet
2827 4746 2886 4801 in
2920 4743 3273 4818 promissam
3322 4745 3378 4797 et
3410 4758 3516 4813 pa-

1862 4843 2050 4894 ratam
2097 4837 2374 4893 omnibus
2427 4835 2702 4904 salutem,
2754 4832 3248 4892 condemnabitur
3295 4834 3512 4900 (Marc.

1859 4944 1974 4995 xw,
2010 4927 2096 5000 16)
2124 4943 2138 4994 ;
2169 4931 2226 4983 et
2258 4925 2492 4993 Paulus,
2528 4926 2646 4980 imo
2680 4942 2782 4998 per
2808 4941 2944 4980 eum
2976 4923 3102 4996 ipse
3133 4920 3423 4984 Christus,
3447 4935 3517 4975 ea

1861 5019 2091 5072 tantum
2136 5016 2248 5072 [ide
2279 5032 2406 5088 quae
2435 5031 2538 5088 per
2568 5013 2942 5070 dilectionem
2967 5015 3244 5085 operatur
3272 5008 3512 5065 creden-

1859 5112 1948 5161 tes
1997 5104 2204 5161 salvari
2253 5103 2413 5170 dicit,
2447 5105 2577 5174 ejus
2629 5100 2962 5175 coapostolo
3011 5102 3360 5163 afﬁrmante,
3395 5111 3510 5148 non

1865 5195 2144 5266 prodesse
2173 5195 2368 5258 (idem,
2400 5193 2448 5248 si
2481 5210 2656 5265 opera
2687 5193 2938 5265 quisque
2967 5207 3081 5246 non
3114 5189 3345 5244 habeat.

1936 5285 2089 5340 286
2119 5283 2247 5339 Noti
2278 5283 2432 5339 enim
2489 5285 2630 5339 sunt
2678 5299 2780 5354 per
2836 5279 3170 5337 universum
3221 5273 3509 5329 mundum

1863 5379 2039 5446 atque
2071 5373 2363 5428 manifesti
2395 5389 2647 5445 quorum
2688 5369 2951 5441 exempla
2999 5365 3326 5440 posuimus,
3359 5379 3508 5434 quos

1861 5462 2205 5536 singillatim
2237 5480 2305 5518 ex
2353 5461 2590 5518 nomine
2639 5458 3096 5533 designavimus,
3136 5469 3507 5526 quorumque

1859 5551 2136 5607 doctrinm
2183 5550 2511 5620 innitimur,
2545 5569 2579 5606 a
2609 5564 2861 5622 quorum
2911 5543 3176 5600 doclrina
3222 5547 3280 5598 et
3328 5559 3506 5598 sensu

1861 5643 2198 5715 quicunque
2221 5643 2513 5698 discordat
2546 5641 2697 5696 inter
2712 5635 3028 5694 catholicos
3061 5635 3356 5692 numerari
3389 5652 3506 5692 non
