3950 6172
165 311 264 397 353

840 330 944 392 DE
987 327 1748 392 PBIEDESTINATIONE
1789 327 2308 392 DISSERTATIO
2354 333 2818 396 POSTEBIOB.

3433 347 3556 407 354

161 465 353 524 vinclis
369 462 884 522 sanctusHilarius
899 463 957 519 et
972 462 1333 536 Prosper,ita
1349 467 1415 518 ut
1429 462 1799 536 scripsimus,
1830 465 1884 532 Α
1917 484 1946 512 «
1976 463 2293 519 Donatistae
2342 465 2496 538 apud
2529 481 2592 521 se
2623 470 2853 524 tantum
2885 469 2943 524 in
2973 471 3164 528 Africa
3207 475 3554 533 catholicam

164 557 494 616 docuerunt.
520 554 587 610 In
619 569 719 610 sex
743 552 1058 626 provinciis
1091 552 1287 609 Africae
1317 552 1642 626 Cyprianus
1671 553 1804 608 Car-

169 643 520 719 thagiaensis
549 642 1052 715 archiepiscopus,
1081 645 1138 697 et
1168 646 1410 698 sanctus
1437 641 1804 714 Augustinus

165 731 704 808 ilipponeregiensis
723 729 1032 804 episcopus
1052 731 1138 787 sic
1153 729 1435 787 catholice
1452 730 1798 786 docuerunt.

156 825 422 896 Idemque
453 821 666 878 beatus
693 820 1060 895 Augustinus
1080 819 1325 878 antidoti
1357 818 1798 887 confectionem,

168 913 225 974 ad
244 912 390 969 hanc
411 915 472 968 et
491 909 641 968 alias
663 907 886 966 multas
918 909 1287 966 inﬁrmitates
1307 908 1554 964 miriﬁce
1585 908 1799 964 facien-

164 1008 291 1070 tem,
313 1001 422 1058 hoc
451 1000 662 1056 morbo
693 999 754 1054 in
775 997 979 1056 Galliis
1003 996 1412 1055 laborantibus
1437 997 1592 1054 circa
1621 998 1799 1053 linem

159 1091 373 1148 dierum
389 1102 637 1146 suorum
653 1087 1003 1144 transmisit.
1018 1085 1308 1161 Hispania:
1323 1104 1556 1161 quoque
1574 1091 1799 1159 septem

159 1180 451 1254 provincia:
487 1177 597 1235 hac
627 1176 893 1234 doctrina
917 1175 1205 1234 catholica
1234 1193 1337 1249 per
1355 1181 1626 1233 sanctum
1651 1175 1806 1232 Hila-

159 1271 298 1327 rium
327 1275 385 1326 et
407 1269 760 1340 Prosperum
783 1265 1088 1323 illustratus
1109 1267 1363 1323 fuerunt.
1389 1267 1452 1323 In
1483 1265 1798 1340 provinciis

160 1361 343 1415 decem
374 1364 432 1414 et
471 1370 681 1414 novem
730 1355 964 1430 Illyrici,
999 1355 1163 1413 Pauli
1213 1355 1623 1430 praedicatione
1667 1356 1797 1410 fun-

159 1448 315 1517 datis,
339 1452 396 1504 et
415 1463 519 1503 sex
539 1444 855 1520 provinciis
883 1443 1166 1516 Thraciae,
1187 1445 1248 1500 in
1271 1461 1388 1518 qua
1404 1449 1495 1501 est
1515 1444 1795 1502 Constan-

157 1535 442 1612 tinopolis,
467 1550 650 1609 quam
679 1529 992 1608 Gregorius
1019 1533 1445 1602 Nazianzenus,
1474 1535 1565 1590 vir
1591 1534 1651 1590 in
1683 1535 1797 1590 fide

157 1632 206 1683 et
233 1625 498 1682 doctrina
522 1624 992 1698 opinatissimus,
1017 1639 1122 1698 per
1141 1623 1450 1680 duodecim
1477 1640 1662 1680 annos
1681 1623 1797 1696 epi-

158 1714 454 1792 scopaliter
483 1715 657 1786 rexit,
685 1713 1091 1770 haereticorum
1135 1713 1330 1786 capita
1358 1712 1792 1786 conquassavit,

159 1821 354 1878 eosque
384 1803 677 1860 novacula
700 1803 912 1876 linguae
944 1801 1242 1859 catholicas
1275 1819 1309 1858 a
1337 1801 1650 1876 provinciis
1680 1803 1793 1858 eis-

159 1895 272 1950 dem
301 1893 504 1950 erasit.
531 1889 751 1950 Verum
781 1899 839 1948 ct
868 1891 1182 1965 Dionysius
1208 1890 1606 1964 Areopagites,
1641 1891 1792 1946 anti-

159 1999 291 2056 quus
310 1988 370 2038 et
386 1981 744 2038 venerabilis
769 1980 956 2049 Pater,
980 1979 1133 2036 sicut
1163 1979 1532 2054 scripsimus,
1555 1983 1791 2052 aposto-

157 2071 251 2126 iice
270 2071 493 2140 docuit,
519 2073 579 2126 et
605 2071 861 2128 Joannes
881 2069 1334 2144 Chrysostomus
1365 2069 1446 2124 ita
1467 2073 1532 2124 ut
1551 2069 1679 2140 ejus
1701 2069 1794 2125 de-

158 2160 363 2216 clarant
388 2159 734 2216 testimonia
764 2158 1114 2233 prmdicavit.
1137 2158 1200 2214 In
1229 2158 1536 2214 duodecim
1567 2157 1795 2231 provin-

159 2251 250 2307 ciis
283 2251 453 2319 Asiae,
489 2249 649 2306 sicut
695 2249 820 2323 ipse
866 2249 1123 2306 Joannes
1167 2247 1619 2322 Chrysostomus
1668 2245 1792 2302 suis

157 2340 373 2412 scriptis
401 2340 794 2410 demonstrat,
814 2337 978 2394 exsul
1009 2337 1258 2394 factione
1299 2336 1705 2392 haereticorum
1736 2341 1794 2391 et

156 2429 532 2501 quorumdam
583 2429 760 2483 etiam
807 2427 1006 2494 livore,
1041 2427 1121 2482 ita
1154 2426 1477 2499 perdocuit.
1515 2426 1576 2480 In
1627 2425 1793 2496 Syria

155 2518 368 2585 Ciliciae;
390 2517 453 2573 in
479 2533 598 2590 qua
616 2523 708 2572 est
728 2515 1050 2582 Antiochia,
1079 2513 1394 2588 provinciis
1412 2513 1680 2568 videlicet
1700 2513 1794 2567 (lo-

156 2621 264 2662 cem
305 2624 574 2673 numero,
604 2605 793 2662 isdem
833 2605 1088 2661 Joannes
1116 2603 1590 2676 Chrysostomus,
1623 2606 1791 2657 antc-

153 2713 312 2768 quam
335 2697 406 2752 ab
427 2695 760 2762 Antiochia,
785 2699 850 2750 ut
880 2693 1185 2751 Liberatus
1205 2690 1577 2766 Carthaginis
1607 2690 1790 2746 archi-

155 2785 418 2842 diaconus
449 2784 682 2852 scribit,
715 2787 1058 2856 assumptus
1103 2779 1603 2853 Constantinopoli
1635 2778 1790 2835 ordi-

155 2879 377 2931 naretur
403 2874 742 2948 episcopus,
763 2871 846 2930 ita
875 2871 1301 2946 dogmatizasse
1329 2871 1631 2943 probatur.
1656 2869 1792 2924 Bea-

154 2971 236 3020 tus
263 2979 494 3038 quoque
523 2963 920 3036 Hieronymus
946 2961 1008 3016 in
1033 2960 1203 3034 Syria
1231 2959 1558 3025 Palaestina,
1585 2959 1643 3014 in
1674 2975 1792 3030 qua

152 3059 229 3110 est
253 3052 582 3111 Jerusalem
612 3051 816 3108 civitas
854 3055 912 3107 et
957 3048 1252 3106 Bethleem
1302 3047 1604 3122 oppidum,
1637 3047 1792 3103 sicut

1911 552 2265 608 remansisse
2293 552 2697 626 gloriabantur
2725 555 3064 627 Ecclesium,
3099 561 3244 617 falso
3273 563 3425 620 inter
3451 582 3556 620 cae-

1910 645 2035 698 tera
2065 642 2377 714 Scriptura:
2419 643 2706 700 donantes
2751 645 3081 718 exemplum
3131 666 3246 721 quo
3290 652 3550 710 dicitur:

1907 732 2049 787 Deus
2077 731 2146 786 ab
2174 731 2357 802 Africo
2403 735 2598 801 veniet,
2622 742 2675 790 et
2698 741 2918 791 sanctus
2958 736 3025 792 de
3069 745 3247 794 monte
3288 741 3554 800 condenso

1907 828 1960 876 et
2005 820 2255 876 umbroso
2286 820 2439 892 (Hab.
2463 839 2546 890 ιιι,
2569 823 2645 894 3).
2671 843 2699 873 ››
2725 826 2984 889 Quorum
3032 825 3348 884 falsitatem
3396 829 3554 887 idem

1908 909 2116 965 beatus
2134 910 2502 983 Augustinus
2523 911 2892 983 apertissime
2913 914 3250 983 denudavit,
3271 921 3328 973 et
3357 930 3554 991 repro-

1908 997 2088 1066 bavit,
2119 1004 2296 1072 atque
2325 1000 2546 1056 revicit.
2579 1001 2724 1057 Nam
2766 1002 2815 1057 si
2856 1001 3052 1075 plures
3082 1019 3260 1076 quam
3299 1005 3555 1064 diximus

1907 1103 2156 1143 numero
2187 1089 2448 1145 moderni
2479 1089 2729 1146 existant
2759 1091 3277 1162 Praedestinatiani,
3300 1096 3555 1152 necdum

1906 1193 2256 1248 cognoscere
2283 1193 2637 1250 possumus:
2665 1179 2803 1251 quia
2820 1180 2930 1236 etsi
2951 1198 3152 1238 eorum
3175 1183 3352 1240 corda
3371 1183 3432 1240 in
3464 1185 3555 1241 in-

1907 1265 2133 1320 saniam
2165 1266 2418 1338 perversi
2441 1283 2651 1324 sensus
2669 1267 2985 1336 ebulliunt,
3009 1287 3188 1342 prava
3205 1276 3402 1330 tamen
3423 1286 3552 1346 quae

1894 1353 2168 1410 sentiunt
2217 1353 2475 1428 apertius
2522 1355 2716 1428 eloqui
2765 1373 2882 1412 non
2943 1365 3324 1431 praesumunt.
3360 1362 3446 1420 Ita
3489 1367 3555 1419 ut

1905 1448 2102 1516 aperte
2131 1445 2435 1501 videamus
2473 1443 2703 1518 impleri
2733 1447 2890 1518 quod
2921 1447 3206 1520 scriptum
3233 1453 3326 1506 est
3354 1467 3368 1506 :
3406 1453 3552 1508 00n-

1903 1549 2132 1604 gregans
2172 1536 2318 1590 sicut
2369 1536 2432 1590 in
2479 1543 2601 1591 utre
2653 1551 2824 1608 aqua:
2877 1539 3054 1593 maris
3082 1538 3252 1611 (Psal.
3273 1555 3450 1609 mn,
3471 1542 3550 1614 7).

1902 1623 2069 1693 Aqua
2112 1621 2268 1677 enim
2326 1621 2507 1678 maris
2561 1622 2717 1679 sicut
2764 1623 2824 1678 in
2879 1628 3007 1682 utre
3063 1631 3414 1700 congregata
3439 1633 3550 1698 est,

1901 1711 2140 1782 quando
2189 1727 2391 1767 amara
2438 1711 2843 1768 haereticorum
2891 1713 3138 1771 scientia
3173 1717 3330 1788 quod
3379 1733 3552 1790 prave

1905 1798 2084 1854 sentit
2112 1799 2171 1854 in
2203 1804 2433 1872 pectore
2474 1800 2830 1874 comprimit,
2863 1805 2922 1858 et
2949 1808 3145 1876 aperte
3195 1805 3387 1862 dicere
3434 1823 3551 1864 non

1903 1888 2226 1960 praesumit.
2260 1889 2328 1944 Et
2366 1893 2518 1945 recte
2557 1891 2780 1946 noviter
2808 1890 3154 1964 garrientes,
3175 1898 3243 1950 ut
3271 1893 3548 1964 diximus,

1901 1981 2192 2048 quantum
2231 1993 2578 2050 cognoscere
2627 1996 2964 2051 possumus,
2996 1980 3055 2037 in
3085 1983 3396 2040 novenario
3441 2001 3551 2040 nu-

1903 2079 2064 2120 mero
2098 2071 2425 2134 remanent,
2456 2071 2514 2122 et
2541 2067 2614 2122 ad
2646 2067 2940 2124 decimum
2991 2086 3107 2126 non
3157 2071 3504 2142 perveniunt
3533 2088 3548 2126 :

1902 2152 2073 2210 sicuti
2097 2159 2154 2209 et
2175 2170 2380 2210 novem
2413 2154 2648 2228 leprosi,
2674 2157 2794 2229 qui,
2811 2175 2928 2214 uno
2949 2158 3020 2214 ad
3051 2158 3273 2232 gratias
3299 2161 3550 2216 referen-

1900 2243 2008 2299 das
2037 2260 2284 2310 reverso,
2321 2244 2533 2316 ingrati
2570 2246 2810 2302 Domino
2840 2254 3292 2305 remanserunt:
3327 2249 3468 2322 quia
3495 2254 3553 2307 et

1901 2331 2000 2388 isti
2017 2332 2090 2387 ab
2111 2333 2336 2388 unitate
2352 2333 2620 2390 Ecclesia:
2637 2334 2696 2390 in
2713 2336 2827 2392 fide
2843 2335 3132 2393 catholica
3150 2343 3549 2410 permanente,

1902 2420 2254 2492 paucitatem
2285 2439 2404 2476 suae
2435 2421 2676 2479 vilitatis
2707 2429 3101 2498 segregantes,
3129 2426 3178 2482 si
3211 2425 3422 2482 salvari
3454 2444 3550 2484 vo-

1899 2509 2050 2575 lunt,
2073 2511 2146 2565 ad
2198 2511 2480 2566 unitatem
2511 2510 2809 2568 catholicae
2858 2513 2993 2570 fidei
3048 2531 3285 2571 necesse
3337 2509 3429 2572 est
3486 2521 3551 2572 ut

1900 2600 2087 2655 redire
2129 2605 2460 2672 procurent.
2486 2603 2701 2657 Novem
2759 2601 2956 2674 itaque
3002 2603 3267 2678 indigent
3316 2623 3450 2674 uno,
3473 2611 3550 2662 .ut

1899 2689 2155 2760 quadam
2178 2689 2424 2745 unitatis
2456 2689 2641 2746 forma
2667 2691 3068 2764 coagulentur,
3093 2697 3151 2748 et
3170 2695 3368 2750 decem
3389 2694 3510 2751 sint
3533 2713 3546 2750 :

1900 2794 2086 2832 unum
2108 2782 2304 2832 autem
2336 2795 2452 2834 non
2473 2777 2559 2834 eis
2589 2779 2813 2852 indiget
2837 2783 2903 2835 ut
2921 2781 3216 2837 custodiat
3239 2782 3546 2839 unitatem.

1901 2864 2094 2922 Unum
2126 2866 2176 2922 si
2207 2866 2460 2921 addatur
2489 2866 2563 2922 ad
2607 2883 2834 2935 novem,
2859 2869 3126 2940 quedam
3163 2869 3389 2943 effigies
3418 2870 3547 2926 uni-

1901 2954 2040 3010 tatis
2070 2953 2365 3026 impletur,
2383 2971 2499 3027 quo
2519 2956 2585 3010 fit
2609 2959 2774 3012 tanta
2803 2955 3226 3028 complexio,ut
3245 2957 3401 3014 ultra
3431 2972 3546 3015 non

1899 3044 2325 3117 progrediatur,
2345 3049 2403 3100 et
2432 3042 2543 3100 hac
2573 3060 2676 3116 per
2703 3043 3052 3101 infinitatem
3085 3046 3314 3102 numeri
3345 3045 3550 3120 regula

154 3142 326 3216 posita
345 3161 379 3200 a
399 3142 576 3198 nobis
593 3141 724 3214 ejus
743 3138 1082 3196 testimonia
1098 3136 1417 3206 declarant,
1436 3137 1520 3192 ita
1533 3136 1791 3193 sensisse
1836 3211 1865 3216 ι
1899 3132 2266 3188 custodiatur
2289 3148 2302 3188 :
2327 3150 2360 3188 a
2381 3148 2500 3205 qua
2519 3131 2619 3204 qui
2639 3132 2732 3189 sui
2765 3133 3048 3206 pravitate
3076 3151 3287 3190 sensus
3319 3134 3548 3208 reprobi

159 3211 206 3287 et
233 3231 499 3290 docuisse
528 3211 833 3304 probatur.
859 3229 921 3285 In
945 3227 1110 3284 Ponti
1139 3231 1268 3284 octo
1298 3225 1633 3299 provinciis,
1657 3241 1795 3298 qua-
1825 3211 1867 3277 C
1900 3220 2086 3276 effecti
2109 3238 2143 3276 a
2162 3221 2454 3277 consortio
2487 3220 2732 3277 unitatis
2761 3221 2982 3278 exclusi
3013 3226 3172 3292 sunt,
3206 3223 3266 3279 in
3299 3239 3548 3281 novena-

160 3334 273 3378 rum
303 3338 423 3378 una
450 3325 544 3376 est
565 3317 952 3392 Cappadocia,
977 3315 1228 3374 Basilius
1249 3315 1652 3388 Cappadocus,
1671 3331 1794 3370 ma-

159 3428 291 3484 gnus
319 3414 378 3468 et
407 3409 772 3467 orthodoxus
807 3411 1023 3474 orator,
1055 3406 1136 3461 ita
1165 3404 1446 3461 catholice
1475 3403 1692 3460 docuit.
1726 3403 1790 3460 In

158 3499 405 3574 Iligypto,
425 3497 490 3554 in
525 3515 643 3571 qua
673 3502 762 3554 est
794 3494 1162 3566 Alexandria,
1193 3492 1568 3562 Athanasius,
1603 3492 1790 3550 Theo-

156 3587 352 3660 philus,
373 3593 433 3644 et
453 3585 725 3662 Cyrillus,
749 3585 903 3642 sicut
939 3583 1310 3658 scripsimus,
1332 3599 1433 3639 sex
1464 3580 1791 3655 provincias

155 3677 482 3734 docuerunt.
503 3677 568 3733 1n
591 3675 892 3732 Britannia
908 3672 1168 3748 quinque
1187 3671 1616 3747 provinciarum
1637 3671 1792 3727 Beda

154 3767 459 3842 presbyter,
479 3772 550 3823 ut
577 3765 968 3836 ostendimus,
989 3768 1331 3820 sanctarum
1352 3761 1788 3834 Scripturarum

155 3857 484 3912 auctoritate
514 3859 574 3912 ct
607 3858 944 3911 sanctorum
981 3851 1215 3907 Patrum
1242 3850 1509 3905 doctrina
1541 3849 1662 3906 haec
1691 3866 1787 3905 ca-

153 3943 346 4000 tholica
375 3948 766 4000 monumenta
797 3941 922 3997 suis
954 3939 1202 4014 posteris
1226 3937 1556 4011 dereliquit.

214 4035 422 4107 Sicque
465 4032 676 4089 talium
729 4030 986 4088 virorum
1033 4027 1464 4102 praedicatione,
1495 4044 1530 4083 a
1558 4026 1788 4082 Christo

156 4119 494 4191 illuminata,
527 4127 584 4177 et
620 4121 694 4177 ab
733 4119 1016 4195 apostolis
1053 4119 1318 4186 fundata,
1351 4115 1637 4174 catholica
1667 4120 1787 4172 toto

152 4209 273 4264 orbe
299 4210 520 4266 diffusa
537 4207 795 4264 Ecclesia
815 4206 1193 4274 consistente,
1217 4205 1314 4262 isti
1338 4203 1603 4261 moderni
1635 4204 1788 4259 Prae-

151 4295 644 4370 destinatiani,qui
667 4300 954 4370 quantum
979 4294 1190 4351 rescire
1212 4307 1550 4366 possumus,
1573 4290 1786 4347 diversi

151 4385 352 4443 ordinis
384 4390 448 4444 et
471 4385 738 4454 habitus,
761 4382 1123 4456 diversaeque
1151 4381 1554 4456 professionis,
1579 4397 1682 4438 nec
1711 4381 1785 4437 ad

149 4474 427 4532 decimum
457 4488 774 4532 numerum
804 4477 1210 4547 pervenerunt,
1243 4472 1303 4527 in
1333 4470 1522 4528 tribus
1552 4474 1786 4527 tantum

149 4557 468 4636 provinciis,
493 4569 698 4621 contra
725 4565 1026 4620 tantorum
1047 4561 1374 4618 doctrinam
1395 4559 1548 4617 sicut
1573 4559 1790 4634 legitur
1817 4581 1864 4648 Β

149 4667 325 4710 mures
373 4652 601 4727 egressi
651 4653 725 4708 de
773 4649 1037 4708 cavernis
1066 4649 1213 4718 suis,
1244 4653 1304 4706 et
1329 4649 1490 4706 velut
1537 4649 1784 4722 pustula:

147 4739 371 4800 hutnore
399 4741 578 4798 noxio
600 4740 961 4798 coalescente
981 4740 1053 4796 de
1082 4738 1210 4796 loco
1240 4737 1300 4794 in
1321 4737 1449 4795 loco
1469 4743 1699 4795 scatent
1726 4737 1787 4794 in

148 4843 387 4904 corpore,
417 4836 597 4904 atque
623 4829 783 4887 velut
813 4834 1015 4903 putres
1065 4833 1124 4886 et
1171 4831 1455 4902 corruptae
1486 4827 1788 4885 cicatrices

145 4915 394 4977 Ecclesiae
413 4920 681 4977 membra
695 4919 911 4976 foedare
925 4922 1309 4989 tentantes,se
1327 4917 1644 4974 catholicos
1659 4933 1789 4974 esse

148 5007 346 5079 dicunt,
372 5011 619 5084 suisque
639 5008 1040 5082 capitulis,vel
1063 5008 1260 5082 potius
1281 5006 1590 5080 pediculis,
1615 5007 1796 5064 eccle'

146 5095 346 5155 siarnm
364 5098 677 5172 praesules,
691 5097 874 5154 nimio
891 5114 1086 5155 errore
1102 5100 1160 5154 et
1177 5096 1306 5153 sine
1321 5096 1690 5153 discussione
1702 5109 1794 5164 vel

147 5188 560 5245 examinatione
576 5188 898 5266 ordinatos,
917 5192 1094 5262 atque
1116 5205 1232 5244 non
1252 5185 1794 5260 appropinquantes

145 5275 460 5346 apostolica:
479 5273 640 5336 289
661 5278 1175 5351 formae,denotare
1197 5293 1300 5334 seu
1331 5276 1618 5333 infamare
1644 5294 1792 5350 prte-

147 5371 394 5424 sumunt.
415 5361 537 5424 Sed
557 5385 674 5424 non
698 5371 789 5425 est
807 5367 917 5424 hoc
939 5384 1178 5435 novum,
1203 5365 1358 5423 sicut
1379 5382 1486 5422 nec
1509 5383 1660 5423 nova
1681 5366 1793 5426 hae.

1901 3309 1986 3366 rio
2009 3326 2273 3378 numero,
2292 3309 2406 3365 nisi
2431 3309 2642 3366 reversi
2667 3310 2903 3380 fuerint,
2921 3314 3204 3384 tanquam
3224 3315 3548 3386 imperfecti

1901 3404 2288 3468 remanentes,
2327 3399 2482 3454 inter
2541 3399 2772 3472 ignotos
2827 3399 2888 3456 in
2946 3401 3040 3457 die
3097 3401 3296 3476 magni
3337 3388 3550 3475 judicii

1900 3488 2361 3555 damnabuntur,
2400 3488 2618 3561 quibus
2671 3487 2812 3546 dicit
2859 3490 3146 3548 Dominus
3177 3507 3192 3548 :
3223 3493 3412 3550 Nescio
3458 3509 3551 3551 vos

1899 3576 2104 3650 (Matth.
2136 3593 2274 3646 xxv;
2309 3579 2436 3634 Luc.
2467 3578 2613 3652 xm).

1971 3667 2083 3722 Sed
2115 3667 2163 3721 si
2197 3666 2314 3734 isti,
2338 3667 2440 3740 qui
2472 3672 2537 3724 ut
2575 3685 2830 3725 errorem
2870 3687 3047 3727 suum
3078 3675 3362 3739 astruant,
3395 3689 3548 3744 quo-

1898 3757 2172 3812 rumdam
2194 3757 2500 3812 doctorum
2531 3774 2600 3814 ex
2629 3757 2722 3814 his
2742 3775 2892 3832 quos
2923 3760 3271 3817 nominatim
3301 3761 3550 3834 signavi-

1899 3860 2034 3900 mus
2051 3845 2386 3902 testimonia
2408 3848 2730 3919 proferunt,
2745 3849 3096 3906 sententiam
3113 3849 3548 3923 libriApologiaa

1899 3935 2051 3990 beati
2083 3935 2346 4008 Gregorii
2384 3935 2729 3993 Nazianzeni
2760 3932 3009 3994 sollicite
3039 3937 3314 4010 legerent,
3347 3944 3407 3996 et
3435 3940 3547 3996 sibi

1896 4024 2160 4081 studiose
2190 4028 2390 4097 aptare
2427 4031 2719 4094 curarent,
2753 4027 3026 4084 solertius
3055 4033 3115 4084 et
3157 4028 3456 4086 salubrius
3487 4030 3547 4085 in

1895 4112 2145 4169 lectione
2173 4118 2231 4170 et
2260 4113 2544 4184 doctrina,
2577 4118 2754 4188 atque
2779 4115 2983 4172 auditu
3017 4116 3292 4172 doctrinae
3321 4134 3548 4174 eorum-

1897 4203 2031 4258 dem
2064 4201 2302 4258 Patrum
2328 4204 2696 4275 proficerent,
2729 4220 3050 4278 eorumque
3077 4205 3414 4261 testimonia
3442 4223 3544 4260 au-

1896 4291 2194 4348 dientibus
2226 4293 2604 4365 ponderando
2635 4299 3046 4366 proponerent.
3073 4293 3190 4352 Nos
3215 4306 3468 4367 quoque,
3495 4294 3546 4351 si

1894 4378 2060 4436 illam
2091 4381 2292 4438 devote
2322 4381 2618 4438 mentibus
2650 4381 2866 4438 nostris
2895 4382 3292 4454 recondimus,
3314 4388 3372 4438 et
3402 4383 3544 4456 vigi-

1895 4468 2085 4526 lanter
2113 4470 2494 4539 attendimus,
2519 4469 2916 4542 calcatiusque
2945 4470 3006 4526 in
3026 4469 3346 4544 Scripturis
3365 4475 3423 4528 et
3441 4472 3546 4530 do-

1895 4559 2477 4620 ctorumtractatibus
2494 4559 2945 4632 legimus,dente
2958 4558 3212 4633 simplici
3224 4560 3545 4630 ruminare,

1895 4665 1963 4705 ac
1993 4647 2186 4720 palato
2219 4647 2410 4704 cordis
2454 4651 2818 4720 progustare,
2851 4647 3082 4706 sincera
3115 4649 3293 4706 etiam
3325 4651 3462 4718 ﬁde,
3491 4657 3551 4708 et

1897 4737 2092 4795 sobrio
2122 4736 2446 4805 intellectu,
2469 4753 2535 4793 ac
2566 4737 2788 4794 mundo
2819 4739 2994 4796 corde
3024 4740 3378 4808 sumere,ori
3403 4758 3548 4814 quo-

1898 4843 2012 4900 que
2041 4829 2238 4882 nostro
2271 4826 2488 4882 ostium
2519 4829 2576 4882 et
2603 4843 2766 4883 seras
2795 4827 3094 4899 adhibere,
3114 4830 3425 4903 verbisque
3445 4847 3548 4887 no-

1899 4915 2037 4973 stris
2068 4919 2348 4972 stateram
2394 4933 2706 4990 apponere.
2738 4921 2796 4974 et
2825 4919 3066 4974 modum
3114 4919 3199 4977 eis
3247 4919 3548 4994 imponere

1900 5005 2369 5078 procurabimus,
2395 5011 2462 5062 ut
2517 5006 2885 5063 auditoribus
2932 5007 2992 5064 in
3049 5013 3312 5082 tempore
3369 5009 3548 5064 tritici

1901 5113 2262 5162 mensuram,
2285 5095 2437 5152 sicut
2457 5095 2743 5168 scriptum
2764 5101 2854 5152 est
2872 5098 3024 5167 (Luc.
3042 5114 3142 5162 xu,
3167 5097 3546 5170 42),tr1buere

1897 5188 2219 5246 valeamus.
2241 5186 2337 5242 Ait
2352 5185 2509 5242 enim
2534 5185 2820 5242 Dominus
2847 5186 2920 5242 ad
2947 5186 3191 5243 chorum
3221 5185 3546 5258 pradican-

1900 5279 2051 5334 tium
2084 5294 2188 5350 per
2215 5275 2559 5349 prophetam
2584 5291 2598 5331 :
2622 5276 2861 5332 Audiens
2882 5277 3037 5333 290
3057 5274 3340 5330 nuntiabis
3367 5273 3448 5328 eis
3473 5288 3548 5329 ea:

1898 5384 1986 5424 me
2013 5369 2330 5440 (Esca/1.11:,
2365 5367 2474 5437 17),
2496 5382 2566 5422 ex
2619 5382 2715 5421 me
2769 5364 3058 5430 videlicet,
3090 5380 3206 5420 non
3243 5381 3313 5420 ex
3360 5367 3435 5419 te.
3466 5363 3547 5419 Ac

137 5453 275 5511 'resis
294 5473 478 5530 quam
499 5455 894 5514 extollunt.Ut
914 5457 1072 5514 enim
1096 5456 1306 5514 beatus
1325 5455 1712 5530 Augustinus,
1736 5473 1796 5527 et
1901 5457 1952 5514 si
1983 5461 2178 5530 aperte
2206 5473 2411 5514 omnes
2430 5471 2537 5512 nos
2567 5458 2822 5520 moneat,
2845 5458 2911 5509 ut
2931 5451 3244 5525 Scriptum
3265 5456 3324 5508 et
3351 5451 3549 5509 catho-

147 5547 193 5602 in
227 5541 578 5604 tractatibus
601 5544 990 5617 Psalmorum,
1013 5549 1072 5603 et
1091 5546 1151 5602 in
1173 5545 1476 5620 opusculis
1496 5546 1570 5602 de
1591 5545 1792 5604 Pasto-

143 5629 291 5692 ritms
321 5629 381 5695 et
407 5631 653 5711 (hibus,
687 5640 745 5697 et
771 5636 952 5698 etiam
982 5635 1044 5696 in
1075 5635 1208 5696 aliis
1241 5636 1369 5696 suis
1396 5634 1565 5696 libris
1597 5635 1741 5696 dicit
1774 5652 1788 5697 :

1901 5545 2148 5602 licorum
2205 5545 2380 5602 dictis
2437 5547 2668 5601 nostros
2723 5559 2934 5599 sensus
2979 5541 3452 5611 accomodemus,
3480 5546 3550 5600 et

1901 5651 2029 5714 qua
2049 5635 2206 5710 inde,
2231 5635 2478 5696 Domino
2495 5633 2842 5711 inspirante,
2855 5630 3132 5706 libamus,
3145 5645 3216 5692 ac
3235 5633 3287 5693 si
3308 5634 3380 5694 de
3396 5649 3548 5712 puro
