3970 6182
464 333 583 394 355

1401 320 1778 382 illNCMAltl
1827 321 2270 381 [lIIEMENSIS
2317 321 2929 383 ARCHIEPISCOPL
3722 327 3815 390 356

467 462 641 538 prcelo
673 460 896 518 illibata
916 457 1290 515 audientibus
1320 455 1720 528 propinemus,
1744 457 1799 510 et
1821 470 1935 508 non
1957 452 2113 509 dicta
2138 453 2194 520 Α
2223 452 2394 508 modo
2427 451 2484 508 in
2515 452 2662 509 illud
2693 454 2844 510 versi
2895 459 3072 526 atque
3120 453 3348 521 mutati,
3383 457 3440 508 et
3484 453 3630 510 omni
3671 460 3814 517 verbo

466 552 771 619 Catholica,
785 551 856 607 ad
881 553 1112 606 nostros
1131 563 1339 620 pravos
1359 562 1568 600 sensus
1589 543 1879 600 inﬂectere
1901 560 2112 615 priesu-

464 658 720 700 mamus.
742 641 837 696 Ait
867 639 1023 694 enim
1055 635 1331 708 prcefatus
1369 632 1720 706 magniﬁcus
1749 631 1950 686 doctor
1971 632 2107 687 Gre—

463 731 664 807 gorius
706 730 766 784 in
817 727 964 784 libro
995 741 1110 798 quo
1139 723 1420 790 diximus,
1455 721 1510 776 id
1539 725 1628 777 est
1671 720 1729 774 iu
1778 718 2058 793 Apologia
2091 735 2104 774 :

465 845 492 872 ‹‹
518 818 754 894 Triplici
786 831 1043 888 namque
1072 812 1246 869 modo
1280 811 1340 866 in
1370 809 1629 866 Ecclesia
1656 807 1977 865 dicentium
2009 825 2108 882 pe-

463 909 715 966 rieulum
745 907 978 981 pendet,
1011 921 1080 960 ex
1117 919 1318 969 sensu,
1348 917 1417 956 ex
1453 899 1646 965 verbo,
1678 916 1748 954 ex
1785 897 2010 965 auditu,
2043 901 2109 953 ut

460 997 732 1074 perfacile
761 995 1007 1062 eveniat,
1030 993 1090 1048 in
1143 1009 1260 1047 uno
1297 989 1504 1047 saltem
1553 987 1770 1060 aliquo,
1802 987 1850 1044 si
1897 1005 2012 1042 non
2045 986 2106 1042 in

461 1087 736 1145 omnibus
755 1085 895 1142 labi.
917 1085 1030 1140 Aut
1049 1081 1205 1136 enim
1237 1079 1434 1135 minus
1465 1076 1834 1133 illuminatus
1855 1080 1943 1132 est
1971 1093 2104 1132 sen-

459 1179 692 1244 sus,aut
709 1175 782 1231 ad
807 1170 1236 1246 explanandum
1257 1167 1444 1224 defuit
1463 1183 1654 1223 sermo
1678 1165 2107 1233 sufﬁciens,aut

404 1334 419 1349 .
459 1265 606 1322 bene
635 1263 860 1338 prolata
879 1259 1132 1321 crassior
1150 1274 1266 1313 non
1299 1255 1503 1328 recipit
1531 1254 1787 1322 auditus,
1811 1258 1870 1310 et
1888 1271 1957 1310 ex
1985 1271 2104 1310 uno

459 1353 722 1427 quolibet
749 1352 958 1408 horum
982 1365 1122 1404 casu
1145 1348 1211 1402 fit
1231 1347 1290 1402 in
1311 1343 1588 1401 omnibus
1617 1341 1943 1416 periculum
1964 1342 2107 1399 veri-

458 1443 619 1500 tatis.
643 1443 714 1498 Et
734 1440 969 1514 quidem
995 1437 1055 1492 in
1079 1435 1211 1492 aliis
1230 1433 1564 1508 quibusque
1585 1431 1798 1488 studiis
1819 1435 1876 1486 et
1895 1431 2106 1486 doctri-

460 1531 551 1587 nis
582 1529 748 1586 facile
785 1527 872 1585 vel
926 1525 1218 1601 profertur
1245 1523 1335 1579 vel
1363 1520 1640 1594 recipitur
1671 1539 1684 1576 :
1718 1519 1779 1576 in
1829 1519 1922 1576 his
1968 1536 2102 1576 vero

457 1618 673 1676 nostris
702 1617 918 1674 scholis
950 1617 1074 1689 ipsa
1115 1613 1450 1670 auditorum
1491 1609 1842 1683 exspectatio
1873 1609 2102 1664 dicturo

454 1706 783 1782 periculum
805 1708 1064 1780 generat.
1079 1705 1386 1774 Tanquam
1408 1700 1565 1756 enim
1590 1699 1660 1755 de
1680 1700 1796 1755 Deo
1818 1698 2098 1766 audituri,

454 1801 512 1854 et
544 1797 614 1854 de
644 1813 878 1852 summa
898 1793 1164 1850 omnium
1195 1807 1298 1864 spe
1322 1807 1388 1847 ac
1412 1788 1601 1846 salute
1631 1787 1959 1860 suscepturi
1983 1803 2103 1842 ver-

455 1887 618 1952 bum,
645 1889 862 1958 quanto
894 1881 1222 1938 callidiores
1261 1895 1398 1952 erga
1445 1879 1620 1934 ﬁdem
1670 1877 1909 1945 fuerint,
1939 1878 2102 1932 tanto

454 1974 792 2030 attentiores
815 1975 872 2028 et
893 1968 1358 2042 scrupulosiores
1378 1985 1516 2040 erga
1544 1966 1903 2022 audiendum
1927 1967 2100 2034 fient;

452 2062 534 2118 ita
562 2066 630 2116 ut
659 2059 844 2118 sicubi
877 2057 1096 2130 aliquid
1127 2073 1298 2112 secus
1325 2055 1576 2112 dicentis
1602 2071 1794 2110 sermo
1816 2054 2099 2124 sonuerit,

451 2167 568 2206 non
605 2149 1010 2204 titubationem
1048 2146 1262 2219 lingum
1294 2148 1520 2216 putent,
1555 2145 1655 2199 sed
1711 2143 2098 2216 proditionem

452 2238 584 2292 ﬁdei
610 2237 962 2309 pietatisque
983 2235 1343 2290 condemncn
1355 2230 1747 2302 t,etjudicent
1765 2230 1962 2285 omnia
1983 2245 2097 2284 non

450 2326 714 2382 docentis
744 2325 986 2391 ratione,
1020 2323 1120 2379 sed
1163 2321 1415 2394 propriis
1458 2320 1751 2376 sensibus.
1785 2319 1908 2375 Non
1940 2319 2098 2374 enim

451 2433 598 2488 quos
631 2414 690 2470 in
722 2412 978 2470 Ecclesia
997 2411 1266 2480 audiunt,
1291 2411 1393 2465 sed
1425 2426 1572 2482 quos
1593 2409 1663 2464 dc
1695 2409 1868 2463 domo
1898 2425 2097 2464 secum

450 2506 720 2560 deferunt
745 2507 1157 2559 conservantes
1177 2501 1471 2573 dogmata,
1497 2515 1612 2554 non
1631 2515 1758 2570 quae
1788 2497 2100 2552 rationabi-

449 2592 584 2648 liter
608 2592 960 2659 didicerunt,
985 2589 1084 2646 sed
1116 2606 1243 2661 qua:
1274 2606 1344 2644 ex
1371 2586 1794 2644 consuetudine
1825 2603 1940 2640 non
1971 2602 2100 2657 pro-

449 2679 629 2736 babili
661 2683 994 2735 tenuerunt.
1023 2679 1093 2734 Et
1122 2677 1231 2733 hoc
1261 2677 1390 2732 dico
1417 2676 1608 2732 adhuc
1638 2692 1754 2731 non
1784 2674 1952 2730 valde
1981 2691 2098 2730 ma-

449 2769 639 2826 lorum
671 2769 978 2825 hominum
1001 2765 1229 2835 vitium,
1251 2766 1392 2838 quid
1422 2765 1558 2822 licet
1579 2764 1840 2837 regulam
1873 2782 1988 2819 non
2021 2769 2097 2818 te-

447 2864 626 2916 neant
653 2858 934 2927 veritatis,
962 2862 1158 2912 tamen
1193 2855 1460 2929 religiose
1498 2855 1620 2910 haec
1649 2854 1769 2926 pati
1801 2855 2090 2921 videntur,

446 2953 504 3004 et
530 2948 745 3005 habere
763 2947 953 3004 zelum
977 2946 1100 3014 Dei,
1125 2947 1226 3002 sed
1258 2963 1372 3001 non
1397 2945 1722 3001 secundum
1746 2943 2050 2999 scientiam
2077 2959 2090 2997 :

445 3044 504 3096 et
531 3039 662 3096 ideo
692 3038 960 3096 fortassis
997 3037 1344 3094 videbantur
1389 3052 1505 3090 non
1548 3035 1757 3090 debere
1785 3033 2093 3090 vehemen-

448 3130 566 3186 tius
596 3128 1002 3196 condemnari;
1049 3131 1248 3200 utpote
1307 3143 1412 3182 nec
1461 3124 1714 3180 multum
1763 3122 2093 3195 vapulaturi

444 3225 725 3292 tanquam
753 3217 1092 3291 ignorantes
1119 3198 1354 3270 Domini
1385 3215 1764 3280 voluntatem,
1787 3217 1848 3267 et
1875 3211 2090 3266 idcirco
2121 3198 2163 3264 Ο

446 3326 561 3364 non
613 3307 890 3364 facientes
936 3323 1088 3362 eam.
1121 3305 1296 3376 Atqui
1347 3303 1609 3358 fortassis
1658 3301 1834 3356 etiam
1881 3299 2092 3372 corrigi

445 3397 760 3471 aliquando
783 3397 1059 3468 poterunt
1079 3397 1136 3448 et
1155 3390 1472 3448 emendari.
1494 3391 1605 3446 Sed
1632 3389 1904 3462 religiosa
1925 3405 2092 3444 meus

444 3504 626 3560 quam
645 3487 760 3542 cito
777 3483 1114 3551 offenditur,
1133 3487 1253 3538 tam
1276 3484 1544 3553 prompte
1565 3483 1622 3535 et
1645 3477 1810 3534 facile
1831 3481 2088 3534 curatur.

444 3576 504 3632 Si
526 3576 659 3648 quis
682 3575 828 3632 forte
847 3574 899 3630 ei
931 3588 1123 3628 sermo
1146 3574 1278 3644 apte
1299 3574 1356 3625 et
1376 3572 1771 3642 competenter
1789 3567 2092 3624 adhibitus

442 3681 542 3721 cor
567 3663 906 3737 pulsaverit,
928 3661 1206 3718 continuo
1229 3659 1381 3714 sicut
1412 3657 1622 3730 ignifer
1641 3657 1791 3730 lapis
1820 3656 2091 3729 pulsatus

443 3753 644 3823 simili,
669 3769 736 3807 ex
765 3769 832 3807 ea
862 3768 990 3823 quae
1022 3749 1134 3804 sibi
1180 3747 1524 3804 naturaliter
1561 3747 1713 3802 inest
1752 3746 1898 3801 lucis
1929 3747 2084 3801 sein-

441 3840 570 3896 tilla
597 3840 900 3911 lampadas
930 3838 1234 3894 confestim
1266 3836 1526 3892 veritatis
1551 3835 1835 3891 accendit.
1861 3835 1940 3890 De
1971 3833 2090 3890 illis

441 3946 573 3985 vero
592 3927 732 4001 quid
756 3928 1044 3995 dicamus,
1061 3926 1159 3998 qui
1183 3927 1326 3982 dum
1349 3924 1648 3997 jactautize
1667 3923 1915 3997 gloriam
1937 3940 2088 3996 quae-

441 4021 596 4085 runt,
628 4021 686 4072 et
724 4033 973 4090 praeesse
1019 4015 1252 4088 populis
1298 4013 1685 4080 delectantur,
1715 4012 2086 4085 iniquitatem

439 4106 496 4162 in
531 4105 822 4162 excelsum
854 4105 1178 4178 loquuntur
1209 4121 1220 4159 :
1255 4103 1354 4176 qui
1384 4102 1543 4158 velut
1575 4103 1814 4158 Jamnes
1845 4101 2087 4173 quidam

437 4200 494 4253 et
524 4195 840 4264 Mambres,
865 4211 980 4251 non
1013 4198 1132 4250 tam
1157 4192 1302 4249 Mosi
1325 4208 1504 4263 quam
1523 4191 1748 4247 veritati
1778 4191 2083 4260 resistunt,

437 4290 496 4342 et
525 4286 836 4342 adversum
873 4301 1078 4340 sanam
1131 4283 1458 4339 doctrinam
1506 4284 1877 4336 commovent
1922 4297 2088 4335 arma

433 4375 788 4432 verborum?
819 4373 1082 4430 Tertium
1107 4388 1338 4446 quoque
1361 4387 1547 4444 genus
1573 4373 1664 4424 est
1693 4386 1762 4424 ex
1793 4368 2088 4441 imperitia

435 4465 962 4521 contradicentium
997 4481 1010 4521 :
1043 4479 1225 4534 quam
1257 4461 1461 4532 utique
1492 4458 1848 4531 imperitiam
1881 4474 2083 4512 conse-

2222 559 2376 598 nunc
2409 541 2866 615 acquiescentcs,
2893 541 3066 616 paulo
3097 547 3229 614 post
3253 541 3464 598 iterum
3488 542 3814 616 reluctantes,

2219 631 2394 686 simul
2415 636 2471 686 et
2493 633 2806 705 magistros
2823 637 2878 686 et
2899 631 3098 687 studia
3119 635 3475 704 permutant,
3491 637 3546 686 et
3561 631 3698 688 velut
3715 637 3817 707 pul-

2217 719 2302 775 vis
2322 725 2492 776 vento
2513 721 2766 794 agitatus
2797 719 2962 776 facile
2992 720 3444 779 transferuntur.
3467 719 3551 775 Ad
3581 719 3815 780 ultimum

2215 825 2348 865 vero
2380 809 2641 866 stultitiae
2668 827 2787 866 suae
2817 810 3118 882 proferunt
3138 809 3416 866 fructum.
3440 809 3582 865 Nam
3601 809 3738 867 velut
3753 812 3818 868 fa-

2213 897 2381 971 tigati
2415 898 2704 954 audiendo
2726 899 3004 968 diversos,
3021 904 3077 954 et
3097 897 3233 954 victi
3264 897 3432 955 taedio
3454 897 3624 954 simul
3650 901 3818 958 omnia

2213 991 2520 1060 respuunt,
2542 992 2602 1043 et
2630 985 2808 1044 veluti
2838 987 3004 1045 vacui
3033 992 3092 1043 et
3120 987 3325 1044 inanes
3350 987 3408 1043 in
3437 987 3694 1044 omnibus
3711 1007 3814 1062 quis

2213 1076 2589 1133 crediderunt
2633 1078 2794 1148 facti,
2827 1078 3105 1135 continuo
3159 1077 3336 1134 etiam
3385 1081 3732 1134 contemnere
3768 1083 3817 1135 et

2213 1163 2452 1221 irridere
2476 1183 2583 1222 nos
2605 1165 2914 1239 incipiunt,
2934 1167 3094 1222 velut
3115 1165 3258 1222 nihil
3287 1164 3624 1223 rationabile
3650 1165 3704 1222 in
3725 1167 3818 1223 ﬁdo

2211 1258 2414 1310 nostra
2441 1255 2748 1328 habentes,
2779 1260 2836 1311 et
2883 1255 3192 1329 patiuntur
3219 1255 3374 1328 quod
3422 1253 3673 1311 accidere
3697 1255 3820 1313 solet

2211 1341 2305 1399 his
2335 1343 2435 1416 qui
2468 1343 2670 1402 oculos
2699 1344 2918 1415 dolent,
2950 1349 3006 1402 et
3036 1343 3178 1402 solis
3209 1344 3406 1400 lumen
3451 1348 3730 1418 accusant,
3745 1344 3816 1401 vel

2210 1431 2312 1504 qui
2345 1449 2537 1502 aures,
2571 1437 2628 1489 et
2651 1450 2819 1490 voces
2866 1434 3174 1491 hominum
3216 1433 3415 1490 minus
3443 1449 3575 1489 esse
3616 1450 3816 1490 sonoras

2211 1527 2572 1592 quaeruntur.
2597 1523 2907 1596 Propterea
2925 1540 3062 1597 ergo
3084 1522 3270 1579 multo
3289 1521 3496 1578 utilius
3515 1526 3604 1580 est
3625 1521 3816 1592 animas,

2210 1609 2557 1684 simpliciter
2584 1615 2640 1668 et
2671 1629 2829 1684 purae
2855 1612 3117 1668 veritatis
3148 1611 3436 1669 elementa
3462 1611 3755 1685 suscipere,
3773 1617 3820 1668 et

2207 1697 2364 1754 velut
2391 1699 2542 1756 ceris
2571 1718 2640 1756 ea
2667 1702 2930 1758 nondum
2957 1701 3286 1758 charaxatis
3317 1699 3650 1770 inscribere,
3671 1716 3817 1774 quam

2208 1805 2386 1861 super
2416 1787 2518 1845 illa
2539 1807 2664 1862 quae
2697 1794 2831 1846 ante
2863 1789 3014 1846 male
3035 1790 3252 1864 scripta
3271 1793 3410 1846 sunt
3439 1790 3752 1863 perducere,
3770 1789 3814 1844 id

2209 1879 2298 1933 est
2327 1895 2506 1952 super
2561 1879 2776 1935 malam
2825 1879 3148 1936 doctrinam
3179 1884 3236 1935 et
3265 1896 3539 1953 perversa
3587 1879 3819 1952 dogmata

2210 1968 2448 2023 verbum
2483 1968 2615 2024 fidei
2665 1986 2730 2026 ac
2757 1969 3014 2026 veritatis
3062 1969 3345 2043 ingerere,
3378 1972 3434 2026 et
3463 1986 3600 2025 cum
3645 1967 3817 2040 primis

2210 2061 2505 2128 postrema
2537 2059 2915 2114 confundere.
2946 2081 2972 2108 ››
3005 2059 3076 2114 Et
3117 2057 3291 2130 paulo
3343 2063 3476 2132 post
3505 2075 3564 2113 :u
3587 2056 3816 2114 Animam

2207 2161 2340 2200 vero
2363 2144 2523 2206 illam
2544 2146 2754 2202 melius
2771 2145 3050 2213 excolam,
3076 2164 3203 2219 quae
3223 2145 3382 2202 nullo
3401 2147 3596 2202 adhuc
3613 2144 3818 2218 maligni

2208 2233 2450 2290 cultoris
2483 2241 2675 2291 aratro
2697 2241 2979 2292 temerata
3002 2241 3108 2304 est,
3133 2253 3242 2292 nox
3271 2236 3655 2308 praeventione
3673 2233 3820 2307 pessi-

2208 2322 2287 2377 mi
2340 2323 2582 2380 semiuis
2613 2330 2916 2397 occupata.
2939 2325 3210 2398 Alioquin
3251 2325 3648 2398 duplicabitur
3682 2323 3820 2378 nobis

2209 2411 2390 2479 labor,
2415 2413 2557 2468 dum
2589 2431 2824 2470 necesse
2849 2413 3122 2486 estprius
3143 2418 3452 2486 conceptas
3475 2413 3700 2468 malitiae
3729 2413 3818 2468 for-

2207 2517 2336 2556 mas
2383 2503 2739 2559 detrudere:
2774 2509 2900 2560 tum
2949 2503 3158 2560 deinde
3212 2502 3488 2559 bcnitatis
3539 2503 3818 2576 imaginem

2205 2589 2485 2646 virtutum
2517 2591 2665 2647 ceris
2686 2591 2882 2648 varian
2895 2597 2977 2648 ter
3008 2593 3428 2666 reformare,ut
3448 2609 3626 2664 quam
3657 2590 3819 2646 multa

2205 2697 2270 2781 ap
2303 2681 2538 2736 diversa
2572 2683 2804 2738 fuerant
2829 2681 2889 2736 in
2919 2681 3118 2736 anima
3146 2681 3371 2754 Species
3403 2679 3817 2754 depravationis,

2203 2771 2322 2824 tdm
2357 2771 2552 2825 multa)
2583 2771 2702 2826 sint
2730 2777 2787 2826 et
2815 2771 3222 2827 restitutionis.
3255 2793 3282 2821 ι)

2274 2860 2558 2916 Caeterum
2581 2861 2735 2932 quod
2757 2859 2900 2916 dicit
2920 2861 3174 2916 domnus
3196 2860 3557 2916 Prudentius
3579 2861 3631 2916 in
3655 2856 3820 2914 libello

2202 2966 2510 3020 suo,quem
2535 2950 2604 3003 ad
2629 2950 2915 3022 quosdam
2938 2950 3500 3021 fratres,antequani
3523 2965 3696 3022 supra
3716 2963 3816 3002 Ine-

2203 3043 2488 3094 moratam
2520 3038 2824 3111 epistolam
2847 3038 3141 3096 Weniloni
3170 3037 3608 3112 archiepiSCOpo
3635 3054 3731 3092 suo
3753 3035 3818 3090 di-

2201 3127 2463 3196 rexisset,
2487 3127 2873 3200 composuit.«
2894 3127 3038 3184 Cum
3060 3127 3236 3196 enim,
3262 3126 3561 3200 inquiens,
3577 3123 3818 3200 quemad-

2204 3218 2443 3272 modum
2471 3217 2657 3272 saneti
2679 3216 3359 3292 evangelistzeﬁerissimi
3378 3217 3644 3274 videlicet
3665 3215 3815 3270 dicto-

2202 3323 2333 3360 rum
2357 3305 2544 3377 ipsius
2575 3307 2978 3379 factorumque
3001 3306 3376 3380 stipulatores
3397 3311 3577 3378 atque
3607 3303 3820 3374 scripto-

2203 3409 2295 3449 res
2323 3397 2632 3461 testantur,
2659 3394 2812 3449 inter
2837 3395 3188 3450 camandum
3221 3393 3500 3468 mysteria
3525 3410 3642 3450 suae
3673 3403 3820 3463 quam

2201 3482 2498 3539 voluntate
2519 3484 2704 3540 subiit
2724 3485 2929 3541 mortis
2955 3502 3196 3558 prorsus
3219 3483 3492 3540 indebitae
3526 3487 3825 3551 nostraque

2201 3572 2620 3644 redemptionis
2659 3573 2933 3642 ediceret,
2968 3591 3072 3647 pro
3105 3574 3320 3646 quibus
3369 3575 3668 3646 pateretur
3710 3565 3824 3623 inti-

2202 3662 2400 3717 mavit.
2433 3662 2583 3718 Dicit
2621 3663 2779 3718 enim
2811 3663 3119 3718 Mattheeus
3152 3679 3164 3716 :
3200 3663 3262 3718 Et
3288 3663 3566 3735 acciqiens
3607 3659 3820 3720 calicem.

2199 3755 2412 3824 gratias
2439 3753 2548 3823 egit
2575 3759 2626 3807 et
2651 3751 2800 3808 dedit
2831 3752 2946 3807 illis
2973 3751 3158 3808 dicens
3178 3771 3197 3806 :
3221 3752 3396 3808 Bibite
3419 3767 3492 3807 ex
3523 3751 3622 3819 hoc
3647 3759 3823 3807 0mm,

2197 3842 2298 3896 llic
2323 3848 2402 3896 est
2429 3841 2656 3911 sanguis
2699 3857 2853 3897 meus
2881 3842 3012 3898 novi
3037 3842 3358 3906 testamenti,
3393 3842 3495 3914 qui
3528 3856 3632 3914 pro
3665 3834 3828 3893 multis

2197 3929 2506 4002 c/fumtetur
2548 3930 2610 3984 in
2659 3931 3034 3986 remissionem
3072 3937 3416 4002 peccatorum
3458 3927 3668 3998 (Matth.
3695 3937 3824 3987 xxvi,

2195 4021 2284 4086 27,
2317 4019 2429 4086 28).
2464 4019 2694 4074 Marcus
2725 4022 2923 4074 autem
2967 4037 2980 4074 :
3034 4021 3099 4075 Et
3151 4027 3362 4092 accepto
3415 4019 3592 4075 calice
3645 4013 3827 4089 gratias

2195 4125 2359 4179 agens
2376 4107 2524 4164 dedit
2549 4109 2649 4174 eis,
2669 4116 2720 4164 et
2748 4107 3000 4165 biberunt
3019 4124 3088 4164 ex
3117 4109 3214 4164 illo
3251 4125 3454 4164 omnes.
3479 4109 3544 4164 Et
3578 4108 3660 4162 ait
3687 4103 3826 4160 illis:

2195 4198 2294 4254 llic
2321 4204 2400 4252 est
2427 4199 2656 4268 sanguis
2703 4213 2853 4252 meus
2880 4199 3010 4253 novi
3038 4199 3360 4264 testanwnti,
3395 4199 3493 4270 qui
3520 4213 3622 4269 pro
3665 4190 3828 4248 multis

2193 4285 2504 4358 c/fundetur
2529 4285 2735 4356 (Matth.
2769 4303 2883 4354 xrv,
2915 4287 3008 4358 23,
3037 4285 3149 4359 24).
3194 4286 3385 4341 Ducas
3437 4302 3576 4340 vero
3603 4301 3615 4339 :
3649 4283 3731 4348 Et,
3756 4293 3828 4334 ac-

2193 4382 2340 4446 cepto
2367 4391 2532 4447 pane,
2563 4376 2770 4446 gratias
2799 4376 2910 4445 egit
2938 4383 2990 4430 et
3015 4376 3196 4446 fregit,
3233 4383 3282 4430 et
3315 4373 3463 4430 dedit
3490 4377 3576 4430 eis
3621 4371 3829 4427 dicens:

2195 4465 2300 4519 Hoc
2329 4473 2408 4520 est
2433 4480 2628 4536 corpus
2671 4482 2852 4522 meum
2903 4464 3044 4538 quod
3095 4481 3198 4538 pro
3251 4465 3403 4521 vobis
3457 4463 3726 4528 tradetur,
3754 4459 3834 4512 hoc

436 4559 684 4625 quenter
725 4553 1040 4609 insolentia
1067 4551 1400 4616 comitatur,
1433 4553 1490 4605 et
1535 4547 1696 4604 omni
1745 4547 1936 4615 verbo,
1971 4545 2086 4601 nisi

2206 4555 2355 4610 facile
2385 4555 2446 4609 in
2472 4570 2651 4610 meam
2685 4555 3265 4618 commemorationem.
3298 4554 3580 4609 Similiter
3625 4559 3678 4607 et
3717 4546 3833 4603 cali-

435 4640 590 4712 quod
620 4639 733 4712 ipsi
763 4639 1134 4712 protulerint,
1158 4637 1450 4694 hostiliter
1470 4641 1528 4693 et
1549 4635 1870 4693 insolenter
1892 4651 2088 4690 occur-

436 4733 594 4784 runt.
625 4731 672 4784 A
703 4729 939 4801 quibus,
973 4731 1296 4784 secundum
1343 4727 1574 4784 Domini
1603 4727 1848 4794 dictum,
1884 4741 2086 4798 porco-

434 4835 566 4872 rum
596 4835 757 4874 more
788 4818 1049 4874 veritatis
1087 4818 1415 4890 margarita:
1461 4816 1709 4889 pedibus
1739 4813 2086 4870 conculcan-

432 4909 548 4963 tur.
566 4906 676 4962 Alii
698 4925 931 4980 quoque
954 4906 1220 4980 sunt,qui
1246 4907 1466 4962 nullam
1483 4892 1732 4978 quidem
1763 4921 1832 4960 ex
1852 4903 2086 4977 proprio

433 5013 610 5052 sensu
642 4996 976 5069 opinionem
1011 4997 1301 5066 deferunt,
1328 5011 1515 5067 neque
1546 4994 1805 5065 aliquam
1836 4994 2084 5048 formam

431 5087 502 5143 de
534 5085 648 5142 fide
689 5084 790 5141 Dei
841 5085 1130 5155 obtinent,
1160 5083 1247 5139 vel
1299 5084 1512 5139 bonam
1544 5082 1632 5138 vol
1685 5081 1900 5137 malam
1936 5098 1948 5136 :
1983 5081 2086 5136 sed

431 5175 577 5232 291
615 5174 891 5231 omnibus
923 5190 986 5230 se
1017 5174 1260 5230 tradunt
1301 5171 1622 5245 magistris,
1647 5175 1821 5244 atque
1852 5185 2087 5226 omnem

431 5263 764 5338 suscipiunt
785 5279 1154 5332 sermonem;
1185 5261 1343 5318 velut
1364 5261 1519 5334 quod
1549 5260 1762 5318 melius
1792 5265 1882 5316 est
1910 5263 1968 5315 et
1999 5275 2087 5315 re-

429 5355 580 5410 ctius
597 5372 665 5410 ex
681 5354 958 5410 omnibus
973 5352 1236 5422 eiecturi,
1257 5352 1594 5424 ignorantes
1611 5349 1751 5422 quia
1769 5366 1885 5405 non
1903 5349 2089 5405 bonos

429 5442 500 5500 de
529 5442 772 5500 veritate
794 5443 1032 5516 judices
1062 5440 1384 5514 elegerunt,
1418 5439 1768 5511 semetipsos
1797 5437 2086 5505 videlicet,

421 5530 689 5602 judicare
710 5548 774 5589 se
803 5537 1014 5606 putant
1036 5547 1208 5606 posse
1228 5531 1298 5586 de
1321 5545 1384 5586 se
1405 5546 1531 5603 quae
1559 5545 1622 5584 se
1645 5528 1900 5584 fatentur
1929 5526 2092 5601 igno-

429 5635 557 5682 rare
575 5637 588 5679 :
606 5625 735 5682 tum
752 5621 960 5684 deinde
982 5639 1052 5683 ex
1071 5618 1489 5683 verisimilibus
1509 5619 1847 5697 frequenter
1871 5617 1930 5674 in
1981 5617 2090 5678 hoc

2193 4660 2326 4711 cem,
2357 4651 2645 4716 postquam
2673 4644 2920 4712 cwnavit,
2953 4642 3137 4698 dicens
3170 4661 3182 4699 :
3215 4644 3316 4699 Hic
3351 4651 3431 4699 εει
3456 4641 3632 4698 cadis:
3660 4651 3838 4695 novum

2195 4739 2572 4788 testamentum
2603 4733 2664 4787 in
2681 4734 2952 4804 sanguine
2970 4749 3088 4789 meo
3113 4735 3211 4804 qui
3233 4749 3334 4806 pro
3365 4731 3517 4788 vobis
3547 4726 3839 4803 eﬂ'undetur

2195 4823 2346 4891 (Luc.
2377 4839 2514 4890 xxu,
2542 4821 2628 4889 19,
2649 4822 2762 4894 20).
2788 4821 2847 4878 Si
2880 4821 2964 4878 sic
2995 4821 3402 4878 tantummodo
3433 4821 3612 4877 nobis
3644 4811 3839 4874 intelli-

2195 4911 2450 4982 gendum
2475 4911 2656 4967 tradit
2677 4912 2830 4983 quod
2855 4910 3000 4967 dicit
3019 4910 3376 4984 evangelista
3400 4911 3618 4976 Lucas,
3645 4912 3711 4963 ut
3739 4917 3839 4960 non

2197 5000 2366 5056 aliter
2393 4999 2540 5055 illud
2573 5000 2994 5074 intelligamus,
3021 5000 3132 5056 nisi
3157 5001 3310 5073 quod
3343 5017 3446 5072 pro
3463 4999 3643 5055 vobis
3669 4993 3845 5052 trade-

2195 5093 2310 5156 tur,
2336 5093 2393 5145 et
2422 5107 2526 5162 pro
2557 5090 2721 5146 vobis
2769 5091 3068 5163 fundatur,
3098 5089 3158 5146 id
3189 5097 3276 5146 est
3306 5107 3410 5162 pro
3470 5087 3600 5144 illis
3631 5083 3732 5158 qui
3776 5078 3847 5136 ibi

2197 5179 2460 5250 aderant,
2506 5179 2564 5234 in
2622 5180 2732 5236 hoc
2765 5181 2922 5252 quod
2981 5179 3289 5236 Mattbteus
3319 5179 3472 5236 292
3502 5180 3567 5232 et
3627 5175 3848 5232 Marcus

2197 5267 2490 5335 dixerunt,
2524 5268 2692 5325 nobis
2726 5285 2860 5342 spes
2891 5269 3088 5342 aliqua
3118 5285 3247 5324 esse
3277 5271 3504 5340 potest:
3533 5274 3850 5338 possumus

2197 5357 2356 5412 enim
2399 5374 2526 5414 esse
2557 5359 2627 5413 de
2658 5357 2776 5414 illis
2825 5356 3048 5414 multis.
3083 5357 3194 5414 Sed
3223 5357 3284 5412 in
3316 5357 3424 5413 hoc
3453 5355 3623 5428 quod
3677 5353 3852 5410 Lucas

2197 5447 2363 5516 dixit,
2387 5465 2522 5519 spes
2544 5447 2713 5503 nobis
2743 5447 2954 5504 salutis
2985 5445 3148 5503 nulla
3176 5447 3309 5516 erit,
3341 5463 3446 5502 nec
3477 5445 3638 5502 fides
3668 5441 3855 5513 aliqua

2197 5535 2541 5605 remanebit,
2565 5537 2706 5610 quia
2757 5538 2944 5594 Lucas
2984 5537 3221 5594 nonnisi
3251 5539 3480 5592 tantum
3538 5551 3654 5608 pro
3699 5527 3853 5590 vobis

2198 5625 2372 5701 dixit;
2395 5630 2452 5686 et
2481 5625 2532 5686 si
2552 5626 2766 5689 veritas
2799 5627 2957 5688 sicut
2971 5643 3177 5689 verum
3207 5625 3372 5704 dicit,
3392 5640 3616 5704 verum.
3651 5613 3856 5684 dixerit
