3970 6182
221 347 321 406 357

919 345 1022 406 DE
1063 344 1824 408 PRIEDESTINATIONE
1869 347 2390 410 DISSERTATIO
2435 351 2899 413 POSTERIOR.

3492 361 3610 423 358

222 477 344 551 quia
369 475 479 532 hoc
509 491 724 549 corpus
754 493 859 550 pro
877 475 1041 532 vobis
1060 478 1340 546 tradetur,
1365 483 1423 534 et
1453 477 1547 534 hic
1577 479 1726 534 calix
1745 496 1848 552 pro
1877 481 1934 548 Α
1960 479 2280 552 implentur
2307 481 2365 535 in
2397 481 2657 538 Ecclesia
2675 499 2886 556 magna
2915 503 3042 557 quae
3073 489 3144 544 de
3183 491 3469 548 malorum
3501 493 3610 548 ad-

222 565 368 622 vobis
399 565 703 631 fundatur,
725 565 1001 638 quoniam
1031 567 1062 622 .l
1071 567 1217 622 udas
1249 566 1328 621 ibi
1369 565 1654 635 interfuit,
1679 572 1735 624 et
1763 586 1855 623 sa-

223 657 502 710 cramenta
533 671 669 709 cum
712 654 844 710 aliis
874 654 1180 728 discipulis
1221 654 1318 711 illa
1362 657 1640 730 percepit,
1676 661 1857 712 restat

221 741 374 799 nobis
403 740 877 816 intelligendum,
902 743 1039 816 quia
1083 744 1257 800 etiam
1298 763 1401 818 pro
1440 745 1545 812 eis,
1578 745 1731 802 sicut
1761 764 1856 802 ca-

223 830 402 887 tholici
436 831 707 888 doctores
737 849 917 905 supra
948 832 1117 889 nobis
1146 835 1546 903 ostenderunt,
1574 835 1856 892 Dominus

219 937 413 994 passus
448 919 646 988 fuerit,
669 919 770 994 qui
801 921 1091 995 passionis
1121 923 1250 994 ejus
1283 924 1558 996 mysterio
1588 925 1660 980 ad
1695 930 1856 981 aeter-

221 1027 340 1066 nam
372 1027 490 1066 non
523 1009 897 1067 redimuntur
922 1011 1193 1068 salutem.
1227 1035 1253 1060 ››

279 1097 419 1166 Quia
432 1115 570 1155 vero
590 1103 649 1154 et
666 1099 698 1154 J
706 1099 852 1155 udas
874 1115 1049 1156 coenae
1071 1101 1301 1157 Domini
1327 1101 1688 1175 interfuerat,
1705 1104 1860 1161 sicut

219 1191 268 1243 et
291 1186 624 1262 evangelica
649 1188 864 1245 veritas
892 1193 1202 1264 monstrat,
1227 1209 1330 1265 pro
1360 1209 1476 1265 quo
1497 1193 1640 1250 dicit
1667 1193 1860 1250 Domi-

219 1294 315 1333 nus
345 1277 620 1334 fusurum
653 1277 1003 1352 sanguinem
1031 1297 1228 1349 suum,
1253 1281 1352 1354 qui
1383 1283 1720 1358 redemptus
1741 1303 1856 1342 non

218 1367 388 1423 estad
424 1365 706 1438 salutem,
737 1373 794 1425 et
832 1373 1072 1425 sanctus
1109 1369 1366 1427 Joannes
1409 1371 1858 1446 Chrysostomus

219 1457 267 1511 in
297 1455 545 1514 homilia
575 1459 646 1513 de
687 1457 1015 1530 proditione
1063 1458 1229 1515 Iuda:
1288 1463 1536 1517 testatur
1567 1479 1581 1518 :
1610 1463 1856 1532 «Vides,

216 1545 412 1619 inquit,
449 1547 607 1619 quod
657 1547 968 1603 immunda
1024 1553 1165 1604 sunt
1205 1564 1406 1605 eorum
1447 1567 1670 1624 azyma,
1700 1555 1856 1626 quod

221 1635 415 1691 illicita
446 1635 755 1708 festivitas,
778 1637 934 1709 quod
982 1654 1097 1693 non
1143 1638 1362 1711 pascha
1389 1639 1724 1708 Judaicum,
1756 1643 1856 1699 sed

219 1728 544 1798 exemptum
575 1729 628 1780 et
659 1731 1002 1781 evacuatum
1042 1730 1131 1782 est
1169 1727 1398 1799 pascha:
1439 1729 1724 1802 spiritalis
1755 1732 1856 1787 ad-

214 1817 394 1880 ventu,
419 1814 576 1887 quod
597 1813 866 1871 Christus
893 1813 1151 1871 tradidit.
1175 1816 1320 1872 Nam
1353 1834 1488 1873 cum
1535 1821 1854 1877 manduca-

218 1907 346 1969 rcnt,
381 1901 600 1975 inquit,
631 1907 690 1960 et
737 1903 1024 1972 biberent,
1056 1908 1262 1978 accepit
1283 1923 1484 1978 panem
1523 1916 1574 1964 et
1617 1911 1784 1981 fregit
1809 1919 1861 1967 ct

216 1991 343 2048 dixit
371 2008 385 2047 :
417 1992 528 2049 Hoc
559 1999 640 2050 est
666 2009 860 2066 corpus
888 2009 1070 2049 meum
1099 1994 1240 2066 quod
1273 2011 1374 2068 pro
1410 1996 1560 2053 vobis
1591 1999 1852 2056 tradetur.

216 2084 540 2154 Agnoscunt
560 2082 716 2155 quod
748 2081 1090 2155 loquor,qui
1123 2089 1262 2139 sunt
1291 2085 1504 2142 divinis
1533 2089 1855 2145 consecrati

218 2169 516 2242 mysteriis.
537 2170 611 2225 Et
656 2169 909 2228 iterum:
936 2172 1155 2244 Accepit
1175 2173 1400 2230 calicem
1435 2183 1487 2231 et
1533 2175 1678 2232 dixit
1710 2195 1722 2234 :
1753 2179 1857 2234 llic

217 2267 283 2314 est
303 2261 530 2330 sanguis
559 2274 711 2316 meus
741 2261 841 2332 qui
877 2278 978 2333 pro
1001 2261 1195 2318 multis
1225 2261 1534 2334 effundatur
1564 2268 1622 2321 in
1662 2270 1854 2322 remis-

217 2350 407 2403 sionem
421 2355 790 2420 peccatorum.
813 2349 884 2404 Et
904 2366 1160 2422 praesens
1183 2350 1214 2406 J
1223 2353 1369 2407 udas
1391 2357 1533 2421 erat,
1559 2353 1672 2410 ista
1693 2355 1854 2410 Chri-

219 2441 294 2491 sto
320 2436 570 2492 dicente.
597 2437 711 2493 lste
757 2443 847 2493 est
878 2438 1142 2512 sanguis,
1174 2440 1287 2508 dic,
1327 2441 1500 2510 Juda,
1544 2459 1719 2515 quem
1753 2445 1853 2499 tri-

217 2523 363 2597 ginta
393 2524 652 2582 denariis
690 2524 1024 2584 vendidisti.
1051 2528 1166 2584 Iste
1215 2533 1304 2584 est
1349 2531 1613 2603 sanguis,
1637 2533 1707 2588 de
1739 2549 1855 2605 quo

219 2631 334 2669 cum
366 2613 676 2671 Pbariszeis
708 2617 948 2688 pactum
976 2616 1184 2673 fecisti.
1210 2617 1254 2674 Ο
1281 2617 1490 2675 Christi
1523 2621 1854 2678 misericor-

217 2703 323 2759 dia!
355 2720 393 2758 ο
420 2703 584 2759 Judas
632 2706 956 2762 dementia!
993 2706 1092 2762 Ille
1125 2707 1280 2762 enim
1321 2707 1561 2781 triginta
1599 2710 1854 2765 denariis

219 2793 608 2864 paciscebatur
636 2799 702 2850 ut
729 2797 1024 2864 venderet,
1047 2799 1102 2850 et
1124 2796 1391 2853 Christus
1422 2797 1470 2853 ei
1505 2799 1851 2870 sanguinem

218 2899 374 2955 quem
409 2883 670 2940 vendidit
714 2885 1028 2952 offerebat;
1063 2888 1128 2940 ut
1157 2885 1400 2942 haberet
1445 2887 1849 2944 remissionem

219 2975 598 3044 peccatorum,
613 2973 661 3028 si
680 2976 875 3029 tamen
899 2972 1116 3046 impius
1132 2972 1376 3030 existere
1395 2974 1852 3032 noluisset.Num

217 3061 391 3117 adfuit
418 3062 623 3130 Judas,
647 3061 750 3136 qui
784 3061 944 3118 illius
969 3062 1239 3118 sacrificii
1261 3063 1852 3120 communicationem

217 3151 438 3218 meruit,
461 3155 519 3207 et
547 3151 728 3224 pedes
750 3151 880 3223 ejus
901 3152 1134 3224 quando
1155 3151 1402 3208 aliorum
1425 3153 1849 3226 discipulorum

1965 568 2237 624 mistione
2267 570 2542 642 praedicta
2571 572 2784 627 sunt?»
2812 573 2881 627 Et
2903 573 2961 629 in
2985 575 3210 647 psalmo
3231 597 3379 635 XLVII
3405 599 3454 637 τε(
3479 581 3610 637 0m-

1967 675 2067 713 nes
2099 659 2312 730 quippe
2333 665 2768 716 sacramentum
2791 662 3066 735 baptismi
3093 665 3308 721 Christi
3330 669 3610 742 accipien-

1967 751 2050 803 tes
2073 747 2384 804 Christiani
2415 754 2716 814 vocantur,
2745 753 2844 806 sed
2889 769 3003 807 non
3037 769 3240 810 omnes
3289 755 3463 828 digne
3511 757 3610 816 illo

1966 841 2331 892 sacramento
2375 838 2595 893 vivunt.
2629 840 2778 894 Sunt
2813 840 2968 896 enim
3001 842 3264 913 quidam,
3294 843 3366 900 de
3395 845 3611 918 quibus

1966 923 2105 980 dicit
2134 925 2484 998 Apostolus:
2521 927 2782 985 Habentes
2817 931 3053 1000 formam
3086 933 3326 1004 pictatis,
3360 935 3614 992 virtutem

1964 1022 2145 1070 autem
2199 1016 2316 1086 eius
2369 1015 2694 1088 abnegantes
2741 1018 2811 1087 (II
2859 1019 2992 1074 Tim.
3037 1038 3120 1089 ιιι,
3151 1021 3226 1093 5).
3254 1046 3275 1075 ι
3321 1023 3390 1078 Et
3436 1017 3610 1096 paulo

1967 1107 2098 1174 post
2119 1119 2166 1158 :«
2193 1103 2342 1158 Sunt
2365 1120 2500 1176 ergo
2523 1104 2654 1159 filia:
2679 1105 2865 1173 malas,
2889 1111 2946 1162 et
2973 1107 3125 1164 inter
3152 1108 3283 1167 illas
3305 1115 3394 1168 est
3422 1110 3611 1169 lilium

1967 1191 2024 1248 in
2050 1191 2238 1248 merlio
2259 1193 2582 1264 spinarum.
2600 1195 2800 1267 Itaque
2822 1195 2902 1250 illi
2923 1203 3289 1256 sacramenta
3304 1200 3614 1272 habent,et

1969 1298 2159 1338 mores
2189 1281 2374 1338 bonos
2424 1299 2540 1337 non
2581 1282 2818 1350 habent,
2850 1289 2907 1340 et
2936 1285 3037 1342 Dei
3067 1288 3346 1346 dicuntur
3391 1295 3450 1347 et
3495 1309 3610 1348 non

1967 1371 2090 1436 Dei,
2123 1374 2179 1427 et
2205 1372 2334 1442 ejus
2364 1371 2641 1427 dicuntur
2667 1377 2724 1428 et
2761 1372 2957 1442 alieni,
2991 1376 3120 1446 ejus
3161 1383 3397 1452 propter
3425 1379 3612 1454 ipsius

1967 1464 2425 1526 sacramentum,
2457 1459 2627 1516 alieni
2659 1466 2894 1536 propter
2917 1463 3144 1521 vitium.
3173 1489 3202 1516 υ

2042 1549 2198 1603 lianc
2251 1548 2534 1604 catholico
2593 1549 2905 1608 discretam
2957 1553 3420 1627 intelligentiam,
3455 1559 3613 1630 quod

1967 1636 2233 1692 Christus
2251 1638 2424 1694 Jesus
2445 1638 2728 1695 Dominus
2756 1645 2954 1696 noster
2971 1659 3074 1715 pro
3098 1644 3373 1701 omnibus
3399 1664 3612 1719 passus

1967 1725 2064 1791 sit,
2096 1725 2229 1781 licet
2283 1744 2397 1782 non
2446 1745 2650 1784 omnes
2682 1729 2974 1800 passionis
3002 1732 3128 1801 ejus
3163 1734 3437 1805 mysterio
3493 1735 3614 1792 sint

1971 1814 2278 1887 redempti,
2308 1816 2672 1872 demonstrat
2717 1817 2892 1873 etiam
2925 1819 3128 1875 beatus
3175 1823 3520 1880 Ambrosius
3551 1823 3611 1880 in
3676 1841 3689 1846 '

1968 1904 2226 1959 secunda
2283 1905 2544 1977 Epistola
2582 1905 2652 1961 ad
2685 1905 3015 1963 Corinthios
3067 1908 3267 1967 dicens
3313 1915 3454 1985 (cap.
3505 1913 3609 1985 5):

1969 1992 2178 2066 «Quod
2204 1995 2258 2048 si
2284 2011 2426 2050 unus
2451 2011 2552 2066 pro
2582 1996 2833 2051 omnibus
2865 2005 3111 2053 mortuus
3146 2006 3242 2067 est,
3275 2017 3400 2072 ergo
3429 2018 3612 2060 omn-cs

1963 2084 2168 2138 mortui
2185 2091 2333 2138 sunt.
2357 2083 2638 2148 Quoniam
2659 2083 2926 2141 Christus
2941 2084 3192 2159 diligens
3211 2103 3396 2160 genus
3412 2088 3616 2147 imma-

1967 2187 2129 2239 num,
2156 2175 2220 2226 ut
2239 2187 2338 2226 eos
2360 2171 2671 2228 redimeret
2693 2173 2864 2228 morti
2888 2191 2948 2230 se
2969 2174 3146 2241 dedit,
3173 2180 3228 2231 et
3250 2176 3388 2248 quia
3409 2194 3613 2234 omnes

1965 2277 2200 2316 necesse
2231 2265 2320 2316 est
2351 2261 2497 2316 mori
2530 2279 2706 2340 causa
2738 2263 2886 2330 Adae,
2911 2281 3015 2336 pro
3047 2265 3322 2321 omnibus
3346 2272 3612 2324 mortuus

1964 2355 2052 2404 est
2086 2349 2371 2415 Christus,
2393 2354 2456 2404 ut
2484 2367 2582 2405 eos
2607 2368 2638 2404 a
2670 2353 2930 2407 secunda
2959 2357 3144 2409 morte
3176 2353 3468 2412 liberaret.
3499 2380 3519 2406 ιι
3545 2358 3614 2414 Et

1964 2439 2024 2493 in
2060 2438 2248 2510 prima
2295 2439 2541 2511 epistola
2571 2443 2709 2512 (cap.
2735 2441 2820 2513 11)
2847 2458 2860 2495 :
2883 2466 2909 2492 «
2937 2441 3038 2498 Rei
3081 2449 3220 2499 sunt
3251 2446 3510 2518 corporis
3557 2449 3614 2503 et

1963 2527 2271 2608 sanguinis
2320 2528 2574 2583 Domini.
2610 2528 2850 2586 Occisus
2881 2535 2970 2586 est
3011 2532 3169 2587 enim
3220 2551 3324 2606 pro
3374 2533 3466 2591 his
3512 2534 3612 2608 qui

1964 2597 2312 2672 beneficium
2345 2617 2475 2687 ejus
2506 2615 2564 2671 in
2597 2615 2828 2672 irritum
2860 2617 3137 2673 ducunt.»
3169 2597 3240 2675 Et
3267 2621 3325 2676 in
3355 2597 3614 2696 Epistola

1963 2705 2035 2758 ad
2070 2704 2362 2760 Romanos
2384 2710 2522 2776 (cap.
2553 2705 2589 2759 5
2613 2721 2659 2758 :u
2695 2706 2802 2760 Per
2831 2723 3005 2762 unum
3034 2707 3309 2765 hominem
3334 2721 3612 2782 peccatum

1963 2794 2020 2848 in
2053 2792 2200 2847 hunc
2249 2792 2515 2848 mundum
2574 2795 2818 2860 intravit,
2850 2802 2903 2850 et
2951 2813 3052 2867 per
3097 2806 3374 2868 peccatum
3412 2818 3558 2856 mors
3593 2818 3606 2857 ε

1961 2889 2012 2938 et
2041 2883 2111 2937 ita
2147 2883 2202 2936 in
2227 2897 2412 2937 omnes
2441 2883 2685 2937 homines
2710 2887 3050 2954 pertransiit,
3075 2887 3134 2941 in
3165 2903 3266 2959 quo
3296 2904 3478 2946 omnes
3495 2907 3614 2962 pce-

1960 2978 2220 3027 cavcrunt
2242 2971 2412 3041 (Rom.
2438 2988 2491 3037 v,
2519 2972 2628 3039 12).
2649 2972 2796 3036 Quia
2823 2973 3008 3028 Adam
3059 2991 3234 3042 unus,
3259 2975 3316 3031 id
3355 2982 3444 3032 est
3473 2980 3606 3049 Eva,

1962 3059 2102 3132 quia
2133 3063 2190 3114 et
2219 3057 2432 3114 mulier
2449 3059 2635 3114 Adam
2666 3064 2773 3128 est,
2797 3062 3057 3133 peccavit
3085 3063 3142 3118 in
3175 3064 3449 3122 omnibus
3481 3085 3495 3122 :
3529 3067 3612 3124 ita

1965 3165 2122 3204 unus
2152 3146 2420 3203 Christus
2461 3146 2639 3203 Filius
2679 3149 2778 3204 Dei
2831 3155 3134 3222 peccatum
3165 3151 3301 3208 vicit
3325 3152 3385 3207 in
3419 3155 3609 3210 omni-

217 3237 356 3308 lavit,
395 3245 458 3296 ut
485 3218 937 3296 excusationem
959 3257 1076 3296 suae
1119 3240 1353 3296 malitiae
1399 3259 1512 3298 non
1560 3218 1800 3298 haberet
1833 3259 1848 3298 :
1882 3218 1925 3285 (ἶ
1963 3238 2105 3305 bus;
2130 3240 2189 3292 et
2221 3236 2358 3309 quia
2389 3237 2750 3309 propositum
2785 3218 2984 3311 gratiae
3007 3239 3107 3295 Dei
3128 3257 3264 3313 erga
3284 3257 3470 3315 genus
3499 3242 3610 3298 hu-

216 3329 305 3384 sed
337 3328 436 3384 ille
464 3329 843 3385 detestandas
875 3328 1088 3385 mentis
1118 3327 1366 3386 insidias
1395 3330 1708 3404 cogitabat.
1736 3355 1764 3382 ››
1787 3333 1856 3388 Et

217 3422 444 3472 sanctus
471 3417 584 3474 Leo
614 3416 675 3472 in
707 3416 952 3473 homilia
981 3417 1151 3473 tertia
1181 3419 1252 3474 de
1283 3419 1554 3492 passione
1583 3421 1811 3476 Domini
1836 3439 1850 3478 :

217 3529 242 3554 «
261 3505 390 3572 Cur,
414 3505 626 3580 inquit,
649 3506 826 3577 Juda,
850 3507 922 3562 de
942 3507 1072 3578 ejus
1093 3505 1351 3562 bonitate
1374 3507 1616 3576 diffidis,
1639 3527 1767 3583 qua:
1797 3515 1854 3567 te

219 3594 526 3668 acorporis
575 3595 887 3668 sanguinis
917 3594 1009 3652 sui
1050 3595 1464 3663 communione
1513 3615 1629 3654 non
1681 3618 1853 3673 repu-

216 3680 311 3738 lit?
330 3707 355 3733 n
380 3684 590 3740 Beatus
622 3683 1010 3740 nihilominus
1028 3685 1395 3758 Augustinus
1416 3685 1472 3742 in
1497 3688 1855 3760 expositione

220 3771 415 3843 psalmi
437 3791 471 3828 x
490 3773 574 3829 ita
594 3773 758 3841 dicit,
784 3772 1031 3845 loquens
1052 3778 1255 3829 contra
1279 3773 1583 3832 haereticos
1607 3793 1656 3832 :«
1690 3777 1853 3834 Chri-

219 3865 333 3918 stus
361 3863 500 3936 quid
533 3862 697 3920 vobis
747 3861 900 3931 fecit,
929 3863 1027 3935 qui
1077 3863 1419 3921 traditorem
1469 3883 1644 3922 suum
1693 3871 1856 3924 tanta

219 3950 481 4022 patientia
509 3951 776 4025 pertulit,
803 3955 870 4008 ut
899 3952 947 4008 ei
979 3952 1230 4025 primam
1265 3953 1683 4011 eucharistiam
1717 3971 1852 4012 con-

217 4039 412 4096 fectam
443 4041 722 4098 manibus
770 4040 918 4109 suis,
949 4047 1006 4098 et
1052 4058 1151 4098 ore
1199 4059 1305 4098 suo
1360 4045 1851 4114 commendatam,

219 4126 358 4183 sicut
394 4129 617 4186 caeteris
664 4129 948 4203 apostolis
1005 4129 1298 4186 traderet?
1328 4130 1470 4203 quid
1503 4133 1666 4189 vobis
1721 4133 1857 4190 fecit

216 4212 596 4290 Christus,qni
617 4219 890 4273 eumdem
910 4218 1250 4274 traditorem
1269 4235 1646 4291 suum,quem
1662 4220 1855 4276 diabo-

215 4299 326 4359 lum
354 4306 700 4374 nominavit,
715 4306 814 4378 qui
838 4311 972 4362 ante
993 4305 1368 4364 traditionem
1391 4307 1623 4367 Domini
1647 4326 1750 4366 nec
1771 4309 1856 4366 lo-

215 4390 353 4449 culis
372 4393 694 4452 Dominicis
724 4395 898 4450 tidem
932 4395 1121 4467 potuit
1151 4395 1441 4466 exhibere,
1466 4414 1600 4454 cum
1633 4399 1856 4456 cieteris

215 4479 506 4554 discipulis
528 4484 601 4540 ad
623 4483 1061 4556 praedicandum
1084 4501 1330 4558 regnum
1353 4485 1632 4542 caelorum
1656 4487 1856 4544 misit?

1963 3343 2205 3382 manum
2237 3325 2511 3393 ostendit,
2539 3329 2603 3381 ut
2643 3325 2773 3400 ipsa
2811 3327 3129 3399 primordia
3173 3331 3390 3402 peccati
3422 3333 3610 3388 mani-

1963 3419 2220 3482 festaret,
2261 3415 2332 3470 ab
2363 3415 2548 3470 Adam
2581 3416 2752 3488 coepit
2784 3418 2884 3489 qui
2919 3417 3176 3490 primum
3225 3421 3504 3492 peccavit,
3545 3426 3612 3479 ut

1961 3504 2324 3579 providentia
2343 3503 2519 3560 unius
2533 3504 2654 3572 Dei,
2672 3521 2774 3576 per
2791 3523 2974 3561 unum
2995 3507 3344 3564 reformasse
3357 3509 3608 3580 doceret,

1962 3595 2115 3668 quod
2129 3611 2232 3666 per
2247 3609 2428 3648 unum
2442 3592 2674 3666 lapsum
2689 3593 2877 3650 fuerat
2887 3598 2943 3650 et
2955 3599 3207 3652 tractum
3229 3596 3288 3652 in
3303 3605 3610 3655 mortem.»

1961 3686 2031 3741 Et
2063 3683 2198 3740 item
2234 3700 2282 3738 :«
2309 3682 2494 3738 Adam
2525 3685 2720 3738 autem
2751 3681 2880 3738 ideo
2912 3684 3102 3740 forma
3131 3685 3308 3741 futuri
3340 3693 3447 3756 cst,
3473 3688 3611 3760 quia

1954 3773 2080 3845 jam
2115 3777 2238 3827 tum
2270 3770 2330 3826 in
2362 3770 2640 3843 mysterio
2663 3772 2917 3828 decrevit
2938 3773 3092 3830 Deus
3115 3791 3217 3847 per
3239 3793 3420 3830 unum
3443 3776 3612 3832 Chri-

1961 3867 2121 3918 stum
2152 3860 2488 3928 emendare,
2511 3861 2666 3932 quod
2716 3877 2820 3934 per
2867 3879 3052 3918 unum
3093 3865 3277 3920 Adam
3308 3869 3610 3936 peccatum

1961 3955 2105 4018 erat,
2139 3950 2291 4006 sicut
2319 3949 2463 4006 dicit
2492 3948 2553 4006 in
2589 3949 2934 4023 Apocalypsi
2973 3951 3229 4007 Joannes
3261 3953 3560 4025 apostolus
3594 3971 3608 4010 :

1960 4041 2152 4114 Agnus
2191 4041 2288 4112 qui
2332 4041 2540 4095 occisus
2585 4047 2664 4094 est
2706 4056 2740 4094 α
2785 4041 3164 4096 constitutione
3210 4041 3406 4097 mundi
3427 4043 3609 4115 (Apoc.

1961 4147 2082 4196 xm,
2105 4131 2180 4196 8).
2209 4151 2236 4177 ››
2261 4127 2390 4182 Haec
2421 4128 2492 4183 de
2521 4127 2777 4200 generali
2809 4129 2879 4184 ad
2911 4146 3117 4185 omnes
3157 4130 3454 4201 proposito
3491 4131 3609 4198 Dei,

1961 4217 2100 4291 quia
2120 4233 2224 4290 pro
2241 4217 2518 4272 omnibus
2534 4233 2746 4289 passus
2762 4219 2987 4273 est.Sed
3001 4217 3140 4291 quia
3157 4219 3390 4290 proprio
3405 4235 3610 4275 eorum
3713 4221 3736 4240 °

1959 4307 2097 4363 vitio
2128 4324 2244 4362 non
2276 4322 2482 4362 omnes
2509 4305 2802 4378 passionis
2824 4307 2952 4377 ejus
2982 4307 3280 4362 salvantur
3309 4306 3608 4380 mysterio,

1961 4396 2102 4450 item
2132 4394 2192 4450 in
2235 4393 2440 4449 eadem
2492 4393 2632 4449 dicit
2676 4392 2924 4465 epistola
2949 4394 3086 4466 (cap.
3117 4393 3262 4462 eod.)
3290 4414 3310 4441 σ
3335 4395 3490 4450 Sicut
3513 4411 3612 4468 per

1959 4486 2127 4540 unius
2171 4483 2428 4539 delictum
2459 4485 2518 4538 in
2547 4499 2732 4539 omnes
2787 4482 3031 4538 homines
3089 4485 3149 4538 in
3207 4483 3608 4540 condemnatio-

217 4572 276 4623 ut
298 4576 648 4630 monstraret
662 4573 815 4630 dona
835 4573 931 4629 Dei
948 4573 1247 4646 pervenire
1265 4575 1336 4629 ad
1355 4591 1454 4630 eos
1472 4576 1723 4648 quicum
1743 4577 1856 4634 fide
1885 4593 1930 4656 ο
1959 4591 2105 4644 nem,
2136 4575 2216 4629 sic
2243 4580 2295 4629 et
2319 4589 2418 4644 per
2456 4573 2625 4626 unius
2653 4567 2929 4643 justitiam
2958 4573 3018 4626 in
3047 4587 3232 4629 omnes
3274 4573 3518 4631 homines
3549 4575 3610 4630 in

215 4659 755 4732 accipiunt,etiamsi
773 4661 910 4718 talis
927 4661 1003 4718 sit
1023 4679 1126 4736 per
1144 4679 1319 4736 quem
1339 4663 1855 4738 accipiunt,qualis
1951 4664 2399 4736 justiﬁcationem
2420 4661 2548 4717 vitm
2567 4661 2740 4728 (Rom.
2765 4677 2820 4728 v,
2847 4661 2955 4728 16),
2980 4659 3089 4717 hoc
3116 4666 3225 4729 est,
3250 4662 3403 4718 sicut
3435 4664 3612 4720 unius

217 4746 318 4802 fuit
341 4749 374 4805 ,Ι
383 4749 545 4806 udas.
565 4775 592 4800 ››
605 4752 676 4807 Et
703 4751 764 4806 in
797 4749 1025 4824 psalmo
1046 4751 1390 4809 xxxxvzullle
1410 4751 1644 4810 videbat
1673 4755 1852 4810 tradi-

215 4838 392 4894 torem
422 4856 619 4910 suum,
643 4844 702 4896 et
729 4840 904 4913 elegit
932 4838 1100 4896 illum
1123 4841 1313 4914 magis
1333 4841 1403 4897 ad
1427 4858 1573 4915 opus
1596 4860 1857 4900 necessa-

217 4924 384 4996 rium,
396 4927 554 4984 illius
571 4929 725 4986 malo
742 4946 1024 5002 magnum
1041 4929 1261 4986 bonum
1275 4935 1552 5004 operatus
1567 4937 1657 4988 est
1671 4951 1684 5001 ;
1703 4937 1759 4990 et
1772 4937 1854 4989 ta-

215 5031 340 5072 men
362 5016 513 5074 inter
533 5018 842 5074 duodecim
858 5017 1079 5075 electus
1098 5023 1208 5088 est,
1226 5036 1296 5075 ne
1319 5019 1444 5092 ipse
1461 5021 1855 5103 duodenarius

213 5108 326 5160 tam
351 5107 518 5180 exigu
528 5124 598 5164 us
618 5123 903 5163 numerus
922 5111 1076 5164 esset
1095 5107 1223 5165 sine
1244 5108 1420 5164 malo.
1436 5107 1553 5166 Hoc
1575 5111 1646 5166 ad
1668 5127 1856 5167 exem-

211 5189 372 5262 plum
405 5195 556 5252 298
588 5199 800 5252 nostra;
821 5195 1441 5268 patientim.Quoniam
1463 5215 1700 5255 necesse
1729 5203 1854 5256 erat

213 5284 272 5334 ut
293 5280 442 5338 inter
458 5282 644 5340 malos
659 5283 1006 5353 viveremus,
1021 5301 1290 5342 necessse
1305 5290 1430 5342 erat
1447 5290 1513 5342 ut
1531 5287 1716 5343 malos
1734 5287 1854 5344 sive

211 5368 456 5427 scientes
495 5371 613 5429 sive
651 5373 981 5431 nescientes
1018 5372 1354 5444 toleremus,
1379 5376 1711 5449 exemplum
1751 5394 1852 5450 pa-

211 5458 422 5515 tientiae
438 5461 704 5532 praebuit,
720 5479 792 5519 ne
813 5461 1052 5520 deficias
1073 5479 1207 5520 cum
1231 5463 1474 5538 coeperis
1495 5464 1649 5522 inter
1667 5465 1854 5523 malos

209 5545 418 5605 vivere.
443 5550 511 5607 Et
537 5550 680 5624 quia
705 5551 808 5609 illa
836 5551 1038 5610 schola
1063 5553 1277 5610 Christi
1308 5554 1366 5609 in
1397 5554 1706 5612 duodecim
1737 5573 1854 5614 non

211 5637 440 5713 defecit,
461 5645 682 5720 quanto
711 5643 900 5723 magis
930 5659 1038 5706 nos
1068 5642 1225 5703 ﬁrmi
1245 5659 1374 5707 esse
1393 5645 1697 5719 debemus,
1719 5663 1856 5708 cum

1963 4748 2172 4805 delicto
2231 4763 2435 4804 omnes
2481 4745 2542 4802 in
2592 4747 3079 4805 condemnatione
3125 4755 3294 4807 erant
3340 4752 3614 4809 similiter

1962 4841 2292 4911 peccantes,
2315 4837 2398 4892 ita
2425 4839 2483 4892 et
2511 4835 2748 4908 justitia
2775 4835 2951 4894 unius
2977 4853 3184 4898 omnes
3205 4840 3614 4912 justiﬁcantur

1962 4928 2267 4984 credentes
2296 4941 2308 4982 :
2336 4925 2490 4981 sicut
2510 4923 2758 4997 quilibet
2777 4927 3323 4984 condemnationem
3345 4929 3497 4986 banc
3518 4947 3612 5002 ge-

1963 5015 2220 5072 neralem
2241 5031 2368 5072 esse
2397 5017 2628 5086 putant,
2652 5015 2833 5071 simili
2860 5018 3032 5074 modo
3058 5023 3114 5073 et
3127 5018 3609 5090 justiﬁcationem

1963 5102 2291 5178 generalem
2323 5102 2644 5176 accipiunt;
2678 5106 2778 5161 sed
2811 5124 2926 5161 non
2961 5111 3050 5163 est
3076 5124 3302 5173 verum,
3325 5106 3465 5178 quia
3494 5123 3609 5161 non

1961 5211 2165 5251 omnes
2186 5193 2487 5248 credunt.»
2509 5194 2578 5248 Et
2599 5193 2658 5250 in
2690 5195 2949 5267 Epistola
2969 5195 3159 5268 prima
3189 5196 3261 5251 ad
3283 5193 3612 5251 Corinthios

1961 5285 2099 5357 (cap.
2117 5285 2204 5354 15)
2220 5299 2268 5337 :«
2289 5281 2512 5338 Tradidi
2529 5284 2678 5339 enim
2700 5284 2846 5339 vobis
2863 5285 2922 5340 in
2941 5285 3157 5356 primis,
3175 5284 3432 5356 quoniam
3454 5283 3610 5340 πω

1963 5373 2212 5430 Christus
2241 5379 2489 5428 mortuus
2530 5380 2610 5428 est
2647 5389 2748 5445 pro
2795 5375 3026 5445 peccatis
3055 5373 3256 5428 nostris
3287 5371 3336 5442 (ι
3363 5373 3492 5428 Cor.
3513 5389 3609 5440 xv,

1961 5465 2047 5534 3);
2079 5465 2137 5518 et
2168 5462 2396 5536 Moyses
2442 5462 2512 5516 de
2559 5478 2729 5517 cruce
2777 5463 2944 5533 ejus:
2974 5463 3118 5516 Tunc
3143 5459 3396 5516 videbitis
3443 5463 3612 5522 vitam

1964 5561 2194 5612 vestram
2217 5550 2538 5625 pendentem
2556 5559 2681 5607 ante
2701 5551 2886 5607 oculos
2914 5558 3133 5618 vestros,
3154 5558 3206 5607 et
3239 5567 3351 5608 non
3387 5551 3612 5610 credetis

1964 5645 2140 5718 (Deut.
2162 5658 2358 5716 xxwu,
2381 5640 2494 5718 66).
2520 5662 2548 5693 »
2580 5639 2650 5699 Et
2705 5639 2777 5698 de
2833 5637 3089 5716 generali
3144 5639 3447 5714 beneﬂcio,
3472 5641 3614 5720 quia
