3970 6182
396 284 512 344 359

1327 278 1714 340 IilNCMAltl
1765 276 2213 348 ltllEMENSIS
2255 277 2876 342 ARCHIEPISCOPI.
3639 288 3738 350 360

394 431 498 488 pro
515 412 791 470 omnibus
807 428 1020 486 passus
1037 413 1205 478 est,et
1219 410 1556 476 resurrexit,
1574 413 1704 483 quia
1716 413 2040 478 resurrexit,
2068 410 2125 482 Α
2154 410 2342 484 magis
2373 411 2801 468 observandum
2847 410 3018 468 nobis
3048 413 3161 479 est,
3191 411 3324 482 quia
3352 414 3602 472 omnibus
3628 433 3738 492 pro-

391 503 690 576 inquiens,
713 503 872 560 tertia
899 501 988 556 die
1014 501 1058 573 (I
1089 501 1208 556 Cor.
1241 517 1333 569 xv,
1367 502 1443 568 Α).
1469 524 1494 550 α
1530 501 1593 558 1n
1626 501 1853 557 Christo
1884 501 2040 556 enim

393 610 599 650 omnes
647 591 1052 658 resurrexisse,
1087 589 1241 645 sicut
1269 589 1329 661 in
1367 590 1551 646 Adam
1597 596 1860 646 mortuos
1891 608 2038 659 esse,

393 699 564 740 nemo
611 680 872 737 ﬁdelium
921 681 1189 752 denegat.
1218 701 1246 728 »
1278 681 1348 735 Et
1376 679 1516 735 item
1551 697 1600 735 τι
1625 681 1733 736 Per
1768 680 2043 736 hominem

389 789 556 840 mors,
589 779 640 842 ct
661 787 761 843 per
789 770 1065 826 hominem
1111 770 1434 825 resurrectio
1479 776 1818 825 mortuorum
1843 769 1887 841 (I
1917 769 2038 826 Cor.

388 878 482 929 xv,
504 861 618 930 21).
641 859 715 916 Ut
745 858 885 932 qnia
912 861 1150 932 peccato
1189 857 1446 914 hominis
1478 875 1636 913 mors
1665 857 1899 914 inventa
1929 863 2038 930 est,

389 947 604 1006 Christi
635 948 874 1021 justitia
913 945 1398 1003 resurrectienem
1449 947 1728 1002 meruerit
1775 951 2039 1002 mortuo-

2152 501 2336 557 missa
2365 506 2453 556 est
2484 501 2689 556 salus?
2719 524 2746 550 »

2223 589 2480 656 Qualiter
2507 608 2639 646 vero
2671 607 2732 646 se
2773 590 3024 662 quisque
3055 587 3163 644 hoc
3193 589 3436 662 generali
3483 592 3744 650 defraudet

2149 677 2450 748 beneﬁcio,
2473 679 2534 734 in
2557 679 2760 734 eadem
2786 677 3033 752 epistola
3063 678 3187 751 ipse
3213 679 3555 735 damonstrat
3572 680 3744 737 dicens

2125 770 2330 853 (epist.
2379 770 2432 835 1,
2476 785 2524 824 c.
2569 769 2626 836 2)
2661 785 2674 824 :
2717 769 3000 841 Spiritalis
3051 767 3316 840 dijudicat
3367 770 3534 824 omnia
3562 769 3604 841 (l
3639 769 3740 826 Cor.

2149 874 2210 924 ιι,
2239 859 2349 926 15).
2373 880 2400 907 ‹‹
2435 857 2580 912 Cum
2611 857 2766 914 enim
2818 860 3044 912 constet
3089 873 3290 912 omnes
3345 856 3593 913 inimicos
3632 859 3744 915 ﬁdei

2147 945 2298 1002 falsa
2326 950 2521 1003 tenere
2551 963 2655 1018 pro
2685 944 2857 1012 veris,
2886 945 3175 1002 accusatio
3205 945 3434 1001 illorum
3465 946 3520 1002 in
3545 946 3744 1003 irritum

389 1057 582 1096 rum.»
601 1039 671 1096 Et
701 1039 860 1106 item,
883 1037 1023 1111 quia
1051 1055 1166 1094 non
1188 1054 1392 1094 omnes
1418 1036 1720 1092 salvantur
1747 1037 2040 1109 passionis
2139 1035 2264 1107 jam
2311 1035 2562 1092 deducta
2609 1039 2721 1103 est,
2750 1034 2868 1091 veri
2919 1033 3146 1106 judicio
3195 1035 3564 1091 condemnata
3589 1051 3603 1090 :
3631 1035 3748 1109 quia

388 1128 604 1186 Christi
638 1127 936 1202 mysterio,
961 1127 1062 1199 qui
1084 1131 1224 1184 sunt
1252 1127 1352 1198 qui
1385 1125 1529 1182 salvi
1562 1127 1714 1182 ﬁunt
1742 1125 1801 1182 in
1833 1127 2036 1183 eadem

387 1217 633 1292 epistola
665 1217 807 1274 dicit
838 1217 1013 1289 (epist.
1042 1216 1100 1282 2,
1120 1233 1167 1270 c.
1200 1217 1256 1284 ϐ)
1281 1233 1329 1270 :u
1362 1217 1610 1289 Tempore
1638 1224 1847 1289 accepto
1874 1233 2040 1272 exau-

386 1307 505 1364 divi
550 1315 600 1364 te
639 1306 706 1378 (11
738 1305 860 1362 Cor.
893 1323 969 1373 v1,
1002 1305 1080 1377 2).
1113 1303 1206 1360 Sic
1253 1303 1409 1360 enim
1458 1303 1710 1360 decrevit
1753 1303 1908 1359 Deus
1953 1304 2037 1359 af-

388 1397 566 1453 fluere
597 1393 1060 1451 misericordiam
1106 1408 1298 1461 suam,
1333 1397 1398 1448 ut
1446 1392 1503 1448 in
1556 1393 1792 1448 nomine
1822 1392 2036 1450 Christi

385 1484 764 1559 poscentibus
798 1482 1081 1540 auxilium
1110 1481 1442 1555 largiretur.
1468 1503 1496 1534 ››
1523 1482 1592 1538 Et
1619 1481 1780 1548 item,
1807 1482 1878 1538 de
1909 1499 2038 1554 pas-

385 1574 568 1632 sionis
596 1575 726 1646 ejus
757 1570 1037 1628 beneﬁcio
1081 1571 1432 1644 generaliter
1461 1571 1688 1626 cunctis
1738 1570 2036 1644 proposito

383 1663 568 1736 (ibid,
589 1680 636 1720 c.
665 1665 720 1732 5)
745 1679 805 1720 :«
828 1661 1096 1718 Christus
1125 1660 1304 1728 enim,
1328 1659 1622 1734 inquiens,
1647 1664 1780 1733 post
1801 1677 2033 1716 crucem

385 1750 688 1810 descendit
717 1752 788 1807 ad
822 1751 1042 1807 inferos
1070 1749 1295 1806 devicta
1324 1753 1540 1818 morte;
1573 1754 1629 1805 et
1659 1748 1800 1821 quia
1830 1766 2034 1822 pecca-

383 1846 510 1898 tum
532 1840 846 1906 nesciebat,
870 1839 1054 1895 teneri
1075 1856 1110 1894 a
1135 1841 1320 1894 morte
1343 1855 1456 1894 non
1479 1837 1692 1911 potuit,
1716 1838 1854 1911 quia
1876 1855 2034 1895 mors

383 1935 686 2004 peccatum
711 1927 954 1984 inanivit
975 1933 1032 1984 et
1052 1928 1367 1996 infernum,
1393 1933 1458 1984 ut
1483 1945 1642 1984 mors
1663 1928 1810 2001 justi
1839 1945 2035 2000 pecca-

381 2019 608 2076 toribus
631 2018 954 2090 proﬁceret,
973 2020 1040 2072 ut
1061 2017 1132 2072 de
1152 2021 1356 2072 caetero
1379 2033 1540 2072 mors
1555 2035 1655 2073 eos
1673 2017 1770 2090 qui
1796 2017 2032 2090 signum

383 2107 575 2163 crucis
622 2105 837 2161 habent
876 2109 1071 2161 tenere
1100 2122 1215 2160 non
1245 2105 1452 2177 possit.
1477 2128 1505 2156 ι»
1541 2105 1683 2162 Item
1712 2111 1851 2178 (cap.
1875 2107 1932 2174 6)
1963 2107 2033 2162 de

381 2195 476 2252 his
506 2193 607 2268 qui
649 2194 842 2250 crucis
885 2192 1184 2250 salvantur
1230 2194 1528 2267 mysterio,
1562 2193 1622 2249 in
1669 2193 1929 2266 Epistola
1958 2195 2030 2250 ad

383 2285 677 2341 Romanos
709 2300 723 2339 :
755 2284 819 2338 Si
845 2283 993 2338 enim
1037 2283 1392 2355 complantati
1436 2300 1627 2338 sumus
1672 2283 2034 2340 similitudini

379 2373 570 2428 mortis
603 2373 740 2445 ejus,
771 2371 941 2426 simul
977 2378 1028 2426 et
1055 2373 1468 2427 resurrectionis
1511 2373 1717 2426 erimus
1747 2373 1919 2442 (Rom.
1951 2389 2029 2440 v1,

379 2461 456 2533 5).
486 2483 514 2510 «
549 2461 712 2514 Tunc
761 2475 868 2514 nos
925 2458 1170 2514 feliciter
1213 2459 1353 2514 dicit
1401 2476 1574 2534 posse
1623 2477 1946 2531 resurgere,
1981 2459 2031 2515 si

381 2548 758 2606 similitudini
789 2549 996 2608 mortis
1039 2549 1168 2620 ejus
1223 2549 1506 2604 fuerimus
1539 2549 1936 2620 complantati,
1973 2549 2030 2603 id

379 2641 489 2706 est,
504 2637 554 2694 si
574 2637 635 2693 in
659 2637 951 2710 baptismo
971 2637 1170 2692 omnia
1185 2636 1323 2692 vitia
1341 2638 1716 2709 deponentes,
1738 2638 1796 2692 in
1821 2655 2029 2694 novam

379 2725 560 2782 vitam
590 2724 860 2782 translati
890 2726 961 2782 de
993 2729 1198 2782 caetero
1229 2743 1346 2782 non
1375 2743 1686 2799 peccemus
1711 2743 1724 2782 :
1749 2744 1852 2799 per
1873 2727 2026 2800 quod

377 2813 558 2872 simul
589 2819 647 2871 et
667 2814 1114 2872 resurrectionis
1144 2812 1306 2870 illius
1353 2813 1576 2872 similes
1619 2815 1861 2884 erimus,
1891 2817 2031 2890 quia

379 2904 704 2960 similitudo
717 2903 922 2960 mortis
935 2902 1187 2959 similem
1205 2903 1503 2976 praestabit
1519 2905 2025 2962 resurrectionem.

376 2993 493 3051 Nec
521 2993 678 3052 enim
709 2993 820 3050 erit
847 2992 1194 3061 similitudo,
1220 2998 1284 3049 ut
1313 2992 1458 3049 nihil
1490 2995 1665 3050 distet
1685 2993 1784 3068 qui
1817 2995 2028 3052 similis

375 3085 485 3140 erit
513 3083 572 3138 in
603 3082 863 3156 corporis
891 3081 1098 3156 gloria,
1133 3100 1248 3138 non
1290 3083 1348 3138 in
1383 3083 1702 3139 divinitatis
1744 3089 1971 3140 natura.
1999 3107 2028 3134 η

2149 1126 2255 1194 Qui
2281 1141 2389 1181 non
2438 1124 2625 1192 credit,
2659 1123 2850 1196 inquit
2905 1123 3212 1190 Dominus,
3225 1125 3345 1197 jam
3382 1123 3641 1196 judicatus
3687 1133 3754 1181 est

2147 1214 2334 1286 (Joan.
2358 1231 2442 1281 ιιι,
2478 1215 2587 1282 18).
2611 1213 2722 1270 Sed
2755 1217 2810 1268 et
2841 1213 3082 1270 credens
3130 1217 3306 1284 atque
3351 1213 3680 1286 redemptus,
3708 1211 3750 1268 si

2146 1303 2204 1358 in
2237 1320 2303 1360 eo
2325 1304 2482 1376 quod
2505 1302 2752 1359 credidit
2781 1307 2840 1358 et
2861 1303 3202 1376 redemptus
3221 1307 3312 1358 est
3331 1318 3443 1358 non
3463 1318 3755 1374 permanse-

2147 1391 2241 1460 rit,
2264 1397 2321 1448 et
2339 1391 2464 1465 ipse
2495 1391 2776 1448 beneﬁcio
2798 1389 3053 1464 generali
3087 1407 3149 1447 se
3179 1390 3386 1464 privat.
3411 1413 3438 1440 ››
3463 1391 3595 1446 ltem
3623 1391 3753 1446 idem

2146 1483 2284 1555 (cap.
2309 1484 2365 1552 6)
2386 1481 2445 1536 in
2479 1481 2683 1538 eadem
2733 1479 2982 1554 epistola
3031 1481 3211 1536 dicit:
3235 1506 3264 1532 ‹‹
3289 1481 3464 1554 Empti
3490 1481 3627 1538 enim
3650 1483 3756 1537 estis

2140 1573 2314 1644 pretio
2337 1571 2384 1641 (Ι
2401 1572 2522 1628 Cor.
2545 1589 2623 1638 v1,
2647 1572 2760 1641 20),
2785 1575 2842 1626 et
2872 1569 3012 1644 quia
3046 1587 3180 1627 caro
3227 1570 3413 1642 pretio
3459 1569 3626 1642 empti
3673 1587 3754 1625 su-

2145 1678 2299 1730 mus,
2334 1658 2683 1734 propensius
2727 1659 2974 1717 Domino
3015 1665 3212 1716 nostro
3246 1658 3458 1716 servire
3485 1659 3754 1724 debemus,

2144 1767 2216 1807 ne
2245 1750 2502 1806 oll‘ensus
2533 1768 2566 1806 a
2596 1767 2714 1822 qua
2743 1766 2850 1806 nos
2895 1749 3141 1805 redemit
3173 1749 3346 1805 morti
3379 1765 3482 1806 nos
3511 1747 3750 1803 reddat.»

2143 1841 2213 1895 Et
2242 1839 2382 1912 quia
2412 1856 2515 1895 nec
2536 1839 2681 1894 tales
2703 1838 2999 1912 peribunt,
3023 1837 3071 1894 si
3097 1837 3155 1894 in
3187 1835 3589 1893 incredulitate
3611 1833 3686 1892 vel
3704 1836 3752 1890 in

2143 1928 2450 2000 iniquitate
2482 1945 2596 1984 non
2638 1928 3152 2000 perseveraverint,
3175 1927 3234 1982 in
3276 1927 3478 1982 eadem
3515 1925 3752 1980 demons-

2142 2023 2259 2074 trat
2281 2017 2480 2074 dicens
2504 2019 2642 2090 (cap.
2666 2018 2752 2089 3):
2775 2017 2889 2072 Non
2916 2020 3071 2089 potui
3091 2015 3239 2072 vobis
3271 2017 3422 2088 loqui
3439 2016 3588 2088 quasi
3606 2014 3753 2086 spiri-

2142 2107 2341 2162 talibus
2359 2108 2404 2179 (I
2418 2111 2541 2166 Cor.
2557 2124 2641 2176 ιιι,
2665 2107 2734 2179 1).
2752 2130 2777 2156 α
2800 2105 3052 2178 Spiritus
3070 2103 3226 2160 enim
3251 2109 3491 2160 sanctus
3509 2107 3637 2158 tunc
3655 2117 3757 2173 per-

2143 2201 2341 2252 manet
2367 2196 2426 2252 in
2459 2213 2526 2252 eo
2556 2195 2650 2250 cui
2682 2212 2744 2251 se
2771 2193 3072 2262 infuderit,
3103 2193 3154 2250 si
3179 2198 3381 2262 manet
3408 2191 3465 2248 in
3493 2189 3754 2264 proposito

2142 2285 2620 2360 regenerationis,
2639 2285 2689 2341 si
2711 2302 2826 2357 quo
2849 2285 3066 2351 minus,
3087 2283 3384 2340 abscedit:
3409 2283 3488 2338 ita
3505 2286 3682 2336 tamen
3703 2280 3756 2333 ut

2141 2375 2190 2429 si
2223 2375 2622 2430 reformaverit
2651 2391 2712 2430 se
2743 2374 2938 2442 homo,
2972 2373 3171 2428 redeat
3214 2373 3290 2428 ad
3329 2370 3516 2426 illum.
3548 2371 3758 2434 Semper

2140 2463 2295 2519 enim
2319 2467 2561 2536 paratus
2583 2465 2652 2518 ad
2678 2464 2898 2518 bonum
2919 2467 3030 2530 est,
3045 2461 3301 2534 diligens
3323 2457 3754 2533 pmnitentiam.»

2141 2555 2304 2621 Quod
2335 2555 2406 2609 de
2434 2552 2655 2625 Spiritu
2683 2557 2886 2608 sancto
2919 2550 3012 2606 hic
3043 2549 3374 2608 catholicus
3399 2551 3592 2604 doctor
3617 2543 3754 2607 dicit,

2139 2643 2248 2699 hoc
2276 2644 2346 2698 de
2379 2643 2544 2697 Patre
2581 2647 2639 2697 et
2689 2640 2830 2697 Filio
2877 2658 3012 2696 cum
3060 2640 3264 2695 eodem
3319 2639 3535 2711 Spiritu
3583 2638 3758 2690 sancte

2139 2737 2228 2790 est
2256 2731 2648 2802 sentiendum,
2672 2747 2923 2803 quorum
2967 2747 3082 2786 una
3131 2733 3220 2786 est
3269 2728 3537 2786 voluntas
3564 2729 3618 2780 et
3643 2738 3756 2795 ope-

2140 2826 2368 2964 mlthc
2408 2907 2704 2965 catholicae
2754 2906 3064 2962 discretam
3115 2903 3564 2979 intelligentiam
3590 2901 3656 2956 de
3681 2914 3758 2954 re-

2137 2998 2474 3070 demptione
2502 2996 2746 3054 humani
2772 2995 3002 3070 generis
3033 3012 3135 3068 per
3164 2994 3402 3050 Domini
3434 2991 3757 3067 passionem,

2137 3088 2327 3144 tenuit
2355 3093 2596 3144 sanctus
2642 3085 3278 3158 llicrenymus,dicens
3325 3084 3386 3140 in
3434 3079 3759 3154 expositione

373 3174 444 3229 Et
483 3173 620 3228 item
651 3178 791 3244 (cap.
828 3173 916 3240 15)
961 3172 1251 3245 generalis
1301 3172 1565 3228 beneficii
1615 3173 2024 3230 discretionem
2056 3159 2098 3226 C
2137 3177 2406 3250 Epistolas
2438 3178 2510 3232 ad
2542 3176 2909 3249 Ephesioszu
2936 3176 3052 3231 Hoc
3095 3174 3154 3228 in
3193 3174 3300 3232 Dei
3342 3171 3484 3228 Filio
3513 3164 3759 3242 possibile

377 3260 742 3314 demonstrat
769 3259 829 3313 in
860 3258 1121 3330 Epistola
1153 3259 1344 3332 prima
1383 3261 1454 3315 ad
1487 3259 1816 3317 Corinthios
1840 3279 1852 3317 :
1875 3263 2030 3318 Sicut
2127 3267 2518 3338 judicundum
2539 3271 2647 3332 est,
2671 3265 2826 3338 quod
2859 3262 3062 3320 cruore
3093 3280 3198 3318 suo
3230 3280 3355 3318 non
3379 3261 3579 3316 urbem
3606 3270 3758 3312 uuam

373 3350 524 3404 enim
569 3348 630 3402 in
675 3346 846 3402 Adam
887 3362 1070 3403 omnes
1118 3349 1451 3417 moriuntur,
1484 3351 1562 3404 ita
1608 3357 1659 3406 et
1705 3351 1766 3404 in
1808 3350 2026 3408 Christo

373 3450 559 3492 omnes
607 3434 1028 3508 viviﬁcabuntur
1056 3436 1103 3506 (ι
1125 3436 1244 3492 Cor.
1268 3455 1360 3503 xv,
1383 3437 1498 3509 22).
1524 3461 1550 3488 ‹‹
1585 3438 1873 3495 Omnibus
1922 3440 2024 3512 qui

375 3527 607 3581 suntex
636 3525 764 3596 ejus
795 3541 1035 3598 corpore
1064 3525 1375 3598 acquisivit
1399 3526 1598 3595 vitam,
1620 3527 1678 3582 id
1713 3532 1798 3584 est
1825 3545 2022 3584 resur-

373 3615 714 3683 rectionem,
737 3613 1011 3680 Quamvis
1039 3631 1175 3686 ergo
1211 3614 1541 3686 generalem
1575 3615 1794 3672 ‘tribuit
1825 3635 2024 3672 resur-

374 3702 712 3772 rectionem,
749 3707 812 3757 ut
843 3701 996 3758 sicut
1032 3702 1092 3758 in
1122 3703 1308 3758 Adam
1343 3721 1566 3772 omnes,
1591 3705 1711 3760 sive
1725 3705 2023 3777 justi,sive

371 3791 603 3863 injusti,
637 3793 988 3859 moriuntur,
1039 3791 1122 3846 ita
1162 3797 1220 3848 et
1267 3792 1324 3847 in
1367 3793 1598 3848 Christo
1647 3811 1871 3864 omnes,
1899 3801 2022 3852 tam

371 3881 676 3936 credentes
723 3897 900 3953 quam
959 3869 1310 3950 difﬁdentes,
1358 3887 1670 3956 resurgant
1711 3899 1724 3938 :
1763 3883 1898 3940 licet
1947 3886 2022 3940 ad

367 3985 603 4042 pmnam
655 3967 962 4038 increduli,
994 3974 1188 4025 tamen
1238 3970 1513 4026 viviﬁcari
1561 3971 1850 4041 videnlur,
1882 3973 2022 4046 quia

373 4072 614 4128 corpora
635 4073 744 4120 sua
762 4056 1058 4131 recipient,
1075 4060 1202 4132 jam
1225 4076 1342 4116 non
1363 4059 1650 4130 morituri,
1665 4061 1766 4116 sed
1789 4063 2022 4135 passuri

367 4162 605 4219 pmnam
635 4145 697 4202 in
729 4145 814 4203 eis
843 4147 970 4204 sine
1010 4150 1125 4204 ﬁne
1166 4149 1321 4220 quod
1354 4150 1584 4206 credere
1631 4143 1964 4207 noluerunt.
1990 4175 2018 4201 ››

371 4235 518 4293 Item
541 4240 680 4310 (cap.
707 4237 780 4309 1),
804 4235 959 4310 quod
988 4236 1338 4310 generaliter
1355 4238 1631 4294 omnibus
1661 4256 1766 4312 per
1786 4257 2020 4297 crucem

369 4325 534 4383 salus
563 4327 865 4400 proposita
903 4330 1178 4400 operatur
1211 4325 1484 4400 singulis,
1505 4328 1565 4384 in
1609 4329 1814 4385 eadem
1853 4329 2020 4403 Epis-

368 4415 488 4472 tola
511 4431 524 4471 :
552 4416 780 4472 Verbum
800 4418 949 4473 enim
976 4419 1155 4473 crucis
1182 4417 1534 4489 pereuntibus
1551 4417 1769 4490 quidem
1786 4420 2021 4476 stultitia

367 4510 448 4560 est
475 4505 522 4573 (ι
541 4503 662 4561 Cor.
687 4522 727 4572 1,
753 4507 861 4578 18).
885 4528 914 4556 ‹‹
940 4505 1317 4563 Manifestum
1339 4509 1446 4575 est,
1473 4506 1611 4579 quia
1641 4507 1856 4579 quibus
1879 4525 2020 4565 crux

358 4591 585 4649 Christi
606 4592 857 4650 stultitia
877 4599 986 4662 est,
1004 4594 1064 4650 in
1085 4594 1409 4667 perditione
1428 4601 1568 4654 sunt
1589 4613 1604 4654 :
1627 4595 1840 4653 inferni
1861 4597 2019 4654 enim

369 4681 546 4738 morti
585 4699 706 4738 non
763 4687 903 4739 sunt
953 4685 1156 4756 erepti.
1187 4686 1282 4741 llis
1307 4693 1489 4742 autem
1519 4689 1616 4759 qui
1669 4687 1812 4743 salvi
1853 4689 2012 4760 ﬁunt,

367 4772 543 4827 virtus
573 4771 672 4828 Dei
709 4779 790 4828 est
831 4772 1178 4842 (ibid.).Non
1226 4780 1316 4830 est
1364 4777 1702 4844 obscurum,
1737 4777 1875 4849 quia
1922 4777 2016 4834 his

370 4859 470 4932 qui
501 4859 748 4916 credunt
775 4859 962 4918 virtus
991 4863 1092 4918 Dei
1119 4867 1206 4918 est
1230 4880 1242 4918 :
1268 4865 1516 4920 credunt
1544 4864 1701 4921 enim
1724 4883 1840 4921 non
1861 4865 2019 4922 inﬁr-

370 4948 634 5006 mitatem
667 4967 795 5007 esse
825 4968 1060 5008 crucem
1090 4953 1326 5022 Christi,
1352 4954 1453 5010 sed
1479 4954 1774 5025 virtutem,
1798 4955 2015 5010 intelli-

365 5043 569 5113 gentes
599 5044 846 5096 mortem
867 5041 1081 5097 victam
1109 5059 1236 5098 esse
1265 5042 1325 5098 in
1353 5060 1524 5099 cruce
1550 5060 1562 5099 :
1587 5045 1757 5116 cujus
1778 5045 2015 5118 signum

367 5128 467 5202 qui
497 5129 716 5187 habent
744 5129 888 5186 salvi
921 5135 1077 5198 sunt,
1112 5131 1250 5203 quia
1278 5133 1351 5189 ab
1381 5131 1482 5188 illa
1519 5133 1702 5190 teneri
1733 5151 1849 5189 non
1879 5151 2012 5206 pos-

366 5223 564 5275 sunt.»
585 5218 731 5287 Quia
750 5219 1100 5292 generaliter
1117 5221 1394 5277 omnibus
1415 5220 1492 5277 sit
1511 5221 1672 5277 salus
1693 5223 2014 5295 proposita,

366 5308 508 5364 item
530 5309 666 5382 (cap.
689 5309 744 5382 9)
769 5309 826 5364 in
857 5309 1062 5376 eadem
1093 5310 1236 5366 dicit
1275 5309 1557 5383 epistola:
1589 5311 1775 5367 Omnis
1807 5315 1904 5384 qui
1954 5315 2014 5370 in

363 5414 534 5470 agone
561 5399 853 5468 contendit,
884 5399 952 5456 ab
981 5399 1234 5456 omnibus
1261 5417 1319 5456 se
1345 5400 1578 5456 abstinet
1605 5401 1652 5474 (ι
1673 5405 1796 5458 Cor.
1820 5404 1874 5474 9,
1897 5406 2012 5474 25).

367 5510 394 5538 α
417 5487 503 5544 Ab
533 5486 627 5545 his
657 5489 932 5547 omnibus
963 5505 1089 5564 quae
1119 5489 1358 5547 vitanda
1385 5490 1590 5547 eadem
1623 5492 1802 5549 tradit
1832 5493 2012 5551 disci-

364 5575 546 5654 plina,
570 5596 708 5643 cum
737 5582 926 5644 sciant
944 5599 1132 5644 unum
1154 5581 1306 5644 205
1329 5583 1730 5645 coronandum
1755 5601 1769 5644 :
1793 5590 2012 5663 quanto

2135 3356 2236 3412 sed
2294 3359 2483 3412 totum
2541 3359 2754 3428 purgat
2805 3354 3078 3409 orbem.»
3113 3353 3180 3407 Et
3233 3351 3299 3406 in
3359 3343 3758 3407 Commentario

2135 3444 2392 3502 Matthmi
2429 3462 2442 3500 :
2485 3445 2660 3500 Filius
2699 3443 2936 3500 hominis
2983 3460 3093 3498 non
3140 3443 3292 3497 venit
3338 3437 3659 3504 ministrari,
3686 3431 3763 3489 sed

2131 3536 2468 3603 ministrare,
2501 3541 2552 3590 et
2591 3533 2722 3589 dare
2768 3533 3013 3588 ani-mam
3039 3548 3199 3588 suam
3223 3529 3642 3602 redemptionem
3677 3537 3761 3595 pro

2131 3625 2321 3679 multis
2365 3623 2574 3692 (Matth.
2605 3640 2696 3690 xx,
2730 3625 2842 3690 28).
2868 3645 2895 3672 ί(
2931 3621 3055 3676 Νοιι
3114 3619 3262 3676 dixit
3324 3637 3432 3692 pro
3489 3613 3759 3674 omnibus,

2132 3713 2234 3768 sed
2265 3729 2369 3784 pro
2399 3711 2623 3778 multis,
2657 3710 2714 3766 id
2746 3715 2978 3783 est'pro
3028 3709 3119 3765 his
3168 3709 3268 3781 qui
3305 3709 3540 3766 credere
3584 3701 3761 3759 volue-

2131 3801 2267 3857 rint.
2291 3823 2318 3852 »
2354 3801 2448 3856 Sic
2479 3806 2536 3856 et
2565 3801 2720 3855 Beda
2749 3802 2806 3856 in
2849 3799 3093 3856 homilia
3120 3797 3424 3872 Evangelii
3453 3796 3653 3852 decima
3678 3798 3764 3846 ter-

2130 3892 2208 3948 tia
2232 3908 2280 3946 ;‹‹
2307 3890 2370 3946 In
2406 3889 2628 3962 Spiritu
2675 3894 2876 3944 sancto
2925 3888 3244 3961 baptizans,
3277 3911 3305 3936 ››
3329 3885 3474 3959 quin
3497 3882 3760 3944 Christus,

2134 4003 2160 4032 ‹‹
2184 3981 2254 4035 ad
2279 3978 2536 4035 tollenda
2555 3983 2814 4050 peccata,
2837 3995 2950 4033 non
2973 3977 3166 4034 solum
3185 3976 3392 4046 Israel,
3408 3975 3510 4032 sed
3533 3979 3588 4029 et
3603 3969 3762 4027 totius

2132 4069 2359 4138 mundi,
2392 4069 2442 4125 si
2483 4068 2535 4124 ei
2574 4068 2808 4124 credere
2853 4065 3118 4136 voluerit,
3151 4065 3407 4122 idoneus
3453 4061 3762 4122 est.»llanc

2129 4163 2372 4216 sanctus
2402 4157 2658 4213 Hilarius
2705 4156 2892 4212 tenuit
2921 4161 2977 4210 et
3006 4155 3228 4222 docuit,
3249 4156 3461 4212 dicens
3503 4154 3564 4208 in
3611 4162 3763 4220 expo-

2129 4249 2339 4306 sitione
2371 4246 2583 4320 psalmi
2606 4263 2776 4302 cxvni
2801 4263 2850 4301 ;‹‹
2877 4246 3041 4300 Tunc
3071 4244 3335 4301 humano
3357 4241 3561 4318 generi
3592 4251 3766 4311 expro-

2130 4339 2260 4394 brat
2307 4354 2424 4393 non
2472 4334 2796 4408 poenitenti,
2831 4350 3020 4406 neque
3077 4333 3135 4388 in
3181 4333 3344 4390 viam
3389 4327 3765 4405 evangelicam

2127 4425 2412 4501 pergenti,
2435 4425 2495 4481 id
2517 4425 2671 4498 quod
2702 4425 2761 4480 in
2782 4423 3010 4497 psalmo
3035 4423 3391 4480 continetur.
3417 4427 3560 4496 Quae
3580 4417 3768 4474 utilitas

2048 4518 2188 4598 Din
2243 4516 2512 4588 sanguine
2565 4531 2702 4585 meo,
2758 4513 2890 4570 dum
2944 4512 3202 4570 descendo
3261 4515 3325 4568 in
3383 4509 3767 4584 corruptionem

2130 4604 2300 4677 (Psal'.
2332 4623 2486 4672 XXIX,
2515 4603 2646 4677 20)?
2690 4604 3014 4676 Exprobrat
3068 4601 3226 4658 enim
3283 4601 3569 4676 superbis
3613 4599 3769 4667 atque

2126 4695 2474 4763 maledictis,
2507 4711 2612 4750 cur
2641 4692 2786 4748 nihil
2828 4692 2889 4748 in
2929 4695 3298 4748 sacramento
3347 4686 3662 4764 sanguinis
3688 4679 3766 4738 sui

2127 4788 2303 4856 atque
2327 4780 2534 4837 mortis
2555 4779 2828 4837 utilitatis
2849 4797 2967 4836 sua:
2990 4797 3118 4836 esse
3137 4778 3629 4844 existimaverint,
3651 4787 3772 4830 cum

2125 4871 2222 4927 ille
2255 4869 2437 4927 nostri
2479 4886 2656 4926 causa
2703 4874 2761 4925 et
2807 4873 3000 4938 natus,
3035 4873 3091 4924 et
3146 4885 3385 4940 passus,
3411 4873 3472 4926 et
3520 4867 3772 4924 mortuus

2125 4960 2220 5016 sit.
2245 4981 2273 5010 »
2309 4959 2402 5016 Sic
2433 4957 2617 5016 sensit
2645 4962 2701 5014 et
2732 4958 2929 5014 docuit
2971 4962 3209 5015 sanctus
3237 4957 3510 5014 Jo'annes
3540 4955 3773 5024 Chryso-

2125 5054 2373 5116 stemus,
2397 5049 2597 5105 dicens
2652 5048 2712 5103 in
2771 5046 3030 5121 Epistola
3079 5047 3152 5102 ad
3200 5047 3504 5115 Hebraeos,
3538 5039 3776 5117 qualiter

2123 5138 2312 5212 gratia
2330 5138 2432 5194 Dei
2455 5155 2560 5212 pro
2583 5137 2861 5194 omnibus
2884 5135 3203 5210 gustaverit
3235 5141 3520 5204 mortem,
3545 5149 3662 5190 non
3683 5142 3776 5204 pro

2123 5226 2397 5284 ﬁdelibus
2428 5232 2678 5296 tantum,
2705 5227 2806 5284 sed
2827 5244 2930 5300 pro
2961 5227 3182 5283 mundo
3204 5225 3508 5282 universo.
3533 5223 3606 5280 Et
3629 5221 3696 5276 de
3717 5232 3775 5273 eo

2123 5317 2344 5373 dictum
2371 5321 2479 5384 est,
2500 5317 2570 5374 ad
2600 5317 2898 5374 multorum
2937 5315 3314 5373 exhauriendo
3339 5321 3576 5388 peccata
3593 5308 3776 5384 (Hebr.

2121 5425 2198 5474 ιιι,
2231 5409 2343 5479 28).
2371 5407 2440 5462 Et
2467 5405 2591 5479 ipse
2623 5406 2862 5479 quidem
2902 5423 3006 5480 pro
3051 5405 3326 5462 omnibus
3359 5409 3647 5461 mortuus
3677 5403 3776 5456 est.

2122 5497 2269 5564 Quid
2292 5500 2490 5554 autem
2512 5496 2561 5553 si
2583 5513 2698 5552 non
2719 5513 2926 5570 omnes
2942 5497 3204 5564 credunt,
3221 5500 3280 5554 et
3299 5492 3403 5552 ille
3422 5493 3594 5569 quod
3612 5501 3778 5552 suum

2121 5591 2212 5648 est
2250 5585 2555 5667 implevit?
2587 5586 2681 5649 Sic
2728 5587 2916 5648 sensit
2959 5592 3018 5651 et
3063 5586 3262 5647 docuit
3289 5586 3350 5647 Β.
3379 5583 3778 5664 Augustinum
