3950 6172
183 333 265 403 3.54

183 467 336 525 dicens
361 461 413 517 in
439 457 573 515 libro
593 455 659 511 de
678 454 1045 528 Correptione
1070 458 1127 512 et
1145 454 1345 529 Gratia
1365 471 1413 511 :«
1447 453 1591 525 Quis
1614 470 1733 510 ma-
1766 454 1814 520 Α

182 556 248 629 gis
268 549 440 608 dilexit.
459 547 708 605 inﬁrmos
736 561 914 616 quam
944 543 1042 600 ille
1071 543 1172 616 qui
1216 562 1318 615 pro
1348 543 1623 599 omnibus
1653 546 1743 599 est

183 636 597 709 {ectasinﬁrmua
620 637 676 689 et
704 649 809 706 pro
839 631 1115 688 omnibus
1145 649 1214 686 ex
1244 630 1373 704 ipsa
1393 633 1545 691 296
1578 632 1740 687 inﬁr-

184 730 333 789 mitate
355 722 673 783 cruciﬁxus?
699 745 728 771 »
750 722 819 779 Et
847 720 907 776 in
938 720 1086 783 libro
1130 725 1291 777 sexto
1327 724 1529 779 contra
1554 720 1738 777 Julia.-

186 834 284 881 num
304 833 344 872 τα
362 813 437 871 illi
455 815 586 873 sunt
608 809 890 871 liberatis
920 815 1177 883 peccato,
1203 826 1305 884 pro
1337 810 1557 881 quibus
1586 827 1740 865 mor-

186 914 284 964 tuus
304 907 377 959 est
400 899 491 974 qui
518 916 816 971 nunquam
858 899 1047 957 fuerat
1094 898 1155 955 in
1206 903 1442 971 peccato
1471 902 1530 954 et
1559 897 1739 955 semel

183 997 403 1057 mortuus,
416 994 596 1047 tamen
618 1005 721 1061 pro
742 1005 1098 1062 unoquoque
1116 993 1257 1044 tunc
1277 987 1545 1056 moritur,
1562 1005 1743 1060 quan-

180 1083 233 1139 do
252 1080 298 1135 in
321 1080 435 1154 ejus
455 1081 628 1133 morte
649 1076 1035 1149 quantalibet,
1056 1076 1248 1133 aetatis
1280 1075 1452 1133 fuerit
1480 1076 1740 1149 baptiza-

180 1170 324 1238 tur,id
349 1171 440 1238 est,
465 1172 594 1225 tunc
634 1166 686 1223 ei
737 1165 995 1240 proderit
1022 1182 1187 1227 mors
1212 1166 1340 1238 ejus
1391 1164 1492 1239 qui
1540 1164 1649 1221 fuit
1680 1165 1740 1220 in

178 1262 373 1333 peccato,
384 1254 599 1331 quando
625 1255 689 1317 in
713 1255 843 1330 ejus
873 1259 1059 1312 morte
1099 1254 1450 1327 baptizatus,
1473 1260 1741 1321 mortuus

180 1345 479 1403 fueritetiam
516 1344 638 1418 ipse
683 1349 943 1416 peccato,
974 1343 1077 1416 qui
1125 1348 1398 1400 mortuus
1445 1343 1635 1399 fuerat
1680 1342 1739 1403 in

178 1441 406 1513 peccato.»
427 1434 574 1493 Hanc
611 1432 803 1491 tenuit
826 1436 885 1489 et
913 1432 1248 1504 praedicavit
1277 1436 1518 1489 sanctus
1554 1432 1739 1489 Theo-

177 1523 322 1599 philus
344 1522 574 1596 pontifex
607 1520 1056 1593 Alexandrinus,
1081 1521 1283 1578 dicens
1320 1521 1379 1576 in
1419 1520 1607 1594 capite
1636 1520 1739 1583 Pa.-

176 1611 336 1669 schalis
359 1610 596 1685 epistolae
624 1611 812 1667 tertiae
837 1627 886 1666 τα
911 1611 1077 1667 Nunc
1117 1627 1349 1684 quoque
1371 1609 1471 1667 Dei
1494 1610 1620 1666 viva
1647 1627 1740 1671 sa-

176 1702 339 1775 pientia
357 1718 450 1761 nos
478 1701 546 1756 ad
574 1705 853 1759 sanctum
880 1706 1156 1774 provocat
1201 1700 1424 1756 Pascha
1452 1698 1743 1757 celebran-

176 1791 293 1857 dum,
308 1806 486 1849 omnes
513 1790 757 1863 cupiens
803 1790 934 1861 ejus
978 1806 1106 1847 esse
1154 1789 1490 1863 participes.
1517 1811 1547 1841 ››
1582 1790 1652 1845 Et
1681 1789 1738 1844 in
1770 1830 1817 1897 Β

176 1880 317 1952 prima
334 1879 587 1952 synodica
618 1896 632 1933 :
661 1902 690 1931 «
725 1878 968 1947 Idcirco,
1002 1878 1214 1951 inquit,
1241 1878 1519 1935 omnibus
1548 1894 1740 1934 errore

174 1967 564 2027 seductis-vivens
585 1985 782 2027 sermo
805 1967 907 2024 Dei
939 1968 997 2022 in
1032 1967 1312 2023 auxilium
1346 1972 1616 2025 nostrum
1646 1984 1739 2023 ve-

174 2059 235 2113 nit
245 2058 300 2113 ad
316 2062 494 2128 terras,
508 2074 634 2130 quae
655 2057 1009 2131 ignorabant
1023 2056 1246 2113 cultum
1265 2057 1387 2125 Dei,
1403 2062 1462 2114 et
1480 2055 1741 2112 veritatis

175 2144 547 2207 sollicitudinem
573 2147 972 2211 sustinebant.
994 2148 1173 2218 Cujus
1204 2146 1284 2203 rei
1316 2145 1482 2202 testis
1512 2145 1608 2202 ille
1639 2145 1739 2219 qui

175 2233 385 2307 loquitur,
437 2237 621 2294 Omnes
683 2235 1051 2309 deliquerunt,
1107 2236 1278 2292 sim-ut
1337 2236 1558 2292 inutiles
1609 2236 1744 2307 [acti

173 2333 264 2382 sunt
283 2327 427 2395 (Rom.
448 2343 525 2396 nx,
551 2326 662 2399 12).
692 2348 722 2375 ››
753 2327 822 2385 Et
849 2325 993 2383 item
1022 2325 1087 2381 in
1116 2326 1377 2382 secunda
1400 2342 1449 2380 :«
1475 2325 1740 2381 Praeben-

172 2417 234 2469 tes
254 2431 336 2469 nos
360 2416 550 2489 dignos
592 2415 1014 2475 communione
1056 2415 1320 2487 corporis
1347 2422 1406 2471 et
1434 2413 1742 2487 sanguinis

173 2502 343 2561 Christi.
369 2505 453 2561 Sic
490 2505 646 2573 enim
693 2506 1051 2565 merebimur
1075 2505 1336 2576 accipere
1362 2520 1541 2577 regna
1570 2503 1741 2559 coelo-

172 2610 267 2649 rum
288 2592 337 2651 in
356 2594 562 2653 Christo
606 2595 755 2659 Jesu
804 2594 1052 2653 Domino
1101 2600 1357 2651 nostro.»
1382 2594 1452 2649 Et
1501 2598 1744 2653 sanctus

174 2681 254 2738 Leo
267 2682 314 2739 in
326 2683 546 2755 epistola
559 2685 637 2743 ad
658 2685 914 2741 Leonem
930 2685 1264 2756 Augustum
1279 2699 1292 2737 :
1307 2708 1325 2731 α
1350 2682 1568 2737 Etl'usio
1584 2681 1742 2737 enim

166 2770 275 2840 justi
289 2788 376 2844 pro
394 2771 618 2844 injustis
640 2772 954 2845 sanguinis
974 2771 1187 2829 Christi
1212 2776 1334 2827 tam
1356 2771 1467 2826 fuit
1489 2770 1649 2827 dives
1670 2770 1743 2831 ad

172 2860 383 2930 pretium,
400 2866 460 2918 ut
476 2862 524 2918 si
546 2862 909 2929 universitas
930 2860 1292 2934 captivorum
1314 2861 1374 2917 in
1399 2860 1744 2932 Redempto-

170 2964 259 3004 rem
281 2966 425 3013 suum
454 2952 735 3020 crederet,
769 2950 1000 3008 nullum
1029 2949 1246 3008 diaboli
1277 2949 1511 3013 vincula
1541 2947 1747 3006 retine-

169 3043 279 3093 rent.
295 3060 317 3087 ιι
335 3040 392 3096 Et
416 3041 760 3101 Ambrosius
789 3041 851 3099 in
882 3039 1108 3112 psalmo
1130 3056 1302 3097 cxvm
1337 3056 1385 3095 :«
1412 3038 1575 3104 Quod
1597 3054 1747 3094 mor-

168 3130 270 3183 tuus
291 3134 363 3185 est
385 3128 667 3198 Christus,
701 3134 971 3186 mortuus
1018 3132 1109 3189 est
1138 3127 1339 3185 semel.
1364 3127 1654 3187 Omnibus
1683 3126 1743 3185 in

167 3231 410 3274 commune
437 3219 609 3276 semel
642 3224 920 3279 mortuus
942 3222 1049 3288 est,
1071 3222 1129 3274 et
1151 3216 1402 3291 singulis
1423 3214 1603 3273 semel
1629 3232 1748 3273 mo-
1776 3203 1819 3275 C

167 3302 290 3373 ritur,
311 3323 408 3364 non
430 3308 820 3385 frequenter.»
842 3307 938 3365 Sic
965 3312 1204 3365 sanctus
1225 3307 1537 3380 Gregorius
1560 3304 1751 3362 tenuit

167 3398 205 3448 et
227 3396 509 3466 pradicet-it
537 3398 596 3455 in
630 3397 788 3455 libro
819 3395 1130 3453 Moralium
1161 3396 1388 3453 decimo
1418 3399 1627 3468 quarto
1654 3394 1748 3449 di-

168 3498 267 3545 cens
285 3485 400 3558 (mp.
419 3490 501 3560 22)
526 3505 573 3543 ει(
599 3486 787 3547 Stulti
824 3503 1056 3559 quoque
1104 3485 1508 3558 despiciebant
1557 3501 1649 3541 me
1682 3500 1748 3539 ε»

165 3588 214 3629 ιο
252 3574 293 3629 si
339 3583 517 3647 aperte
546 3578 890 3633 diceretur:
926 3575 1047 3649 Ipsi,
1104 3592 1196 3631 me
1243 3575 1419 3631 etiam
1469 3575 1750 3647 despexe-

168 3667 283 3729 runt,
301 3680 391 3736 pro
414 3666 622 3737 quibus
654 3665 944 3723 sanandis
978 3663 1293 3721 stultitiam
1323 3660 1751 3735 praedicationis

167 3754 419 3825 assumpsi,
448 3755 504 3811 id
534 3760 627 3812 est
663 3759 731 3811 ut
758 3770 863 3826 per
889 3770 1125 3813 carnem
1156 3752 1328 3809 Verbi
1361 3756 1746 3808 sanarentur:

167 3839 286 3894 etab
310 3840 439 3914 ipsis
461 3844 777 3917 despectus
807 3860 960 3911 sum,
985 3859 1089 3914 pro
1120 3841 1336 3914 quibus
1367 3840 1584 3898 stultus
1606 3838 1751 3897 aesti-

166 3928 277 3983 mari
299 3931 491 3989 veritus
521 3951 640 3997 non
674 3949 834 3992 sum.
860 3932 930 3988 Et
958 3932 1101 3989 item
1132 3932 1194 3987 in
1223 3930 1467 3987 humilia
1494 3930 1754 3991 secunda

167 4013 416 4079 Ezechielis
444 4022 741 4097 propheta:
773 4037 788 4076 :
814 4044 841 4070 ‹‹
871 4021 1277 4079 Persecutores
1328 4037 1467 4077 suos
1497 4018 1755 4092 diligunt

164 4107 503 4173 pradicatores
549 4112 779 4180 sancti;
812 4110 915 4169 sed
966 4111 1091 4183 ipse
1140 4114 1343 4167 auctor
1390 4108 1658 4166 omnium
1687 4124 1753 4165 ac

164 4190 454 4270 Redemptor
479 4201 539 4258 in
569 4200 851 4275 passione
872 4199 1122 4273 positus,
1147 4215 1251 4272 pro
1282 4196 1755 4272 persecutoribus

161 4279 407 4345 intercedit
431 4290 633 4348 dicens
662 4308 678 4346 ε
707 4291 890 4356 Pater,
921 4290 1155 4360 ignosce,
1189 4289 1325 4357 illis,
1348 4289 1480 4361 quia
1506 4288 1759 4349 nesciunt

162 4373 263 4440 θνίά
281 4377 473 4445 [acuunt
499 4381 652 4452 (Luc.
683 4395 847 4447 mn,
867 4379 980 4448 34).
1005 4378 1268 4434 Membra
1298 4395 1406 4433 sua
1435 4380 1664 4449 ponunt
1695 4375 1755 4439 in

161 4461 378 4529 passione
395 4484 493 4541 pro
509 4467 798 4535 fratribus
819 4484 833 4523 :
854 4467 956 4524 sed
977 4483 1082 4540 pro
1100 4466 1418 4523 electorum
1433 4465 1552 4521 vita
1568 4481 1757 4538 usque

162 4549 215 4648 id
237 4559 452 4648 mortem
489 4575 551 4619 se
579 4556 830 4615 tradidit
859 4560 1065 4648 auctor
1088 4556 1239 4611 vitae.
1265 4579 1292 4606 «
1322 4556 1393 4648 iit
1420 4555 1485 4648 in.
1512 4554 1758 4625 homilia
1787 4580 1833 4648 Β

161 4632 399 4714 Evangelii
426 4646 717 4719 vigesima
747 4663 798 4703 τι(
832 4645 1004 4703 Illum
1033 4644 1291 4705 Joannes
1323 4644 1587 4717 Baptista
1612 4662 1757 4718 prse-

162 4723 311 4784 (ἤθεα-θ
334 4734 612 4804 veniebat,
637 4735 745 4807 qui
775 4735 1065 4807 quosdam
1094 4752 1165 4793 ex
1200 4734 1422 4802 Judaea,
1457 4738 1514 4789 et
1542 4731 1761 4789 multos

162 4827 212 4868 ex
232 4820 478 4888 gentibus
502 4824 824 4896 praedicare
842 4824 1130 4885 veniebat.
1157 4847 1183 4874 «
1206 4824 1278 4878 Et
1306 4823 1366 4878 in
1396 4821 1677 4895 vigesimo
1698 4820 1762 4879 li-

163 4898 240 4957 bro
263 4905 550 4971 Moralium
576 4929 634 4968 τίς
657 4912 1012 4986 Redemptor
1030 4929 1243 4984 corpus
1266 4911 1525 4984 passioni
1549 4909 1763 4967 obtulit

163 4993 280 5061 quod
297 5013 391 5069 pro
411 4999 611 5057 electis
628 5005 1088 5074 assumpserat.»
1103 5002 1174 5057 Et
1191 5000 1331 5056 item
1356 5018 1403 5056 ;‹‹
1425 4999 1763 5073 Interpellat

162 5093 243 5147 pro
258 5086 407 5143 nobis
434 5088 747 5149 Dominus.
770 5107 886 5147 non
906 5106 1064 5157 voce,
1084 5090 1186 5148 sed
1209 5088 1604 5159 miseratione,
1623 5087 1763 5160 quia

165 5172 282 5238 quod
306 5174 565 5234 damnari
596 5178 663 5236 in
689 5178 888 5239 electis
915 5177 1122 5247 noluit,
1148 5177 1521 5250 suscipiendo
1553 5176 1763 5234 libera-

162 5258 336 5319 vitnEt
351 5264 595 5339 Prosper
614 5284 687 5325 ex
700 5267 1060 5341 delegatione
1081 5267 1412 5341 apostolicae
1438 5267 1594 5327 sedis
1615 5267 1765 5325 hanc

165 5346 457 5411 catholicam
504 5354 959 5430 intelligentiam
1008 5356 1294 5430 exposuit,
1320 5356 1521 5415 dicens
1563 5361 1767 5412 contra

162 5432 314 5497 Gallos
338 5441 397 5497 in
419 5444 906 5517 recapitulatione
928 5464 1083 5504 nona
1106 5466 1155 5504 :«
1181 5446 1289 5513 Qui
1310 5445 1452 5502 dicit
1473 5446 1628 5519 quod
1650 5463 1766 5508 non

167 5537 243 5611 pro
263 5528 426 5588 totius
454 5533 674 5597 mundi
715 5535 1115 5611 redemptione
1147 5535 1413 5595 Salvator
1459 5537 1538 5593 sit
1574 5535 1767 5592 cruci-

165 5610 415 5691 ﬁxus,non
438 5622 515 5682 ad
534 5626 897 5693 sacramenti
909 5627 1209 5700 virtutem,
1222 5625 1326 5686 sed
1347 5626 1423 5686 ad
1438 5624 1767 5687 inﬁdelium

433 5755 712 5825 PATROL.
757 5755 987 5825 CXXV.

810 322 912 383 DE
956 322 1717 387 Pli/EDESTINATIONE
1758 321 2279 389 DISSEEETATIO
2321 328 2783 393 POSTERIOR.

3374 336 3492 407 363.

1850 454 2088 527 respicit
2118 461 2364 531 partem,
2398 476 2535 515 cum
2583 460 2831 534 sanguis
2856 462 3089 521 Domini
3138 467 3321 524 nostri
3352 468 3495 525 Jesu

1849 543 2063 599 Christi
2089 546 2343 620 pretium
2364 548 2543 605 totius
2566 548 2641 604 sit
2661 550 2893 605 mundi.
2916 574 2943 601 »
2969 554 3125 609 [lane
3147 554 3497 627 ipsasancta

1849 634 2018 689 sedes
2050 635 2371 707 apostolica
2396 636 2454 692 in
2475 638 2704 694 arcanis
2726 638 3051 696 caelestium
3086 645 3495 715 mysteriorum

1851 722 1997 778 207
2025 740 2093 778 ex
2113 723 2511 796 apostolorum
2530 726 2843 784 traditione
2861 728 3069 785 retinet
3083 729 3348 788 dicenszu
3369 733 3497 790 Hac

1848 811 2041 867 hostia
2070 830 2431 886 quaesumus,
2467 814 2725 881 Domine,
2759 817 3003 872 mundct
3031 822 3236 875 nostra
3264 819 3496 889 delicta,

1849 916 1977 975 qua:
2026 900 2084 956 in
2133 919 2237 958 ora
2284 903 2477 960 crucis
2512 903 2817 963 immolata
2863 905 3043 962 totius
3101 908 3307 965 mundi
3363 909 3503 965 tulit

1849 989 2153 1046 ott'ensam.
2180 1014 2209 1041 »
2250 993 2322 1047 Et
2370 992 2509 1048 item
2538 1009 2554 1049 :
2585 1017 2604 1044 ιι
2639 995 2846 1051 Annus
2899 995 3091 1065 nobis,
3138 997 3400 1067 Domine,
3435 1002 3503 1063 ut

1851 1078 2060 1134 animae
2090 1079 2293 1136 famuli
2327 1082 2410 1136 tui
2445 1081 2653 1139 Leonis
2684 1082 2805 1139 hinc
2836 1084 3023 1160 prosit
3051 1085 3291 1154 oblatio,
3321 1104 3500 1163 quam

1850 1165 2211 1222 immolando
2245 1167 2424 1223 totius
2448 1170 2655 1226 mundi
2678 1170 2932 1227 tribuisti
2963 1172 3207 1251 relaxari
3230 1174 3500 1233 delicta.»

1849 1254 1918 1309 Et
1940 1271 1989 1308 ;‹‹
2014 1255 2275 1327 Respice,
2294 1257 2668 1330 omnipotens
2688 1263 2745 1315 et
2772 1259 3103 1319 misericors
3126 1262 3303 1330 Deus,
3320 1281 3503 1341 super

1848 1342 2001 1398 hanc
2028 1342 2310 1399 familiam
2334 1349 2517 1413 tuam,
2536 1364 2640 1421 pro
2662 1365 2778 1420 qua
2801 1348 3083 1405 Dominus
3104 1356 3303 1409 noster
3323 1353 3499 1425 Jesus

1849 1429 2114 1489 Christus
2146 1450 2261 1489 non
2283 1434 2572 1491 dubitavit
2591 1437 2865 1493 manibus
2890 1439 3037 1494 trudi
3059 1441 3418 1509 nocentium,
3442 1446 3501 1498 et

1849 1519 2040 1576 crucis
2070 1521 2268 1579 subire
2316 1526 2696 1581 tormentum.
2722 1548 2749 1575 »
2776 1525 2938 1585 Unde
2980 1527 3168 1603 legem
3200 1530 3497 1598 credendi,

1850 1614 1914 1666 ut
1930 1610 2141 1667 beatus
2153 1610 2740 1682 leestinusscribit,
2755 1614 2844 1671 lex
2864 1620 3085 1674 statuat
3103 1618 3496 1697 supplicandi.

1922 1699 2081 1755 Hanc
2101 1700 2434 1757 orthodoxa:
2455 1702 2857 1779 intelligentize
2868 1705 3279 1764 discretionem
3299 1708 3505 1766 hause-

1850 1792 1991 1844 runt
2017 1788 2286 1846 catholici
2320 1794 2513 1863 patres
2553 1793 2736 1849 nostri
2770 1794 2839 1850 de
2870 1794 3129 1853 fontibus
3160 1795 3499 1866 Saluatoris,

1850 1877 1953 1951 qui
1979 1878 2121 1933 dicit
2143 1878 2374 1950 :_Simile
2392 1887 2471 1935 est
2486 1897 2716 1952 regnum
2743 1884 3000 1939 certorum
3019 1884 3234 1941 homini
3250 1888 3351 1960 qui
3374 1888 3506 1961 fecit

1847 1969 2069 2039 nuptias
2097 1968 2215 2039 ﬁlio
2243 1984 2363 2035 suo,
2393 1976 2446 2025 et
2478 1971 2632 2025 misit
2657 1987 2836 2028 servos
2865 1989 2991 2029 suos
3021 1989 3211 2030 vocare
3247 1976 3504 2032 invitatos

1847 2055 1918 2112 ad
1974 2058 2218 2128 nuptias,
2267 2066 2323 2113 et
2371 2058 2627 2115 nolebant
2674 2062 2857 2116 venire
2902 2062 3112 2131 (Matth.
3153 2080 3293 2132 XXII,
3324 2064 3400 2138 3).
3434 2065 3504 2121 Et

1851 2150 1983 2221 post
2006 2145 2125 2201 alia
2149 2162 2162 2200 :
2194 2147 2327 2202 Dico
2359 2147 2505 2202 vobis
2535 2149 2674 2220 quod
2701 2167 2857 2213 nemo
2880 2153 3123 2208 virorum
3153 2153 3378 2211 illorum
3407 2154 3506 2226 qui

1850 2236 2024 2291 vocati
2050 2242 2180 2291 sunt
2205 2237 2445 2306 gustabit
2468 2253 2674 2293 aenum
2695 2255 2873 2299 meam
2896 2239 3044 2314 (Luc.
3068 2259 3183 2311 XIV,
3205 2241 3506 2311 24).Vene-

1852 2327 1991 2378 runt
2021 2327 2223 2380 autem
2250 2324 2420 2379 multi
2452 2326 2524 2380 de
2555 2325 2664 2382 viis
2696 2329 2885 2383 vocati
2913 2334 2968 2387 et
2998 2330 3260 2404 sepibus,
3283 2334 3340 2387 et
3387 2329 3497 2387 im-

1852 2411 2017 2486 pleta
2035 2417 2176 2468 sunt
2192 2413 2408 2487 nuptiae
2423 2414 2942 2475 discumbentium.
2959 2419 3279 2493 thuidam
3298 2436 3502 2477 eorum

1851 2502 1952 2577 qui
1970 2508 2274 2570 venerunt,
2293 2519 2409 2558 non
2426 2503 2634 2559 habuit
2649 2511 2869 2565 vestem
2886 2524 2962 2562 nu
2970 2507 3295 2581 ptialem,et
3310 2509 3504 2584 ligatis

1853 2590 2127 2647 manibus
2146 2595 2205 2646 et
2233 2592 2483 2662 pedibus
2516 2593 2735 2650 missus
2756 2600 2846 2650 est
2877 2594 2933 2650 in
2966 2597 3236 2654 tenebras
3257 2599 3502 2655 exterio-

1852 2678 2082 2747 res,ubi
2104 2680 2213 2735 erit
2234 2681 2406 2735 ﬂetus
2436 2685 2492 2736 et
2512 2682 2730 2738 stridor
2756 2683 3043 2741 dentium.
3068 2689 3164 2740 Ha:
3188 2687 3403 2761 nuptiae
3430 2687 3502 2743 ab

1852 2767 1998 2843 ipsis
2021 2768 2225 2823 mundi
2250 2767 2602 2826 rudimentis
2623 2775 2836 2845 parata
2853 2777 3013 2840 sunt,
3032 2773 3153 2830 haec
3176 2776 3251 2830 ad
3272 2775 3382 2830 has
3400 2793 3509 2833 nu-

1852 2856 2005 2929 ptias
2024 2857 2099 2913 ab
2119 2861 2321 2913 exortu
2340 2857 2586 2914 humani
2608 2860 2840 2933 generis
2854 2862 3076 2918 vacatio
3096 2863 3334 2931 exstitit,
3352 2864 3506 2923 sicut

1854 2950 2093 3002 sanctus
2126 2945 2512 3020 Hieronymus
2558 2947 2620 3004 in
2668 2950 3097 3008 Commentario
3140 2951 3399 3026 epistolae
3429 2953 3501 3009 ad

1854 3034 2087 3091 Galatas
2118 3035 2297 3091 dicit:
2323 3037 2516 3092 Haeres
2545 3036 2655 3093 iste
2684 3038 3104 3112 parvulus,qui
3134 3039 3279 3105 nihil
3310 3040 3503 3099 differt

1854 3141 1890 3181 a
1907 3141 2071 3181 servo
2094 3141 2230 3181 cum
2251 3123 2328 3182 sit
2348 3126 2625 3182 dominus
2645 3126 2933 3195 omnium,
2948 3129 3051 3186 sed
3072 3129 3183 3193 sub
3206 3129 3501 3187 tutoribus

1856 3219 1946 3270 est
1977 3230 2167 3288 usque
2186 3215 2258 3271 ad
2282 3215 2638 3288 praeﬁnitum
2656 3221 2892 3291 tempus
2917 3235 2952 3273 ει
2976 3222 3160 3293 patre,
3178 3222 3377 3276 totum
3402 3219 3506 3279 hu.—

1856 3320 2100 3360 manum
2121 3319 2311 3378 genus
2329 3305 2401 3361 ab
2416 3308 2619 3361 exortu
2640 3322 2828 3378 usque
2844 3307 2917 3362 ad
2938 3307 3253 3364 adventum
3266 3308 3502 3379 Christi,

1856 3396 1913 3447 et
1944 3396 2010 3448 ut
2041 3391 2296 3467 amplius
2324 3391 2536 3462 dicam,
2570 3410 2760 3467 usque
2787 3395 2863 3451 ad
2903 3396 3108 3452 mundi
3139 3413 3508 3463 consumma,-

1856 3483 2078 3549 tionem
2109 3482 2420 3556 signiﬁcat.
2452 3482 2753 3555 Quomodo
2787 3484 2944 3541 enim
2976 3502 3189 3544 omnes.
3210 3488 3269 3545 in
3310 3491 3505 3563 proto-

1857 3570 2050 3647 plasto
2066 3572 2251 3628 Adam
2283 3572 2534 3628 necdum
2566 3572 2687 3629 nati
2718 3573 3091 3632 moriuntur:
3119 3576 3203 3631 ita
3227 3592 3433 3633 omnes
3452 3579 3510 3647 et

1858 3661 1921 3718 hi
1952 3660 2054 3734 qui
2082 3665 2219 3737 ante
2247 3662 2563 3718 adventum
2587 3661 2801 3718 Christi
2835 3664 2956 3719 nati
2987 3668 3145 3734 sunt,
3169 3664 3229 3720 in
3253 3666 3507 3722 secundo
3610 3696 3619 3701 -

1857 3751 2045 3809 Adam
2077 3749 2444 3806 viviﬁcantur
2465 3768 2479 3808 :
2504 3754 2680 3824 atque
2709 3750 2791 3807 ita
2822 3753 2906 3824 ﬁt,
2933 3758 2997 3809 ut
3028 3758 3087 3809 et
3114 3771 3220 3810 nos
3249 3753 3361 3828 legi
3389 3770 3508 3810 ser-

1859 3838 2137 3896 vierimus
2158 3838 2218 3894 in
2242 3839 2530 3913 patribus,
2549 3844 2606 3896 et
2626 3839 2711 3895 illi
2734 3841 2926 3914 gratia
2944 3842 3247 3899 salvantur
3265 3842 3333 3899 in
3348 3842 3507 3900 ﬁliis.

1860 3928 1930 3984 Et
1950 3926 2247 4003 quoniam,
2273 3932 2339 3984 ut
2369 3928 2574 3985 beatus
2594 3930 2961 4003 Augustinus
2991 3931 3052 3987 in
3083 3931 3231 3989 libro
3253 3932 3324 3989 de
3356 3933 3512 3991 Bono

1860 4016 2303 4092 perseverantiae
2335 4017 2478 4074 dicit
2509 4018 2649 4093 (cap.
2677 4018 2754 4091 8),
2778 4021 3045 4094 nunquid
3076 4022 3385 4078 hominum
3418 4040 3516 4089 na-

1862 4110 2006 4162 turae
2039 4106 2165 4161 duo:
2198 4107 2376 4171 sunt?
2407 4108 2580 4165 absit.
2605 4107 2667 4166 Si
2697 4110 2825 4164 duae
2866 4114 3087 4166 natura:
3131 4115 3350 4179 essent,
3382 4127 3513 4184 gra-

1863 4194 1948 4251 tia
1980 4195 2101 4251 ulla
2127 4213 2241 4252 non
2275 4201 2429 4253 esset
2461 4214 2473 4254 :
2509 4198 2664 4254 unde
2705 4202 2936 4255 constat
2965 4198 3106 4272 quia
3134 4203 3345 4255 natura
3375 4215 3511 4268 una,

1820 4290 1835 4297 ’
1864 4286 1967 4341 sed
1986 4284 2186 4358 dispar
2201 4290 2291 4342 est
2305 4286 2513 4358 gratia.
2529 4288 2749 4345 Etcum
2767 4304 2950 4343 unum
2970 4286 3027 4341 in
3045 4286 3301 4361 generali
3319 4303 3516 4361 massa

1864 4373 2210 4448 perditionis
2252 4374 2332 4431 sit
2378 4376 2676 4443 meritum,
2709 4392 2923 4449 magna
2953 4375 3260 4432 diversitas
3297 4379 3411 4447 est,
3441 4375 3514 4443 ab

1865 4463 2032 4519 initio
2055 4480 2242 4536 usque
2260 4464 2332 4519 ad
2354 4464 2924 4520 consummationem
2946 4463 3166 4531 saeculi,
3187 4464 3249 4520 in
3270 4464 3518 4527 homini.-

1866 4553 1978 4608 bus
2012 4569 2246 4608 morum
2278 4556 2336 4608 et
2364 4552 2684 4608 actionum.
2708 4553 2815 4609 Per
2832 4552 3283 4610 similitudinem
3305 4554 3376 4609 de
3400 4570 3518 4612 uno

1868 4641 2125 4705 homine,
2140 4645 2199 4697 et
2212 4641 2284 4697 de
2300 4640 2477 4697 unius
2492 4640 2673 4697 vinea:
2692 4641 3305 4711 diversitate,duarum
3325 4642 3520 4700 lectio-

1871 4748 2014 4786 num
2046 4729 2443 4800 distinctione,
2468 4729 2732 4788 Salvator
2763 4732 3148 4805 demonstrat,
3169 4731 3369 4791 dicens
3394 4750 3407 4789 ;
3430 4732 3520 4797 Si-

1867 4821 2000 4876 mile
2028 4828 2108 4876 est
2145 4836 2377 4891 regnum
2416 4820 2677 4876 castorum
2721 4821 2933 4877 homini
2976 4824 3393 4895 patrifamilias,
3427 4824 3525 4895 qui

1869 4910 2010 4967 exiit
2031 4911 2213 4983 primo
2242 4926 2404 4967 mane
2431 4909 2728 4968 conducere
2745 4912 3022 4984 operarios
3042 4913 3103 4968 in
3122 4914 3339 4969 vineam
3365 4928 3524 4971 suam

1870 4999 2084 5071 (Matth.
2117 5017 2211 5075 xx,
2246 5000 2319 5070 1).
2353 4998 2488 5055 Cum
2539 5015 2658 5057 sero
2714 5008 2897 5057 autem
2949 5002 3157 5072 factum
3208 5008 3361 5069 esset,
3391 4999 3527 5062 dicit

1869 5088 2123 5145 dominus
2178 5089 2350 5145 vincte
2401 5078 2748 5161 procuratori
2783 5107 2880 5148 suo
2915 5106 2927 5146 :
2966 5091 3099 5148 Voca
3146 5090 3420 5162 aperarios
3474 5093 3527 5143 et

1871 5177 2035 5233 redde
2082 5178 2198 5233 illis
2242 5176 2540 5235 mercedem
2569 5179 2853 5252 (ibid.,8).
2887 5178 3050 5235 Unde
3098 5181 3336 5247 sanctus
3384 5175 3523 5233 Gre-

1872 5266 2075 5338 gorius
2101 5266 2265 5339 (hom.
2294 5266 2439 5340 19);‹ι
2460 5268 2546 5324 Ad
2577 5268 2980 5337 erudiendum,
3005 5265 3217 5339 inquit,
3240 5262 3524 5327 Dominus

1874 5354 2105 5429 plebem
2138 5373 2328 5425 suam,
2353 5357 2522 5428 quasi
2553 5358 2626 5413 ad
2657 5357 3028 5413 excolendam
3058 5354 3289 5411 vineam
3330 5369 3523 5425 suam,

1875 5444 2037 5501 nullo
2079 5448 2338 5517 tempore
2382 5445 2607 5503 destitit
2652 5445 2945 5518 operarios
2992 5442 3268 5499 mittere:
3301 5442 3443 5519 quia
3469 5448 3528 5502 et

1874 5534 2041 5610 prius
2068 5551 2174 5609 per
2221 5535 2442 5604 Patres,
2465 5539 2522 5592 et
2547 5534 2921 5609 postmodum
2951 5549 3055 5607 per
3080 5531 3235 5605 legis
3259 5534 3527 5616 doctores

1876 5629 1935 5688 et
1949 5624 2287 5704 prophetas,
2312 5626 2389 5687 ad
2404 5629 2730 5686 extremum
2749 5638 2883 5683 vero
2911 5639 3016 5701 per
3042 5622 3358 5702 apostolos,
3381 5626 3529 5693 dum

3127 5754 3205 5818 12
