3970 6182
390 308 506 370 363

1321 299 1706 363 HINCMARI
1752 297 2202 359 RHEMENSIS
2249 297 2874 360 ARCHIEPISCOPI.

3673 302 3778 365 364

389 438 580 512 plebis
609 455 729 494 suae
761 453 951 492 mores
997 433 1264 502 excoluit,
1297 433 1466 506 quasi
1514 449 1618 505 per
1653 431 1948 505 operarios
1977 430 2036 486 in
2063 432 2122 498 Α
2149 430 2320 502 (Rom.
2353 447 2409 498 ν,
2446 431 2554 498 19).
2586 431 2655 486 Et
2683 432 2824 488 item
2857 448 2870 488 :
2906 431 2970 488 Ut
3013 433 3088 488 sit
3131 433 3246 504 ipse
3291 432 3686 504 primogenita:
3727 437 3780 492 in

389 527 570 583 vinea:
592 526 822 582 cultura
843 522 1431 589 laboravit.Quamvis
1455 522 1510 576 in
1531 520 1790 594 quolibet
1810 517 2046 574 modulo

391 615 478 672 vel
511 633 806 682 mensura,
853 615 1005 672 298
1038 613 1310 686 quisquis
1341 628 1474 668 cum
1517 611 1632 666 ﬁde
1681 615 1837 666 recta
1883 610 2044 665 bonis

393 703 641 762 actionis
687 703 928 771 exstitit,
955 703 1137 775 hujus
1185 701 1363 757 vineae
1413 699 1714 772 operarius
1761 699 1890 754 fuit.
1919 722 1945 748 ››
1977 699 2048 754 Et

390 795 534 850 item
571 809 584 850 :
623 795 844 850 Vineam
892 793 1196 865 pastinavit
1245 792 1423 858 homo,
1449 798 1501 846 et
1552 787 1906 844 circumdedit
1960 804 2042 844 sc-

387 900 534 956 pem,
564 891 616 939 et
648 882 789 954 fodit
820 883 1018 948 lacum,
1049 890 1102 937 et
1138 879 1434 952 aediﬁcavit
1470 880 1690 944 turrim,
1721 885 1773 932 et
1798 878 1953 933 misit
1977 875 2047 932 ad

391 972 658 1044 agricolas
689 973 747 1028 in
778 979 1012 1044 tempore
1040 987 1276 1036 servum,
1299 977 1359 1024 ut
1399 968 1466 1023 ab
1497 968 1754 1038 agricolis
1783 969 2048 1040 acciperet

393 1061 460 1118 de
483 1063 670 1133 fructu
694 1061 864 1116 vinea:
884 1059 1066 1133 (Marc.
1091 1077 1190 1126 xu,
1221 1059 1294 1130 1),
1316 1061 1372 1112 et
1392 1055 1638 1127 reliqua.
1665 1056 1828 1114 Unde
1851 1059 2042 1116 Beda:

393 1173 422 1200 «
455 1151 606 1207 Bene
655 1153 886 1223 tempus
936 1151 1234 1205 fructuum
1265 1145 1481 1218 posuit,
1508 1163 1624 1202 non
1673 1151 2041 1219 proventum.

393 1239 602 1296 Nullus
641 1239 799 1294 enim
851 1239 1075 1293 fructus
1130 1235 1350 1292 exstitit
1405 1233 1605 1308 populi
1655 1236 2040 1305 contumacis,

391 1327 592 1383 nullus
619 1327 792 1400 hujus
813 1325 990 1382 vinea:
1013 1323 1601 1398 proventus,tametsi
1623 1324 1824 1379 crebro
1847 1342 1912 1379 ac
1933 1323 2046 1380 sol-

394 1416 552 1474 licite
583 1420 958 1489 quaereretur,
982 1415 1254 1470 inventus
1285 1417 1390 1468 est.
1415 1414 1484 1468 Et
1509 1413 1593 1468 sic
1623 1413 1694 1468 de
1724 1413 1934 1484 primo,
1961 1431 2045 1470 se-

393 1507 604 1572 cundo,
625 1511 682 1561 et
711 1504 880 1560 tertio
920 1502 1240 1576 praemissis
1279 1503 1482 1572 servis,
1507 1519 1694 1573 usque
1725 1501 1798 1557 ad
1825 1503 2044 1557 adven-

391 1599 519 1650 tum
569 1593 695 1660 ﬁlii,
733 1594 803 1649 de
834 1609 948 1665 quo
997 1592 1214 1648 dicitur
1247 1609 1259 1646 :
1293 1593 1446 1647 Forte
1489 1591 1819 1647 verebuntur
1861 1592 2041 1662 ﬁlium

389 1700 572 1739 meum
601 1683 805 1752 (Matth.
829 1700 942 1748 xxx,
968 1681 1080 1755 37).
1102 1682 1262 1748 Quod
1296 1681 1590 1753 ambigere
1621 1681 1776 1736 Deus
1806 1681 2042 1750 dicitur,

317 1826 320 1830 .
393 1787 506 1826 non
541 1771 612 1826 de
642 1770 972 1842 ignorantia
1003 1769 1177 1837 venit,
1203 1769 1304 1824 sed
1339 1775 1404 1824 ut
1429 1768 1612 1824 libera
1641 1768 1911 1824 voluntas
1939 1769 2042 1824 ho-

393 1857 534 1914 mini
567 1863 910 1916 reservetur.
943 1859 1012 1913 Et
1050 1858 1207 1914 venit
1246 1857 1426 1925 ﬁlius,
1451 1857 1550 1930 qui
1591 1857 1748 1912 venit
1787 1874 2042 1930 quaerere

2153 521 2348 575 multis
2375 521 2641 590 fratribus
2669 522 2842 590 (Rom.
2865 537 2990 588 vm,
3011 519 3122 591 29).
3155 521 3225 576 Et
3251 521 3392 577 item
3419 537 3430 577 :
3458 524 3574 594 Qui
3599 525 3782 584 multo:

2151 610 2295 680 ﬁlios
2339 612 2400 665 in
2443 611 2677 680 gloriam
2723 609 3028 666 adduxerat
3053 610 3236 679 (Hebr.
3265 628 3327 676 ιι,
3362 613 3472 680 10).
3505 613 3576 668 Et
3605 611 3739 670 item
3768 632 3781 672 :

2155 699 2400 755 Christus
2428 701 2593 754 semel
2618 716 2814 771 passus
2859 699 3036 755 estad
3080 700 3381 756 multorum
3425 700 3788 760 exhauriendo

2147 795 2362 859 peccata
2413 788 2605 858 (Hebr.
2637 806 2715 854 ix,
2754 791 2868 857 28).
2909 788 2980 844 Et
3032 789 3172 844 item
3234 805 3246 844 :
3304 789 3550 847 Christus
3606 791 3792 850 dilexit

2152 877 2467 946 Ecclesium,
2499 885 2552 934 et
2575 879 2816 950 seipsum
2863 877 3091 934 tradidit
3112 894 3214 950 pro
3251 895 3315 934 ea
3352 879 3564 950 (Ephes.
3597 897 3654 952 ν,
3683 882 3786 954 25).

2155 965 2262 1022 Sed
2307 971 2365 1022 et
2412 965 2742 1034 Mattheeus,
2774 971 2832 1022 et
2878 966 3130 1034 Marcus,
3159 971 3218 1022 et
3267 967 3473 1035 Lucas,
3506 967 3634 1026 ideo
3683 987 3787 1028 non

2153 1071 2256 1127 pro
2287 1055 2584 1124 omnibus,
2617 1056 2716 1112 sed
2749 1072 2853 1129 pro
2885 1055 3089 1112 multis
3119 1060 3176 1112 et
3205 1073 3308 1128 pro
3339 1057 3503 1114 vobis
3538 1059 3791 1116 tradetur

2154 1144 2307 1200 299
2337 1159 2549 1216 corpus
2595 1159 2814 1213 meum,
2837 1148 2894 1200 et
2941 1145 3274 1200 ell‘undetur
3319 1145 3561 1220 sanguis
3608 1164 3786 1219 meus,

2151 1232 2356 1288 dicunt
2401 1235 2785 1304 protestatum
2828 1233 3008 1290 fuisse
3056 1233 3371 1290 Dominum
3419 1235 3788 1308 Salvatorem,

2151 1321 2292 1392 quia
2307 1320 2442 1376 licet
2456 1338 2560 1393 pro
2579 1322 2856 1378 omnibus
2877 1339 3088 1394 passus
3104 1323 3298 1390 fuerit,
3319 1341 3432 1380 non
3449 1341 3655 1382 omnes
3676 1343 3794 1400 pas-

2151 1409 2336 1466 sionis
2357 1411 2486 1482 ejus
2509 1411 2782 1484 mysterio
2808 1417 2948 1468 sunt
2969 1411 3285 1484 redempti:
3309 1418 3366 1468 et
3386 1413 3522 1486 quia
3542 1431 3660 1470 non
3682 1433 3793 1474 om-

2151 1514 2255 1553 nes
2275 1503 2416 1553 sunt
2443 1497 2751 1570 redempti,
2777 1515 2878 1570 pro
2900 1499 3116 1572 quibus
3137 1505 3228 1556 est
3249 1518 3478 1574 passus,
3505 1503 3578 1558 ad
3597 1503 3794 1562 intide-

2151 1585 2296 1642 lium
2318 1587 2556 1659 respicit
2579 1591 2822 1660 partem,
2843 1605 2959 1644 non
2982 1590 3052 1644 ad
3079 1588 3245 1662 pretii
3270 1594 3642 1662 potestatem,
3667 1611 3789 1650 cum

2151 1675 2394 1748 sanguis
2409 1677 2642 1732 Domini
2661 1676 2845 1733 nostri
2862 1677 2896 1734 J
2899 1693 3002 1734 esu
3018 1676 3228 1734 Christi
3249 1679 3501 1752 pretium
3523 1680 3602 1736 sit
3620 1682 3793 1740 totius

2151 1766 2378 1822 mundi.
2396 1766 2879 1822 Manifestum‘est
2895 1765 3238 1840 etiam,quia
3249 1767 3418 1840 juxta
3430 1770 3789 1841 Apostolum,

2153 1855 2472 1928 Quicunque
2500 1855 2760 1927 baptizati
2786 1872 2975 1912 sumus
3013 1858 3074 1912 in
3119 1855 3329 1914 Christo
3357 1861 3508 1926 Jesu,
3535 1859 3597 1915 in
3628 1868 3794 1918 morte

2143 1946 2326 2016 ipsius
2357 1945 2616 2016 baptismi
2653 1961 2843 2001 sumus
2862 1946 3033 2018 (Rom.
3058 1963 3136 2014 v1,
3159 1945 3237 2016 3).
3262 1947 3332 2002 Et
3362 1951 3427 2004 ut
3467 1947 3624 2004 idem
3661 1949 3794 2006 dicit

2147 2033 2495 2104 Apostolus:
2520 2032 2702 2106 Empti
2727 2051 2916 2090 sumus
2941 2037 3118 2106 pretio
3137 2052 3335 2107 magno
3357 2036 3403 2107 (1
3429 2035 3550 2092 Cor.
3572 2054 3656 2104 vr,
3684 2038 3792 2110 20).

2149 2123 2219 2178 Et
2247 2123 2454 2178 beatus
2487 2123 2691 2179 Petrus
2717 2123 2858 2178 dicit
2890 2139 2903 2180 :
2934 2124 3051 2181 Non
3093 2125 3543 2197 corruptibilibus
3583 2143 3724 2183 auro
3748 2135 3798 2184 et

387 2217 489 2272 sed
515 2220 578 2271 ut
599 2215 856 2272 salvetur
876 2215 1134 2270 mundus
1155 2230 1260 2286 per
1277 2212 1492 2286 ipsum.
1515 2215 1585 2268 Et
1603 2212 2042 2284 apprehenden-
2144 2219 2364 2283 argento
2401 2211 2663 2285 redempti
2714 2215 2842 2269 estis
2871 2213 2937 2269 de
2985 2230 3124 2270 vana
3168 2222 3347 2270 vestra
3393 2217 3796 2273 conversatione

385 2309 475 2360 tes
505 2303 693 2360 coloni
720 2303 908 2358 ﬁlium
933 2303 1292 2359 occiderunt.
1308 2302 1456 2369 Quid
1478 2319 1614 2375 ergo
1645 2302 1817 2357 faciet
1846 2303 2038 2358 domi-
2141 2301 2742 2373 paternwjradilionis,
2777 2302 2869 2358 sed
2908 2305 3142 2375 pretioso
3165 2303 3434 2376 iunguine
3477 2307 3644 2377 quasi
3670 2307 3798 2376 agni

387 2410 500 2450 nus
519 2392 697 2447 vinea:
721 2391 988 2464 agricolis
1011 2391 1166 2447 illis?
1182 2408 1528 2463 responsum
1552 2395 1642 2448 est
1664 2409 1677 2446 :
1699 2391 1863 2447 Malos
1895 2391 2040 2446 male
2147 2391 2566 2464 incontaminati
2605 2398 2657 2446 et
2703 2392 3044 2448 immaculati
3089 2393 3216 2462 Iesu
3267 2393 3470 2449 Christi
3498 2393 3544 2464 (1
3574 2395 3724 2450 Petr.
3753 2411 3793 2460 ι,

380 2481 568 2554 perdet
595 2462 782 2554 (ibid,
803 2482 891 2550 41)
917 2498 930 2536 :
959 2481 1236 2554 quoniam
1287 2462 1387 2552 qui
1426 2497 1541 2536 non
1576 2480 1760 2536 erodit
1781 2482 1907 2552 jam
1931 2481 2036 2552 ju-
2149 2479 2258 2545 18).
2280 2479 2348 2534 Et
2379 2462 2572 2536 tamén
2601 2479 2736 2534 licet
2761 2479 3176 2536 Gothescalcus
3206 2462 3678 2553 pertinacissime
3709 2483 3799 2540 de-

384 2571 614 2626 dicatus
647 2575 756 2638 est,
785 2571 842 2625 id
874 2575 963 2626 est
985 2570 1111 2642 jam
1137 2569 1452 2624 damnatus
1476 2573 1585 2636 est,
1608 2569 1745 2642 quia
1774 2586 1888 2624 non
1920 2586 2037 2634 cre-
2143 2572 2316 2639 neget
2335 2569 2488 2639 quod
2513 2585 2683 2623 nemo
2705 2567 2920 2625 Christi
2941 2569 3279 2642 redemptus
3299 2570 3590 2644 sanguine
3611 2571 3796 2645 possit

387 2659 538 2715 didit
567 2659 627 2714 in
660 2659 896 2716 nomine
927 2658 1211 2732 unigeniti
1246 2657 1374 2714 Filii
1411 2657 1512 2714 Dei
1539 2675 1552 2714 :
1579 2657 1686 2712 hoc
1716 2663 1806 2714 est
1834 2663 2032 2715 autem
2141 2656 2350 2728 perire,
2374 2663 2618 2728 pereunt
2637 2657 2880 2729 quidam
2903 2662 3006 2714 aut
3025 2658 3098 2714 ad
3120 2657 3522 2716 infidelitatem
3553 2661 3796 2727 reversi,

321 2777 327 2780 -
383 2748 692 2816 iudicium,
717 2747 939 2804 scilicet
960 2747 1282 2816 damnatio,
1305 2747 1444 2819 quia
1473 2747 1574 2802 lux
1593 2747 1748 2802 venit
1775 2747 1836 2803 in
1868 2765 2036 2804 mun-
2142 2749 2244 2800 aut
2273 2745 2331 2800 in
2362 2745 2668 2818 iniquitate
2687 2746 2966 2815 defuncti,
2991 2747 3144 2803 sicut
3173 2747 3330 2804 idem
3361 2747 3569 2805 beatus
3590 2749 3795 2806 Petrus

382 2838 545 2906 dum,
569 2841 626 2893 et
663 2837 990 2893 dilexerunt
1019 2836 1289 2892 homines
1322 2837 1592 2892 tenebras
1630 2837 1820 2910 magis
1853 2855 2031 2910 quam
2140 2833 2507 2891 demonstrat
2535 2835 2736 2891 dicens
2764 2851 2776 2890 :
2801 2837 3045 2892 Fuerunt
3079 2852 3202 2892 vero
3230 2844 3283 2895 et
3308 2837 3798 2912 pseudoproth

380 2925 606 2995 lucem;
640 2933 806 2982 erant
852 2925 1008 2982 enim
1063 2941 1267 2981 eorum
1315 2925 1472 2981 mala
1517 2941 1712 2998 opera.
1744 2925 2030 2982 Judicatis
2139 2923 2201 2977 in
2220 2925 2439 2995 populo,
2471 2925 2616 2980 sicut
2639 2933 2692 2981 et
2719 2927 2778 2980 in
2817 2925 2966 2981 vobis
3001 2933 3164 2982 erunt
3195 2927 3452 2999 magistri
3477 2927 3788 2996 mendaces,

380 3019 598 3086 autem,
622 3015 682 3070 id
713 3018 820 3083 est,
855 3008 1151 3070 damnatis
1181 3013 1340 3070 illius
1372 3013 1592 3070 colonis
1623 3013 1918 3086 pessimis,
1945 3016 2029 3072 vi-
2137 3015 2236 3086 qui
2264 3013 2520 3070 inducent
2563 3021 2732 3070 sectas
2777 3014 3124 3087 perditionis,
3154 3022 3207 3072 et
3231 3031 3357 3071 eum
3384 3017 3481 3088 qui
3522 3019 3667 3074 emit
3707 3032 3794 3074 eo:

379 3121 552 3162 neam
583 3121 752 3161 suam
790 3103 1002 3160 locavit
1049 3103 1180 3160 aliis
1227 3103 1518 3176 agricolis,
1553 3103 1653 3176 qui
1700 3105 1948 3160 reddant
1975 3105 2027 3162 ei
2061 3169 2096 3180 Α
2133 3103 2427 3159 Domi-num
2472 3112 2750 3174 negantes,
2780 3104 3196 3177 superducentes
3233 3105 3345 3161 sibi
3389 3107 3623 3162 celerem
3664 3123 3791 3180 per-

376 3195 638 3250 fractum
666 3192 1034 3264 temporibus
1055 3191 1208 3260 suis;
1234 3169 1371 3264 quia
1395 3191 1550 3248 sicut
1568 3169 1670 3248 ille
1699 3194 1853 3264 apud
1878 3194 2022 3251 Mat-
2055 3169 2097 3236 (ἶ
2134 3191 2396 3250 ditionem
2417 3193 2488 3266 (II
2505 3169 2650 3250 Petr.
2670 3169 2826 3264 11,71).
2845 3169 3010 3250 Unde
3027 3193 3181 3250 Beda
3199 3209 3250 3250 :«
3267 3193 3348 3251 De
3368 3194 3478 3251 hoc
3499 3169 3796 3268 temp-ore,

377 3281 598 3338 thzeum
629 3279 898 3353 exposuit
930 3295 943 3334 :
975 3281 1098 3336 Ideo
1144 3279 1265 3336 dico
1293 3279 1462 3346 vobis,
1513 3281 1795 3351 auferetur
1817 3297 1852 3335 a
1879 3281 2027 3338 vobis
2137 3281 2348 3354 inquit,
2382 3287 2440 3338 et
2469 3282 2684 3339 Paulus
2724 3282 2886 3350 dicit,
2909 3282 3089 3355 empti
3121 3281 3262 3339 estis
3311 3282 3497 3356 pretio
3547 3301 3796 3358 magno,

2133 3370 2452 3443 gloriﬁcate
2483 3375 2540 3428 et
2567 3377 2794 3444 portate
2840 3372 3156 3428 Dominum
3187 3371 3246 3427 in
3281 3388 3521 3445 corpore
3570 3379 3795 3430 vestro.

2135 3460 2340 3517 Merito
2352 3465 2548 3518 autem
2565 3461 2676 3517 sibi
2691 3461 2933 3516 celerem
2955 3460 3344 3534 perditionem
3357 3462 3800 3533 superducunt,

2133 3549 2232 3622 qui
2267 3549 2715 3622 Redemptorem
2742 3567 2918 3606 suum
2949 3552 3249 3623 negantes,
3279 3549 3437 3606 hunc
3466 3555 3628 3608 recte
3663 3567 3800 3607 con-

2131 3641 2348 3695 ﬁtendo
2379 3639 2726 3712 glorificare,
2751 3643 2809 3696 et
2837 3639 3250 3696 benefaciendo
3294 3656 3402 3694 suo
3431 3639 3491 3694 in
3539 3655 3801 3713 corpore

2131 3729 2279 3784 ferre
2309 3728 2655 3798 detractant,
2681 3729 2837 3801 quod
2867 3744 3072 3784 omnes
3110 3727 3332 3784 faciunt
3359 3727 3646 3784 haeretici.
3674 3751 3708 3778 ››
3731 3729 3803 3784 Et

2130 3821 2370 3874 sanctus
2391 3816 2690 3872 Paulus‘in
2711 3816 2959 3890 epistola
2978 3817 3050 3873 ad
3072 3816 3432 3874 Corinthios:
3456 3817 3657 3890 Itaque
3677 3819 3804 3890 qui-

2125 3921 2338 3978 cunque
2365 3905 2536 3963 ederit
2558 3921 2758 3977 panem
2786 3906 2950 3978 hunc,
2972 3913 3069 3963 aut
3097 3905 3292 3963 biberit
3313 3907 3539 3962 calicem
3559 3907 3807 3963 Domini

2127 3994 2382 4067 indigne,
2445 4011 2570 4050 reus
2624 3997 2732 4050 erit
2783 3997 3025 4066 corporis
3080 4003 3134 4052 et
3185 3995 3477 4066 sanguinis
3531 3995 3798 4052 Domini.

2127 4085 2174 4153 (I
2204 4085 2324 4140 Cor.
2355 4101 2432 4152 x1,
2469 4085 2582 4152 17).
2606 4083 2770 4140 Unde
2798 4083 3144 4140 Ambrosius
3176 4101 3190 4138 :
3217 4107 3244 4133 «
3279 4083 3427 4150 Quid
3457 4087 3550 4139 est
3580 4088 3800 4140 autem

391 1952 448 2005 et
477 1947 704 2004 salvum
749 1948 938 2003 facere
965 1948 1119 2019 quod
1171 1947 1440 2018 perierat,
1463 1947 1664 2002 dicens
1697 1963 1710 2002 :
1749 1947 1928 2003 Venite
1971 1945 2041 2002 ad

389 2055 476 2094 me
503 2053 686 2094 omnes
707 2039 803 2110 qui
827 2037 1086 2092 laboratis
1114 2043 1164 2091 et
1193 2037 1405 2090 onerati
1431 2037 1578 2101 estis,
1600 2043 1652 2090 et
1677 2051 1770 2106 ego
1797 2037 2041 2106 reﬁciam

391 2143 482 2184 vos
515 2127 694 2200 (ibid,
719 2127 808 2199 28)
835 2143 847 2182 :
883 2125 982 2198 qui
1017 2141 1131 2180 non
1164 2124 1319 2180 venit
1349 2129 1412 2178 ut
1452 2123 1679 2195 judicet
1725 2125 2037 2193 mundum,

377 3387 606 3442 regnum
659 3370 784 3437 Dei,
815 3376 867 3424 et
893 3368 1116 3424 dabitur
1158 3370 1308 3440 genti
1360 3369 1590 3438 facienti
1641 3371 1854 3440 fructus
1910 3373 2026 3444 ejus

375 3459 579 3531 (Matth.
601 3475 717 3525 χχι,
740 3458 852 3527 43).
897 3457 990 3513 Sic
1035 3457 1248 3529 quippe
1301 3463 1442 3514 Deus
1489 3457 1688 3514 dilexit
1739 3459 2022 3530 mundum,

373 3556 436 3604 ut
462 3548 668 3604 Filium
693 3563 858 3603 suum
885 3547 1230 3618 unigenitum
1259 3545 1432 3614 daret,
1451 3556 1512 3602 ut
1529 3549 1707 3603 omnis
1732 3550 1830 3622 qui
1855 3549 2028 3607 credit

373 3641 435 3694 in
463 3640 644 3710 ipsum
670 3653 780 3693 non
806 3643 1010 3708 pereat,
1031 3635 1125 3690 sed
1153 3635 1347 3691 habeat
1367 3637 1533 3692 vitam
1555 3645 1821 3694 aeternam
1843 3639 2019 3709 (Joan.

372 3745 457 3795 ιιι,
493 3727 599 3800 16).
621 3727 692 3782 Et
741 3727 946 3782 beatus
995 3724 1200 3779 Petrus
1233 3741 1247 3780 :
1280 3724 1399 3780 Non
1445 3725 1642 3794 tardat,
1675 3725 1888 3799 inquit,
1918 3729 2021 3784 Do-

369 3817 557 3872 minus
581 3814 999 3886 promissionem
1028 3829 1207 3878 suam,
1228 3811 1320 3869 sed
1357 3821 1628 3885 exspectat
1657 3824 1878 3888 propter
1910 3833 2018 3886 vos,

369 3905 560 3961 nolens
578 3905 818 3976 aliquem
831 3903 1036 3974 perire,
1053 3901 1144 3958 sed
1164 3917 1348 3958 omnes
1369 3902 1438 3958 ad
1456 3905 1830 3974 paenitentiam
1849 3922 2022 3962 rever-

369 3997 415 4051 ti
433 3994 510 4064 (ll
524 3995 671 4050 Petr.
694 4008 778 4059 III,
800 3991 878 4061 9).
902 3992 972 4046 Et
993 3995 1232 4047 sanctus
1254 3990 1502 4048 Paulus:
1529 3993 1644 4065 Qui
1657 3996 1882 4065 proprio
1901 3996 2018 4066 ﬁlio

367 4100 467 4141 suo
491 4099 600 4140 non
625 4082 885 4155 pepercit,
906 4081 999 4136 sed
1015 4097 1117 4153 pro
1145 4080 1300 4137 nobis
1329 4081 1582 4138 omnibus
1602 4081 1830 4140 tradidit
1856 4084 2018 4140 illum

367 4175 538 4244 (Rom.
561 4189 684 4241 vni,
706 4170 818 4242 32).
843 4171 907 4226 Et
935 4171 987 4225 si
1028 4186 1172 4226 unus
1213 4186 1314 4242 pro
1360 4170 1611 4227 omnibus
1642 4181 1886 4229 mortuus
1914 4181 2014 4240 est,
2125 4190 2255 4230 reos
2284 4190 2432 4240 esse,
2457 4174 2572 4229 nisi
2603 4180 2806 4246 poenas
2836 4173 2974 4230 dare
3003 4173 3210 4228 mortis
3231 4171 3501 4229 Domini?
3531 4173 3802 4232 Occisus

363 4279 488 4336 ergo
517 4278 700 4320 omnes
738 4261 943 4316 mortui
967 4266 1098 4316 sunt
1125 4259 1196 4328 (Il
1227 4259 1348 4316 Cor.
1372 4277 1427 4326 v,
1455 4259 1540 4332 14)
1565 4278 1579 4316 :
1604 4264 1662 4316 et
1690 4277 1794 4333 pro
1825 4263 2014 4317 omni-
2123 4267 2212 4318 est
2239 4262 2394 4318 enim
2427 4267 2484 4318 et
2513 4280 2617 4336 pro
2649 4263 2744 4318 his
2773 4262 2874 4335 qui
2905 4262 3254 4320 beneﬁcium
3285 4263 3416 4334 ejus
3448 4261 3507 4318 in
3537 4262 3802 4320 irritum

363 4351 476 4408 lous
498 4357 768 4407 mortuus
783 4348 1000 4421 est,qui
1019 4348 1177 4404 dedit
1193 4347 1575 4422 semetipsum
1593 4366 1695 4421 pro
1713 4349 2009 4420 omnibus,
2123 4351 2364 4406 ducunt.
2393 4375 2420 4402 ››
2442 4353 2513 4407 Et
2541 4351 2682 4406 item
2707 4367 2720 4406 :
2743 4352 2954 4408 Peribit
2982 4352 3041 4408 in
3084 4359 3179 4407 tua
3213 4353 3445 4408 scientia
3470 4353 3668 4424 frater
3695 4367 3806 4426 pro

363 4446 422 4497 et
445 4439 637 4514 gratia
657 4439 758 4494 Dei
783 4455 886 4510 pro
909 4437 1184 4494 omnibus
1207 4437 1464 4511 gustavit
1485 4437 1924 4510 mortem,quia,
1945 4443 2012 4494 ut
2121 4456 2224 4513 quo
2253 4440 2498 4497 Christus
2539 4449 2785 4498 mortuus
2817 4449 2896 4498 est
2922 4441 2971 4511 (I
2999 4439 3118 4497 Cor.
3141 4458 3264 4508 vm,
3295 4442 3405 4514 11).
3440 4441 3591 4498 Hinc
3647 4460 3805 4500 san-

363 4529 544 4586 Isaias
565 4527 740 4583 dicit:
761 4526 955 4582 Omnes
979 4527 1126 4582 velut
1155 4543 1275 4582 oves
1305 4527 1612 4582 erravimus
1633 4527 1763 4596 (Isa.
1785 4544 1908 4598 xm,
1929 4529 2007 4600 6).
2042 4539 2088 4606 Ι)
2119 4533 2248 4586 etus
2301 4529 2649 4586 Ambrosius
2682 4547 2695 4586 :
2730 4531 2800 4586 Et
2829 4533 2893 4586 tu
2937 4527 3052 4586 eris
3098 4529 3326 4586 occasio
3385 4529 3603 4586 mortis
3671 4531 3803 4588 fra-

359 4615 775 4688 Unusquisque
793 4614 946 4672 viam
969 4632 1138 4672 suam
1162 4614 1490 4682 declinavit,
1513 4619 1570 4671 et
1590 4615 1875 4673 Dominus
1907 4633 2009 4690 po-
2117 4617 2245 4688 tris,
2277 4633 2453 4690 quem
2483 4619 2753 4676 Christus
2786 4623 2850 4674 ut
2884 4618 3216 4687 redimeret,
3252 4616 3514 4692 crucifigi
3544 4635 3623 4676 se
3659 4636 3808 4692 per-

359 4707 479 4764 suit
505 4705 567 4760 in
597 4721 664 4761 eo
693 4703 1066 4776 iniquitatem
1101 4704 1369 4760 omnium
1400 4709 1738 4761 nostrum.»
2115 4703 2298 4760 misit.
2321 4705 2391 4760 Et
2422 4705 2706 4761 Dominus
2737 4704 2915 4762 dicit:
2947 4705 3068 4762 Non
3095 4707 3274 4762 omnis
3303 4707 3400 4779 qui
3425 4706 3563 4762 dicit
3591 4707 3807 4764 mihi:

427 4794 574 4861 Quia
592 4810 723 4850 vero
746 4810 862 4849 non
884 4809 1088 4849 omnes
1108 4793 1402 4866 passionis
1423 4793 1550 4864 ejus
1573 4795 1847 4867 mysterio
1869 4799 2008 4850 sunt
2113 4795 2360 4862 Domine,
2390 4797 2635 4864 Domine,
2677 4795 2908 4851 intrabit
2960 4796 3020 4851 in
3069 4811 3299 4866 regnum
3347 4795 3660 4864 caelorum;
3704 4796 3813 4855 sed

355 4881 663 4956 redempti,
685 4881 820 4938 licet
848 4882 972 4954 ipse
997 4881 1170 4938 fuerit
1199 4899 1411 4954 passus
1442 4899 1546 4954 pro
1567 4883 1866 4951 omnibus,
1889 4901 2007 4940 ma-
2113 4885 2211 4956 qui
2233 4885 2370 4954 facit
2397 4885 2722 4940 voluntatem
2748 4885 2934 4941 Patris
2964 4886 3076 4940 mei
3104 4885 3201 4956 qui
3229 4885 3290 4939 in
3321 4884 3468 4940 cwlis
3495 4892 3606 4952 est,
3647 4887 3809 4958 ipse,

355 4973 592 5030 nifestat
623 4971 834 5027 iterum
879 4989 982 5043 per
1021 4970 1232 5028 Isaiam
1263 4970 1464 5026 dicens
1498 4988 1510 5027 :
1544 4972 1606 5026 In
1633 4973 1862 5030 scientia
1903 4990 2006 5028 sua
2113 4972 2343 5028 intrabit
2368 4974 2426 5028 in
2472 4989 2702 5044 regnum
2737 4974 2994 5030 caelorum
3034 4971 3199 5046 (Matt.
3217 4991 3318 5041 vn,
3339 4975 3453 5042 21).
3477 4973 3547 5028 Et
3576 4991 3594 5029 :
3626 4975 3818 5033 Huni

339 5063 668 5136 justi/ienuit
701 5063 816 5133 ipse
861 5076 1042 5116 servos
1089 5077 1214 5116 suos
1259 5061 1461 5116 multos
1489 5061 1618 5130 (Isa.
1654 5078 1770 5128 Lm,
1795 5061 1903 5132 11).
1937 5062 2005 5117 Et
2109 5059 2290 5118 dicent
2315 5062 2456 5116 mihi
2493 5063 2552 5118 in
2601 5063 2703 5117 illa
2729 5061 2820 5118 die
2851 5079 2864 5116 :
2897 5063 3141 5130 Domine,
3191 5063 3438 5130 Domine,
3467 5078 3684 5120 nonne
3743 5067 3816 5122 in

348 5151 539 5208 item:
573 5151 692 5224 Ipse
729 5158 948 5223 peccata
991 5151 1289 5206 multorum
1327 5150 1455 5205 tulit
1483 5149 1686 5221 (ibid).
1708 5151 1780 5206 Et
1810 5149 1950 5206 item
1985 5167 1998 5205 :
2108 5152 2330 5206 nomine
2359 5158 2450 5207 tuo
2493 5151 2955 5224 prophetavimus,
2974 5159 3028 5208 et
3071 5153 3133 5208 in
3177 5153 3402 5208 nomine
3445 5159 3538 5208 tuo
3597 5155 3818 5213 virtu-

345 5245 453 5298 lste
480 5249 726 5314 asperget
748 5248 929 5312 gentes
971 5241 1193 5296 multas.
1223 5241 1352 5309 (Isa.
1385 5256 1456 5307 LI,
1488 5241 1594 5310 15).
1627 5240 1696 5294 Et
1723 5239 1784 5294 in
1815 5240 1999 5294 Evan-
2108 5247 2182 5295 tes
2212 5240 2412 5296 multas
2437 5241 2704 5311 fecimus?
2731 5248 2784 5298 et
2809 5247 2939 5297 tunc
2965 5232 3441 5312 conﬁteborillis:
3473 5243 3656 5314 Quia
3682 5261 3820 5302 non

345 5329 497 5404 gelio
550 5348 564 5386 :
614 5331 790 5387 Filius
847 5331 1086 5387 hominis
1145 5345 1256 5384 non
1310 5329 1459 5384 venit
1510 5329 1849 5396 ministrari,
1906 5327 2001 5384 sed
2103 5331 2236 5386 novi
2293 5345 2404 5400 vos,
2462 5327 2718 5385 discedite
2773 5347 2807 5385 a
2859 5347 2946 5386 me
2998 5329 3276 5386 maledicti
3305 5329 3486 5402 (ibid,
3516 5331 3634 5401 22,
3675 5336 3818 5406 23).

343 5421 692 5491 ministrare,
747 5428 802 5477 et
864 5420 994 5476 dare
1056 5418 1303 5474 animam
1365 5433 1525 5472 suam
1583 5417 1999 5489 redemptionem
2105 5419 2174 5474 Et
2223 5417 2486 5476 Paulus:
2523 5419 2628 5487 Qui
2683 5419 3004 5491 conﬁtentur
3055 5433 3114 5476 se
3165 5435 3326 5476 nosse
3372 5419 3576 5487 Deum,
3617 5425 3820 5493 facti;

339 5521 444 5580 pro
496 5509 688 5566 multis
738 5509 944 5580 (Matth.
992 5525 1085 5576 xx,
1135 5509 1249 5575 28).
1304 5507 1374 5562 Et
1431 5506 1568 5562 item
1623 5505 1934 5578 Apostolus
1976 5523 1990 5564 :
2104 5515 2286 5564 autem
2312 5515 2513 5580 negant
2540 5509 2666 5580 (Tit.
2691 5525 2730 5576 ι,
2758 5508 3028 5581 6):quod
3061 5511 3119 5564 et
3148 5505 3636 5582 quamplurimis
3662 5509 3826 5574 aliis

344 5594 453 5658 Per
513 5601 684 5659 unius
747 5599 1106 5659 obedientiam
1159 5599 1305 5675 justi
1365 5598 1769 5656 constituuntur
1830 5596 1996 5656 multi
2099 5597 2454 5657 testimoniis
2496 5600 2690 5674 potest
2743 5596 2998 5674 probari.
3030 5596 3194 5656 Unde
3241 5597 3292 5656 si
3341 5596 3414 5655 de
3461 5597 3824 5664 redimen-
