  <div class='ocr_page' id='page_1' title='image "/cluster/home/n/w/nwhite01/storage/ocr_20150623/125/hvd.32044054759873/188.png"; bbox 0 0 3970 6182; ppageno 0'>
   <div class='ocr_carea' id='block_1_1' title="bbox 232 364 354 424">
    <p class='ocr_par' dir='ltr' id='par_1_1' title="bbox 232 364 354 424">
     <span class='ocr_line' id='line_1_1' title="bbox 232 364 354 424; baseline -0.008 0"><span class='ocrx_word' id='word_1_1' title='bbox 232 364 354 424; x_wconf 82' lang='grc'><strong>365</strong></span> 
     </span>
    </p>
   </div>
   <div class='ocr_carea' id='block_1_2' title="bbox 958 364 2923 439">
    <p class='ocr_par' dir='ltr' id='par_1_2' title="bbox 958 364 2923 439">
     <span class='ocr_line' id='line_1_2' title="bbox 958 364 2923 439; baseline 0.007 -15"><span class='ocrx_word' id='word_1_2' title='bbox 958 365 1061 425; x_wconf 85' lang='lat' dir='ltr'><strong>DE</strong></span> <span class='ocrx_word' id='word_1_3' title='bbox 1105 364 1867 439; x_wconf 62' lang='lat' dir='ltr'><strong>PREDESTINATIONE</strong></span> <span class='ocrx_word' id='word_1_4' title='bbox 1909 368 2421 435; x_wconf 79' lang='lat' dir='ltr'><strong>DlSSEB&#39;l‘ATIO</strong></span> <span class='ocrx_word' id='word_1_5' title='bbox 2463 375 2923 439; x_wconf 81' lang='lat' dir='ltr'><strong>POSTERIOR.</strong></span> 
     </span>
    </p>
   </div>
   <div class='ocr_carea' id='block_1_3' title="bbox 3528 384 3647 444">
    <p class='ocr_par' dir='ltr' id='par_1_3' title="bbox 3528 384 3647 444">
     <span class='ocr_line' id='line_1_3' title="bbox 3528 384 3647 444; baseline -0.008 0"><span class='ocrx_word' id='word_1_6' title='bbox 3528 384 3647 444; x_wconf 88' lang='lat'><strong>366</strong></span> 
     </span>
    </p>
   </div>
   <div class='ocr_carea' id='block_1_4' title="bbox 233 493 3653 583">
    <p class='ocr_par' dir='ltr' id='par_1_4' title="bbox 233 493 3653 583">
     <span class='ocr_line' id='line_1_4' title="bbox 233 493 3653 583; baseline 0.006 -32"><span class='ocrx_word' id='word_1_7' title='bbox 233 495 327 552; x_wconf 89' lang='lat' dir='ltr'><strong>dis</strong></span> <span class='ocrx_word' id='word_1_8' title='bbox 356 493 621 569; x_wconf 86' lang='lat' dir='ltr'><strong>quidam,</strong></span> <span class='ocrx_word' id='word_1_9' title='bbox 647 495 721 551; x_wconf 93' lang='lat' dir='ltr'><strong>ad</strong></span> <span class='ocrx_word' id='word_1_10' title='bbox 754 494 1157 569; x_wconf 80' lang='lat' dir='ltr'><strong>infidelitatem</strong></span> <span class='ocrx_word' id='word_1_11' title='bbox 1188 496 1275 553; x_wconf 89' lang='lat' dir='ltr'><strong>vel</strong></span> <span class='ocrx_word' id='word_1_12' title='bbox 1299 503 1763 571; x_wconf 79' lang='lat' dir='ltr'><strong>perseverantem</strong></span> <span class='ocrx_word' id='word_1_13' title='bbox 1786 499 1894 555; x_wconf 91' lang='lat' dir='ltr'><strong>ini-</strong></span> <span class='ocrx_word' id='word_1_14' title='bbox 1919 500 1975 568; x_wconf 80' lang='grc' dir='ltr'><strong>Α</strong></span> <span class='ocrx_word' id='word_1_15' title='bbox 2006 502 2051 573; x_wconf 90' lang='lat' dir='ltr'><strong>(I</strong></span> <span class='ocrx_word' id='word_1_16' title='bbox 2081 501 2200 558; x_wconf 85' lang='lat' dir='ltr'><strong>Cor.</strong></span> <span class='ocrx_word' id='word_1_17' title='bbox 2234 521 2310 572; x_wconf 72' lang='grc' dir='ltr'>χι,</span> <span class='ocrx_word' id='word_1_18' title='bbox 2337 506 2446 575; x_wconf 88' lang='grc'>17),</span> <span class='ocrx_word' id='word_1_19' title='bbox 2480 506 2619 578; x_wconf 83' lang='lat' dir='ltr'><strong>quia</strong></span> <span class='ocrx_word' id='word_1_20' title='bbox 2647 507 2748 580; x_wconf 87' lang='lat' dir='ltr'><strong>qui</strong></span> <span class='ocrx_word' id='word_1_21' title='bbox 2794 508 2921 564; x_wconf 87' lang='lat' dir='ltr'><strong>sine</strong></span> <span class='ocrx_word' id='word_1_22' title='bbox 2968 508 3276 583; x_wconf 82' lang='lat' dir='ltr'><strong>disciplina</strong></span> <span class='ocrx_word' id='word_1_23' title='bbox 3317 514 3653 572; x_wconf 77' lang='lat' dir='ltr'><strong>traditionis</strong></span> 
     </span>
    </p>
   </div>
   <div class='ocr_carea' id='block_1_5' title="bbox 233 584 1892 660">
    <p class='ocr_par' dir='ltr' id='par_1_5' title="bbox 233 584 1892 660">
     <span class='ocr_line' id='line_1_5' title="bbox 233 584 1892 660; baseline 0.002 -20"><span class='ocrx_word' id='word_1_24' title='bbox 233 584 524 658; x_wconf 76' lang='lat' dir='ltr'><strong>quitatem</strong></span> <span class='ocrx_word' id='word_1_25' title='bbox 558 585 798 654; x_wconf 83' lang='lat' dir='ltr'><strong>reversi,</strong></span> <span class='ocrx_word' id='word_1_26' title='bbox 825 584 967 641; x_wconf 90' lang='lat' dir='ltr'><strong>vitio</strong></span> <span class='ocrx_word' id='word_1_27' title='bbox 999 587 1235 659; x_wconf 90' lang='lat' dir='ltr'><strong>proprio</strong></span> <span class='ocrx_word' id='word_1_28' title='bbox 1265 592 1523 659; x_wconf 84' lang='lat' dir='ltr'><strong>pereant,</strong></span> <span class='ocrx_word' id='word_1_29' title='bbox 1549 605 1653 660; x_wconf 90' lang='lat' dir='ltr'><strong>pro</strong></span> <span class='ocrx_word' id='word_1_30' title='bbox 1681 588 1892 659; x_wconf 86' lang='lat' dir='ltr'><strong>quibus</strong></span> 
     </span>
    </p>
   </div>
   <div class='ocr_carea' id='block_1_6' title="bbox 233 672 1890 750">
    <p class='ocr_par' dir='ltr' id='par_1_6' title="bbox 233 672 1890 750">
     <span class='ocr_line' id='line_1_6' title="bbox 233 672 1890 750; baseline 0 -18"><span class='ocrx_word' id='word_1_31' title='bbox 233 688 351 733; x_wconf 88' lang='lat' dir='ltr'><strong>non</strong></span> <span class='ocrx_word' id='word_1_32' title='bbox 374 678 622 747; x_wconf 77' lang='lat' dir='ltr'><strong>negatur</strong></span> <span class='ocrx_word' id='word_1_33' title='bbox 641 674 796 747; x_wconf 91' lang='lat' dir='ltr'><strong>quod</strong></span> <span class='ocrx_word' id='word_1_34' title='bbox 819 672 1088 731; x_wconf 84' lang='lat' dir='ltr'><strong>Christus</strong></span> <span class='ocrx_word' id='word_1_35' title='bbox 1119 676 1293 731; x_wconf 89' lang='lat' dir='ltr'><strong>fuerit</strong></span> <span class='ocrx_word' id='word_1_36' title='bbox 1314 694 1546 749; x_wconf 89' lang='lat' dir='ltr'><strong>passus,</strong></span> <span class='ocrx_word' id='word_1_37' title='bbox 1562 694 1667 731; x_wconf 89' lang='lat' dir='ltr'><strong>cur</strong></span> <span class='ocrx_word' id='word_1_38' title='bbox 1683 694 1785 750; x_wconf 90' lang='lat' dir='ltr'><strong>pro</strong></span> <span class='ocrx_word' id='word_1_39' title='bbox 1807 676 1890 733; x_wconf 90' lang='lat' dir='ltr'><strong>eis</strong></span> 
     </span>
    </p>
   </div>
   <div class='ocr_carea' id='block_1_7' title="bbox 120 763 1892 838">
    <p class='ocr_par' dir='ltr' id='par_1_7' title="bbox 120 763 1892 838">
     <span class='ocr_line' id='line_1_7' title="bbox 120 763 1892 838; baseline 0.001 -19"><span class='ocrx_word' id='word_1_40' title='bbox 120 808 129 819; x_wconf 87' lang='lat'><strong>.</strong></span> <span class='ocrx_word' id='word_1_41' title='bbox 232 766 413 821; x_wconf 89' lang='lat' dir='ltr'><strong>etiam</strong></span> <span class='ocrx_word' id='word_1_42' title='bbox 440 781 553 820; x_wconf 90' lang='lat' dir='ltr'><strong>non</strong></span> <span class='ocrx_word' id='word_1_43' title='bbox 577 764 852 820; x_wconf 76' lang='lat' dir='ltr'><strong>credatur</strong></span> <span class='ocrx_word' id='word_1_44' title='bbox 874 768 1050 836; x_wconf 89' lang='lat' dir='ltr'><strong>atque</strong></span> <span class='ocrx_word' id='word_1_45' title='bbox 1068 763 1299 821; x_wconf 85' lang='lat' dir='ltr'><strong>dicatur</strong></span> <span class='ocrx_word' id='word_1_46' title='bbox 1317 781 1530 838; x_wconf 90' lang='lat' dir='ltr'><strong>passus</strong></span> <span class='ocrx_word' id='word_1_47' title='bbox 1574 765 1774 834; x_wconf 87' lang='lat' dir='ltr'><strong>fuisse,</strong></span> <span class='ocrx_word' id='word_1_48' title='bbox 1790 764 1892 838; x_wconf 87' lang='lat' dir='ltr'><strong>qui</strong></span> 
     </span>
    </p>
   </div>
   <div class='ocr_carea' id='block_1_8' title="bbox 232 852 1894 926">
    <p class='ocr_par' dir='ltr' id='par_1_8' title="bbox 232 852 1894 926">
     <span class='ocr_line' id='line_1_8' title="bbox 232 852 1894 926; baseline 0.001 -16"><span class='ocrx_word' id='word_1_49' title='bbox 232 870 345 910; x_wconf 87' lang='lat' dir='ltr'><strong>sua</strong></span> <span class='ocrx_word' id='word_1_50' title='bbox 375 852 648 909; x_wconf 79' lang='lat' dir='ltr'><strong>delectati</strong></span> <span class='ocrx_word' id='word_1_51' title='bbox 669 852 1023 926; x_wconf 82' lang='lat' dir='ltr'><strong>captivitate,</strong></span> <span class='ocrx_word' id='word_1_52' title='bbox 1038 857 1143 909; x_wconf 91' lang='lat' dir='ltr'><strong>aut</strong></span> <span class='ocrx_word' id='word_1_53' title='bbox 1164 853 1339 910; x_wconf 81' lang='lat' dir='ltr'><strong>fidem</strong></span> <span class='ocrx_word' id='word_1_54' title='bbox 1363 853 1674 910; x_wconf 87' lang='lat' dir='ltr'><strong>noluerunt</strong></span> <span class='ocrx_word' id='word_1_55' title='bbox 1688 855 1774 911; x_wconf 92' lang='lat' dir='ltr'><strong>vel</strong></span> <span class='ocrx_word' id='word_1_56' title='bbox 1797 873 1894 912; x_wconf 91' lang='lat' dir='ltr'><strong>no-</strong></span> 
     </span>
    </p>
   </div>
   <div class='ocr_carea' id='block_1_9' title="bbox 231 940 1895 1014">
    <p class='ocr_par' dir='ltr' id='par_1_9' title="bbox 231 940 1895 1014">
     <span class='ocr_line' id='line_1_9' title="bbox 231 940 1895 1014; baseline 0.001 -16"><span class='ocrx_word' id='word_1_57' title='bbox 231 941 367 998; x_wconf 90' lang='lat' dir='ltr'><strong>lunt</strong></span> <span class='ocrx_word' id='word_1_58' title='bbox 398 941 672 1014; x_wconf 87' lang='lat' dir='ltr'><strong>recipere,</strong></span> <span class='ocrx_word' id='word_1_59' title='bbox 690 945 795 997; x_wconf 92' lang='lat' dir='ltr'><strong>aut</strong></span> <span class='ocrx_word' id='word_1_60' title='bbox 822 940 1193 1014; x_wconf 80' lang='lat' dir='ltr'><strong>iniquitatem</strong></span> <span class='ocrx_word' id='word_1_61' title='bbox 1217 941 1533 999; x_wconf 90' lang='lat' dir='ltr'><strong>noluerunt</strong></span> <span class='ocrx_word' id='word_1_62' title='bbox 1551 944 1640 1000; x_wconf 91' lang='lat' dir='ltr'><strong>vel</strong></span> <span class='ocrx_word' id='word_1_63' title='bbox 1686 944 1895 1001; x_wconf 89' lang='lat' dir='ltr'><strong>nolunt</strong></span> 
     </span>
    </p>
   </div>
   <div class='ocr_carea' id='block_1_10' title="bbox 229 1030 1890 1104">
    <p class='ocr_par' dir='ltr' id='par_1_10' title="bbox 229 1030 1890 1104">
     <span class='ocr_line' id='line_1_10' title="bbox 229 1030 1890 1104; baseline 0.002 -18"><span class='ocrx_word' id='word_1_64' title='bbox 229 1031 499 1087; x_wconf 80' lang='lat' dir='ltr'><strong>deserere</strong></span> <span class='ocrx_word' id='word_1_65' title='bbox 524 1046 537 1084; x_wconf 92' lang='lat'>:</span> <span class='ocrx_word' id='word_1_66' title='bbox 568 1030 892 1103; x_wconf 69' lang='lat' dir='ltr'><strong>praesertim</strong></span> <span class='ocrx_word' id='word_1_67' title='bbox 916 1047 1050 1086; x_wconf 89' lang='lat' dir='ltr'><strong>cum</strong></span> <span class='ocrx_word' id='word_1_68' title='bbox 1075 1031 1445 1104; x_wconf 85' lang='lat' dir='ltr'><strong>apertissime</strong></span> <span class='ocrx_word' id='word_1_69' title='bbox 1483 1032 1767 1089; x_wconf 90' lang='lat' dir='ltr'><strong>Dominus</strong></span> <span class='ocrx_word' id='word_1_70' title='bbox 1798 1032 1890 1089; x_wconf 88' lang='lat' dir='ltr'><strong>di-</strong></span> 
     </span>
    </p>
   </div>
   <div class='ocr_carea' id='block_1_11' title="bbox 228 1117 1887 1192">
    <p class='ocr_par' dir='ltr' id='par_1_11' title="bbox 228 1117 1887 1192">
     <span class='ocr_line' id='line_1_11' title="bbox 228 1117 1887 1192; baseline 0.001 -15"><span class='ocrx_word' id='word_1_71' title='bbox 228 1123 327 1177; x_wconf 84' lang='lat' dir='ltr'><strong>cat</strong></span> <span class='ocrx_word' id='word_1_72' title='bbox 354 1118 699 1192; x_wconf 86' lang='lat' dir='ltr'><strong>discipulis:</strong></span> <span class='ocrx_word' id='word_1_73' title='bbox 726 1117 1034 1176; x_wconf 60' lang='lat' dir='ltr'><strong>Prwdicute</strong></span> <span class='ocrx_word' id='word_1_74' title='bbox 1055 1120 1411 1192; x_wconf 82' lang='lat' dir='ltr'><strong>Evangelium</strong></span> <span class='ocrx_word' id='word_1_75' title='bbox 1433 1122 1583 1177; x_wconf 85' lang='lat' dir='ltr'><strong>omni</strong></span> <span class='ocrx_word' id='word_1_76' title='bbox 1603 1129 1887 1180; x_wconf 69' lang='lat' dir='ltr'><strong>creaturae.</strong></span> 
     </span>
    </p>
   </div>
   <div class='ocr_carea' id='block_1_12' title="bbox 230 1206 1894 1285">
    <p class='ocr_par' dir='ltr' id='par_1_12' title="bbox 230 1206 1894 1285">
     <span class='ocr_line' id='line_1_12' title="bbox 230 1206 1894 1285; baseline 0.002 -21"><span class='ocrx_word' id='word_1_77' title='bbox 230 1209 340 1277; x_wconf 86' lang='lat' dir='ltr'><strong>Qui</strong></span> <span class='ocrx_word' id='word_1_78' title='bbox 378 1206 681 1265; x_wconf 75' lang='lat' dir='ltr'><strong>crediderit</strong></span> <span class='ocrx_word' id='word_1_79' title='bbox 720 1215 773 1265; x_wconf 89' lang='lat' dir='ltr'><strong>et</strong></span> <span class='ocrx_word' id='word_1_80' title='bbox 819 1208 1123 1281; x_wconf 68' lang='lat' dir='ltr'><strong>baptizatus</strong></span> <span class='ocrx_word' id='word_1_81' title='bbox 1159 1211 1349 1281; x_wconf 80' lang='lat' dir='ltr'><strong>fuerit,</strong></span> <span class='ocrx_word' id='word_1_82' title='bbox 1389 1211 1580 1267; x_wconf 85' lang='lat' dir='ltr'><strong>salvus</strong></span> <span class='ocrx_word' id='word_1_83' title='bbox 1620 1212 1773 1268; x_wconf 88' lang='lat' dir='ltr'><strong>erit:</strong></span> <span class='ocrx_word' id='word_1_84' title='bbox 1796 1213 1894 1285; x_wconf 97' lang='lat' dir='ltr'><strong>qui</strong></span> 
     </span>
    </p>
   </div>
   <div class='ocr_carea' id='block_1_13' title="bbox 224 1296 1888 1373">
    <p class='ocr_par' dir='ltr' id='par_1_13' title="bbox 224 1296 1888 1373">
     <span class='ocr_line' id='line_1_13' title="bbox 224 1296 1888 1373; baseline 0.002 -20"><span class='ocrx_word' id='word_1_85' title='bbox 224 1313 352 1353; x_wconf 79' lang='lat' dir='ltr'><strong>vero</strong></span> <span class='ocrx_word' id='word_1_86' title='bbox 372 1313 484 1353; x_wconf 88' lang='lat' dir='ltr'><strong>non</strong></span> <span class='ocrx_word' id='word_1_87' title='bbox 512 1296 808 1354; x_wconf 80' lang='lat' dir='ltr'><strong>crediderit</strong></span> <span class='ocrx_word' id='word_1_88' title='bbox 833 1296 1286 1355; x_wconf 83' lang='lat' dir='ltr'><strong>condemnabitur</strong></span> <span class='ocrx_word' id='word_1_89' title='bbox 1314 1299 1498 1372; x_wconf 82' lang='lat' dir='ltr'><strong>(Marc.</strong></span> <span class='ocrx_word' id='word_1_90' title='bbox 1521 1317 1637 1368; x_wconf 75' lang='lat' dir='ltr'><strong>xvx,</strong></span> <span class='ocrx_word' id='word_1_91' title='bbox 1666 1301 1752 1368; x_wconf 87' lang='grc'><strong>15,</strong></span> <span class='ocrx_word' id='word_1_92' title='bbox 1781 1300 1888 1373; x_wconf 86' lang='grc'>16),</span> 
     </span>
    </p>
   </div>
   <div class='ocr_carea' id='block_1_14' title="bbox 223 1386 1894 1464">
    <p class='ocr_par' dir='ltr' id='par_1_14' title="bbox 223 1386 1894 1464">
     <span class='ocr_line' id='line_1_14' title="bbox 223 1386 1894 1464; baseline 0.004 -24"><span class='ocrx_word' id='word_1_93' title='bbox 223 1386 293 1441; x_wconf 83' lang='lat' dir='ltr'><strong>Et</strong></span> <span class='ocrx_word' id='word_1_94' title='bbox 324 1386 467 1441; x_wconf 87' lang='lat' dir='ltr'><strong>item</strong></span> <span class='ocrx_word' id='word_1_95' title='bbox 492 1403 507 1442; x_wconf 89' lang='lat'><strong>:</strong></span> <span class='ocrx_word' id='word_1_96' title='bbox 532 1387 597 1442; x_wconf 83' lang='lat' dir='ltr'><strong>Et</strong></span> <span class='ocrx_word' id='word_1_97' title='bbox 615 1388 732 1443; x_wconf 88' lang='lat' dir='ltr'><strong>nisi</strong></span> <span class='ocrx_word' id='word_1_98' title='bbox 747 1386 1109 1444; x_wconf 83' lang='lat' dir='ltr'><strong>abundaverit</strong></span> <span class='ocrx_word' id='word_1_99' title='bbox 1116 1389 1341 1461; x_wconf 89' lang='lat' dir='ltr'><strong>justitia</strong></span> <span class='ocrx_word' id='word_1_100' title='bbox 1362 1397 1540 1446; x_wconf 86' lang='lat' dir='ltr'><strong>vestra</strong></span> <span class='ocrx_word' id='word_1_101' title='bbox 1562 1390 1687 1462; x_wconf 83' lang='lat' dir='ltr'><strong>plus</strong></span> <span class='ocrx_word' id='word_1_102' title='bbox 1728 1407 1894 1464; x_wconf 89' lang='lat' dir='ltr'><strong>quam</strong></span> 
     </span>
    </p>
   </div>
   <div class='ocr_carea' id='block_1_15' title="bbox 220 1475 1893 1549">
    <p class='ocr_par' dir='ltr' id='par_1_15' title="bbox 220 1475 1893 1549">
     <span class='ocr_line' id='line_1_15' title="bbox 220 1475 1893 1549; baseline 0.002 -16"><span class='ocrx_word' id='word_1_103' title='bbox 220 1476 382 1533; x_wconf 71' lang='grc'><strong>³00</strong></span> <span class='ocrx_word' id='word_1_104' title='bbox 412 1475 738 1532; x_wconf 83' lang='lat' dir='ltr'><strong>Scribarum</strong></span> <span class='ocrx_word' id='word_1_105' title='bbox 775 1485 829 1533; x_wconf 91' lang='lat' dir='ltr'><strong>et</strong></span> <span class='ocrx_word' id='word_1_106' title='bbox 863 1477 1297 1549; x_wconf 79' lang='lat' dir='ltr'><strong>Pharisaeorum,</strong></span> <span class='ocrx_word' id='word_1_107' title='bbox 1349 1495 1461 1536; x_wconf 86' lang='lat' dir='ltr'><strong>non</strong></span> <span class='ocrx_word' id='word_1_108' title='bbox 1510 1480 1791 1536; x_wconf 85' lang='lat' dir='ltr'><strong>intrabitis</strong></span> <span class='ocrx_word' id='word_1_109' title='bbox 1832 1481 1893 1536; x_wconf 88' lang='lat' dir='ltr'><strong>in</strong></span> 
     </span>
    </p>
   </div>
   <div class='ocr_carea' id='block_1_16' title="bbox 220 1565 1246 1640">
    <p class='ocr_par' dir='ltr' id='par_1_16' title="bbox 220 1565 1246 1640">
     <span class='ocr_line' id='line_1_16' title="bbox 220 1565 1246 1640; baseline 0.004 -20"><span class='ocrx_word' id='word_1_110' title='bbox 220 1581 461 1638; x_wconf 74' lang='lat' dir='ltr'><strong>regnum</strong></span> <span class='ocrx_word' id='word_1_111' title='bbox 489 1566 767 1623; x_wconf 66' lang='lat' dir='ltr'><strong>calorum.</strong></span> <span class='ocrx_word' id='word_1_112' title='bbox 802 1565 1008 1639; x_wconf 72' lang='lat' dir='ltr'><strong>(Matth.</strong></span> <span class='ocrx_word' id='word_1_113' title='bbox 1041 1584 1096 1636; x_wconf 91' lang='lat' dir='ltr'><strong>v,</strong></span> <span class='ocrx_word' id='word_1_114' title='bbox 1129 1568 1246 1640; x_wconf 86' lang='lat'><strong>20).</strong></span> 
     </span>
    </p>
   </div>
   <div class='ocr_carea' id='block_1_17' title="bbox 295 1653 1892 1729">
    <p class='ocr_par' dir='ltr' id='par_1_17' title="bbox 295 1653 1892 1729">
     <span class='ocr_line' id='line_1_17' title="bbox 295 1653 1892 1729; baseline 0.002 -19"><span class='ocrx_word' id='word_1_115' title='bbox 295 1654 367 1710; x_wconf 83' lang='lat' dir='ltr'><strong>Et</strong></span> <span class='ocrx_word' id='word_1_116' title='bbox 396 1654 558 1726; x_wconf 90' lang='lat' dir='ltr'><strong>quod</strong></span> <span class='ocrx_word' id='word_1_117' title='bbox 580 1653 724 1710; x_wconf 88' lang='lat' dir='ltr'><strong>dicit</strong></span> <span class='ocrx_word' id='word_1_118' title='bbox 742 1654 1182 1723; x_wconf 84' lang='lat' dir='ltr'><strong>Gothescaicus,</strong></span> <span class='ocrx_word' id='word_1_119' title='bbox 1202 1656 1341 1729; x_wconf 90' lang='lat' dir='ltr'><strong>quia</strong></span> <span class='ocrx_word' id='word_1_120' title='bbox 1362 1657 1471 1714; x_wconf 90' lang='lat' dir='ltr'><strong>hoc</strong></span> <span class='ocrx_word' id='word_1_121' title='bbox 1492 1661 1582 1713; x_wconf 91' lang='lat' dir='ltr'><strong>est</strong></span> <span class='ocrx_word' id='word_1_122' title='bbox 1610 1673 1892 1714; x_wconf 86' lang='lat' dir='ltr'><strong>evacuare</strong></span> 
     </span>
    </p>
   </div>
   <div class='ocr_carea' id='block_1_18' title="bbox 224 1742 1894 1819">
    <p class='ocr_par' dir='ltr' id='par_1_18' title="bbox 224 1742 1894 1819">
     <span class='ocr_line' id='line_1_18' title="bbox 224 1742 1894 1819; baseline 0.002 -21"><span class='ocrx_word' id='word_1_123' title='bbox 224 1759 465 1799; x_wconf 89' lang='lat' dir='ltr'><strong>crucem</strong></span> <span class='ocrx_word' id='word_1_124' title='bbox 516 1742 761 1812; x_wconf 81' lang='lat' dir='ltr'><strong>Christi,</strong></span> <span class='ocrx_word' id='word_1_125' title='bbox 796 1743 844 1800; x_wconf 92' lang='lat' dir='ltr'><strong>si</strong></span> <span class='ocrx_word' id='word_1_126' title='bbox 890 1744 1125 1801; x_wconf 84' lang='lat' dir='ltr'><strong>dicatur</strong></span> <span class='ocrx_word' id='word_1_127' title='bbox 1171 1745 1311 1818; x_wconf 88' lang='lat' dir='ltr'><strong>quia</strong></span> <span class='ocrx_word' id='word_1_128' title='bbox 1359 1763 1462 1819; x_wconf 91' lang='lat' dir='ltr'><strong>pro</strong></span> <span class='ocrx_word' id='word_1_129' title='bbox 1509 1746 1785 1802; x_wconf 89' lang='lat' dir='ltr'><strong>omnibus</strong></span> <span class='ocrx_word' id='word_1_130' title='bbox 1817 1746 1894 1802; x_wconf 90' lang='lat' dir='ltr'><strong>sit</strong></span> 
     </span>
    </p>
   </div>
   <div class='ocr_carea' id='block_1_19' title="bbox 230 1830 1892 1908">
    <p class='ocr_par' dir='ltr' id='par_1_19' title="bbox 230 1830 1892 1908">
     <span class='ocr_line' id='line_1_19' title="bbox 230 1830 1892 1908; baseline 0.001 -19"><span class='ocrx_word' id='word_1_131' title='bbox 230 1849 448 1906; x_wconf 86' lang='lat' dir='ltr'><strong>passus</strong></span> <span class='ocrx_word' id='word_1_132' title='bbox 479 1830 770 1902; x_wconf 86' lang='lat' dir='ltr'><strong>Christus,</strong></span> <span class='ocrx_word' id='word_1_133' title='bbox 803 1837 861 1889; x_wconf 92' lang='lat' dir='ltr'><strong>et</strong></span> <span class='ocrx_word' id='word_1_134' title='bbox 889 1850 1006 1890; x_wconf 90' lang='lat' dir='ltr'><strong>non</strong></span> <span class='ocrx_word' id='word_1_135' title='bbox 1038 1834 1158 1891; x_wconf 88' lang='lat' dir='ltr'><strong>sint</strong></span> <span class='ocrx_word' id='word_1_136' title='bbox 1200 1851 1405 1891; x_wconf 90' lang='lat' dir='ltr'><strong>omnes</strong></span> <span class='ocrx_word' id='word_1_137' title='bbox 1456 1835 1742 1907; x_wconf 86' lang='lat' dir='ltr'><strong>redempti</strong></span> <span class='ocrx_word' id='word_1_138' title='bbox 1788 1851 1892 1908; x_wconf 92' lang='lat' dir='ltr'><strong>pro</strong></span> 
     </span>
    </p>
   </div>
   <div class='ocr_carea' id='block_1_20' title="bbox 228 1921 1893 1997">
    <p class='ocr_par' dir='ltr' id='par_1_20' title="bbox 228 1921 1893 1997">
     <span class='ocr_line' id='line_1_20' title="bbox 228 1921 1893 1997; baseline 0.002 -20"><span class='ocrx_word' id='word_1_139' title='bbox 228 1921 450 1995; x_wconf 87' lang='lat' dir='ltr'><strong>quibus</strong></span> <span class='ocrx_word' id='word_1_140' title='bbox 480 1921 666 1978; x_wconf 90' lang='lat' dir='ltr'><strong>voluit</strong></span> <span class='ocrx_word' id='word_1_141' title='bbox 696 1921 839 1993; x_wconf 87' lang='lat' dir='ltr'><strong>pati,</strong></span> <span class='ocrx_word' id='word_1_142' title='bbox 861 1940 978 1979; x_wconf 88' lang='lat' dir='ltr'><strong>non</strong></span> <span class='ocrx_word' id='word_1_143' title='bbox 1010 1926 1101 1979; x_wconf 88' lang='lat' dir='ltr'><strong>est</strong></span> <span class='ocrx_word' id='word_1_144' title='bbox 1130 1924 1347 1980; x_wconf 91' lang='lat' dir='ltr'><strong>mirum</strong></span> <span class='ocrx_word' id='word_1_145' title='bbox 1370 1925 1418 1979; x_wconf 93' lang='lat' dir='ltr'><strong>si</strong></span> <span class='ocrx_word' id='word_1_146' title='bbox 1445 1923 1640 1980; x_wconf 90' lang='lat' dir='ltr'><strong>taliter</strong></span> <span class='ocrx_word' id='word_1_147' title='bbox 1657 1924 1893 1997; x_wconf 83' lang='lat' dir='ltr'><strong>exponit</strong></span> 
     </span>
    </p>
   </div>
   <div class='ocr_carea' id='block_1_21' title="bbox 228 2010 1894 2086">
    <p class='ocr_par' dir='ltr' id='par_1_21' title="bbox 228 2010 1894 2086">
     <span class='ocr_line' id='line_1_21' title="bbox 228 2010 1894 2086; baseline 0.001 -19"><span class='ocrx_word' id='word_1_148' title='bbox 228 2010 500 2067; x_wconf 82' lang='lat' dir='ltr'><strong>evacuari</strong></span> <span class='ocrx_word' id='word_1_149' title='bbox 530 2027 765 2067; x_wconf 90' lang='lat' dir='ltr'><strong>crucem</strong></span> <span class='ocrx_word' id='word_1_150' title='bbox 795 2010 1032 2084; x_wconf 90' lang='lat' dir='ltr'><strong>Christi,</strong></span> <span class='ocrx_word' id='word_1_151' title='bbox 1046 2012 1147 2085; x_wconf 89' lang='lat' dir='ltr'><strong>qui</strong></span> <span class='ocrx_word' id='word_1_152' title='bbox 1192 2029 1470 2069; x_wconf 86' lang='lat' dir='ltr'><strong>evacuare</strong></span> <span class='ocrx_word' id='word_1_153' title='bbox 1516 2013 1894 2086; x_wconf 68' lang='lat' dir='ltr'><strong>praesumpsit</strong></span> 
     </span>
    </p>
   </div>
   <div class='ocr_carea' id='block_1_22' title="bbox 237 2100 1892 2175">
    <p class='ocr_par' dir='ltr' id='par_1_22' title="bbox 237 2100 1892 2175">
     <span class='ocr_line' id='line_1_22' title="bbox 237 2100 1892 2175; baseline -0.001 -18"><span class='ocrx_word' id='word_1_154' title='bbox 237 2103 679 2157; x_wconf 88' lang='lat' dir='ltr'><strong>sacramentum</strong></span> <span class='ocrx_word' id='word_1_155' title='bbox 707 2100 1015 2174; x_wconf 85' lang='lat' dir='ltr'><strong>baptismi,</strong></span> <span class='ocrx_word' id='word_1_156' title='bbox 1044 2102 1397 2158; x_wconf 89' lang='lat' dir='ltr'><strong>sententiam</strong></span> <span class='ocrx_word' id='word_1_157' title='bbox 1444 2101 1689 2175; x_wconf 88' lang='lat' dir='ltr'><strong>apostoli</strong></span> <span class='ocrx_word' id='word_1_158' title='bbox 1740 2101 1892 2158; x_wconf 90' lang='lat' dir='ltr'><strong>Petri</strong></span> 
     </span>
    </p>
   </div>
   <div class='ocr_carea' id='block_1_23' title="bbox 237 2190 1896 2265">
    <p class='ocr_par' dir='ltr' id='par_1_23' title="bbox 237 2190 1896 2265">
     <span class='ocr_line' id='line_1_23' title="bbox 237 2190 1896 2265; baseline 0.002 -21"><span class='ocrx_word' id='word_1_159' title='bbox 237 2206 553 2262; x_wconf 76' lang='lat' dir='ltr'><strong>exponens,</strong></span> <span class='ocrx_word' id='word_1_160' title='bbox 580 2190 718 2245; x_wconf 75' lang='lat' dir='ltr'><strong>lium</strong></span> <span class='ocrx_word' id='word_1_161' title='bbox 748 2191 844 2263; x_wconf 83' lang='lat' dir='ltr'><strong>qui</strong></span> <span class='ocrx_word' id='word_1_162' title='bbox 891 2192 1025 2248; x_wconf 87' lang='lat' dir='ltr'><strong>emit</strong></span> <span class='ocrx_word' id='word_1_163' title='bbox 1066 2208 1154 2248; x_wconf 89' lang='lat' dir='ltr'><strong>eos</strong></span> <span class='ocrx_word' id='word_1_164' title='bbox 1198 2193 1491 2248; x_wconf 85' lang='lat' dir='ltr'><strong>Dominum</strong></span> <span class='ocrx_word' id='word_1_165' title='bbox 1533 2200 1792 2262; x_wconf 79' lang='lat' dir='ltr'><strong>negantes</strong></span> <span class='ocrx_word' id='word_1_166' title='bbox 1823 2192 1896 2265; x_wconf 88' lang='lat' dir='ltr'><strong>(II</strong></span> 
     </span>
    </p>
   </div>
   <div class='ocr_carea' id='block_1_24' title="bbox 237 2277 1892 2352">
    <p class='ocr_par' dir='ltr' id='par_1_24' title="bbox 237 2277 1892 2352">
     <span class='ocr_line' id='line_1_24' title="bbox 237 2277 1892 2352; baseline 0.001 -18"><span class='ocrx_word' id='word_1_167' title='bbox 237 2279 384 2334; x_wconf 85' lang='lat' dir='ltr'><strong>Petr.</strong></span> <span class='ocrx_word' id='word_1_168' title='bbox 416 2295 482 2346; x_wconf 91' lang='grc' dir='ltr'><strong>ιι,</strong></span> <span class='ocrx_word' id='word_1_169' title='bbox 508 2280 581 2348; x_wconf 88' lang='grc'><strong>1).</strong></span> <span class='ocrx_word' id='word_1_170' title='bbox 607 2301 635 2328; x_wconf 92' lang='grc'><strong>‹‹</strong></span> <span class='ocrx_word' id='word_1_171' title='bbox 661 2277 1195 2352; x_wconf 88' lang='lat' dir='ltr'><strong>Baptismi,inquit,</strong></span> <span class='ocrx_word' id='word_1_172' title='bbox 1219 2285 1585 2337; x_wconf 89' lang='lat' dir='ltr'><strong>sacramento</strong></span> <span class='ocrx_word' id='word_1_173' title='bbox 1605 2297 1706 2337; x_wconf 88' lang='lat' dir='ltr'><strong>eos</strong></span> <span class='ocrx_word' id='word_1_174' title='bbox 1725 2280 1892 2352; x_wconf 90' lang='lat' dir='ltr'><strong>emit,</strong></span> 
     </span>
    </p>
   </div>
   <div class='ocr_carea' id='block_1_25' title="bbox 236 2368 1890 2443">
    <p class='ocr_par' dir='ltr' id='par_1_25' title="bbox 236 2368 1890 2443">
     <span class='ocr_line' id='line_1_25' title="bbox 236 2368 1890 2443; baseline 0.002 -20"><span class='ocrx_word' id='word_1_175' title='bbox 236 2385 354 2423; x_wconf 91' lang='lat' dir='ltr'><strong>non</strong></span> <span class='ocrx_word' id='word_1_176' title='bbox 383 2371 585 2423; x_wconf 86' lang='lat' dir='ltr'><strong>tamen</strong></span> <span class='ocrx_word' id='word_1_177' title='bbox 615 2385 719 2440; x_wconf 91' lang='lat' dir='ltr'><strong>pro</strong></span> <span class='ocrx_word' id='word_1_178' title='bbox 760 2368 846 2425; x_wconf 89' lang='lat' dir='ltr'><strong>eis</strong></span> <span class='ocrx_word' id='word_1_179' title='bbox 895 2385 1127 2425; x_wconf 90' lang='lat' dir='ltr'><strong>crucem</strong></span> <span class='ocrx_word' id='word_1_180' title='bbox 1172 2369 1375 2437; x_wconf 91' lang='lat' dir='ltr'><strong>subiit,</strong></span> <span class='ocrx_word' id='word_1_181' title='bbox 1412 2387 1597 2443; x_wconf 91' lang='lat' dir='ltr'><strong>neque</strong></span> <span class='ocrx_word' id='word_1_182' title='bbox 1645 2374 1890 2426; x_wconf 89' lang='lat' dir='ltr'><strong>mortem</strong></span> 
     </span>
    </p>
   </div>
   <div class='ocr_carea' id='block_1_26' title="bbox 235 2456 1891 2530">
    <p class='ocr_par' dir='ltr' id='par_1_26' title="bbox 235 2456 1891 2530">
     <span class='ocr_line' id='line_1_26' title="bbox 235 2456 1891 2530; baseline 0.002 -19"><span class='ocrx_word' id='word_1_183' title='bbox 235 2456 502 2529; x_wconf 85' lang='lat' dir='ltr'><strong>pertulit,</strong></span> <span class='ocrx_word' id='word_1_184' title='bbox 536 2474 726 2530; x_wconf 90' lang='lat' dir='ltr'><strong>neque</strong></span> <span class='ocrx_word' id='word_1_185' title='bbox 746 2458 1094 2530; x_wconf 87' lang='lat' dir='ltr'><strong>sanguinem</strong></span> <span class='ocrx_word' id='word_1_186' title='bbox 1118 2458 1291 2515; x_wconf 85' lang='lat' dir='ltr'><strong>fudit.</strong></span> <span class='ocrx_word' id='word_1_187' title='bbox 1312 2482 1338 2508; x_wconf 86' lang='lat'>»</span> <span class='ocrx_word' id='word_1_188' title='bbox 1361 2458 1626 2524; x_wconf 81' lang='lat' dir='ltr'><strong>Qualiter.</strong></span> <span class='ocrx_word' id='word_1_189' title='bbox 1646 2476 1780 2514; x_wconf 91' lang='lat' dir='ltr'><strong>vero</strong></span> <span class='ocrx_word' id='word_1_190' title='bbox 1803 2459 1891 2514; x_wconf 83' lang='lat' dir='ltr'><strong>in-</strong></span> 
     </span>
    </p>
   </div>
   <div class='ocr_carea' id='block_1_27' title="bbox 232 2545 1891 2621">
    <p class='ocr_par' dir='ltr' id='par_1_27' title="bbox 232 2545 1891 2621">
     <span class='ocr_line' id='line_1_27' title="bbox 232 2545 1891 2621; baseline 0.002 -21"><span class='ocrx_word' id='word_1_191' title='bbox 232 2545 552 2619; x_wconf 80' lang='lat' dir='ltr'><strong>telligenda</strong></span> <span class='ocrx_word' id='word_1_192' title='bbox 573 2546 652 2602; x_wconf 90' lang='lat' dir='ltr'><strong>sit</strong></span> <span class='ocrx_word' id='word_1_193' title='bbox 671 2546 961 2604; x_wconf 65' lang='lat' dir='ltr'><strong>sententia</strong></span> <span class='ocrx_word' id='word_1_194' title='bbox 980 2546 1264 2621; x_wconf 89' lang='lat' dir='ltr'><strong>Apostoli,</strong></span> <span class='ocrx_word' id='word_1_195' title='bbox 1286 2564 1403 2620; x_wconf 89' lang='lat' dir='ltr'><strong>qua</strong></span> <span class='ocrx_word' id='word_1_196' title='bbox 1423 2547 1583 2613; x_wconf 89' lang='lat' dir='ltr'><strong>dicit,</strong></span> <span class='ocrx_word' id='word_1_197' title='bbox 1606 2548 1723 2603; x_wconf 89' lang='lat' dir='ltr'><strong>Non</strong></span> <span class='ocrx_word' id='word_1_198' title='bbox 1768 2564 1891 2604; x_wconf 88' lang='lat' dir='ltr'><strong>eva-</strong></span> 
     </span>
    </p>
   </div>
   <div class='ocr_carea' id='block_1_28' title="bbox 233 2634 1895 2709">
    <p class='ocr_par' dir='ltr' id='par_1_28' title="bbox 233 2634 1895 2709">
     <span class='ocr_line' id='line_1_28' title="bbox 233 2634 1895 2709; baseline 0.001 -19"><span class='ocrx_word' id='word_1_199' title='bbox 233 2644 425 2691; x_wconf 82' lang='lat' dir='ltr'><strong>cuetur</strong></span> <span class='ocrx_word' id='word_1_200' title='bbox 450 2651 596 2691; x_wconf 74' lang='lat' dir='ltr'><strong>cru-1:</strong></span> <span class='ocrx_word' id='word_1_201' title='bbox 624 2636 835 2692; x_wconf 86' lang='lat' dir='ltr'><strong>Christi</strong></span> <span class='ocrx_word' id='word_1_202' title='bbox 864 2635 910 2709; x_wconf 89' lang='grc' dir='ltr'><strong>(Ι</strong></span> <span class='ocrx_word' id='word_1_203' title='bbox 939 2634 1060 2693; x_wconf 86' lang='lat' dir='ltr'><strong>Cor.</strong></span> <span class='ocrx_word' id='word_1_204' title='bbox 1084 2654 1124 2705; x_wconf 86' lang='grc' dir='ltr'><strong>ι,</strong></span> <span class='ocrx_word' id='word_1_205' title='bbox 1148 2638 1255 2705; x_wconf 91' lang='grc'><strong>17),</strong></span> <span class='ocrx_word' id='word_1_206' title='bbox 1273 2636 1550 2708; x_wconf 90' lang='lat' dir='ltr'><strong>quoniam</strong></span> <span class='ocrx_word' id='word_1_207' title='bbox 1584 2637 1895 2692; x_wconf 91' lang='lat' dir='ltr'><strong>notissima</strong></span> 
     </span>
    </p>
   </div>
   <div class='ocr_carea' id='block_1_29' title="bbox 232 2723 1896 2799">
    <p class='ocr_par' dir='ltr' id='par_1_29' title="bbox 232 2723 1896 2799">
     <span class='ocr_line' id='line_1_29' title="bbox 232 2723 1896 2799; baseline 0.001 -19"><span class='ocrx_word' id='word_1_208' title='bbox 232 2728 324 2780; x_wconf 85' lang='lat' dir='ltr'><strong>est</strong></span> <span class='ocrx_word' id='word_1_209' title='bbox 352 2723 780 2781; x_wconf 87' lang='lat' dir='ltr'><strong>catholicorum</strong></span> <span class='ocrx_word' id='word_1_210' title='bbox 810 2724 1113 2799; x_wconf 81' lang='lat' dir='ltr'><strong>expositio,</strong></span> <span class='ocrx_word' id='word_1_211' title='bbox 1148 2724 1447 2781; x_wconf 82' lang='lat' dir='ltr'><strong>brevitatis</strong></span> <span class='ocrx_word' id='word_1_212' title='bbox 1492 2726 1688 2781; x_wconf 90' lang='lat' dir='ltr'><strong>studio</strong></span> <span class='ocrx_word' id='word_1_213' title='bbox 1721 2726 1896 2781; x_wconf 90' lang='lat' dir='ltr'><strong>verba</strong></span> 
     </span>
    </p>
   </div>
   <div class='ocr_carea' id='block_1_30' title="bbox 231 2812 1896 2888">
    <p class='ocr_par' dir='ltr' id='par_1_30' title="bbox 231 2812 1896 2888">
     <span class='ocr_line' id='line_1_30' title="bbox 231 2812 1896 2888; baseline 0.001 -20"><span class='ocrx_word' id='word_1_214' title='bbox 231 2813 548 2886; x_wconf 83' lang='lat' dir='ltr'><strong>Augustini</strong></span> <span class='ocrx_word' id='word_1_215' title='bbox 578 2817 809 2870; x_wconf 88' lang='lat' dir='ltr'><strong>tantum</strong></span> <span class='ocrx_word' id='word_1_216' title='bbox 841 2830 911 2869; x_wconf 82' lang='lat' dir='ltr'><strong>ex</strong></span> <span class='ocrx_word' id='word_1_217' title='bbox 938 2812 1088 2869; x_wconf 91' lang='lat' dir='ltr'><strong>libro</strong></span> <span class='ocrx_word' id='word_1_218' title='bbox 1119 2814 1192 2870; x_wconf 90' lang='lat' dir='ltr'><strong>de</strong></span> <span class='ocrx_word' id='word_1_219' title='bbox 1223 2814 1442 2870; x_wconf 87' lang='lat' dir='ltr'><strong>Natura</strong></span> <span class='ocrx_word' id='word_1_220' title='bbox 1488 2818 1544 2870; x_wconf 89' lang='lat' dir='ltr'><strong>et</strong></span> <span class='ocrx_word' id='word_1_221' title='bbox 1574 2814 1770 2872; x_wconf 85' lang='lat' dir='ltr'><strong>Gratia</strong></span> <span class='ocrx_word' id='word_1_222' title='bbox 1801 2831 1896 2888; x_wconf 89' lang='lat' dir='ltr'><strong>po-</strong></span> 
     </span>
    </p>
   </div>
   <div class='ocr_carea' id='block_1_31' title="bbox 234 2902 1892 2976">
    <p class='ocr_par' dir='ltr' id='par_1_31' title="bbox 234 2902 1892 2976">
     <span class='ocr_line' id='line_1_31' title="bbox 234 2902 1892 2976; baseline 0.001 -19"><span class='ocrx_word' id='word_1_223' title='bbox 234 2902 439 2959; x_wconf 87' lang='lat' dir='ltr'><strong>nimus</strong></span> <span class='ocrx_word' id='word_1_224' title='bbox 468 2907 611 2976; x_wconf 83' lang='lat' dir='ltr'><strong>(cap.</strong></span> <span class='ocrx_word' id='word_1_225' title='bbox 646 2902 742 2975; x_wconf 90' lang='lat'><strong>7):</strong></span> <span class='ocrx_word' id='word_1_226' title='bbox 779 2926 807 2954; x_wconf 78' lang='grc' dir='ltr'>(ι</span> <span class='ocrx_word' id='word_1_227' title='bbox 836 2904 1185 2973; x_wconf 89' lang='lat' dir='ltr'><strong>Evacuatur,</strong></span> <span class='ocrx_word' id='word_1_228' title='bbox 1220 2902 1431 2976; x_wconf 88' lang='lat' dir='ltr'><strong>inquit,</strong></span> <span class='ocrx_word' id='word_1_229' title='bbox 1464 2920 1605 2959; x_wconf 81' lang='lat' dir='ltr'><strong>crux</strong></span> <span class='ocrx_word' id='word_1_230' title='bbox 1653 2903 1892 2970; x_wconf 88' lang='lat' dir='ltr'><strong>Christi,</strong></span> 
     </span>
    </p>
   </div>
   <div class='ocr_carea' id='block_1_32' title="bbox 233 2990 1898 3065">
    <p class='ocr_par' dir='ltr' id='par_1_32' title="bbox 233 2990 1898 3065">
     <span class='ocr_line' id='line_1_32' title="bbox 233 2990 1898 3065; baseline -0.001 -18"><span class='ocrx_word' id='word_1_231' title='bbox 233 2991 289 3047; x_wconf 91' lang='lat' dir='ltr'><strong>si</strong></span> <span class='ocrx_word' id='word_1_232' title='bbox 311 2991 510 3064; x_wconf 87' lang='lat' dir='ltr'><strong>aliquo</strong></span> <span class='ocrx_word' id='word_1_233' title='bbox 531 2993 705 3048; x_wconf 91' lang='lat' dir='ltr'><strong>modo</strong></span> <span class='ocrx_word' id='word_1_234' title='bbox 729 2996 937 3065; x_wconf 67' lang='lat' dir='ltr'><strong>praeter</strong></span> <span class='ocrx_word' id='word_1_235' title='bbox 966 2990 1126 3048; x_wconf 90' lang='lat' dir='ltr'><strong>illius</strong></span> <span class='ocrx_word' id='word_1_236' title='bbox 1154 2996 1613 3063; x_wconf 86' lang='lat' dir='ltr'><strong>sacramentum,</strong></span> <span class='ocrx_word' id='word_1_237' title='bbox 1637 2993 1709 3047; x_wconf 90' lang='lat' dir='ltr'><strong>ad</strong></span> <span class='ocrx_word' id='word_1_238' title='bbox 1723 2992 1898 3064; x_wconf 88' lang='lat' dir='ltr'><strong>justi-</strong></span> 
     </span>
    </p>
   </div>
   <div class='ocr_carea' id='block_1_33' title="bbox 233 3079 1895 3154">
    <p class='ocr_par' dir='ltr' id='par_1_33' title="bbox 233 3079 1895 3154">
     <span class='ocr_line' id='line_1_33' title="bbox 233 3079 1895 3154; baseline -0.003 -18"><span class='ocrx_word' id='word_1_239' title='bbox 233 3079 384 3136; x_wconf 84' lang='lat' dir='ltr'><strong>tiam</strong></span> <span class='ocrx_word' id='word_1_240' title='bbox 414 3080 715 3153; x_wconf 86' lang='lat' dir='ltr'><strong>vitamque</strong></span> <span class='ocrx_word' id='word_1_241' title='bbox 736 3085 1010 3137; x_wconf 70' lang='lat' dir='ltr'><strong>aaternam</strong></span> <span class='ocrx_word' id='word_1_242' title='bbox 1033 3080 1317 3154; x_wconf 90' lang='lat' dir='ltr'><strong>perveniri</strong></span> <span class='ocrx_word' id='word_1_243' title='bbox 1350 3097 1522 3154; x_wconf 89' lang='lat' dir='ltr'><strong>posse</strong></span> <span class='ocrx_word' id='word_1_244' title='bbox 1552 3081 1784 3137; x_wconf 87' lang='lat' dir='ltr'><strong>dicatur</strong></span> <span class='ocrx_word' id='word_1_245' title='bbox 1815 3098 1828 3137; x_wconf 90' lang='lat'><strong>:</strong></span> <span class='ocrx_word' id='word_1_246' title='bbox 1867 3103 1895 3132; x_wconf 83' lang='grc'><strong>››</strong></span> 
     </span>
    </p>
   </div>
   <div class='ocr_carea' id='block_1_34' title="bbox 232 3169 1898 3245">
    <p class='ocr_par' dir='ltr' id='par_1_34' title="bbox 232 3169 1898 3245">
     <span class='ocr_line' id='line_1_34' title="bbox 232 3169 1898 3245; baseline 0.001 -19"><span class='ocrx_word' id='word_1_247' title='bbox 232 3169 711 3227; x_wconf 87' lang='lat' dir='ltr'><strong>succinctissime</strong></span> <span class='ocrx_word' id='word_1_248' title='bbox 740 3171 1166 3245; x_wconf 87' lang='lat' dir='ltr'><strong>contingentes,</strong></span> <span class='ocrx_word' id='word_1_249' title='bbox 1191 3170 1330 3244; x_wconf 90' lang='lat' dir='ltr'><strong>quia</strong></span> <span class='ocrx_word' id='word_1_250' title='bbox 1349 3171 1502 3226; x_wconf 90' lang='lat' dir='ltr'><strong>sicut</strong></span> <span class='ocrx_word' id='word_1_251' title='bbox 1523 3188 1638 3227; x_wconf 91' lang='lat' dir='ltr'><strong>non</strong></span> <span class='ocrx_word' id='word_1_252' title='bbox 1660 3188 1898 3227; x_wconf 88' lang='lat' dir='ltr'><strong>evacua-</strong></span> 
     </span>
    </p>
   </div>
   <div class='ocr_carea' id='block_1_35' title="bbox 2006 594 3654 673">
    <p class='ocr_par' dir='ltr' id='par_1_35' title="bbox 2006 594 3654 673">
     <span class='ocr_line' id='line_1_35' title="bbox 2006 594 3654 673; baseline 0.009 -28"><span class='ocrx_word' id='word_1_253' title='bbox 2006 594 2061 645; x_wconf 88' lang='lat' dir='ltr'><strong>et</strong></span> <span class='ocrx_word' id='word_1_254' title='bbox 2091 594 2549 651; x_wconf 87' lang='lat' dir='ltr'><strong>conversationis</strong></span> <span class='ocrx_word' id='word_1_255' title='bbox 2571 597 2874 662; x_wconf 87' lang='lat' dir='ltr'><strong>accedunt,</strong></span> <span class='ocrx_word' id='word_1_256' title='bbox 2891 597 2968 652; x_wconf 90' lang='lat' dir='ltr'><strong>rei</strong></span> <span class='ocrx_word' id='word_1_257' title='bbox 2997 603 3138 653; x_wconf 91' lang='lat' dir='ltr'><strong>sunt</strong></span> <span class='ocrx_word' id='word_1_258' title='bbox 3165 602 3423 673; x_wconf 88' lang='lat' dir='ltr'><strong>corporis</strong></span> <span class='ocrx_word' id='word_1_259' title='bbox 3440 607 3497 659; x_wconf 91' lang='lat' dir='ltr'><strong>et</strong></span> <span class='ocrx_word' id='word_1_260' title='bbox 3518 621 3654 660; x_wconf 87' lang='lat' dir='ltr'><strong>san-</strong></span> 
     </span>
    </p>
   </div>
   <div class='ocr_carea' id='block_1_36' title="bbox 2000 679 3657 764">
    <p class='ocr_par' dir='ltr' id='par_1_36' title="bbox 2000 679 3657 764">
     <span class='ocr_line' id='line_1_36' title="bbox 2000 679 3657 764; baseline 0.008 -30"><span class='ocrx_word' id='word_1_261' title='bbox 2000 679 2198 751; x_wconf 83' lang='lat' dir='ltr'><strong>guinis</strong></span> <span class='ocrx_word' id='word_1_262' title='bbox 2232 682 2287 737; x_wconf 90' lang='lat' dir='ltr'><strong>id</strong></span> <span class='ocrx_word' id='word_1_263' title='bbox 2321 687 2411 738; x_wconf 90' lang='lat' dir='ltr'><strong>est</strong></span> <span class='ocrx_word' id='word_1_264' title='bbox 2440 701 2641 755; x_wconf 66' lang='lat' dir='ltr'><strong>poenas</strong></span> <span class='ocrx_word' id='word_1_265' title='bbox 2672 685 2897 740; x_wconf 90' lang='lat' dir='ltr'><strong>dabunt</strong></span> <span class='ocrx_word' id='word_1_266' title='bbox 2942 688 3147 743; x_wconf 87' lang='lat' dir='ltr'><strong>mortis</strong></span> <span class='ocrx_word' id='word_1_267' title='bbox 3195 689 3459 759; x_wconf 88' lang='lat' dir='ltr'><strong>Domini;</strong></span> <span class='ocrx_word' id='word_1_268' title='bbox 3505 710 3657 764; x_wconf 92' lang='lat' dir='ltr'><strong>quo-</strong></span> 
     </span>
    </p>
   </div>
   <div class='ocr_carea' id='block_1_37' title="bbox 2002 769 3661 848">
    <p class='ocr_par' dir='ltr' id='par_1_37' title="bbox 2002 769 3661 848">
     <span class='ocr_line' id='line_1_37' title="bbox 2002 769 3661 848; baseline 0.007 -23"><span class='ocrx_word' id='word_1_269' title='bbox 2002 769 2161 826; x_wconf 91' lang='lat' dir='ltr'><strong>niam</strong></span> <span class='ocrx_word' id='word_1_270' title='bbox 2185 771 2447 843; x_wconf 90' lang='lat' dir='ltr'><strong>quidem,</strong></span> <span class='ocrx_word' id='word_1_271' title='bbox 2464 776 2529 828; x_wconf 87' lang='lat' dir='ltr'><strong>ut</strong></span> <span class='ocrx_word' id='word_1_272' title='bbox 2557 777 2800 830; x_wconf 88' lang='lat' dir='ltr'><strong>sanctus</strong></span> <span class='ocrx_word' id='word_1_273' title='bbox 2831 774 3145 848; x_wconf 87' lang='lat' dir='ltr'><strong>Gregorius</strong></span> <span class='ocrx_word' id='word_1_274' title='bbox 3166 775 3225 830; x_wconf 92' lang='lat' dir='ltr'><strong>in</strong></span> <span class='ocrx_word' id='word_1_275' title='bbox 3248 776 3490 834; x_wconf 89' lang='lat' dir='ltr'><strong>homilia</strong></span> <span class='ocrx_word' id='word_1_276' title='bbox 3511 780 3661 837; x_wconf 90' lang='lat' dir='ltr'><strong>deci-</strong></span> 
     </span>
    </p>
   </div>
   <div class='ocr_carea' id='block_1_38' title="bbox 2002 860 3658 938">
    <p class='ocr_par' dir='ltr' id='par_1_38' title="bbox 2002 860 3658 938">
     <span class='ocr_line' id='line_1_38' title="bbox 2002 860 3658 938; baseline 0.006 -24"><span class='ocrx_word' id='word_1_277' title='bbox 2002 877 2099 915; x_wconf 90' lang='lat' dir='ltr'><strong>ma</strong></span> <span class='ocrx_word' id='word_1_278' title='bbox 2119 860 2412 932; x_wconf 63' lang='lat' dir='ltr'><strong>prophetae</strong></span> <span class='ocrx_word' id='word_1_279' title='bbox 2435 860 2751 918; x_wconf 88' lang='lat' dir='ltr'><strong>Ezechielis</strong></span> <span class='ocrx_word' id='word_1_280' title='bbox 2773 861 2932 933; x_wconf 91' lang='lat' dir='ltr'><strong>dicit,</strong></span> <span class='ocrx_word' id='word_1_281' title='bbox 2948 881 3067 919; x_wconf 84' lang='lat' dir='ltr'><strong>una</strong></span> <span class='ocrx_word' id='word_1_282' title='bbox 3087 868 3176 920; x_wconf 88' lang='lat' dir='ltr'><strong>est</strong></span> <span class='ocrx_word' id='word_1_283' title='bbox 3199 881 3354 938; x_wconf 90' lang='lat' dir='ltr'><strong>spes,</strong></span> <span class='ocrx_word' id='word_1_284' title='bbox 3373 883 3491 922; x_wconf 90' lang='lat' dir='ltr'><strong>una</strong></span> <span class='ocrx_word' id='word_1_285' title='bbox 3513 868 3658 924; x_wconf 86' lang='lat' dir='ltr'><strong>fides</strong></span> 
     </span>
    </p>
   </div>
   <div class='ocr_carea' id='block_1_39' title="bbox 2001 949 3659 1026">
    <p class='ocr_par' dir='ltr' id='par_1_39' title="bbox 2001 949 3659 1026">
     <span class='ocr_line' id='line_1_39' title="bbox 2001 949 3659 1026; baseline 0.005 -23"><span class='ocrx_word' id='word_1_286' title='bbox 2001 953 2090 1004; x_wconf 91' lang='lat' dir='ltr'><strong>est</strong></span> <span class='ocrx_word' id='word_1_287' title='bbox 2118 949 2572 1021; x_wconf 82' lang='lat' dir='ltr'><strong>praecedentium</strong></span> <span class='ocrx_word' id='word_1_288' title='bbox 2593 955 2768 1024; x_wconf 90' lang='lat' dir='ltr'><strong>atque</strong></span> <span class='ocrx_word' id='word_1_289' title='bbox 2785 953 3160 1025; x_wconf 88' lang='lat' dir='ltr'><strong>sequentium</strong></span> <span class='ocrx_word' id='word_1_290' title='bbox 3183 954 3557 1026; x_wconf 91' lang='lat' dir='ltr'><strong>populorum.</strong></span> <span class='ocrx_word' id='word_1_291' title='bbox 3574 956 3659 1012; x_wconf 90' lang='lat' dir='ltr'><strong>Si-</strong></span> 
     </span>
    </p>
   </div>
   <div class='ocr_carea' id='block_1_40' title="bbox 2002 1034 3655 1110">
    <p class='ocr_par' dir='ltr' id='par_1_40' title="bbox 2002 1034 3655 1110">
     <span class='ocr_line' id='line_1_40' title="bbox 2002 1034 3655 1110; baseline 0.006 -20"><span class='ocrx_word' id='word_1_292' title='bbox 2002 1040 2101 1091; x_wconf 89' lang='lat' dir='ltr'><strong>cut</strong></span> <span class='ocrx_word' id='word_1_293' title='bbox 2121 1034 2206 1091; x_wconf 92' lang='lat' dir='ltr'><strong>illi</strong></span> <span class='ocrx_word' id='word_1_294' title='bbox 2239 1041 2574 1110; x_wconf 84' lang='lat' dir='ltr'><strong>exspectata</strong></span> <span class='ocrx_word' id='word_1_295' title='bbox 2618 1038 2890 1110; x_wconf 87' lang='lat' dir='ltr'><strong>passione</strong></span> <span class='ocrx_word' id='word_1_296' title='bbox 2931 1057 2998 1095; x_wconf 89' lang='lat' dir='ltr'><strong>ac</strong></span> <span class='ocrx_word' id='word_1_297' title='bbox 3048 1042 3474 1099; x_wconf 85' lang='lat' dir='ltr'><strong>resurrectione</strong></span> <span class='ocrx_word' id='word_1_298' title='bbox 3526 1043 3655 1100; x_wconf 86' lang='lat' dir='ltr'><strong>Filii</strong></span> 
     </span>
    </p>
   </div>
   <div class='ocr_carea' id='block_1_41' title="bbox 2001 1124 3650 1203">
    <p class='ocr_par' dir='ltr' id='par_1_41' title="bbox 2001 1124 3650 1203">
     <span class='ocr_line' id='line_1_41' title="bbox 2001 1124 3650 1203; baseline 0.005 -23"><span class='ocrx_word' id='word_1_299' title='bbox 2001 1124 2101 1180; x_wconf 91' lang='lat' dir='ltr'><strong>Dei</strong></span> <span class='ocrx_word' id='word_1_300' title='bbox 2134 1125 2339 1181; x_wconf 91' lang='lat' dir='ltr'><strong>salvati</strong></span> <span class='ocrx_word' id='word_1_301' title='bbox 2372 1131 2530 1195; x_wconf 90' lang='lat' dir='ltr'><strong>sunt,</strong></span> <span class='ocrx_word' id='word_1_302' title='bbox 2564 1127 2645 1183; x_wconf 86' lang='lat' dir='ltr'><strong>ita</strong></span> <span class='ocrx_word' id='word_1_303' title='bbox 2675 1145 2783 1183; x_wconf 90' lang='lat' dir='ltr'><strong>nos</strong></span> <span class='ocrx_word' id='word_1_304' title='bbox 2812 1130 3103 1201; x_wconf 74' lang='lat' dir='ltr'><strong>praeterita</strong></span> <span class='ocrx_word' id='word_1_305' title='bbox 3150 1129 3422 1203; x_wconf 88' lang='lat' dir='ltr'><strong>passione</strong></span> <span class='ocrx_word' id='word_1_306' title='bbox 3467 1131 3650 1202; x_wconf 89' lang='lat' dir='ltr'><strong>illius,</strong></span> 
     </span>
    </p>
   </div>
   <div class='ocr_carea' id='block_1_42' title="bbox 2000 1214 3647 1287">
    <p class='ocr_par' dir='ltr' id='par_1_42' title="bbox 2000 1214 3647 1287">
     <span class='ocr_line' id='line_1_42' title="bbox 2000 1214 3647 1287; baseline 0.004 -17"><span class='ocrx_word' id='word_1_307' title='bbox 2000 1231 2067 1270; x_wconf 91' lang='lat' dir='ltr'><strong>ac</strong></span> <span class='ocrx_word' id='word_1_308' title='bbox 2098 1219 2475 1287; x_wconf 88' lang='lat' dir='ltr'><strong>permanente</strong></span> <span class='ocrx_word' id='word_1_309' title='bbox 2501 1214 2562 1270; x_wconf 89' lang='lat' dir='ltr'><strong>in</strong></span> <span class='ocrx_word' id='word_1_310' title='bbox 2611 1216 2827 1273; x_wconf 81' lang='lat' dir='ltr'><strong>saecula</strong></span> <span class='ocrx_word' id='word_1_311' title='bbox 2867 1219 3290 1275; x_wconf 89' lang='lat' dir='ltr'><strong>resurrectione</strong></span> <span class='ocrx_word' id='word_1_312' title='bbox 3332 1218 3647 1277; x_wconf 89' lang='lat' dir='ltr'><strong>salvamur.</strong></span> 
     </span>
    </p>
   </div>
   <div class='ocr_carea' id='block_1_43' title="bbox 2001 1303 3649 1382">
    <p class='ocr_par' dir='ltr' id='par_1_43' title="bbox 2001 1303 3649 1382">
     <span class='ocr_line' id='line_1_43' title="bbox 2001 1303 3649 1382; baseline 0.006 -25"><span class='ocrx_word' id='word_1_313' title='bbox 2001 1303 2070 1358; x_wconf 87' lang='lat' dir='ltr'><strong>Et</strong></span> <span class='ocrx_word' id='word_1_314' title='bbox 2117 1306 2358 1359; x_wconf 90' lang='lat' dir='ltr'><strong>sanctus</strong></span> <span class='ocrx_word' id='word_1_315' title='bbox 2408 1304 2793 1377; x_wconf 84' lang='lat' dir='ltr'><strong>Hieronymus</strong></span> <span class='ocrx_word' id='word_1_316' title='bbox 2840 1306 2900 1361; x_wconf 92' lang='lat' dir='ltr'><strong>in</strong></span> <span class='ocrx_word' id='word_1_317' title='bbox 2951 1306 3201 1379; x_wconf 87' lang='lat' dir='ltr'><strong>cpistola</strong></span> <span class='ocrx_word' id='word_1_318' title='bbox 3255 1308 3328 1364; x_wconf 89' lang='lat' dir='ltr'><strong>ad</strong></span> <span class='ocrx_word' id='word_1_319' title='bbox 3392 1308 3649 1382; x_wconf 90' lang='lat' dir='ltr'><strong>Galatas,</strong></span> 
     </span>
    </p>
   </div>
   <div class='ocr_carea' id='block_1_44' title="bbox 2001 1390 3651 1477">
    <p class='ocr_par' dir='ltr' id='par_1_44' title="bbox 2001 1390 3651 1477">
     <span class='ocr_line' id='line_1_44' title="bbox 2001 1390 3651 1477; baseline 0.005 -30"><span class='ocrx_word' id='word_1_320' title='bbox 2001 1390 2250 1448; x_wconf 85' lang='lat' dir='ltr'><strong>Christus</strong></span> <span class='ocrx_word' id='word_1_321' title='bbox 2275 1395 2455 1465; x_wconf 87' lang='lat' dir='ltr'><strong>gratia</strong></span> <span class='ocrx_word' id='word_1_322' title='bbox 2477 1394 2595 1460; x_wconf 85' lang='lat' dir='ltr'><strong>Dei,</strong></span> <span class='ocrx_word' id='word_1_323' title='bbox 2628 1393 2747 1450; x_wconf 80' lang='lat' dir='ltr'><strong>sive</strong></span> <span class='ocrx_word' id='word_1_324' title='bbox 2776 1397 2842 1477; x_wconf 84' lang='lat' dir='ltr'><strong>ut</strong></span> <span class='ocrx_word' id='word_1_325' title='bbox 2869 1395 2929 1451; x_wconf 92' lang='lat' dir='ltr'><strong>in</strong></span> <span class='ocrx_word' id='word_1_326' title='bbox 2969 1395 3325 1468; x_wconf 91' lang='lat' dir='ltr'><strong>quibusdam</strong></span> <span class='ocrx_word' id='word_1_327' title='bbox 3353 1399 3651 1473; x_wconf 79' lang='lat' dir='ltr'><strong>exempla-</strong></span> 
     </span>
    </p>
   </div>
   <div class='ocr_carea' id='block_1_45' title="bbox 2001 1481 3656 1559">
    <p class='ocr_par' dir='ltr' id='par_1_45' title="bbox 2001 1481 3656 1559">
     <span class='ocr_line' id='line_1_45' title="bbox 2001 1481 3656 1559; baseline 0.006 -24"><span class='ocrx_word' id='word_1_328' title='bbox 2001 1481 2166 1538; x_wconf 89' lang='lat' dir='ltr'><strong>ribus</strong></span> <span class='ocrx_word' id='word_1_329' title='bbox 2187 1481 2420 1555; x_wconf 86' lang='lat' dir='ltr'><strong>legitur,</strong></span> <span class='ocrx_word' id='word_1_330' title='bbox 2443 1482 2643 1555; x_wconf 85' lang='lat' dir='ltr'><strong>absque</strong></span> <span class='ocrx_word' id='word_1_331' title='bbox 2672 1485 2777 1540; x_wconf 84' lang='lat' dir='ltr'><strong>Deo</strong></span> <span class='ocrx_word' id='word_1_332' title='bbox 2802 1501 2903 1557; x_wconf 88' lang='lat' dir='ltr'><strong>pro</strong></span> <span class='ocrx_word' id='word_1_333' title='bbox 2931 1485 3183 1542; x_wconf 85' lang='lat' dir='ltr'><strong>omnibus</strong></span> <span class='ocrx_word' id='word_1_334' title='bbox 3212 1494 3459 1543; x_wconf 89' lang='lat' dir='ltr'><strong>mortuus</strong></span> <span class='ocrx_word' id='word_1_335' title='bbox 3478 1496 3557 1545; x_wconf 88' lang='lat' dir='ltr'><strong>est</strong></span> <span class='ocrx_word' id='word_1_336' title='bbox 3576 1490 3656 1559; x_wconf 87' lang='lat' dir='ltr'><strong>(Il</strong></span> 
     </span>
    </p>
   </div>
   <div class='ocr_carea' id='block_1_46' title="bbox 2001 1570 3649 1650">
    <p class='ocr_par' dir='ltr' id='par_1_46' title="bbox 2001 1570 3649 1650">
     <span class='ocr_line' id='line_1_46' title="bbox 2001 1570 3649 1650; baseline 0.005 -24"><span class='ocrx_word' id='word_1_337' title='bbox 2001 1570 2122 1627; x_wconf 84' lang='lat' dir='ltr'><strong>Cor.</strong></span> <span class='ocrx_word' id='word_1_338' title='bbox 2154 1586 2209 1639; x_wconf 83' lang='grc' dir='ltr'><strong>ν,</strong></span> <span class='ocrx_word' id='word_1_339' title='bbox 2247 1571 2333 1640; x_wconf 87' lang='grc'><strong>15)</strong></span> <span class='ocrx_word' id='word_1_340' title='bbox 2367 1586 2380 1625; x_wconf 92' lang='lat'><strong>:</strong></span> <span class='ocrx_word' id='word_1_341' title='bbox 2416 1593 2445 1621; x_wconf 87' lang='lat'><strong>«</strong></span> <span class='ocrx_word' id='word_1_342' title='bbox 2480 1570 2539 1626; x_wconf 90' lang='lat' dir='ltr'><strong>Si</strong></span> <span class='ocrx_word' id='word_1_343' title='bbox 2568 1575 2764 1628; x_wconf 88' lang='lat' dir='ltr'><strong>autem</strong></span> <span class='ocrx_word' id='word_1_344' title='bbox 2806 1590 2910 1645; x_wconf 88' lang='lat' dir='ltr'><strong>pro</strong></span> <span class='ocrx_word' id='word_1_345' title='bbox 2944 1573 3245 1642; x_wconf 89' lang='lat' dir='ltr'><strong>omnibus,</strong></span> <span class='ocrx_word' id='word_1_346' title='bbox 3276 1578 3333 1630; x_wconf 89' lang='lat' dir='ltr'><strong>et</strong></span> <span class='ocrx_word' id='word_1_347' title='bbox 3362 1577 3507 1632; x_wconf 66' lang='grc' dir='ltr'><strong>θυι</strong></span> <span class='ocrx_word' id='word_1_348' title='bbox 3544 1594 3649 1650; x_wconf 90' lang='lat' dir='ltr'><strong>pro</strong></span> 
     </span>
    </p>
   </div>
   <div class='ocr_carea' id='block_1_47' title="bbox 2001 1658 3652 1736">
    <p class='ocr_par' dir='ltr' id='par_1_47' title="bbox 2001 1658 3652 1736">
     <span class='ocr_line' id='line_1_47' title="bbox 2001 1658 3652 1736; baseline 0.004 -21"><span class='ocrx_word' id='word_1_349' title='bbox 2001 1658 2219 1733; x_wconf 77' lang='lat' dir='ltr'><strong>Moyse,</strong></span> <span class='ocrx_word' id='word_1_350' title='bbox 2252 1662 2309 1715; x_wconf 88' lang='lat' dir='ltr'><strong>et</strong></span> <span class='ocrx_word' id='word_1_351' title='bbox 2336 1676 2441 1732; x_wconf 90' lang='lat' dir='ltr'><strong>pro</strong></span> <span class='ocrx_word' id='word_1_352' title='bbox 2463 1660 2753 1717; x_wconf 89' lang='lat' dir='ltr'><strong>universis</strong></span> <span class='ocrx_word' id='word_1_353' title='bbox 2785 1661 3106 1735; x_wconf 83' lang='lat' dir='ltr'><strong>prophetis,</strong></span> <span class='ocrx_word' id='word_1_354' title='bbox 3137 1679 3169 1717; x_wconf 92' lang='lat' dir='ltr'><strong>e</strong></span> <span class='ocrx_word' id='word_1_355' title='bbox 3198 1662 3416 1736; x_wconf 91' lang='lat' dir='ltr'><strong>quibus</strong></span> <span class='ocrx_word' id='word_1_356' title='bbox 3452 1664 3652 1722; x_wconf 88' lang='lat' dir='ltr'><strong>nullus</strong></span> 
     </span>
    </p>
   </div>
   <div class='ocr_carea' id='block_1_48' title="bbox 2001 1746 3652 1824">
    <p class='ocr_par' dir='ltr' id='par_1_48' title="bbox 2001 1746 3652 1824">
     <span class='ocr_line' id='line_1_48' title="bbox 2001 1746 3652 1824; baseline 0.004 -21"><span class='ocrx_word' id='word_1_357' title='bbox 2001 1746 2190 1821; x_wconf 89' lang='lat' dir='ltr'><strong>potuit</strong></span> <span class='ocrx_word' id='word_1_358' title='bbox 2218 1746 2409 1804; x_wconf 90' lang='lat' dir='ltr'><strong>delere</strong></span> <span class='ocrx_word' id='word_1_359' title='bbox 2438 1746 2892 1823; x_wconf 84' lang='lat' dir='ltr'><strong>chirographum</strong></span> <span class='ocrx_word' id='word_1_360' title='bbox 2922 1755 3094 1806; x_wconf 90' lang='lat' dir='ltr'><strong>vetus</strong></span> <span class='ocrx_word' id='word_1_361' title='bbox 3141 1752 3296 1824; x_wconf 91' lang='lat' dir='ltr'><strong>quod</strong></span> <span class='ocrx_word' id='word_1_362' title='bbox 3341 1753 3652 1811; x_wconf 90' lang='lat' dir='ltr'><strong>adversum</strong></span> 
     </span>
    </p>
   </div>
   <div class='ocr_carea' id='block_1_49' title="bbox 2002 1835 3655 1912">
    <p class='ocr_par' dir='ltr' id='par_1_49' title="bbox 2002 1835 3655 1912">
     <span class='ocr_line' id='line_1_49' title="bbox 2002 1835 3655 1912; baseline 0.004 -21"><span class='ocrx_word' id='word_1_363' title='bbox 2002 1853 2108 1893; x_wconf 92' lang='lat' dir='ltr'><strong>nos</strong></span> <span class='ocrx_word' id='word_1_364' title='bbox 2158 1835 2443 1909; x_wconf 91' lang='lat' dir='ltr'><strong>scriptum</strong></span> <span class='ocrx_word' id='word_1_365' title='bbox 2492 1841 2636 1906; x_wconf 89' lang='lat' dir='ltr'><strong>erat,</strong></span> <span class='ocrx_word' id='word_1_366' title='bbox 2677 1842 2733 1893; x_wconf 90' lang='lat' dir='ltr'><strong>et</strong></span> <span class='ocrx_word' id='word_1_367' title='bbox 2782 1838 3019 1912; x_wconf 73' lang='lat' dir='ltr'><strong>affigere</strong></span> <span class='ocrx_word' id='word_1_368' title='bbox 3065 1838 3211 1895; x_wconf 89' lang='lat' dir='ltr'><strong>illud</strong></span> <span class='ocrx_word' id='word_1_369' title='bbox 3256 1840 3434 1896; x_wconf 91' lang='lat' dir='ltr'><strong>cruci.</strong></span> <span class='ocrx_word' id='word_1_370' title='bbox 3460 1841 3655 1898; x_wconf 82' lang='lat' dir='ltr'><strong>Omnes</strong></span> 
     </span>
    </p>
   </div>
   <div class='ocr_carea' id='block_1_50' title="bbox 1999 1925 3652 2003">
    <p class='ocr_par' dir='ltr' id='par_1_50' title="bbox 1999 1925 3652 2003">
     <span class='ocr_line' id='line_1_50' title="bbox 1999 1925 3652 2003; baseline 0.003 -22"><span class='ocrx_word' id='word_1_371' title='bbox 1999 1926 2149 1982; x_wconf 89' lang='lat' dir='ltr'><strong>enim</strong></span> <span class='ocrx_word' id='word_1_372' title='bbox 2173 1933 2605 1997; x_wconf 86' lang='lat' dir='ltr'><strong>peccaverunt,et</strong></span> <span class='ocrx_word' id='word_1_373' title='bbox 2622 1925 2871 1998; x_wconf 86' lang='lat' dir='ltr'><strong>indigent</strong></span> <span class='ocrx_word' id='word_1_374' title='bbox 2892 1927 3069 1998; x_wconf 78' lang='lat' dir='ltr'><strong>gloria</strong></span> <span class='ocrx_word' id='word_1_375' title='bbox 3089 1929 3184 1983; x_wconf 89' lang='lat' dir='ltr'><strong>Dei</strong></span> <span class='ocrx_word' id='word_1_376' title='bbox 3205 1929 3377 1999; x_wconf 83' lang='lat' dir='ltr'><strong>(Rom.</strong></span> <span class='ocrx_word' id='word_1_377' title='bbox 3403 1931 3652 2003; x_wconf 50' lang='lat'><strong>111,23)»:</strong></span> 
     </span>
    </p>
   </div>
   <div class='ocr_carea' id='block_1_51' title="bbox 2000 2014 3652 2092">
    <p class='ocr_par' dir='ltr' id='par_1_51' title="bbox 2000 2014 3652 2092">
     <span class='ocr_line' id='line_1_51' title="bbox 2000 2014 3652 2092; baseline 0.004 -23"><span class='ocrx_word' id='word_1_378' title='bbox 2000 2015 2071 2070; x_wconf 87' lang='lat' dir='ltr'><strong>Et</strong></span> <span class='ocrx_word' id='word_1_379' title='bbox 2100 2014 2294 2079; x_wconf 80' lang='lat' dir='ltr'><strong>dehis</strong></span> <span class='ocrx_word' id='word_1_380' title='bbox 2320 2015 2418 2087; x_wconf 89' lang='lat' dir='ltr'><strong>qui</strong></span> <span class='ocrx_word' id='word_1_381' title='bbox 2453 2014 2657 2071; x_wconf 86' lang='lat' dir='ltr'><strong>salvati</strong></span> <span class='ocrx_word' id='word_1_382' title='bbox 2689 2032 2803 2069; x_wconf 93' lang='lat' dir='ltr'><strong>non</strong></span> <span class='ocrx_word' id='word_1_383' title='bbox 2837 2019 2976 2070; x_wconf 89' lang='lat' dir='ltr'><strong>sunt</strong></span> <span class='ocrx_word' id='word_1_384' title='bbox 2993 2019 3235 2073; x_wconf 88' lang='lat' dir='ltr'><strong>sanctus</strong></span> <span class='ocrx_word' id='word_1_385' title='bbox 3252 2017 3567 2092; x_wconf 88' lang='lat' dir='ltr'><strong>Gregorius</strong></span> <span class='ocrx_word' id='word_1_386' title='bbox 3591 2019 3652 2075; x_wconf 90' lang='lat' dir='ltr'><strong>in</strong></span> 
     </span>
    </p>
   </div>
   <div class='ocr_carea' id='block_1_52' title="bbox 2002 2102 3655 2180">
    <p class='ocr_par' dir='ltr' id='par_1_52' title="bbox 2002 2102 3655 2180">
     <span class='ocr_line' id='line_1_52' title="bbox 2002 2102 3655 2180; baseline 0.003 -21"><span class='ocrx_word' id='word_1_387' title='bbox 2002 2103 2244 2159; x_wconf 91' lang='lat' dir='ltr'><strong>homilia</strong></span> <span class='ocrx_word' id='word_1_388' title='bbox 2289 2120 2442 2160; x_wconf 87' lang='lat' dir='ltr'><strong>nona</strong></span> <span class='ocrx_word' id='word_1_389' title='bbox 2491 2102 2809 2160; x_wconf 88' lang='lat' dir='ltr'><strong>Ezechielis</strong></span> <span class='ocrx_word' id='word_1_390' title='bbox 2856 2104 3044 2161; x_wconf 90' lang='lat' dir='ltr'><strong>dicit:</strong></span> <span class='ocrx_word' id='word_1_391' title='bbox 3080 2130 3101 2155; x_wconf 75' lang='grc' dir='ltr'>(ι</span> <span class='ocrx_word' id='word_1_392' title='bbox 3136 2105 3469 2162; x_wconf 87' lang='lat' dir='ltr'><strong>Notandum</strong></span> <span class='ocrx_word' id='word_1_393' title='bbox 3514 2108 3655 2180; x_wconf 88' lang='lat' dir='ltr'><strong>quia</strong></span> 
     </span>
    </p>
   </div>
   <div class='ocr_carea' id='block_1_53' title="bbox 2001 2192 3654 2267">
    <p class='ocr_par' dir='ltr' id='par_1_53' title="bbox 2001 2192 3654 2267">
     <span class='ocr_line' id='line_1_53' title="bbox 2001 2192 3654 2267; baseline 0.002 -18"><span class='ocrx_word' id='word_1_394' title='bbox 2001 2197 2312 2266; x_wconf 87' lang='lat' dir='ltr'><strong>postquam</strong></span> <span class='ocrx_word' id='word_1_395' title='bbox 2359 2192 2513 2248; x_wconf 87' lang='lat' dir='ltr'><strong>mala</strong></span> <span class='ocrx_word' id='word_1_396' title='bbox 2571 2197 2880 2266; x_wconf 88' lang='lat' dir='ltr'><strong>parentum</strong></span> <span class='ocrx_word' id='word_1_397' title='bbox 2939 2194 3348 2251; x_wconf 76' lang='lat' dir='ltr'><strong>defunctorum</strong></span> <span class='ocrx_word' id='word_1_398' title='bbox 3407 2195 3654 2267; x_wconf 80' lang='lat' dir='ltr'><strong>dixerat,</strong></span> 
     </span>
    </p>
   </div>
   <div class='ocr_carea' id='block_1_54' title="bbox 2002 2280 3655 2357">
    <p class='ocr_par' dir='ltr' id='par_1_54' title="bbox 2002 2280 3655 2357">
     <span class='ocr_line' id='line_1_54' title="bbox 2002 2280 3655 2357; baseline 0.004 -22"><span class='ocrx_word' id='word_1_399' title='bbox 2002 2281 2242 2337; x_wconf 87' lang='lat' dir='ltr'><strong>mittens</strong></span> <span class='ocrx_word' id='word_1_400' title='bbox 2273 2280 2615 2354; x_wconf 89' lang='lat' dir='ltr'><strong>prophetam</strong></span> <span class='ocrx_word' id='word_1_401' title='bbox 2648 2282 2718 2336; x_wconf 91' lang='lat' dir='ltr'><strong>ad</strong></span> <span class='ocrx_word' id='word_1_402' title='bbox 2769 2280 2917 2337; x_wconf 76' lang='lat' dir='ltr'><strong>filios</strong></span> <span class='ocrx_word' id='word_1_403' title='bbox 2966 2281 3125 2353; x_wconf 90' lang='lat' dir='ltr'><strong>dicit,</strong></span> <span class='ocrx_word' id='word_1_404' title='bbox 3157 2282 3221 2338; x_wconf 90' lang='lat' dir='ltr'><strong>Si</strong></span> <span class='ocrx_word' id='word_1_405' title='bbox 3245 2284 3385 2354; x_wconf 84' lang='lat' dir='ltr'><strong>forte</strong></span> <span class='ocrx_word' id='word_1_406' title='bbox 3433 2285 3513 2341; x_wconf 81' lang='lat' dir='ltr'><strong>vel</strong></span> <span class='ocrx_word' id='word_1_407' title='bbox 3545 2287 3655 2357; x_wconf 85' lang='lat' dir='ltr'><strong>ipsi</strong></span> 
     </span>
    </p>
   </div>
   <div class='ocr_carea' id='block_1_55' title="bbox 1999 2369 3653 2445">
    <p class='ocr_par' dir='ltr' id='par_1_55' title="bbox 1999 2369 3653 2445">
     <span class='ocr_line' id='line_1_55' title="bbox 1999 2369 3653 2445; baseline 0.002 -20"><span class='ocrx_word' id='word_1_408' title='bbox 1999 2369 2248 2438; x_wconf 87' lang='lat' dir='ltr'><strong>audiant,</strong></span> <span class='ocrx_word' id='word_1_409' title='bbox 2281 2377 2336 2426; x_wconf 89' lang='lat' dir='ltr'><strong>et</strong></span> <span class='ocrx_word' id='word_1_410' title='bbox 2380 2371 2523 2442; x_wconf 82' lang='lat' dir='ltr'><strong>forte</strong></span> <span class='ocrx_word' id='word_1_411' title='bbox 2561 2370 2863 2443; x_wconf 84' lang='lat' dir='ltr'><strong>quiescant.</strong></span> <span class='ocrx_word' id='word_1_412' title='bbox 2904 2370 3115 2443; x_wconf 62' lang='lat' dir='ltr'><strong>(Ezech.</strong></span> <span class='ocrx_word' id='word_1_413' title='bbox 3162 2388 3225 2441; x_wconf 93' lang='grc' dir='ltr'><strong>ιι,</strong></span> <span class='ocrx_word' id='word_1_414' title='bbox 3256 2373 3333 2445; x_wconf 91' lang='grc'><strong>5).</strong></span> <span class='ocrx_word' id='word_1_415' title='bbox 3366 2373 3515 2439; x_wconf 85' lang='lat' dir='ltr'><strong>Quid</strong></span> <span class='ocrx_word' id='word_1_416' title='bbox 3564 2378 3653 2429; x_wconf 91' lang='lat' dir='ltr'><strong>est</strong></span> 
     </span>
    </p>
   </div>
   <div class='ocr_carea' id='block_1_56' title="bbox 2002 2458 3653 2535">
    <p class='ocr_par' dir='ltr' id='par_1_56' title="bbox 2002 2458 3653 2535">
     <span class='ocr_line' id='line_1_56' title="bbox 2002 2458 3653 2535; baseline 0.002 -22"><span class='ocrx_word' id='word_1_417' title='bbox 2002 2458 2312 2528; x_wconf 82' lang='lat' dir='ltr'><strong>dicere,vel</strong></span> <span class='ocrx_word' id='word_1_418' title='bbox 2342 2458 2598 2531; x_wconf 87' lang='lat' dir='ltr'><strong>ipsi,nisi</strong></span> <span class='ocrx_word' id='word_1_419' title='bbox 2630 2458 2769 2531; x_wconf 90' lang='lat' dir='ltr'><strong>quia</strong></span> <span class='ocrx_word' id='word_1_420' title='bbox 2798 2475 2999 2515; x_wconf 90' lang='lat' dir='ltr'><strong>eorum</strong></span> <span class='ocrx_word' id='word_1_421' title='bbox 3027 2460 3355 2533; x_wconf 87' lang='lat' dir='ltr'><strong>patres,qui</strong></span> <span class='ocrx_word' id='word_1_422' title='bbox 3388 2461 3447 2516; x_wconf 92' lang='lat' dir='ltr'><strong>in</strong></span> <span class='ocrx_word' id='word_1_423' title='bbox 3479 2460 3653 2535; x_wconf 90' lang='lat' dir='ltr'><strong>culpa</strong></span> 
     </span>
    </p>
   </div>
   <div class='ocr_carea' id='block_1_57' title="bbox 2004 2546 3652 2614">
    <p class='ocr_par' dir='ltr' id='par_1_57' title="bbox 2004 2546 3652 2614">
     <span class='ocr_line' id='line_1_57' title="bbox 2004 2546 3652 2614; baseline 0.002 -11"><span class='ocrx_word' id='word_1_424' title='bbox 2004 2548 2260 2603; x_wconf 87' lang='lat' dir='ltr'><strong>defuncti</strong></span> <span class='ocrx_word' id='word_1_425' title='bbox 2292 2551 2451 2614; x_wconf 90' lang='lat' dir='ltr'><strong>sunt,</strong></span> <span class='ocrx_word' id='word_1_426' title='bbox 2468 2547 2670 2603; x_wconf 90' lang='lat' dir='ltr'><strong>audire</strong></span> <span class='ocrx_word' id='word_1_427' title='bbox 2692 2546 3053 2604; x_wconf 85' lang='lat' dir='ltr'><strong>noluerunt?</strong></span> <span class='ocrx_word' id='word_1_428' title='bbox 3077 2571 3105 2599; x_wconf 84' lang='lat'><strong><em>»</em></strong></span> <span class='ocrx_word' id='word_1_429' title='bbox 3137 2550 3206 2604; x_wconf 85' lang='lat' dir='ltr'><strong>Et</strong></span> <span class='ocrx_word' id='word_1_430' title='bbox 3227 2549 3572 2606; x_wconf 88' lang='lat' dir='ltr'><strong>Ambrosius</strong></span> <span class='ocrx_word' id='word_1_431' title='bbox 3592 2550 3652 2607; x_wconf 91' lang='lat' dir='ltr'><strong>in</strong></span> 
     </span>
    </p>
   </div>
   <div class='ocr_carea' id='block_1_58' title="bbox 2002 2635 3655 2711">
    <p class='ocr_par' dir='ltr' id='par_1_58' title="bbox 2002 2635 3655 2711">
     <span class='ocr_line' id='line_1_58' title="bbox 2002 2635 3655 2711; baseline 0.002 -19"><span class='ocrx_word' id='word_1_432' title='bbox 2002 2635 2249 2709; x_wconf 89' lang='lat' dir='ltr'><strong>epistola</strong></span> <span class='ocrx_word' id='word_1_433' title='bbox 2279 2637 2352 2691; x_wconf 91' lang='lat' dir='ltr'><strong>ad</strong></span> <span class='ocrx_word' id='word_1_434' title='bbox 2384 2636 2699 2703; x_wconf 82' lang='lat' dir='ltr'><strong>Romanos,</strong></span> <span class='ocrx_word' id='word_1_435' title='bbox 2722 2637 2982 2711; x_wconf 83' lang='lat' dir='ltr'><strong>Nunquid</strong></span> <span class='ocrx_word' id='word_1_436' title='bbox 3009 2640 3092 2693; x_wconf 87' lang='lat' dir='ltr'><strong>sic</strong></span> <span class='ocrx_word' id='word_1_437' title='bbox 3117 2638 3458 2711; x_wconf 77' lang='lat' dir='ltr'><strong>oﬂ&#39;enderunt</strong></span> <span class='ocrx_word' id='word_1_438' title='bbox 3484 2647 3546 2696; x_wconf 88' lang='lat' dir='ltr'><strong>ut</strong></span> <span class='ocrx_word' id='word_1_439' title='bbox 3565 2656 3655 2696; x_wconf 87' lang='lat' dir='ltr'><strong>ca-</strong></span> 
     </span>
    </p>
   </div>
   <div class='ocr_carea' id='block_1_59' title="bbox 2001 2725 3660 2801">
    <p class='ocr_par' dir='ltr' id='par_1_59' title="bbox 2001 2725 3660 2801">
     <span class='ocr_line' id='line_1_59' title="bbox 2001 2725 3660 2801; baseline 0.002 -21"><span class='ocrx_word' id='word_1_440' title='bbox 2001 2725 2223 2781; x_wconf 84' lang='lat' dir='ltr'><strong>derent?</strong></span> <span class='ocrx_word' id='word_1_441' title='bbox 2244 2725 2384 2781; x_wconf 86' lang='lat' dir='ltr'><strong>absit</strong></span> <span class='ocrx_word' id='word_1_442' title='bbox 2402 2725 2657 2798; x_wconf 77' lang='lat' dir='ltr'><strong>(Romxr,</strong></span> <span class='ocrx_word' id='word_1_443' title='bbox 2676 2725 2762 2797; x_wconf 89' lang='lat'><strong>11)</strong></span> <span class='ocrx_word' id='word_1_444' title='bbox 2784 2742 2795 2781; x_wconf 89' lang='lat'><strong>:</strong></span> <span class='ocrx_word' id='word_1_445' title='bbox 2821 2748 2848 2775; x_wconf 86' lang='grc'><strong>‹‹</strong></span> <span class='ocrx_word' id='word_1_446' title='bbox 2867 2727 2980 2781; x_wconf 88' lang='lat' dir='ltr'><strong>[loc</strong></span> <span class='ocrx_word' id='word_1_447' title='bbox 3001 2726 3145 2781; x_wconf 90' lang='lat' dir='ltr'><strong>dicit</strong></span> <span class='ocrx_word' id='word_1_448' title='bbox 3164 2728 3318 2799; x_wconf 90' lang='lat' dir='ltr'><strong>quod</strong></span> <span class='ocrx_word' id='word_1_449' title='bbox 3342 2744 3521 2801; x_wconf 90' lang='lat' dir='ltr'><strong>supra</strong></span> <span class='ocrx_word' id='word_1_450' title='bbox 3543 2745 3660 2784; x_wconf 90' lang='lat' dir='ltr'><strong>me-</strong></span> 
     </span>
    </p>
   </div>
   <div class='ocr_carea' id='block_1_60' title="bbox 2004 2812 3660 2890">
    <p class='ocr_par' dir='ltr' id='par_1_60' title="bbox 2004 2812 3660 2890">
     <span class='ocr_line' id='line_1_60' title="bbox 2004 2812 3660 2890; baseline 0.003 -22"><span class='ocrx_word' id='word_1_451' title='bbox 2004 2812 2392 2885; x_wconf 88' lang='lat' dir='ltr'><strong>moravi,quia</strong></span> <span class='ocrx_word' id='word_1_452' title='bbox 2409 2830 2522 2869; x_wconf 91' lang='lat' dir='ltr'><strong>non</strong></span> <span class='ocrx_word' id='word_1_453' title='bbox 2542 2813 2625 2869; x_wconf 91' lang='lat' dir='ltr'><strong>sic</strong></span> <span class='ocrx_word' id='word_1_454' title='bbox 2647 2812 2987 2869; x_wconf 83' lang='lat' dir='ltr'><strong>difﬁderunt</strong></span> <span class='ocrx_word' id='word_1_455' title='bbox 3010 2818 3072 2869; x_wconf 90' lang='lat' dir='ltr'><strong>ut</strong></span> <span class='ocrx_word' id='word_1_456' title='bbox 3094 2832 3399 2887; x_wconf 90' lang='lat' dir='ltr'><strong>nunquam</strong></span> <span class='ocrx_word' id='word_1_457' title='bbox 3420 2820 3660 2890; x_wconf 87' lang='lat' dir='ltr'><strong>possent</strong></span> 
     </span>
    </p>
   </div>
   <div class='ocr_carea' id='block_1_61' title="bbox 2004 2899 3657 2974">
    <p class='ocr_par' dir='ltr' id='par_1_61' title="bbox 2004 2899 3657 2974">
     <span class='ocr_line' id='line_1_61' title="bbox 2004 2899 3657 2974; baseline 0.003 -18"><span class='ocrx_word' id='word_1_458' title='bbox 2004 2899 2330 2968; x_wconf 90' lang='lat' dir='ltr'><strong>credere,id</strong></span> <span class='ocrx_word' id='word_1_459' title='bbox 2352 2905 2592 2968; x_wconf 89' lang='lat' dir='ltr'><strong>est,non</strong></span> <span class='ocrx_word' id='word_1_460' title='bbox 2624 2901 2707 2957; x_wconf 89' lang='lat' dir='ltr'><strong>ita</strong></span> <span class='ocrx_word' id='word_1_461' title='bbox 2734 2904 2971 2974; x_wconf 91' lang='lat' dir='ltr'><strong>propter</strong></span> <span class='ocrx_word' id='word_1_462' title='bbox 2990 2901 3463 2959; x_wconf 86' lang='lat' dir='ltr'><strong>incredulitatem</strong></span> <span class='ocrx_word' id='word_1_463' title='bbox 3486 2921 3657 2961; x_wconf 91' lang='lat' dir='ltr'><strong>suam</strong></span> 
     </span>
    </p>
   </div>
   <div class='ocr_carea' id='block_1_62' title="bbox 2004 2990 3660 3070">
    <p class='ocr_par' dir='ltr' id='par_1_62' title="bbox 2004 2990 3660 3070">
     <span class='ocr_line' id='line_1_62' title="bbox 2004 2990 3660 3070; baseline 0.001 -24"><span class='ocrx_word' id='word_1_464' title='bbox 2004 2990 2198 3046; x_wconf 65' lang='lat' dir='ltr'><strong>caecati</strong></span> <span class='ocrx_word' id='word_1_465' title='bbox 2214 2994 2355 3045; x_wconf 86' lang='lat' dir='ltr'><strong>sunt</strong></span> <span class='ocrx_word' id='word_1_466' title='bbox 2367 2993 2432 3045; x_wconf 90' lang='lat' dir='ltr'><strong>ut</strong></span> <span class='ocrx_word' id='word_1_467' title='bbox 2446 2990 2636 3070; x_wconf 82' lang='lat' dir='ltr'><strong>curari</strong></span> <span class='ocrx_word' id='word_1_468' title='bbox 2654 3007 2767 3045; x_wconf 90' lang='lat' dir='ltr'><strong>non</strong></span> <span class='ocrx_word' id='word_1_469' title='bbox 2780 2990 3511 3062; x_wconf 88' lang='lat' dir='ltr'><strong>possent,sicutdiabolum</strong></span> <span class='ocrx_word' id='word_1_470' title='bbox 3524 2992 3660 3066; x_wconf 89' lang='lat' dir='ltr'><strong>legi-</strong></span> 
     </span>
    </p>
   </div>
   <div class='ocr_carea' id='block_1_63' title="bbox 2006 3077 3656 3145">
    <p class='ocr_par' dir='ltr' id='par_1_63' title="bbox 2006 3077 3656 3145">
     <span class='ocr_line' id='line_1_63' title="bbox 2006 3077 3656 3145; baseline 0.002 -13"><span class='ocrx_word' id='word_1_471' title='bbox 2006 3094 2137 3134; x_wconf 87' lang='lat' dir='ltr'><strong>mus</strong></span> <span class='ocrx_word' id='word_1_472' title='bbox 2155 3077 2494 3134; x_wconf 81' lang='lat' dir='ltr'><strong>cecidisse.»</strong></span> <span class='ocrx_word' id='word_1_473' title='bbox 2521 3078 2646 3133; x_wconf 81' lang='lat' dir='ltr'><strong>llaee</strong></span> <span class='ocrx_word' id='word_1_474' title='bbox 2665 3077 3019 3145; x_wconf 86' lang='lat' dir='ltr'><strong>diximus,ne</strong></span> <span class='ocrx_word' id='word_1_475' title='bbox 3033 3079 3209 3134; x_wconf 89' lang='lat' dir='ltr'><strong>etiam</strong></span> <span class='ocrx_word' id='word_1_476' title='bbox 3229 3095 3386 3136; x_wconf 52' lang='lat' dir='ltr'><strong>nunc</strong></span> <span class='ocrx_word' id='word_1_477' title='bbox 3402 3096 3656 3135; x_wconf 89' lang='lat' dir='ltr'><strong>errorem</strong></span> 
     </span>
    </p>
   </div>
   <div class='ocr_carea' id='block_1_64' title="bbox 2003 3166 3655 3242">
    <p class='ocr_par' dir='ltr' id='par_1_64' title="bbox 2003 3166 3655 3242">
     <span class='ocr_line' id='line_1_64' title="bbox 2003 3166 3655 3242; baseline 0.001 -20"><span class='ocrx_word' id='word_1_478' title='bbox 2003 3166 2267 3240; x_wconf 91' lang='lat' dir='ltr'><strong>ejus,qui</strong></span> <span class='ocrx_word' id='word_1_479' title='bbox 2300 3179 2406 3223; x_wconf 90' lang='lat' dir='ltr'><strong>nos</strong></span> <span class='ocrx_word' id='word_1_480' title='bbox 2436 3183 2664 3223; x_wconf 85' lang='lat' dir='ltr'><strong>errasse</strong></span> <span class='ocrx_word' id='word_1_481' title='bbox 2696 3184 2811 3222; x_wconf 89' lang='lat' dir='ltr'><strong>non</strong></span> <span class='ocrx_word' id='word_1_482' title='bbox 2842 3183 2973 3223; x_wconf 87' lang='lat' dir='ltr'><strong>vere</strong></span> <span class='ocrx_word' id='word_1_483' title='bbox 3004 3167 3254 3236; x_wconf 82' lang='lat' dir='ltr'><strong>dixit,de</strong></span> <span class='ocrx_word' id='word_1_484' title='bbox 3284 3167 3484 3242; x_wconf 91' lang='lat' dir='ltr'><strong>impiis</strong></span> <span class='ocrx_word' id='word_1_485' title='bbox 3519 3173 3655 3224; x_wconf 90' lang='lat' dir='ltr'><strong>ante</strong></span> 
     </span>
    </p>
   </div>
   <div class='ocr_carea' id='block_1_65' title="bbox 231 3247 3658 3331">
    <p class='ocr_par' dir='ltr' id='par_1_65' title="bbox 231 3247 3658 3331">
     <span class='ocr_line' id='line_1_65' title="bbox 231 3247 3658 3331; baseline 0 -19"><span class='ocrx_word' id='word_1_486' title='bbox 231 3263 337 3313; x_wconf 86' lang='lat' dir='ltr'><strong>tur</strong></span> <span class='ocrx_word' id='word_1_487' title='bbox 367 3259 514 3315; x_wconf 84' lang='lat' dir='ltr'><strong>fides</strong></span> <span class='ocrx_word' id='word_1_488' title='bbox 542 3258 781 3329; x_wconf 89' lang='lat' dir='ltr'><strong>Christi,</strong></span> <span class='ocrx_word' id='word_1_489' title='bbox 815 3259 865 3315; x_wconf 89' lang='lat' dir='ltr'><strong>si</strong></span> <span class='ocrx_word' id='word_1_490' title='bbox 887 3276 1091 3316; x_wconf 89' lang='lat' dir='ltr'><strong>omnes</strong></span> <span class='ocrx_word' id='word_1_491' title='bbox 1123 3278 1239 3315; x_wconf 92' lang='lat' dir='ltr'><strong>non</strong></span> <span class='ocrx_word' id='word_1_492' title='bbox 1266 3260 1639 3329; x_wconf 86' lang='lat' dir='ltr'><strong>crediderint,</strong></span> <span class='ocrx_word' id='word_1_493' title='bbox 1672 3266 1730 3317; x_wconf 88' lang='lat' dir='ltr'><strong>et</strong></span> <span class='ocrx_word' id='word_1_494' title='bbox 1778 3278 1893 3317; x_wconf 88' lang='lat' dir='ltr'><strong>non</strong></span> <span class='ocrx_word' id='word_1_495' title='bbox 1925 3247 1968 3312; x_wconf 84' lang='lat' dir='ltr'><strong>C</strong></span> <span class='ocrx_word' id='word_1_496' title='bbox 2006 3256 2338 3328; x_wconf 81' lang='lat' dir='ltr'><strong>passionem</strong></span> <span class='ocrx_word' id='word_1_497' title='bbox 2371 3255 2584 3311; x_wconf 82' lang='lat' dir='ltr'><strong>Christi</strong></span> <span class='ocrx_word' id='word_1_498' title='bbox 2618 3256 2843 3329; x_wconf 82' lang='lat' dir='ltr'><strong>punitis</strong></span> <span class='ocrx_word' id='word_1_499' title='bbox 2889 3256 3293 3313; x_wconf 86' lang='lat' dir='ltr'><strong>indiscussum</strong></span> <span class='ocrx_word' id='word_1_500' title='bbox 3342 3257 3658 3331; x_wconf 64' lang='lat' dir='ltr'><strong>praeterire-</strong></span> 
     </span>
    </p>
   </div>
   <div class='ocr_carea' id='block_1_66' title="bbox 230 3348 1897 3423">
    <p class='ocr_par' dir='ltr' id='par_1_66' title="bbox 230 3348 1897 3423">
     <span class='ocr_line' id='line_1_66' title="bbox 230 3348 1897 3423; baseline 0.001 -19"><span class='ocrx_word' id='word_1_501' title='bbox 230 3351 556 3404; x_wconf 87' lang='lat' dir='ltr'><strong>evacuatur</strong></span> <span class='ocrx_word' id='word_1_502' title='bbox 583 3348 960 3420; x_wconf 89' lang='lat' dir='ltr'><strong>baptismatis</strong></span> <span class='ocrx_word' id='word_1_503' title='bbox 990 3354 1423 3406; x_wconf 90' lang='lat' dir='ltr'><strong>sacramentum</strong></span> <span class='ocrx_word' id='word_1_504' title='bbox 1456 3350 1733 3407; x_wconf 91' lang='lat' dir='ltr'><strong>omnibus</strong></span> <span class='ocrx_word' id='word_1_505' title='bbox 1752 3366 1897 3423; x_wconf 83' lang='lat' dir='ltr'><strong>prae-</strong></span> 
     </span>
    </p>
   </div>
   <div class='ocr_carea' id='block_1_67' title="bbox 231 3436 1896 3511">
    <p class='ocr_par' dir='ltr' id='par_1_67' title="bbox 231 3436 1896 3511">
     <span class='ocr_line' id='line_1_67' title="bbox 231 3436 1896 3511; baseline 0.002 -19"><span class='ocrx_word' id='word_1_506' title='bbox 231 3436 855 3504; x_wconf 84' lang='lat' dir='ltr'><strong>dicandum,siomnes</strong></span> <span class='ocrx_word' id='word_1_507' title='bbox 877 3438 1197 3495; x_wconf 90' lang='lat' dir='ltr'><strong>credendes</strong></span> <span class='ocrx_word' id='word_1_508' title='bbox 1217 3438 1493 3511; x_wconf 88' lang='lat' dir='ltr'><strong>baptizati</strong></span> <span class='ocrx_word' id='word_1_509' title='bbox 1518 3456 1633 3495; x_wconf 92' lang='lat' dir='ltr'><strong>non</strong></span> <span class='ocrx_word' id='word_1_510' title='bbox 1658 3440 1896 3496; x_wconf 89' lang='lat' dir='ltr'><strong>fuerint.</strong></span> 
     </span>
    </p>
   </div>
   <div class='ocr_carea' id='block_1_68' title="bbox 230 3524 1895 3600">
    <p class='ocr_par' dir='ltr' id='par_1_68' title="bbox 230 3524 1895 3600">
     <span class='ocr_line' id='line_1_68' title="bbox 230 3524 1895 3600; baseline 0.005 -25"><span class='ocrx_word' id='word_1_511' title='bbox 230 3549 261 3574; x_wconf 71' lang='grc' dir='ltr'>«ι</span> <span class='ocrx_word' id='word_1_512' title='bbox 300 3524 428 3580; x_wconf 83' lang='lat' dir='ltr'><strong>Non</strong></span> <span class='ocrx_word' id='word_1_513' title='bbox 457 3524 638 3592; x_wconf 91' lang='lat' dir='ltr'><strong>enim,</strong></span> <span class='ocrx_word' id='word_1_514' title='bbox 671 3524 866 3597; x_wconf 85' lang='lat' dir='ltr'><strong>inquit</strong></span> <span class='ocrx_word' id='word_1_515' title='bbox 896 3524 1141 3598; x_wconf 90' lang='lat' dir='ltr'><strong>Prosper</strong></span> <span class='ocrx_word' id='word_1_516' title='bbox 1170 3541 1238 3581; x_wconf 84' lang='lat' dir='ltr'><strong>ex</strong></span> <span class='ocrx_word' id='word_1_517' title='bbox 1268 3524 1669 3599; x_wconf 42' lang='lat' dir='ltr'><strong>Apostolo.(Ad</strong></span> <span class='ocrx_word' id='word_1_518' title='bbox 1709 3527 1895 3600; x_wconf 88' lang='lat' dir='ltr'><strong>object.</strong></span> 
     </span>
    </p>
   </div>
   <div class='ocr_carea' id='block_1_69' title="bbox 233 3612 1901 3687">
    <p class='ocr_par' dir='ltr' id='par_1_69' title="bbox 233 3612 1901 3687">
     <span class='ocr_line' id='line_1_69' title="bbox 233 3612 1901 3687; baseline 0.003 -20"><span class='ocrx_word' id='word_1_519' title='bbox 233 3612 358 3668; x_wconf 81' lang='lat' dir='ltr'><strong>Gal.</strong></span> <span class='ocrx_word' id='word_1_520' title='bbox 389 3613 538 3669; x_wconf 85' lang='lat' dir='ltr'><strong>Sent.</strong></span> <span class='ocrx_word' id='word_1_521' title='bbox 575 3613 673 3686; x_wconf 81' lang='lat' dir='ltr'><strong>IX),</strong></span> <span class='ocrx_word' id='word_1_522' title='bbox 703 3612 919 3671; x_wconf 73' lang='lat' dir='ltr'><strong>excidi.</strong></span> <span class='ocrx_word' id='word_1_523' title='bbox 954 3614 1200 3670; x_wconf 92' lang='lat' dir='ltr'><strong>verbum</strong></span> <span class='ocrx_word' id='word_1_524' title='bbox 1247 3613 1369 3683; x_wconf 85' lang='lat' dir='ltr'><strong>Dei,</strong></span> <span class='ocrx_word' id='word_1_525' title='bbox 1404 3631 1593 3687; x_wconf 90' lang='lat' dir='ltr'><strong>neque</strong></span> <span class='ocrx_word' id='word_1_526' title='bbox 1623 3618 1901 3672; x_wconf 89' lang='lat' dir='ltr'><strong>evacuata</strong></span> 
     </span>
    </p>
   </div>
   <div class='ocr_carea' id='block_1_70' title="bbox 229 3701 1900 3776">
    <p class='ocr_par' dir='ltr' id='par_1_70' title="bbox 229 3701 1900 3776">
     <span class='ocr_line' id='line_1_70' title="bbox 229 3701 1900 3776; baseline 0.002 -19"><span class='ocrx_word' id='word_1_527' title='bbox 229 3706 332 3757; x_wconf 83' lang='lat' dir='ltr'><strong>est</strong></span> <span class='ocrx_word' id='word_1_528' title='bbox 361 3701 566 3757; x_wconf 88' lang='lat' dir='ltr'><strong>mundi</strong></span> <span class='ocrx_word' id='word_1_529' title='bbox 589 3701 914 3775; x_wconf 89' lang='lat' dir='ltr'><strong>redemptio</strong></span> <span class='ocrx_word' id='word_1_530' title='bbox 939 3718 951 3758; x_wconf 93' lang='lat'>:</span> <span class='ocrx_word' id='word_1_531' title='bbox 977 3702 1117 3775; x_wconf 88' lang='lat' dir='ltr'><strong>quia</strong></span> <span class='ocrx_word' id='word_1_532' title='bbox 1146 3706 1203 3759; x_wconf 89' lang='lat' dir='ltr'><strong>et</strong></span> <span class='ocrx_word' id='word_1_533' title='bbox 1231 3702 1278 3759; x_wconf 89' lang='lat' dir='ltr'><strong>si</strong></span> <span class='ocrx_word' id='word_1_534' title='bbox 1302 3719 1417 3758; x_wconf 92' lang='lat' dir='ltr'><strong>non</strong></span> <span class='ocrx_word' id='word_1_535' title='bbox 1441 3702 1712 3776; x_wconf 86' lang='lat' dir='ltr'><strong>cognovit</strong></span> <span class='ocrx_word' id='word_1_536' title='bbox 1734 3721 1900 3760; x_wconf 89' lang='lat' dir='ltr'><strong>mun-</strong></span> 
     </span>
    </p>
   </div>
   <div class='ocr_carea' id='block_1_71' title="bbox 232 3789 1898 3864">
    <p class='ocr_par' dir='ltr' id='par_1_71' title="bbox 232 3789 1898 3864">
     <span class='ocr_line' id='line_1_71' title="bbox 232 3789 1898 3864; baseline 0.002 -19"><span class='ocrx_word' id='word_1_537' title='bbox 232 3790 353 3845; x_wconf 88' lang='lat' dir='ltr'><strong>dus</strong></span> <span class='ocrx_word' id='word_1_538' title='bbox 400 3790 584 3846; x_wconf 90' lang='lat' dir='ltr'><strong>Deum</strong></span> <span class='ocrx_word' id='word_1_539' title='bbox 637 3789 695 3845; x_wconf 92' lang='lat' dir='ltr'><strong>in</strong></span> <span class='ocrx_word' id='word_1_540' title='bbox 743 3791 903 3847; x_wconf 90' lang='lat' dir='ltr'><strong>vasis</strong></span> <span class='ocrx_word' id='word_1_541' title='bbox 943 3791 1064 3858; x_wconf 83' lang='lat' dir='ltr'><strong>irae,</strong></span> <span class='ocrx_word' id='word_1_542' title='bbox 1097 3791 1367 3864; x_wconf 91' lang='lat' dir='ltr'><strong>cognovit</strong></span> <span class='ocrx_word' id='word_1_543' title='bbox 1404 3796 1601 3848; x_wconf 88' lang='lat' dir='ltr'><strong>tamen</strong></span> <span class='ocrx_word' id='word_1_544' title='bbox 1638 3793 1898 3848; x_wconf 91' lang='lat' dir='ltr'><strong>mundus</strong></span> 
     </span>
    </p>
   </div>
   <div class='ocr_carea' id='block_1_72' title="bbox 228 3878 1898 3941">
    <p class='ocr_par' dir='ltr' id='par_1_72' title="bbox 228 3878 1898 3941">
     <span class='ocr_line' id='line_1_72' title="bbox 228 3878 1898 3941; baseline 0.002 -7"><span class='ocrx_word' id='word_1_545' title='bbox 228 3878 425 3934; x_wconf 89' lang='lat' dir='ltr'><strong>Deum</strong></span> <span class='ocrx_word' id='word_1_546' title='bbox 454 3880 515 3934; x_wconf 90' lang='lat' dir='ltr'><strong>in</strong></span> <span class='ocrx_word' id='word_1_547' title='bbox 544 3878 701 3936; x_wconf 89' lang='lat' dir='ltr'><strong>vasis</strong></span> <span class='ocrx_word' id='word_1_548' title='bbox 746 3879 1181 3936; x_wconf 61' lang='lat' dir='ltr'><strong>misericordiae.</strong></span> <span class='ocrx_word' id='word_1_549' title='bbox 1217 3902 1245 3929; x_wconf 91' lang='grc'><strong>››</strong></span> <span class='ocrx_word' id='word_1_550' title='bbox 1289 3882 1376 3936; x_wconf 88' lang='lat' dir='ltr'><strong>Ita</strong></span> <span class='ocrx_word' id='word_1_551' title='bbox 1422 3898 1538 3941; x_wconf 34' lang='lat' dir='ltr'><strong>non</strong></span> <span class='ocrx_word' id='word_1_552' title='bbox 1585 3886 1898 3938; x_wconf 89' lang='lat' dir='ltr'><strong>evacuatur</strong></span> 
     </span>
    </p>
   </div>
   <div class='ocr_carea' id='block_1_73' title="bbox 226 3967 1895 4043">
    <p class='ocr_par' dir='ltr' id='par_1_73' title="bbox 226 3967 1895 4043">
     <span class='ocr_line' id='line_1_73' title="bbox 226 3967 1895 4043; baseline 0.002 -21"><span class='ocrx_word' id='word_1_553' title='bbox 226 3968 434 4039; x_wconf 82' lang='lat' dir='ltr'><strong>passio</strong></span> <span class='ocrx_word' id='word_1_554' title='bbox 457 3967 886 4041; x_wconf 83' lang='lat' dir='ltr'><strong>Redemptoris,</strong></span> <span class='ocrx_word' id='word_1_555' title='bbox 912 3968 958 4024; x_wconf 90' lang='lat' dir='ltr'><strong>si</strong></span> <span class='ocrx_word' id='word_1_556' title='bbox 985 3986 1099 4025; x_wconf 90' lang='lat' dir='ltr'><strong>non</strong></span> <span class='ocrx_word' id='word_1_557' title='bbox 1126 3986 1349 4038; x_wconf 90' lang='lat' dir='ltr'><strong>omnes,</strong></span> <span class='ocrx_word' id='word_1_558' title='bbox 1371 3970 1586 4041; x_wconf 89' lang='lat' dir='ltr'><strong>quibus</strong></span> <span class='ocrx_word' id='word_1_559' title='bbox 1617 3968 1895 4043; x_wconf 90' lang='lat' dir='ltr'><strong>poculum</strong></span> 
     </span>
    </p>
   </div>
   <div class='ocr_carea' id='block_1_74' title="bbox 228 4056 1895 4139">
    <p class='ocr_par' dir='ltr' id='par_1_74' title="bbox 228 4056 1895 4139">
     <span class='ocr_line' id='line_1_74' title="bbox 228 4056 1895 4139; baseline 0.002 -27"><span class='ocrx_word' id='word_1_560' title='bbox 228 4056 515 4114; x_wconf 72' lang='lat' dir='ltr'><strong>humana:</strong></span> <span class='ocrx_word' id='word_1_561' title='bbox 546 4056 757 4115; x_wconf 87' lang='lat' dir='ltr'><strong>salutis</strong></span> <span class='ocrx_word' id='word_1_562' title='bbox 786 4059 1115 4115; x_wconf 87' lang='lat' dir='ltr'><strong>confectum</strong></span> <span class='ocrx_word' id='word_1_563' title='bbox 1148 4058 1343 4114; x_wconf 89' lang='lat' dir='ltr'><strong>divina</strong></span> <span class='ocrx_word' id='word_1_564' title='bbox 1372 4058 1586 4114; x_wconf 84' lang='lat' dir='ltr'><strong>virtute</strong></span> <span class='ocrx_word' id='word_1_565' title='bbox 1631 4063 1687 4115; x_wconf 92' lang='lat' dir='ltr'><strong>et</strong></span> <span class='ocrx_word' id='word_1_566' title='bbox 1733 4060 1895 4139; x_wconf 72' lang='lat' dir='ltr'><strong>infir-</strong></span> 
     </span>
    </p>
   </div>
   <div class='ocr_carea' id='block_1_75' title="bbox 229 4146 1893 4217">
    <p class='ocr_par' dir='ltr' id='par_1_75' title="bbox 229 4146 1893 4217">
     <span class='ocr_line' id='line_1_75' title="bbox 229 4146 1893 4217; baseline 0.002 -15"><span class='ocrx_word' id='word_1_567' title='bbox 229 4146 447 4202; x_wconf 86' lang='lat' dir='ltr'><strong>mitate</strong></span> <span class='ocrx_word' id='word_1_568' title='bbox 476 4151 679 4203; x_wconf 89' lang='lat' dir='ltr'><strong>nostra</strong></span> <span class='ocrx_word' id='word_1_569' title='bbox 706 4146 969 4204; x_wconf 87' lang='lat' dir='ltr'><strong>oblatum</strong></span> <span class='ocrx_word' id='word_1_570' title='bbox 999 4151 1111 4216; x_wconf 90' lang='lat' dir='ltr'><strong>est,</strong></span> <span class='ocrx_word' id='word_1_571' title='bbox 1143 4164 1375 4204; x_wconf 87' lang='lat' dir='ltr'><strong>sumere</strong></span> <span class='ocrx_word' id='word_1_572' title='bbox 1428 4149 1893 4217; x_wconf 87' lang='lat' dir='ltr'><strong>detrectaverint,</strong></span> 
     </span>
    </p>
   </div>
   <div class='ocr_carea' id='block_1_76' title="bbox 226 4235 1896 4310">
    <p class='ocr_par' dir='ltr' id='par_1_76' title="bbox 226 4235 1896 4310">
     <span class='ocr_line' id='line_1_76' title="bbox 226 4235 1896 4310; baseline 0.002 -19"><span class='ocrx_word' id='word_1_573' title='bbox 226 4235 331 4292; x_wconf 86' lang='lat' dir='ltr'><strong>vel</strong></span> <span class='ocrx_word' id='word_1_574' title='bbox 361 4252 626 4308; x_wconf 89' lang='lat' dir='ltr'><strong>perverse</strong></span> <span class='ocrx_word' id='word_1_575' title='bbox 646 4237 837 4309; x_wconf 88' lang='lat' dir='ltr'><strong>pravis</strong></span> <span class='ocrx_word' id='word_1_576' title='bbox 853 4237 1117 4293; x_wconf 90' lang='lat' dir='ltr'><strong>moribus</strong></span> <span class='ocrx_word' id='word_1_577' title='bbox 1150 4241 1208 4294; x_wconf 90' lang='lat' dir='ltr'><strong>et</strong></span> <span class='ocrx_word' id='word_1_578' title='bbox 1238 4237 1443 4310; x_wconf 89' lang='lat' dir='ltr'><strong>iniqua</strong></span> <span class='ocrx_word' id='word_1_579' title='bbox 1461 4238 1896 4295; x_wconf 90' lang='lat' dir='ltr'><strong>conversatione</strong></span> 
     </span>
    </p>
   </div>
   <div class='ocr_carea' id='block_1_77' title="bbox 224 4323 1894 4396">
    <p class='ocr_par' dir='ltr' id='par_1_77' title="bbox 224 4323 1894 4396">
     <span class='ocr_line' id='line_1_77' title="bbox 224 4323 1894 4396; baseline 0.002 -15"><span class='ocrx_word' id='word_1_580' title='bbox 224 4324 506 4392; x_wconf 79' lang='lat' dir='ltr'><strong>vivendo,</strong></span> <span class='ocrx_word' id='word_1_581' title='bbox 536 4323 598 4379; x_wconf 91' lang='lat' dir='ltr'><strong>in</strong></span> <span class='ocrx_word' id='word_1_582' title='bbox 619 4325 915 4396; x_wconf 86' lang='lat' dir='ltr'><strong>judicium</strong></span> <span class='ocrx_word' id='word_1_583' title='bbox 945 4329 1005 4383; x_wconf 88' lang='lat' dir='ltr'><strong>et</strong></span> <span class='ocrx_word' id='word_1_584' title='bbox 1031 4326 1671 4393; x_wconf 87' lang='lat' dir='ltr'><strong>condemnationem,et</strong></span> <span class='ocrx_word' id='word_1_585' title='bbox 1700 4327 1748 4383; x_wconf 91' lang='lat' dir='ltr'><strong>si</strong></span> <span class='ocrx_word' id='word_1_586' title='bbox 1778 4346 1894 4385; x_wconf 93' lang='lat' dir='ltr'><strong>non</strong></span> 
     </span>
    </p>
   </div>
   <div class='ocr_carea' id='block_1_78' title="bbox 225 4411 1894 4490">
    <p class='ocr_par' dir='ltr' id='par_1_78' title="bbox 225 4411 1894 4490">
     <span class='ocr_line' id='line_1_78' title="bbox 225 4411 1894 4490; baseline 0.002 -21"><span class='ocrx_word' id='word_1_587' title='bbox 225 4411 351 4469; x_wconf 84' lang='lat' dir='ltr'><strong>utJ</strong></span> <span class='ocrx_word' id='word_1_588' title='bbox 358 4413 504 4468; x_wconf 89' lang='lat' dir='ltr'><strong>udas</strong></span> <span class='ocrx_word' id='word_1_589' title='bbox 523 4413 1384 4486; x_wconf 85' lang='lat' dir='ltr'><strong>pecoatoribusJudaeis,verum</strong></span> <span class='ocrx_word' id='word_1_590' title='bbox 1406 4416 1753 4490; x_wconf 87' lang='lat' dir='ltr'><strong>sanguinem</strong></span> <span class='ocrx_word' id='word_1_591' title='bbox 1768 4417 1894 4489; x_wconf 85' lang='lat' dir='ltr'><strong>jus-</strong></span> 
     </span>
    </p>
   </div>
   <div class='ocr_carea' id='block_1_79' title="bbox 221 4500 1895 4577">
    <p class='ocr_par' dir='ltr' id='par_1_79' title="bbox 221 4500 1895 4577">
     <span class='ocr_line' id='line_1_79' title="bbox 221 4500 1895 4577; baseline 0.002 -18"><span class='ocrx_word' id='word_1_592' title='bbox 221 4505 371 4559; x_wconf 73' lang='lat' dir='ltr'><strong>tum</strong></span> <span class='ocrx_word' id='word_1_593' title='bbox 403 4500 619 4559; x_wconf 90' lang='lat' dir='ltr'><strong>Christi</strong></span> <span class='ocrx_word' id='word_1_594' title='bbox 641 4503 741 4559; x_wconf 91' lang='lat' dir='ltr'><strong>Dei</strong></span> <span class='ocrx_word' id='word_1_595' title='bbox 765 4503 947 4560; x_wconf 89' lang='lat' dir='ltr'><strong>nostri</strong></span> <span class='ocrx_word' id='word_1_596' title='bbox 977 4503 1103 4560; x_wconf 89' lang='lat' dir='ltr'><strong>suis</strong></span> <span class='ocrx_word' id='word_1_597' title='bbox 1125 4505 1528 4577; x_wconf 90' lang='lat' dir='ltr'><strong>peccatoribus</strong></span> <span class='ocrx_word' id='word_1_598' title='bbox 1548 4505 1895 4564; x_wconf 88' lang='lat' dir='ltr'><strong>tradiderint</strong></span> 
     </span>
    </p>
   </div>
   <div class='ocr_carea' id='block_1_80' title="bbox 220 4591 1892 4666">
    <p class='ocr_par' dir='ltr' id='par_1_80' title="bbox 220 4591 1892 4666">
     <span class='ocr_line' id='line_1_80' title="bbox 220 4591 1892 4666; baseline 0.002 -17"><span class='ocrx_word' id='word_1_599' title='bbox 220 4591 548 4649; x_wconf 85' lang='lat' dir='ltr'><strong>membris.</strong></span> <span class='ocrx_word' id='word_1_600' title='bbox 565 4591 853 4649; x_wconf 87' lang='lat' dir='ltr'><strong>Medicina</strong></span> <span class='ocrx_word' id='word_1_601' title='bbox 870 4592 1025 4649; x_wconf 88' lang='lat' dir='ltr'><strong>enim</strong></span> <span class='ocrx_word' id='word_1_602' title='bbox 1049 4593 1329 4666; x_wconf 88' lang='lat' dir='ltr'><strong>spiritalis</strong></span> <span class='ocrx_word' id='word_1_603' title='bbox 1358 4598 1467 4664; x_wconf 90' lang='lat' dir='ltr'><strong>est,</strong></span> <span class='ocrx_word' id='word_1_604' title='bbox 1490 4599 1554 4651; x_wconf 91' lang='lat' dir='ltr'><strong>ut</strong></span> <span class='ocrx_word' id='word_1_605' title='bbox 1582 4594 1723 4651; x_wconf 82' lang='lat' dir='ltr'><strong>dicit</strong></span> <span class='ocrx_word' id='word_1_606' title='bbox 1749 4597 1892 4652; x_wconf 88' lang='lat' dir='ltr'><strong>Am-</strong></span> 
     </span>
    </p>
   </div>
   <div class='ocr_carea' id='block_1_81' title="bbox 218 4679 1889 4757">
    <p class='ocr_par' dir='ltr' id='par_1_81' title="bbox 218 4679 1889 4757">
     <span class='ocr_line' id='line_1_81' title="bbox 218 4679 1889 4757; baseline 0.002 -20"><span class='ocrx_word' id='word_1_607' title='bbox 218 4679 498 4747; x_wconf 86' lang='lat' dir='ltr'><strong>brosius,</strong></span> <span class='ocrx_word' id='word_1_608' title='bbox 512 4696 639 4753; x_wconf 66' lang='lat' dir='ltr'><strong>quae</strong></span> <span class='ocrx_word' id='word_1_609' title='bbox 661 4697 795 4737; x_wconf 89' lang='lat' dir='ltr'><strong>cum</strong></span> <span class='ocrx_word' id='word_1_610' title='bbox 813 4682 1132 4738; x_wconf 88' lang='lat' dir='ltr'><strong>reverentia</strong></span> <span class='ocrx_word' id='word_1_611' title='bbox 1151 4684 1457 4756; x_wconf 88' lang='lat' dir='ltr'><strong>degustata</strong></span> <span class='ocrx_word' id='word_1_612' title='bbox 1478 4683 1749 4757; x_wconf 84' lang='lat' dir='ltr'><strong>purificat</strong></span> <span class='ocrx_word' id='word_1_613' title='bbox 1777 4685 1889 4741; x_wconf 91' lang='lat' dir='ltr'><strong>sibi</strong></span> 
     </span>
    </p>
   </div>
   <div class='ocr_carea' id='block_1_82' title="bbox 218 4770 1890 4846">
    <p class='ocr_par' dir='ltr' id='par_1_82' title="bbox 218 4770 1890 4846">
     <span class='ocr_line' id='line_1_82' title="bbox 218 4770 1890 4846; baseline 0.003 -20"><span class='ocrx_word' id='word_1_614' title='bbox 218 4770 519 4827; x_wconf 81' lang='lat' dir='ltr'><strong>devotum</strong></span> <span class='ocrx_word' id='word_1_615' title='bbox 542 4786 557 4825; x_wconf 89' lang='lat'><strong>:</strong></span> <span class='ocrx_word' id='word_1_616' title='bbox 583 4770 866 4827; x_wconf 89' lang='lat' dir='ltr'><strong>memoria</strong></span> <span class='ocrx_word' id='word_1_617' title='bbox 883 4772 1100 4846; x_wconf 91' lang='lat' dir='ltr'><strong>quippe</strong></span> <span class='ocrx_word' id='word_1_618' title='bbox 1116 4773 1535 4846; x_wconf 88' lang='lat' dir='ltr'><strong>redemptionis</strong></span> <span class='ocrx_word' id='word_1_619' title='bbox 1556 4778 1766 4831; x_wconf 67' lang='lat' dir='ltr'><strong>nostrae</strong></span> <span class='ocrx_word' id='word_1_620' title='bbox 1782 4779 1890 4832; x_wconf 89' lang='lat' dir='ltr'><strong>est.</strong></span> 
     </span>
    </p>
   </div>
   <div class='ocr_carea' id='block_1_83' title="bbox 222 4856 1893 4920">
    <p class='ocr_par' dir='ltr' id='par_1_83' title="bbox 222 4856 1893 4920">
     <span class='ocr_line' id='line_1_83' title="bbox 222 4856 1893 4920; baseline 0.002 -5"><span class='ocrx_word' id='word_1_621' title='bbox 222 4856 411 4915; x_wconf 88' lang='lat' dir='ltr'><strong>Unde</strong></span> <span class='ocrx_word' id='word_1_622' title='bbox 439 4858 638 4916; x_wconf 89' lang='lat' dir='ltr'><strong>devote</strong></span> <span class='ocrx_word' id='word_1_623' title='bbox 666 4864 725 4916; x_wconf 92' lang='lat' dir='ltr'><strong>et</strong></span> <span class='ocrx_word' id='word_1_624' title='bbox 753 4877 889 4916; x_wconf 93' lang='lat' dir='ltr'><strong>cum</strong></span> <span class='ocrx_word' id='word_1_625' title='bbox 918 4860 1130 4917; x_wconf 87' lang='lat' dir='ltr'><strong>timore</strong></span> <span class='ocrx_word' id='word_1_626' title='bbox 1178 4862 1574 4918; x_wconf 87' lang='lat' dir='ltr'><strong>accedendum</strong></span> <span class='ocrx_word' id='word_1_627' title='bbox 1623 4864 1694 4918; x_wconf 91' lang='lat' dir='ltr'><strong>ad</strong></span> <span class='ocrx_word' id='word_1_628' title='bbox 1728 4880 1893 4920; x_wconf 91' lang='lat' dir='ltr'><strong>com-</strong></span> 
     </span>
    </p>
   </div>
   <div class='ocr_carea' id='block_1_84' title="bbox 219 4945 1890 5023">
    <p class='ocr_par' dir='ltr' id='par_1_84' title="bbox 219 4945 1890 5023">
     <span class='ocr_line' id='line_1_84' title="bbox 219 4945 1890 5023; baseline 0.004 -20"><span class='ocrx_word' id='word_1_629' title='bbox 219 4945 586 5003; x_wconf 83' lang='lat' dir='ltr'><strong>munionem</strong></span> <span class='ocrx_word' id='word_1_630' title='bbox 615 4950 744 5021; x_wconf 88' lang='lat' dir='ltr'><strong>ejus</strong></span> <span class='ocrx_word' id='word_1_631' title='bbox 774 4949 942 5012; x_wconf 87' lang='lat' dir='ltr'><strong>docet</strong></span> <span class='ocrx_word' id='word_1_632' title='bbox 968 4949 1301 5023; x_wconf 87' lang='lat' dir='ltr'><strong>Apostolus,</strong></span> <span class='ocrx_word' id='word_1_633' title='bbox 1320 4956 1388 5007; x_wconf 89' lang='lat' dir='ltr'><strong>ut</strong></span> <span class='ocrx_word' id='word_1_634' title='bbox 1416 4952 1563 5007; x_wconf 85' lang='lat' dir='ltr'><strong>sciat</strong></span> <span class='ocrx_word' id='word_1_635' title='bbox 1605 4969 1771 5008; x_wconf 90' lang='lat' dir='ltr'><strong>mens</strong></span> <span class='ocrx_word' id='word_1_636' title='bbox 1805 4970 1890 5009; x_wconf 89' lang='lat' dir='ltr'><strong>re-</strong></span> 
     </span>
    </p>
   </div>
   <div class='ocr_carea' id='block_1_85' title="bbox 216 5035 1889 5112">
    <p class='ocr_par' dir='ltr' id='par_1_85' title="bbox 216 5035 1889 5112">
     <span class='ocr_line' id='line_1_85' title="bbox 216 5035 1889 5112; baseline 0.004 -21"><span class='ocrx_word' id='word_1_637' title='bbox 216 5035 565 5093; x_wconf 78' lang='lat' dir='ltr'><strong>verentiam</strong></span> <span class='ocrx_word' id='word_1_638' title='bbox 596 5055 657 5094; x_wconf 91' lang='lat' dir='ltr'><strong>se</strong></span> <span class='ocrx_word' id='word_1_639' title='bbox 681 5038 889 5095; x_wconf 89' lang='lat' dir='ltr'><strong>debere</strong></span> <span class='ocrx_word' id='word_1_640' title='bbox 918 5038 1080 5108; x_wconf 90' lang='lat' dir='ltr'><strong>ei,ad</strong></span> <span class='ocrx_word' id='word_1_641' title='bbox 1112 5040 1283 5112; x_wconf 87' lang='lat' dir='ltr'><strong>cujus</strong></span> <span class='ocrx_word' id='word_1_642' title='bbox 1300 5057 1512 5112; x_wconf 87' lang='lat' dir='ltr'><strong>corpus</strong></span> <span class='ocrx_word' id='word_1_643' title='bbox 1534 5042 1889 5097; x_wconf 88' lang='lat' dir='ltr'><strong>sumendum</strong></span> 
     </span>
    </p>
   </div>
   <div class='ocr_carea' id='block_1_86' title="bbox 218 5124 1890 5202">
    <p class='ocr_par' dir='ltr' id='par_1_86' title="bbox 218 5124 1890 5202">
     <span class='ocr_line' id='line_1_86' title="bbox 218 5124 1890 5202; baseline 0.003 -20"><span class='ocrx_word' id='word_1_644' title='bbox 218 5124 490 5182; x_wconf 79' lang='lat' dir='ltr'><strong>accedit.</strong></span> <span class='ocrx_word' id='word_1_645' title='bbox 510 5125 625 5182; x_wconf 83' lang='lat' dir='ltr'><strong>Hoc</strong></span> <span class='ocrx_word' id='word_1_646' title='bbox 646 5126 801 5183; x_wconf 91' lang='lat' dir='ltr'><strong>enim</strong></span> <span class='ocrx_word' id='word_1_647' title='bbox 828 5128 983 5201; x_wconf 91' lang='lat' dir='ltr'><strong>apud</strong></span> <span class='ocrx_word' id='word_1_648' title='bbox 1014 5145 1077 5184; x_wconf 90' lang='lat' dir='ltr'><strong>se</strong></span> <span class='ocrx_word' id='word_1_649' title='bbox 1097 5128 1271 5184; x_wconf 89' lang='lat' dir='ltr'><strong>debet</strong></span> <span class='ocrx_word' id='word_1_650' title='bbox 1298 5129 1586 5200; x_wconf 87' lang='lat' dir='ltr'><strong>judicare,</strong></span> <span class='ocrx_word' id='word_1_651' title='bbox 1611 5129 1750 5202; x_wconf 89' lang='lat' dir='ltr'><strong>quia</strong></span> <span class='ocrx_word' id='word_1_652' title='bbox 1779 5131 1890 5187; x_wconf 88' lang='lat' dir='ltr'><strong>Do-</strong></span> 
     </span>
    </p>
   </div>
   <div class='ocr_carea' id='block_1_87' title="bbox 214 5214 1895 5292">
    <p class='ocr_par' dir='ltr' id='par_1_87' title="bbox 214 5214 1895 5292">
     <span class='ocr_line' id='line_1_87' title="bbox 214 5214 1895 5292; baseline 0.004 -24"><span class='ocrx_word' id='word_1_653' title='bbox 214 5214 444 5269; x_wconf 86' lang='lat' dir='ltr'><strong>minus</strong></span> <span class='ocrx_word' id='word_1_654' title='bbox 465 5218 573 5284; x_wconf 88' lang='lat' dir='ltr'><strong>est,</strong></span> <span class='ocrx_word' id='word_1_655' title='bbox 593 5215 763 5287; x_wconf 89' lang='lat' dir='ltr'><strong>cujus</strong></span> <span class='ocrx_word' id='word_1_656' title='bbox 795 5216 854 5271; x_wconf 91' lang='lat' dir='ltr'><strong>in</strong></span> <span class='ocrx_word' id='word_1_657' title='bbox 886 5215 1161 5290; x_wconf 81' lang='lat' dir='ltr'><strong>mysterio</strong></span> <span class='ocrx_word' id='word_1_658' title='bbox 1194 5217 1541 5289; x_wconf 89' lang='lat' dir='ltr'><strong>sanguinem</strong></span> <span class='ocrx_word' id='word_1_659' title='bbox 1589 5222 1768 5291; x_wconf 85' lang='lat' dir='ltr'><strong>potat,</strong></span> <span class='ocrx_word' id='word_1_660' title='bbox 1792 5218 1895 5292; x_wconf 89' lang='lat' dir='ltr'><strong>qui</strong></span> 
     </span>
    </p>
   </div>
   <div class='ocr_carea' id='block_1_88' title="bbox 188 5301 1895 5380">
    <p class='ocr_par' dir='ltr' id='par_1_88' title="bbox 188 5301 1895 5380">
     <span class='ocr_line' id='line_1_88' title="bbox 188 5301 1895 5380; baseline 0.002 -20"><span class='ocrx_word' id='word_1_661' title='bbox 188 5301 415 5360; x_wconf 71' lang='lat' dir='ltr'><strong>testis</strong></span> <span class='ocrx_word' id='word_1_662' title='bbox 434 5307 526 5358; x_wconf 91' lang='lat' dir='ltr'><strong>est</strong></span> <span class='ocrx_word' id='word_1_663' title='bbox 553 5304 818 5362; x_wconf 85' lang='lat' dir='ltr'><strong>beneﬁcii</strong></span> <span class='ocrx_word' id='word_1_664' title='bbox 852 5304 975 5374; x_wconf 91' lang='lat' dir='ltr'><strong>Dei,</strong></span> <span class='ocrx_word' id='word_1_665' title='bbox 995 5321 1171 5379; x_wconf 90' lang='lat' dir='ltr'><strong>quem</strong></span> <span class='ocrx_word' id='word_1_666' title='bbox 1206 5323 1311 5363; x_wconf 91' lang='lat' dir='ltr'><strong>nos</strong></span> <span class='ocrx_word' id='word_1_667' title='bbox 1343 5306 1391 5361; x_wconf 88' lang='lat' dir='ltr'><strong>si</strong></span> <span class='ocrx_word' id='word_1_668' title='bbox 1426 5323 1561 5362; x_wconf 88' lang='lat' dir='ltr'><strong>cum</strong></span> <span class='ocrx_word' id='word_1_669' title='bbox 1582 5308 1895 5380; x_wconf 88' lang='lat' dir='ltr'><strong>disciplina</strong></span> 
     </span>
    </p>
   </div>
   <div class='ocr_carea' id='block_1_89' title="bbox 214 5390 1896 5470">
    <p class='ocr_par' dir='ltr' id='par_1_89' title="bbox 214 5390 1896 5470">
     <span class='ocr_line' id='line_1_89' title="bbox 214 5390 1896 5470; baseline 0.002 -20"><span class='ocrx_word' id='word_1_670' title='bbox 214 5390 712 5462; x_wconf 77' lang='lat' dir='ltr'><strong>accipimus,non</strong></span> <span class='ocrx_word' id='word_1_671' title='bbox 733 5394 955 5452; x_wconf 89' lang='lat' dir='ltr'><strong>erimus</strong></span> <span class='ocrx_word' id='word_1_672' title='bbox 976 5394 1203 5469; x_wconf 89' lang='lat' dir='ltr'><strong>indigni</strong></span> <span class='ocrx_word' id='word_1_673' title='bbox 1224 5394 1485 5468; x_wconf 89' lang='lat' dir='ltr'><strong>corporis</strong></span> <span class='ocrx_word' id='word_1_674' title='bbox 1507 5400 1565 5451; x_wconf 89' lang='lat' dir='ltr'><strong>et</strong></span> <span class='ocrx_word' id='word_1_675' title='bbox 1587 5397 1896 5470; x_wconf 89' lang='lat' dir='ltr'><strong>sanguinis</strong></span> 
     </span>
    </p>
   </div>
   <div class='ocr_carea' id='block_1_90' title="bbox 214 5478 1896 5557">
    <p class='ocr_par' dir='ltr' id='par_1_90' title="bbox 214 5478 1896 5557">
     <span class='ocr_line' id='line_1_90' title="bbox 214 5478 1896 5557; baseline 0.002 -18"><span class='ocrx_word' id='word_1_676' title='bbox 214 5478 499 5539; x_wconf 86' lang='lat' dir='ltr'><strong>Domini.</strong></span> <span class='ocrx_word' id='word_1_677' title='bbox 515 5481 712 5539; x_wconf 89' lang='lat' dir='ltr'><strong>Gratia</strong></span> <span class='ocrx_word' id='word_1_678' title='bbox 732 5483 890 5540; x_wconf 89' lang='lat' dir='ltr'><strong>enim</strong></span> <span class='ocrx_word' id='word_1_679' title='bbox 914 5482 1209 5540; x_wconf 89' lang='lat' dir='ltr'><strong>videbitur</strong></span> <span class='ocrx_word' id='word_1_680' title='bbox 1236 5483 1628 5557; x_wconf 86' lang='lat' dir='ltr'><strong>Redemptori.</strong></span> <span class='ocrx_word' id='word_1_681' title='bbox 1650 5486 1896 5554; x_wconf 85' lang='lat' dir='ltr'><strong>Quicun-</strong></span> 
     </span>
    </p>
   </div>
   <div class='ocr_carea' id='block_1_91' title="bbox 180 5570 1897 5647">
    <p class='ocr_par' dir='ltr' id='par_1_91' title="bbox 180 5570 1897 5647">
     <span class='ocr_line' id='line_1_91' title="bbox 180 5570 1897 5647; baseline 0.004 -22"><span class='ocrx_word' id='word_1_682' title='bbox 180 5604 191 5607; x_wconf 96' lang='lat'><em>-</em></span> <span class='ocrx_word' id='word_1_683' title='bbox 211 5587 341 5647; x_wconf 72' lang='lat' dir='ltr'><strong>que</strong></span> <span class='ocrx_word' id='word_1_684' title='bbox 359 5586 498 5626; x_wconf 82' lang='lat' dir='ltr'><strong>vere</strong></span> <span class='ocrx_word' id='word_1_685' title='bbox 515 5570 706 5628; x_wconf 85' lang='lat' dir='ltr'><strong>ederit</strong></span> <span class='ocrx_word' id='word_1_686' title='bbox 722 5588 931 5643; x_wconf 82' lang='lat' dir='ltr'><strong>panem</strong></span> <span class='ocrx_word' id='word_1_687' title='bbox 949 5577 1120 5642; x_wconf 79' lang='lat' dir='ltr'><strong>hunc,</strong></span> <span class='ocrx_word' id='word_1_688' title='bbox 1133 5580 1236 5630; x_wconf 88' lang='lat' dir='ltr'><strong>aut</strong></span> <span class='ocrx_word' id='word_1_689' title='bbox 1260 5572 1475 5629; x_wconf 81' lang='lat' dir='ltr'><strong>biberit</strong></span> <span class='ocrx_word' id='word_1_690' title='bbox 1495 5572 1747 5632; x_wconf 85' lang='lat' dir='ltr'><strong>calicem</strong></span> <span class='ocrx_word' id='word_1_691' title='bbox 1775 5578 1897 5632; x_wconf 89' lang='lat' dir='ltr'><strong>Do-</strong></span> 
     </span>
    </p>
   </div>
   <div class='ocr_carea' id='block_1_92' title="bbox 178 5658 1903 5740">
    <p class='ocr_par' dir='ltr' id='par_1_92' title="bbox 178 5658 1903 5740">
     <span class='ocr_line' id='line_1_92' title="bbox 178 5658 1903 5740; baseline 0.006 -25"><span class='ocrx_word' id='word_1_692' title='bbox 178 5706 187 5715; x_wconf 85' lang='lat'><strong>.</strong></span> <span class='ocrx_word' id='word_1_693' title='bbox 210 5659 397 5719; x_wconf 69' lang='lat' dir='ltr'><strong>mihi</strong></span> <span class='ocrx_word' id='word_1_694' title='bbox 416 5658 679 5736; x_wconf 80' lang='lat' dir='ltr'><strong>indigne,</strong></span> <span class='ocrx_word' id='word_1_695' title='bbox 691 5678 826 5721; x_wconf 82' lang='lat' dir='ltr'><strong>reus</strong></span> <span class='ocrx_word' id='word_1_696' title='bbox 843 5663 955 5721; x_wconf 85' lang='lat' dir='ltr'><strong>erit</strong></span> <span class='ocrx_word' id='word_1_697' title='bbox 973 5662 1240 5737; x_wconf 86' lang='lat' dir='ltr'><strong>corporis</strong></span> <span class='ocrx_word' id='word_1_698' title='bbox 1257 5666 1314 5721; x_wconf 83' lang='lat' dir='ltr'><strong>et</strong></span> <span class='ocrx_word' id='word_1_699' title='bbox 1331 5664 1639 5740; x_wconf 82' lang='lat' dir='ltr'><strong>sanguinis</strong></span> <span class='ocrx_word' id='word_1_700' title='bbox 1663 5664 1903 5725; x_wconf 83' lang='lat' dir='ltr'><strong>Domini</strong></span> 
     </span>
    </p>
   </div>
   <div class='ocr_carea' id='block_1_93' title="bbox 2008 3344 3657 3417">
    <p class='ocr_par' dir='ltr' id='par_1_93' title="bbox 2008 3344 3657 3417">
     <span class='ocr_line' id='line_1_93' title="bbox 2008 3344 3657 3417; baseline 0.002 -17"><span class='ocrx_word' id='word_1_701' title='bbox 2008 3362 2161 3401; x_wconf 91' lang='lat' dir='ltr'><strong>mus.</strong></span> <span class='ocrx_word' id='word_1_702' title='bbox 2177 3345 2301 3401; x_wconf 90' lang='lat' dir='ltr'><strong>Non</strong></span> <span class='ocrx_word' id='word_1_703' title='bbox 2320 3345 2477 3401; x_wconf 90' lang='lat' dir='ltr'><strong>enim</strong></span> <span class='ocrx_word' id='word_1_704' title='bbox 2501 3344 2868 3417; x_wconf 88' lang='lat' dir='ltr'><strong>scripsimus,</strong></span> <span class='ocrx_word' id='word_1_705' title='bbox 2893 3344 3158 3402; x_wconf 88' lang='lat' dir='ltr'><strong>Christus</strong></span> <span class='ocrx_word' id='word_1_706' title='bbox 3178 3346 3349 3402; x_wconf 90' lang='lat' dir='ltr'><strong>Jesus</strong></span> <span class='ocrx_word' id='word_1_707' title='bbox 3375 3346 3657 3404; x_wconf 89' lang='lat' dir='ltr'><strong>Dominus</strong></span> 
     </span>
    </p>
   </div>
   <div class='ocr_carea' id='block_1_94' title="bbox 2009 3431 3660 3507">
    <p class='ocr_par' dir='ltr' id='par_1_94' title="bbox 2009 3431 3660 3507">
     <span class='ocr_line' id='line_1_94' title="bbox 2009 3431 3660 3507; baseline 0.002 -19"><span class='ocrx_word' id='word_1_708' title='bbox 2009 3432 2386 3500; x_wconf 89' lang='lat' dir='ltr'><strong>noster,sicut</strong></span> <span class='ocrx_word' id='word_1_709' title='bbox 2406 3431 2603 3488; x_wconf 91' lang='lat' dir='ltr'><strong>nullus</strong></span> <span class='ocrx_word' id='word_1_710' title='bbox 2626 3432 2799 3488; x_wconf 91' lang='lat' dir='ltr'><strong>homo</strong></span> <span class='ocrx_word' id='word_1_711' title='bbox 2820 3432 3049 3502; x_wconf 84' lang='lat' dir='ltr'><strong>est,fuit</strong></span> <span class='ocrx_word' id='word_1_712' title='bbox 3063 3433 3151 3489; x_wconf 93' lang='lat' dir='ltr'><strong>vel</strong></span> <span class='ocrx_word' id='word_1_713' title='bbox 3173 3433 3479 3507; x_wconf 91' lang='lat' dir='ltr'><strong>erit,cujus</strong></span> <span class='ocrx_word' id='word_1_714' title='bbox 3494 3439 3660 3491; x_wconf 89' lang='lat' dir='ltr'><strong>natu-</strong></span> 
     </span>
    </p>
   </div>
   <div class='ocr_carea' id='block_1_95' title="bbox 2008 3520 3658 3594">
    <p class='ocr_par' dir='ltr' id='par_1_95' title="bbox 2008 3520 3658 3594">
     <span class='ocr_line' id='line_1_95' title="bbox 2008 3520 3658 3594; baseline 0.004 -19"><span class='ocrx_word' id='word_1_715' title='bbox 2008 3522 2152 3577; x_wconf 91' lang='lat' dir='ltr'><strong>rain</strong></span> <span class='ocrx_word' id='word_1_716' title='bbox 2174 3520 2272 3577; x_wconf 93' lang='lat' dir='ltr'><strong>illo</strong></span> <span class='ocrx_word' id='word_1_717' title='bbox 2293 3525 2599 3594; x_wconf 89' lang='lat' dir='ltr'><strong>assumpta</strong></span> <span class='ocrx_word' id='word_1_718' title='bbox 2618 3538 2733 3577; x_wconf 91' lang='lat' dir='ltr'><strong>non</strong></span> <span class='ocrx_word' id='word_1_719' title='bbox 2759 3521 2933 3577; x_wconf 89' lang='lat' dir='ltr'><strong>fuerit</strong></span> <span class='ocrx_word' id='word_1_720' title='bbox 2953 3539 2966 3577; x_wconf 91' lang='lat'>:</span> <span class='ocrx_word' id='word_1_721' title='bbox 2992 3522 3075 3578; x_wconf 91' lang='lat' dir='ltr'><strong>ita</strong></span> <span class='ocrx_word' id='word_1_722' title='bbox 3095 3522 3295 3580; x_wconf 90' lang='lat' dir='ltr'><strong>nullus</strong></span> <span class='ocrx_word' id='word_1_723' title='bbox 3310 3524 3658 3592; x_wconf 90' lang='lat' dir='ltr'><strong>est,fuit,vel</strong></span> 
     </span>
    </p>
   </div>
   <div class='ocr_carea' id='block_1_96' title="bbox 2007 3609 3658 3684">
    <p class='ocr_par' dir='ltr' id='par_1_96' title="bbox 2007 3609 3658 3684">
     <span class='ocr_line' id='line_1_96' title="bbox 2007 3609 3658 3684; baseline 0.002 -18"><span class='ocrx_word' id='word_1_724' title='bbox 2007 3609 2117 3666; x_wconf 87' lang='lat' dir='ltr'><strong>erit</strong></span> <span class='ocrx_word' id='word_1_725' title='bbox 2137 3610 2525 3683; x_wconf 89' lang='lat' dir='ltr'><strong>homo,quem</strong></span> <span class='ocrx_word' id='word_1_726' title='bbox 2568 3627 2685 3667; x_wconf 91' lang='lat' dir='ltr'><strong>non</strong></span> <span class='ocrx_word' id='word_1_727' title='bbox 2722 3610 2991 3667; x_wconf 89' lang='lat' dir='ltr'><strong>Christus</strong></span> <span class='ocrx_word' id='word_1_728' title='bbox 3016 3629 3229 3684; x_wconf 90' lang='lat' dir='ltr'><strong>passus</strong></span> <span class='ocrx_word' id='word_1_729' title='bbox 3272 3613 3343 3669; x_wconf 89' lang='lat' dir='ltr'><strong>ad</strong></span> <span class='ocrx_word' id='word_1_730' title='bbox 3381 3618 3658 3670; x_wconf 64' lang='lat' dir='ltr'><strong>aeternam</strong></span> 
     </span>
    </p>
   </div>
   <div class='ocr_carea' id='block_1_97' title="bbox 2007 3698 3660 3773">
    <p class='ocr_par' dir='ltr' id='par_1_97' title="bbox 2007 3698 3660 3773">
     <span class='ocr_line' id='line_1_97' title="bbox 2007 3698 3660 3773; baseline 0.003 -18"><span class='ocrx_word' id='word_1_731' title='bbox 2007 3698 2257 3755; x_wconf 89' lang='lat' dir='ltr'><strong>salutem</strong></span> <span class='ocrx_word' id='word_1_732' title='bbox 2280 3699 2611 3755; x_wconf 88' lang='lat' dir='ltr'><strong>rcdemerit.</strong></span> <span class='ocrx_word' id='word_1_733' title='bbox 2640 3699 2750 3757; x_wconf 84' lang='lat' dir='ltr'><strong>Sed</strong></span> <span class='ocrx_word' id='word_1_734' title='bbox 2790 3699 3446 3773; x_wconf 89' lang='lat' dir='ltr'><strong>scripsimus,Christus</strong></span> <span class='ocrx_word' id='word_1_735' title='bbox 3484 3704 3660 3759; x_wconf 86' lang='lat' dir='ltr'><strong>Jesus</strong></span> 
     </span>
    </p>
   </div>
   <div class='ocr_carea' id='block_1_98' title="bbox 2006 3786 3663 3861">
    <p class='ocr_par' dir='ltr' id='par_1_98' title="bbox 2006 3786 3663 3861">
     <span class='ocr_line' id='line_1_98' title="bbox 2006 3786 3663 3861; baseline 0.003 -18"><span class='ocrx_word' id='word_1_736' title='bbox 2006 3786 2291 3845; x_wconf 90' lang='lat' dir='ltr'><strong>Dominus</strong></span> <span class='ocrx_word' id='word_1_737' title='bbox 2304 3792 2503 3844; x_wconf 88' lang='lat' dir='ltr'><strong>noster</strong></span> <span class='ocrx_word' id='word_1_738' title='bbox 2514 3787 2876 3845; x_wconf 89' lang='lat' dir='ltr'><strong>sicutnullus</strong></span> <span class='ocrx_word' id='word_1_739' title='bbox 2889 3788 3064 3846; x_wconf 92' lang='lat' dir='ltr'><strong>homo</strong></span> <span class='ocrx_word' id='word_1_740' title='bbox 3077 3790 3417 3859; x_wconf 87' lang='lat' dir='ltr'><strong>est,fuit,vel</strong></span> <span class='ocrx_word' id='word_1_741' title='bbox 3430 3791 3663 3861; x_wconf 90' lang='lat' dir='ltr'><strong>erit,cu-</strong></span> 
     </span>
    </p>
   </div>
   <div class='ocr_carea' id='block_1_99' title="bbox 1997 3876 3658 3950">
    <p class='ocr_par' dir='ltr' id='par_1_99' title="bbox 1997 3876 3658 3950">
     <span class='ocr_line' id='line_1_99' title="bbox 1997 3876 3658 3950; baseline 0.003 -19"><span class='ocrx_word' id='word_1_742' title='bbox 1997 3877 2101 3948; x_wconf 90' lang='lat' dir='ltr'><strong>jus</strong></span> <span class='ocrx_word' id='word_1_743' title='bbox 2124 3877 2413 3933; x_wconf 88' lang='lat' dir='ltr'><strong>naturain</strong></span> <span class='ocrx_word' id='word_1_744' title='bbox 2434 3876 2534 3933; x_wconf 92' lang='lat' dir='ltr'><strong>illo</strong></span> <span class='ocrx_word' id='word_1_745' title='bbox 2556 3882 2863 3950; x_wconf 89' lang='lat' dir='ltr'><strong>assumpta</strong></span> <span class='ocrx_word' id='word_1_746' title='bbox 2884 3879 3197 3935; x_wconf 55' lang='lat' dir='ltr'><strong>non&#39;t‘uerit</strong></span> <span class='ocrx_word' id='word_1_747' title='bbox 3212 3896 3224 3936; x_wconf 93' lang='lat'><strong>:</strong></span> <span class='ocrx_word' id='word_1_748' title='bbox 3241 3878 3323 3936; x_wconf 90' lang='lat' dir='ltr'><strong>ita</strong></span> <span class='ocrx_word' id='word_1_749' title='bbox 3338 3880 3538 3937; x_wconf 87' lang='lat' dir='ltr'><strong>nullus</strong></span> <span class='ocrx_word' id='word_1_750' title='bbox 3550 3886 3658 3948; x_wconf 90' lang='lat' dir='ltr'><strong>est,</strong></span> 
     </span>
    </p>
   </div>
   <div class='ocr_carea' id='block_1_100' title="bbox 2007 3966 3658 4042">
    <p class='ocr_par' dir='ltr' id='par_1_100' title="bbox 2007 3966 3658 4042">
     <span class='ocr_line' id='line_1_100' title="bbox 2007 3966 3658 4042; baseline 0.004 -22"><span class='ocrx_word' id='word_1_751' title='bbox 2007 3966 2229 4035; x_wconf 90' lang='lat' dir='ltr'><strong>fuit,vel</strong></span> <span class='ocrx_word' id='word_1_752' title='bbox 2241 3966 2348 4021; x_wconf 90' lang='lat' dir='ltr'><strong>erit</strong></span> <span class='ocrx_word' id='word_1_753' title='bbox 2360 3966 2665 4038; x_wconf 88' lang='lat' dir='ltr'><strong>homo,pro</strong></span> <span class='ocrx_word' id='word_1_754' title='bbox 2678 3984 2794 4039; x_wconf 92' lang='lat' dir='ltr'><strong>quo</strong></span> <span class='ocrx_word' id='word_1_755' title='bbox 2808 3966 3077 4025; x_wconf 87' lang='lat' dir='ltr'><strong>Christus</strong></span> <span class='ocrx_word' id='word_1_756' title='bbox 3090 3986 3302 4042; x_wconf 88' lang='lat' dir='ltr'><strong>passus</strong></span> <span class='ocrx_word' id='word_1_757' title='bbox 3324 3987 3438 4027; x_wconf 91' lang='lat' dir='ltr'><strong>non</strong></span> <span class='ocrx_word' id='word_1_758' title='bbox 3465 3969 3658 4039; x_wconf 90' lang='lat' dir='ltr'><strong>fuerit,</strong></span> 
     </span>
    </p>
   </div>
   <div class='ocr_carea' id='block_1_101' title="bbox 2005 4054 3656 4130">
    <p class='ocr_par' dir='ltr' id='par_1_101' title="bbox 2005 4054 3656 4130">
     <span class='ocr_line' id='line_1_101' title="bbox 2005 4054 3656 4130; baseline 0.004 -21"><span class='ocrx_word' id='word_1_759' title='bbox 2005 4054 2139 4111; x_wconf 88' lang='lat' dir='ltr'><strong>licet</strong></span> <span class='ocrx_word' id='word_1_760' title='bbox 2155 4072 2270 4110; x_wconf 93' lang='lat' dir='ltr'><strong>non</strong></span> <span class='ocrx_word' id='word_1_761' title='bbox 2289 4071 2493 4110; x_wconf 89' lang='lat' dir='ltr'><strong>omnes</strong></span> <span class='ocrx_word' id='word_1_762' title='bbox 2514 4056 2807 4128; x_wconf 87' lang='lat' dir='ltr'><strong>passionis</strong></span> <span class='ocrx_word' id='word_1_763' title='bbox 2825 4056 2954 4128; x_wconf 89' lang='lat' dir='ltr'><strong>ejus</strong></span> <span class='ocrx_word' id='word_1_764' title='bbox 2976 4058 3254 4130; x_wconf 84' lang='lat' dir='ltr'><strong>mysterio</strong></span> <span class='ocrx_word' id='word_1_765' title='bbox 3271 4058 3656 4116; x_wconf 88' lang='lat' dir='ltr'><strong>redimantur.</strong></span> 
     </span>
    </p>
   </div>
   <div class='ocr_carea' id='block_1_102' title="bbox 2077 4145 3659 4215">
    <p class='ocr_par' dir='ltr' id='par_1_102' title="bbox 2077 4145 3659 4215">
     <span class='ocr_line' id='line_1_102' title="bbox 2077 4145 3659 4215; baseline 0.003 -16"><span class='ocrx_word' id='word_1_766' title='bbox 2077 4146 2263 4210; x_wconf 88' lang='lat' dir='ltr'><strong>Quare</strong></span> <span class='ocrx_word' id='word_1_767' title='bbox 2288 4148 2484 4200; x_wconf 90' lang='lat' dir='ltr'><strong>autem</strong></span> <span class='ocrx_word' id='word_1_768' title='bbox 2514 4161 2627 4200; x_wconf 88' lang='lat' dir='ltr'><strong>non</strong></span> <span class='ocrx_word' id='word_1_769' title='bbox 2662 4161 2867 4201; x_wconf 90' lang='lat' dir='ltr'><strong>omnes</strong></span> <span class='ocrx_word' id='word_1_770' title='bbox 2900 4145 3281 4215; x_wconf 88' lang='lat' dir='ltr'><strong>redimantur,</strong></span> <span class='ocrx_word' id='word_1_771' title='bbox 3315 4164 3451 4203; x_wconf 90' lang='lat' dir='ltr'><strong>cum</strong></span> <span class='ocrx_word' id='word_1_772' title='bbox 3484 4148 3659 4204; x_wconf 87' lang='lat' dir='ltr'><strong>fuerit</strong></span> 
     </span>
    </p>
   </div>
   <div class='ocr_carea' id='block_1_103' title="bbox 2004 4232 3655 4307">
    <p class='ocr_par' dir='ltr' id='par_1_103' title="bbox 2004 4232 3655 4307">
     <span class='ocr_line' id='line_1_103' title="bbox 2004 4232 3655 4307; baseline 0.002 -20"><span class='ocrx_word' id='word_1_773' title='bbox 2004 4249 2217 4304; x_wconf 89' lang='lat' dir='ltr'><strong>passus</strong></span> <span class='ocrx_word' id='word_1_774' title='bbox 2248 4232 2515 4288; x_wconf 91' lang='lat' dir='ltr'><strong>Christus</strong></span> <span class='ocrx_word' id='word_1_775' title='bbox 2552 4250 2658 4306; x_wconf 91' lang='lat' dir='ltr'><strong>pro</strong></span> <span class='ocrx_word' id='word_1_776' title='bbox 2709 4233 3007 4301; x_wconf 88' lang='lat' dir='ltr'><strong>omnibus,</strong></span> <span class='ocrx_word' id='word_1_777' title='bbox 3039 4234 3364 4307; x_wconf 90' lang='lat' dir='ltr'><strong>capitulum</strong></span> <span class='ocrx_word' id='word_1_778' title='bbox 3414 4252 3449 4291; x_wconf 91' lang='lat' dir='ltr'><strong>a</strong></span> <span class='ocrx_word' id='word_1_779' title='bbox 3486 4235 3655 4291; x_wconf 89' lang='lat' dir='ltr'><strong>nobis</strong></span> 
     </span>
    </p>
   </div>
   <div class='ocr_carea' id='block_1_104' title="bbox 2002 4320 3650 4394">
    <p class='ocr_par' dir='ltr' id='par_1_104' title="bbox 2002 4320 3650 4394">
     <span class='ocr_line' id='line_1_104' title="bbox 2002 4320 3650 4394; baseline 0.002 -18"><span class='ocrx_word' id='word_1_780' title='bbox 2002 4325 2336 4394; x_wconf 86' lang='lat' dir='ltr'><strong>excerptum</strong></span> <span class='ocrx_word' id='word_1_781' title='bbox 2359 4338 2474 4376; x_wconf 91' lang='lat' dir='ltr'><strong>non</strong></span> <span class='ocrx_word' id='word_1_782' title='bbox 2497 4320 2700 4387; x_wconf 90' lang='lat' dir='ltr'><strong>tacuit,</strong></span> <span class='ocrx_word' id='word_1_783' title='bbox 2714 4321 2868 4378; x_wconf 89' lang='lat' dir='ltr'><strong>sicut</strong></span> <span class='ocrx_word' id='word_1_784' title='bbox 2888 4321 2989 4394; x_wconf 92' lang='lat' dir='ltr'><strong>qui</strong></span> <span class='ocrx_word' id='word_1_785' title='bbox 3012 4320 3157 4377; x_wconf 92' lang='lat' dir='ltr'><strong>illud</strong></span> <span class='ocrx_word' id='word_1_786' title='bbox 3180 4321 3370 4394; x_wconf 89' lang='lat' dir='ltr'><strong>legere</strong></span> <span class='ocrx_word' id='word_1_787' title='bbox 3384 4321 3650 4392; x_wconf 89' lang='lat' dir='ltr'><strong>voluerit,</strong></span> 
     </span>
    </p>
   </div>
   <div class='ocr_carea' id='block_1_105' title="bbox 2001 4408 3653 4485">
    <p class='ocr_par' dir='ltr' id='par_1_105' title="bbox 2001 4408 3653 4485">
     <span class='ocr_line' id='line_1_105' title="bbox 2001 4408 3653 4485; baseline 0.002 -21"><span class='ocrx_word' id='word_1_788' title='bbox 2001 4408 2259 4466; x_wconf 90' lang='lat' dir='ltr'><strong>invenire</strong></span> <span class='ocrx_word' id='word_1_789' title='bbox 2286 4408 2520 4466; x_wconf 87' lang='lat' dir='ltr'><strong>valebit.</strong></span> <span class='ocrx_word' id='word_1_790' title='bbox 2536 4410 2647 4466; x_wconf 91' lang='lat' dir='ltr'><strong>Sed</strong></span> <span class='ocrx_word' id='word_1_791' title='bbox 2674 4415 2733 4467; x_wconf 90' lang='lat' dir='ltr'><strong>et</strong></span> <span class='ocrx_word' id='word_1_792' title='bbox 2762 4428 2797 4466; x_wconf 88' lang='lat' dir='ltr'><strong>a</strong></span> <span class='ocrx_word' id='word_1_793' title='bbox 2816 4414 3076 4483; x_wconf 89' lang='lat' dir='ltr'><strong>tempore</strong></span> <span class='ocrx_word' id='word_1_794' title='bbox 3096 4410 3411 4467; x_wconf 62' lang='lat' dir='ltr'><strong>Dominicis</strong></span> <span class='ocrx_word' id='word_1_795' title='bbox 3432 4413 3653 4485; x_wconf 90' lang='lat' dir='ltr'><strong>passio-</strong></span> 
     </span>
    </p>
   </div>
   <div class='ocr_carea' id='block_1_106' title="bbox 2001 4498 3645 4571">
    <p class='ocr_par' dir='ltr' id='par_1_106' title="bbox 2001 4498 3645 4571">
     <span class='ocr_line' id='line_1_106' title="bbox 2001 4498 3645 4571; baseline 0.001 -16"><span class='ocrx_word' id='word_1_796' title='bbox 2001 4500 2115 4569; x_wconf 90' lang='lat' dir='ltr'><strong>nis,</strong></span> <span class='ocrx_word' id='word_1_797' title='bbox 2134 4504 2199 4555; x_wconf 91' lang='lat' dir='ltr'><strong>ut</strong></span> <span class='ocrx_word' id='word_1_798' title='bbox 2218 4498 2430 4556; x_wconf 90' lang='lat' dir='ltr'><strong>iterum</strong></span> <span class='ocrx_word' id='word_1_799' title='bbox 2450 4498 3070 4567; x_wconf 88' lang='lat' dir='ltr'><strong>inculcemus,constat</strong></span> <span class='ocrx_word' id='word_1_800' title='bbox 3083 4515 3211 4555; x_wconf 89' lang='lat' dir='ltr'><strong>esse</strong></span> <span class='ocrx_word' id='word_1_801' title='bbox 3226 4500 3645 4571; x_wconf 87' lang='lat' dir='ltr'><strong>certissimum,</strong></span> 
     </span>
    </p>
   </div>
   <div class='ocr_carea' id='block_1_107' title="bbox 2001 4586 3649 4661">
    <p class='ocr_par' dir='ltr' id='par_1_107' title="bbox 2001 4586 3649 4661">
     <span class='ocr_line' id='line_1_107' title="bbox 2001 4586 3649 4661; baseline 0.003 -18"><span class='ocrx_word' id='word_1_802' title='bbox 2001 4587 2141 4661; x_wconf 90' lang='lat' dir='ltr'><strong>quia</strong></span> <span class='ocrx_word' id='word_1_803' title='bbox 2168 4586 2322 4644; x_wconf 90' lang='lat' dir='ltr'><strong>sicut</strong></span> <span class='ocrx_word' id='word_1_804' title='bbox 2349 4586 2631 4643; x_wconf 90' lang='lat' dir='ltr'><strong>veraciter</strong></span> <span class='ocrx_word' id='word_1_805' title='bbox 2667 4586 2897 4643; x_wconf 87' lang='lat' dir='ltr'><strong>Veritas</strong></span> <span class='ocrx_word' id='word_1_806' title='bbox 2926 4586 3087 4657; x_wconf 88' lang='lat' dir='ltr'><strong>dicit,</strong></span> <span class='ocrx_word' id='word_1_807' title='bbox 3110 4588 3235 4645; x_wconf 85' lang='lat' dir='ltr'><strong>Nisi</strong></span> <span class='ocrx_word' id='word_1_808' title='bbox 3262 4590 3385 4661; x_wconf 86' lang='lat' dir='ltr'><strong>quis</strong></span> <span class='ocrx_word' id='word_1_809' title='bbox 3426 4598 3649 4648; x_wconf 81' lang='lat' dir='ltr'><strong>renatus</strong></span> 
     </span>
    </p>
   </div>
   <div class='ocr_carea' id='block_1_108' title="bbox 1999 4675 3650 4752">
    <p class='ocr_par' dir='ltr' id='par_1_108' title="bbox 1999 4675 3650 4752">
     <span class='ocr_line' id='line_1_108' title="bbox 1999 4675 3650 4752; baseline 0.002 -19"><span class='ocrx_word' id='word_1_810' title='bbox 1999 4678 2170 4749; x_wconf 82' lang='lat' dir='ltr'><strong>fuerit</strong></span> <span class='ocrx_word' id='word_1_811' title='bbox 2197 4693 2266 4732; x_wconf 78' lang='lat' dir='ltr'><strong>ea:</strong></span> <span class='ocrx_word' id='word_1_812' title='bbox 2285 4693 2429 4750; x_wconf 87' lang='lat' dir='ltr'><strong>aqua</strong></span> <span class='ocrx_word' id='word_1_813' title='bbox 2448 4683 2500 4732; x_wconf 89' lang='lat' dir='ltr'><strong>et</strong></span> <span class='ocrx_word' id='word_1_814' title='bbox 2514 4675 2725 4739; x_wconf 80' lang='lat' dir='ltr'><strong>Spiritu</strong></span> <span class='ocrx_word' id='word_1_815' title='bbox 2744 4684 2948 4744; x_wconf 87' lang='lat' dir='ltr'><strong>sancto,</strong></span> <span class='ocrx_word' id='word_1_816' title='bbox 2961 4693 3072 4733; x_wconf 87' lang='lat' dir='ltr'><strong>non</strong></span> <span class='ocrx_word' id='word_1_817' title='bbox 3095 4678 3324 4735; x_wconf 87' lang='lat' dir='ltr'><strong>intrabit</strong></span> <span class='ocrx_word' id='word_1_818' title='bbox 3341 4680 3401 4735; x_wconf 89' lang='lat' dir='ltr'><strong>in</strong></span> <span class='ocrx_word' id='word_1_819' title='bbox 3420 4697 3650 4752; x_wconf 88' lang='lat' dir='ltr'><strong>regnum</strong></span> 
     </span>
    </p>
   </div>
   <div class='ocr_carea' id='block_1_109' title="bbox 2000 4765 3652 4838">
    <p class='ocr_par' dir='ltr' id='par_1_109' title="bbox 2000 4765 3652 4838">
     <span class='ocr_line' id='line_1_109' title="bbox 2000 4765 3652 4838; baseline 0.003 -15"><span class='ocrx_word' id='word_1_820' title='bbox 2000 4766 2258 4823; x_wconf 68' lang='lat' dir='ltr'><strong>calorum</strong></span> <span class='ocrx_word' id='word_1_821' title='bbox 2285 4766 2473 4838; x_wconf 82' lang='lat' dir='ltr'><strong>(Joan.</strong></span> <span class='ocrx_word' id='word_1_822' title='bbox 2506 4782 2590 4834; x_wconf 88' lang='grc' dir='ltr'>ιιι,</span> <span class='ocrx_word' id='word_1_823' title='bbox 2624 4765 2701 4838; x_wconf 87' lang='grc'><strong>5),</strong></span> <span class='ocrx_word' id='word_1_824' title='bbox 2733 4766 2815 4821; x_wconf 88' lang='lat' dir='ltr'><strong>ita</strong></span> <span class='ocrx_word' id='word_1_825' title='bbox 2841 4766 3123 4824; x_wconf 90' lang='lat' dir='ltr'><strong>veraciter</strong></span> <span class='ocrx_word' id='word_1_826' title='bbox 3168 4768 3372 4825; x_wconf 89' lang='lat' dir='ltr'><strong>eadem</strong></span> <span class='ocrx_word' id='word_1_827' title='bbox 3421 4769 3652 4829; x_wconf 83' lang='lat' dir='ltr'><strong>Veritas</strong></span> 
     </span>
    </p>
   </div>
   <div class='ocr_carea' id='block_1_110' title="bbox 2000 4853 3655 4928">
    <p class='ocr_par' dir='ltr' id='par_1_110' title="bbox 2000 4853 3655 4928">
     <span class='ocr_line' id='line_1_110' title="bbox 2000 4853 3655 4928; baseline 0.004 -17"><span class='ocrx_word' id='word_1_828' title='bbox 2000 4855 2142 4911; x_wconf 88' lang='lat' dir='ltr'><strong>dicit</strong></span> <span class='ocrx_word' id='word_1_829' title='bbox 2174 4872 2187 4911; x_wconf 90' lang='lat'>:</span> <span class='ocrx_word' id='word_1_830' title='bbox 2220 4855 2344 4910; x_wconf 85' lang='lat' dir='ltr'><strong>Nisi</strong></span> <span class='ocrx_word' id='word_1_831' title='bbox 2375 4853 2847 4911; x_wconf 81' lang='lat' dir='ltr'><strong>manducaveritis</strong></span> <span class='ocrx_word' id='word_1_832' title='bbox 2893 4872 3113 4913; x_wconf 87' lang='lat' dir='ltr'><strong>carnem</strong></span> <span class='ocrx_word' id='word_1_833' title='bbox 3158 4858 3269 4928; x_wconf 79' lang='lat' dir='ltr'><strong>ﬁlii</strong></span> <span class='ocrx_word' id='word_1_834' title='bbox 3311 4859 3571 4928; x_wconf 84' lang='lat' dir='ltr'><strong>hominis,</strong></span> <span class='ocrx_word' id='word_1_835' title='bbox 3602 4869 3655 4918; x_wconf 91' lang='lat' dir='ltr'><strong>et</strong></span> 
     </span>
    </p>
   </div>
   <div class='ocr_carea' id='block_1_111' title="bbox 2000 4945 3652 5018">
    <p class='ocr_par' dir='ltr' id='par_1_111' title="bbox 2000 4945 3652 5018">
     <span class='ocr_line' id='line_1_111' title="bbox 2000 4945 3652 5018; baseline 0.002 -17"><span class='ocrx_word' id='word_1_836' title='bbox 2000 4945 2247 5001; x_wconf 83' lang='lat' dir='ltr'><strong>biberitis</strong></span> <span class='ocrx_word' id='word_1_837' title='bbox 2269 4945 2386 5018; x_wconf 85' lang='lat' dir='ltr'><strong>ejus</strong></span> <span class='ocrx_word' id='word_1_838' title='bbox 2413 4946 2761 5013; x_wconf 87' lang='lat' dir='ltr'><strong>sanguinem,</strong></span> <span class='ocrx_word' id='word_1_839' title='bbox 2792 4961 2903 5002; x_wconf 86' lang='lat' dir='ltr'><strong>non</strong></span> <span class='ocrx_word' id='word_1_840' title='bbox 2932 4946 3196 5002; x_wconf 85' lang='lat' dir='ltr'><strong>habebitis</strong></span> <span class='ocrx_word' id='word_1_841' title='bbox 3227 4948 3395 5003; x_wconf 86' lang='lat' dir='ltr'><strong>vitam</strong></span> <span class='ocrx_word' id='word_1_842' title='bbox 3415 4950 3477 5003; x_wconf 86' lang='lat' dir='ltr'><strong>in</strong></span> <span class='ocrx_word' id='word_1_843' title='bbox 3503 4949 3652 5006; x_wconf 83' lang='lat' dir='ltr'><strong>vobis</strong></span> 
     </span>
    </p>
   </div>
   <div class='ocr_carea' id='block_1_112' title="bbox 2000 5033 3646 5109">
    <p class='ocr_par' dir='ltr' id='par_1_112' title="bbox 2000 5033 3646 5109">
     <span class='ocr_line' id='line_1_112' title="bbox 2000 5033 3646 5109; baseline 0.001 -18"><span class='ocrx_word' id='word_1_844' title='bbox 2000 5035 2175 5108; x_wconf 85' lang='lat' dir='ltr'><strong>(Joan.</strong></span> <span class='ocrx_word' id='word_1_845' title='bbox 2207 5052 2286 5102; x_wconf 75' lang='lat' dir='ltr'><strong>vr,</strong></span> <span class='ocrx_word' id='word_1_846' title='bbox 2318 5034 2433 5107; x_wconf 86' lang='grc'>54),</span> <span class='ocrx_word' id='word_1_847' title='bbox 2466 5033 2550 5089; x_wconf 88' lang='lat' dir='ltr'><strong>ita</strong></span> <span class='ocrx_word' id='word_1_848' title='bbox 2579 5038 2637 5090; x_wconf 88' lang='lat' dir='ltr'><strong>et</strong></span> <span class='ocrx_word' id='word_1_849' title='bbox 2684 5035 2966 5092; x_wconf 81' lang='lat' dir='ltr'><strong>veraciter</strong></span> <span class='ocrx_word' id='word_1_850' title='bbox 3013 5036 3143 5109; x_wconf 90' lang='lat' dir='ltr'><strong>ipsa</strong></span> <span class='ocrx_word' id='word_1_851' title='bbox 3181 5035 3410 5092; x_wconf 89' lang='lat' dir='ltr'><strong>Veritas</strong></span> <span class='ocrx_word' id='word_1_852' title='bbox 3460 5036 3600 5092; x_wconf 90' lang='lat' dir='ltr'><strong>dicit</strong></span> <span class='ocrx_word' id='word_1_853' title='bbox 3632 5054 3646 5092; x_wconf 88' lang='lat'>:</span> 
     </span>
    </p>
   </div>
   <div class='ocr_carea' id='block_1_113' title="bbox 2005 5122 3647 5197">
    <p class='ocr_par' dir='ltr' id='par_1_113' title="bbox 2005 5122 3647 5197">
     <span class='ocr_line' id='line_1_113' title="bbox 2005 5122 3647 5197; baseline 0.001 -19"><span class='ocrx_word' id='word_1_854' title='bbox 2005 5124 2111 5191; x_wconf 88' lang='lat' dir='ltr'><strong>Qui</strong></span> <span class='ocrx_word' id='word_1_855' title='bbox 2139 5122 2431 5179; x_wconf 81' lang='lat' dir='ltr'><strong>crediderit</strong></span> <span class='ocrx_word' id='word_1_856' title='bbox 2458 5131 2510 5179; x_wconf 88' lang='lat' dir='ltr'><strong>et</strong></span> <span class='ocrx_word' id='word_1_857' title='bbox 2539 5124 2841 5195; x_wconf 63' lang='lat' dir='ltr'><strong>baptizatus</strong></span> <span class='ocrx_word' id='word_1_858' title='bbox 2886 5127 3075 5197; x_wconf 84' lang='lat' dir='ltr'><strong>fuerit,</strong></span> <span class='ocrx_word' id='word_1_859' title='bbox 3101 5126 3286 5181; x_wconf 83' lang='lat' dir='ltr'><strong>salvus</strong></span> <span class='ocrx_word' id='word_1_860' title='bbox 3330 5126 3439 5181; x_wconf 85' lang='lat' dir='ltr'><strong>erit</strong></span> <span class='ocrx_word' id='word_1_861' title='bbox 3464 5124 3647 5196; x_wconf 76' lang='lat' dir='ltr'><strong>(Marc.</strong></span> 
     </span>
    </p>
   </div>
   <div class='ocr_carea' id='block_1_114' title="bbox 2002 5212 3654 5287">
    <p class='ocr_par' dir='ltr' id='par_1_114' title="bbox 2002 5212 3654 5287">
     <span class='ocr_line' id='line_1_114' title="bbox 2002 5212 3654 5287; baseline 0.001 -19"><span class='ocrx_word' id='word_1_862' title='bbox 2002 5230 2115 5281; x_wconf 76' lang='lat' dir='ltr'><strong>xvr,</strong></span> <span class='ocrx_word' id='word_1_863' title='bbox 2172 5214 2296 5282; x_wconf 88' lang='lat'><strong>16);</strong></span> <span class='ocrx_word' id='word_1_864' title='bbox 2351 5212 2491 5285; x_wconf 90' lang='lat' dir='ltr'><strong>quia</strong></span> <span class='ocrx_word' id='word_1_865' title='bbox 2538 5215 2865 5269; x_wconf 86' lang='lat' dir='ltr'><strong>secundum</strong></span> <span class='ocrx_word' id='word_1_866' title='bbox 2911 5213 3275 5286; x_wconf 86' lang='lat' dir='ltr'><strong>Apostolum,</strong></span> <span class='ocrx_word' id='word_1_867' title='bbox 3336 5214 3654 5287; x_wconf 80' lang='lat' dir='ltr'><strong>Quicunque</strong></span> 
     </span>
    </p>
   </div>
   <div class='ocr_carea' id='block_1_115' title="bbox 2004 5302 3651 5377">
    <p class='ocr_par' dir='ltr' id='par_1_115' title="bbox 2004 5302 3651 5377">
     <span class='ocr_line' id='line_1_115' title="bbox 2004 5302 3651 5377; baseline 0.002 -20"><span class='ocrx_word' id='word_1_868' title='bbox 2004 5302 2265 5374; x_wconf 76' lang='lat' dir='ltr'><strong>baptimti</strong></span> <span class='ocrx_word' id='word_1_869' title='bbox 2291 5318 2482 5357; x_wconf 87' lang='lat' dir='ltr'><strong>sumus</strong></span> <span class='ocrx_word' id='word_1_870' title='bbox 2512 5303 2569 5357; x_wconf 87' lang='lat' dir='ltr'><strong>in</strong></span> <span class='ocrx_word' id='word_1_871' title='bbox 2602 5302 2813 5359; x_wconf 86' lang='lat' dir='ltr'><strong>Christo</strong></span> <span class='ocrx_word' id='word_1_872' title='bbox 2840 5304 3062 5370; x_wconf 88' lang='lat' dir='ltr'><strong>Jesu,in</strong></span> <span class='ocrx_word' id='word_1_873' title='bbox 3086 5311 3254 5359; x_wconf 88' lang='lat' dir='ltr'><strong>morte</strong></span> <span class='ocrx_word' id='word_1_874' title='bbox 3281 5305 3456 5375; x_wconf 89' lang='lat' dir='ltr'><strong>ipsius</strong></span> <span class='ocrx_word' id='word_1_875' title='bbox 3478 5303 3651 5377; x_wconf 87' lang='lat' dir='ltr'><strong>bapti-</strong></span> 
     </span>
    </p>
   </div>
   <div class='ocr_carea' id='block_1_116' title="bbox 2001 5390 3653 5464">
    <p class='ocr_par' dir='ltr' id='par_1_116' title="bbox 2001 5390 3653 5464">
     <span class='ocr_line' id='line_1_116' title="bbox 2001 5390 3653 5464; baseline 0.001 -16"><span class='ocrx_word' id='word_1_876' title='bbox 2001 5393 2115 5448; x_wconf 67' lang='lat' dir='ltr'><strong>xati</strong></span> <span class='ocrx_word' id='word_1_877' title='bbox 2158 5407 2349 5447; x_wconf 86' lang='lat' dir='ltr'><strong>sumus</strong></span> <span class='ocrx_word' id='word_1_878' title='bbox 2402 5390 2575 5464; x_wconf 82' lang='lat' dir='ltr'><strong>(Rom.</strong></span> <span class='ocrx_word' id='word_1_879' title='bbox 2607 5409 2686 5460; x_wconf 78' lang='lat' dir='ltr'><strong>vr,</strong></span> <span class='ocrx_word' id='word_1_880' title='bbox 2720 5393 2809 5462; x_wconf 93' lang='lat'><strong>3);</strong></span> <span class='ocrx_word' id='word_1_881' title='bbox 2845 5396 2902 5446; x_wconf 91' lang='lat' dir='ltr'><strong>et</strong></span> <span class='ocrx_word' id='word_1_882' title='bbox 2934 5408 2947 5447; x_wconf 90' lang='lat'><strong>:</strong></span> <span class='ocrx_word' id='word_1_883' title='bbox 2984 5392 3299 5464; x_wconf 85' lang='lat' dir='ltr'><strong>Quicunque</strong></span> <span class='ocrx_word' id='word_1_884' title='bbox 3343 5394 3405 5447; x_wconf 89' lang='lat' dir='ltr'><strong>in</strong></span> <span class='ocrx_word' id='word_1_885' title='bbox 3443 5392 3653 5461; x_wconf 76' lang='lat' dir='ltr'><strong>Christo</strong></span> 
     </span>
    </p>
   </div>
   <div class='ocr_carea' id='block_1_117' title="bbox 2006 5479 3655 5555">
    <p class='ocr_par' dir='ltr' id='par_1_117' title="bbox 2006 5479 3655 5555">
     <span class='ocr_line' id='line_1_117' title="bbox 2006 5479 3655 5555; baseline 0.002 -19"><span class='ocrx_word' id='word_1_886' title='bbox 2006 5481 2267 5554; x_wconf 68' lang='lat' dir='ltr'><strong>baptizati</strong></span> <span class='ocrx_word' id='word_1_887' title='bbox 2303 5481 2452 5547; x_wconf 88' lang='lat' dir='ltr'><strong>estis,</strong></span> <span class='ocrx_word' id='word_1_888' title='bbox 2485 5480 2763 5537; x_wconf 87' lang='lat' dir='ltr'><strong>Christum</strong></span> <span class='ocrx_word' id='word_1_889' title='bbox 2808 5479 3068 5536; x_wconf 85' lang='lat' dir='ltr'><strong>induistis</strong></span> <span class='ocrx_word' id='word_1_890' title='bbox 3114 5480 3254 5549; x_wconf 82' lang='lat' dir='ltr'><strong>(Gal.</strong></span> <span class='ocrx_word' id='word_1_891' title='bbox 3310 5498 3393 5549; x_wconf 86' lang='lat' dir='ltr'><strong>,n,</strong></span> <span class='ocrx_word' id='word_1_892' title='bbox 3423 5482 3535 5555; x_wconf 87' lang='lat'><strong>27).</strong></span> <span class='ocrx_word' id='word_1_893' title='bbox 3570 5483 3655 5540; x_wconf 89' lang='lat' dir='ltr'><strong>Ita</strong></span> 
     </span>
    </p>
   </div>
   <div class='ocr_carea' id='block_1_118' title="bbox 2005 5568 3658 5644">
    <p class='ocr_par' dir='ltr' id='par_1_118' title="bbox 2005 5568 3658 5644">
     <span class='ocr_line' id='line_1_118' title="bbox 2005 5568 3658 5644; baseline 0.002 -18"><span class='ocrx_word' id='word_1_894' title='bbox 2005 5569 2389 5627; x_wconf 89' lang='lat' dir='ltr'><strong>nihilominus</strong></span> <span class='ocrx_word' id='word_1_895' title='bbox 2416 5586 2552 5626; x_wconf 89' lang='lat' dir='ltr'><strong>vera</strong></span> <span class='ocrx_word' id='word_1_896' title='bbox 2580 5574 2669 5627; x_wconf 89' lang='lat' dir='ltr'><strong>est</strong></span> <span class='ocrx_word' id='word_1_897' title='bbox 2698 5568 2801 5625; x_wconf 91' lang='lat' dir='ltr'><strong>illa</strong></span> <span class='ocrx_word' id='word_1_898' title='bbox 2829 5568 3136 5637; x_wconf 87' lang='lat' dir='ltr'><strong>sententia,</strong></span> <span class='ocrx_word' id='word_1_899' title='bbox 3169 5586 3348 5644; x_wconf 90' lang='lat' dir='ltr'><strong>quam</strong></span> <span class='ocrx_word' id='word_1_900' title='bbox 3376 5571 3658 5630; x_wconf 89' lang='lat' dir='ltr'><strong>veraciter</strong></span> 
     </span>
    </p>
   </div>
   <div class='ocr_carea' id='block_1_119' title="bbox 2005 5659 3656 5742">
    <p class='ocr_par' dir='ltr' id='par_1_119' title="bbox 2005 5659 3656 5742">
     <span class='ocr_line' id='line_1_119' title="bbox 2005 5659 3656 5742; baseline 0.002 -22"><span class='ocrx_word' id='word_1_901' title='bbox 2005 5661 2209 5721; x_wconf 86' lang='lat' dir='ltr'><strong>eadem</strong></span> <span class='ocrx_word' id='word_1_902' title='bbox 2258 5659 2550 5738; x_wconf 86' lang='lat' dir='ltr'><strong>depromit</strong></span> <span class='ocrx_word' id='word_1_903' title='bbox 2590 5659 2842 5736; x_wconf 88' lang='lat' dir='ltr'><strong>Veritas,</strong></span> <span class='ocrx_word' id='word_1_904' title='bbox 2864 5659 2970 5733; x_wconf 85' lang='lat' dir='ltr'><strong>Qui</strong></span> <span class='ocrx_word' id='word_1_905' title='bbox 3011 5660 3325 5738; x_wconf 78' lang='lat' dir='ltr'><strong>manducet,</strong></span> <span class='ocrx_word' id='word_1_906' title='bbox 3357 5662 3656 5742; x_wconf 80' lang='lat' dir='ltr'><strong>inquiens,</strong></span> 
     </span>
    </p>
   </div>
  </div>
