3970 6182
405 319 520 379 367

1324 309 1620 370 HINCMA
1634 309 1712 369 BI
1759 304 2212 369 llHEMENSIS
2257 304 2882 366 ARCHIEPISCOPI.

401 465 622 507 carnem
647 464 823 504 meam
843 453 894 502 et
925 447 1062 502 bibit
1088 447 1409 518 sanguinem
1438 461 1640 511 meum,
1674 444 1736 499 in
1763 459 1851 498 me
1866 447 2050 497 manet
2071 439 2128 506 Α
2157 437 2316 494 mino
2365 442 2564 494 nostro
2608 438 2668 494 in
2715 437 2956 495 veritate
3014 441 3374 510 susceptam,
3402 439 3556 497 recte
3596 453 3774 497 omnes

401 547 451 597 et
477 556 572 612 ego
622 541 683 594 in
727 553 787 594 eo
839 538 1118 609 (J0an.v1,
1147 536 1238 608 57)
1272 535 1341 590 Et
1379 535 1427 590 si
1461 533 1728 590 Christus
1765 529 2044 587 veraciter

400 643 504 698 pro
533 624 844 698 baptizatis
873 627 928 678 et
959 626 1461 680 sacramentorum
1508 620 1831 677 cmlestium
1864 619 2042 691 parti-

399 715 752 788 cipantibus,
785 718 851 768 ut
877 730 945 768 ex
975 712 1292 785 Scripturis
1319 715 1376 767 et
1405 709 1822 766 catholicorum
1850 708 2043 764 verbis

397 803 787 874 ostendimus,
811 819 1022 874 passus
1053 803 1328 868 creditur,
1363 801 1462 872 qui
1493 803 1595 855 aut
1623 799 1695 854 ad
1726 797 2040 854 inﬁdelita-

397 897 541 962 tem,
564 895 666 949 aut
705 893 776 948 ad
807 892 1074 964 iniquam
1125 891 1306 946 vitam
1357 890 1794 962 perseveranter
1829 884 2044 958 relapsi

397 985 666 1056 pereunt,
681 999 786 1038 cur
815 981 970 1037 credi
1002 997 1119 1036 non
1142 980 1350 1035 debeat
1367 994 1470 1051 pro
1496 977 1588 1032 his
1608 976 1783 1033 etiam
1807 993 2038 1048 passus,

397 1072 500 1144 qui
525 1071 804 1144 quoniam
835 1088 950 1126 non
978 1070 1225 1126 credunt
1253 1086 1322 1124 cx
1350 1067 1515 1123 liberi
1547 1066 1772 1124 arbitrii
1803 1067 2042 1122 descen-

398 1161 484 1217 dit
513 1160 916 1228 obdurationc,
949 1176 1066 1214 non
1097 1175 1165 1213 ex
1195 1157 1294 1213 Dei
1344 1155 1696 1229 operatione,
1729 1157 1826 1229 qui
1860 1173 2044 1212 omnes

395 1249 640 1307 homines
685 1250 803 1306 vult
846 1249 1023 1305 salvos
1068 1249 1211 1319 ﬁeri,
1238 1253 1291 1302 et
1319 1246 1390 1302 ad
1417 1248 1753 1318 agnitionem
1801 1247 2045 1302 veritatis

395 1341 584 1396 venire
612 1341 660 1408 (I
704 1340 837 1394 Tim.
873 1355 933 1403 ιι,
966 1337 1066 1406 4)?
1098 1337 1252 1392 Deus
1301 1335 1459 1391 enim
1497 1340 1714 1404 noster,
1735 1337 1884 1391 Deus
1929 1335 2043 1391 sal-

394 1445 496 1485 vos
523 1427 771 1484 faciendi
795 1429 882 1482 est
914 1443 926 1480 :
961 1429 1207 1498 pereunt
1227 1429 1422 1480 autem
1445 1425 1780 1497 quicunque
1799 1428 2046 1496 pereunt

392 1515 734 1572 inﬁdelitate
763 1515 1112 1585 voluntaria,
1144 1531 1260 1570 non
1293 1518 1512 1584 coacta,
1547 1513 1782 1586 propria
1828 1512 2042 1586 iniqui-

393 1608 533 1674 tate,
559 1621 674 1661 non
705 1605 937 1660 Domini
967 1603 1288 1670 voluntate,
1321 1603 1422 1676 qui
1453 1620 1658 1660 omnes
1687 1604 1759 1659 ad
1791 1603 2042 1660 salutem

393 1694 546 1752 302
577 1693 784 1749 invitat
811 1693 1012 1750 dicens
1045 1709 1057 1748 :
1094 1693 1276 1749 Venite
1305 1693 1374 1748 ad
1399 1709 1486 1748 me
1515 1709 1698 1749 omnes
1748 1695 1846 1764 qui
1894 1693 2040 1750 labo-

392 1785 463 1840 tis
490 1791 542 1840 et
567 1784 778 1880 mterati
805 1785 1038 1880 estis,_et
1065 1799 1159 1854 ego
1190 1783 1434 1880 reﬁciant
1481 1799 1572 1840 vos
1603 1781 1805 1880 (Manli.
1829 1801 1907 1880 xi,
1925 1784 2040 1856 28).
2072 1817 2118 1880 Β

391 1873 505 1929 Sed
536 1876 625 1928 est
654 1871 716 1926 in
748 1871 1076 1926 humilibus
1106 1872 1261 1944 quod
1293 1871 1579 1944 scriptum
1629 1875 1717 1926 est
1765 1871 1824 1926 in
1856 1873 2040 1927 Evan-

391 1961 562 2033 gelio,
597 1962 714 2033 Qui
759 1977 868 2016 non
915 1960 1100 2016 vident
1141 1960 1360 2016 videant
1403 1961 1580 2029 (Joan.
1629 1977 1704 2027 Ix,
1747 1961 1858 2029 39},
1896 1960 2040 2017 etin

391 2048 936 2122 praesumptoribus,
955 2057 1006 2105 et
1034 2051 1131 2122 qui
1153 2049 1338 2105 vident
1363 2051 1498 2106 caeci
1523 2051 1661 2120 ﬁant
1684 2049 1888 2120 (ibid.),
1925 2067 2041 2106 non

391 2137 549 2209 quod
573 2137 826 2208 videant,
859 2137 958 2193 sed
989 2137 1130 2209 quia
1155 2137 1350 2193 videre
1378 2154 1440 2194 se
1466 2141 1696 2210 putant,
1727 2137 1814 2194 vel
1844 2139 2040 2211 potius

389 2226 584 2282 videre
615 2243 676 2282 se
705 2225 1007 2282 simulant.

462 2314 629 2372 Unde.
644 2314 826 2372 totius
857 2315 1026 2372 nobis
1057 2315 1334 2373 omnibus
1365 2319 1455 2372 est
1485 2315 1686 2372 audire
1727 2317 2036 2372 consilium

392 2403 548 2477 quod
598 2403 804 2460 beatus
836 2403 1223 2476 Hieronymus
1251 2404 1312 2460 in
1345 2404 1570 2462 decima
1601 2423 1754 2461 nona
1793 2405 2043 2463 Homilia

389 2491 705 2566 Evangeliii
725 2493 1072 2562 Lucae,idcm
1092 2493 1469 2567 Evangelium
1495 2497 1834 2567 exponendo
1856 2495 1999 2552 dicit
2021 2512 2034 2552 :

391 2603 421 2633 «
451 2581 561 2650 Tu,
585 2579 879 2654 inquiens,
897 2581 946 2638 si
979 2583 1212 2654 quando
1235 2582 1570 2655 Scripturas
1591 2581 1822 2657 legeris,
1847 2602 2038 2657 quaere

387 2669 448 2726 in
479 2669 564 2727 eis
593 2687 834 2727 sensum
863 2687 998 2726 cum
1029 2671 1225 2727 dolore
1251 2673 1508 2744 quodam
1529 2677 1704 2744 atque
1726 2678 2034 2744 tormento,

387 2776 504 2816 non
533 2775 649 2832 quo
681 2759 1015 2832 Seripturas
1045 2777 1270 2817 errasse
1287 2766 1389 2817 aut
1418 2778 1722 2834 perperam
1746 2762 1886 2834 quid
1933 2763 2037 2819 ha-

385 2847 521 2904 bere
551 2847 872 2917 arbitreris,
903 2849 1005 2906 sed
1049 2849 1205 2921 quod
1253 2849 1348 2905 ille
1399 2849 1754 2907 intrinsecus
1785 2851 2040 2908 habeant

382 2936 686 2994 veritatem
717 2954 1056 2994 sermonum
1080 2941 1254 3010 atque
1284 2938 1598 3006 rationum,
1619 2946 1676 2996 et
1699 2943 1760 2996 tu
1782 2957 2036 3014 nequeas

384 3025 642 3083 invenire
670 3027 824 3100 quod
853 3043 1056 3084 verum
1087 3031 1194 3084 est.
1210 3027 1326 3084 Hoc
1343 3032 1452 3096 est,
1470 3029 1718 3086 Dolentes
1749 3031 2036 3103 quaereba-

381 3132 507 3172 mus
537 3128 587 3172 te
615 3117 764 3186 (Luc.
797 3134 854 3188 II,
889 3119 1000 3186 48).
1035 3139 1064 3166 »
1098 3117 1192 3172 Sic
1223 3117 1492 3190 quaesivit
1519 3121 1576 3173 et
1605 3123 1844 3175 sanctus
1876 3120 2038 3176 Pros-

385 3221 508 3277 per,
523 3209 736 3260 sanctae
767 3205 1098 3278 apostolicae
1146 3187 1302 3260 sedis
1345 3205 1592 3278 legatus,
1627 3211 1692 3262 ut
1739 3207 2036 3266 catholicae
2067 3187 2110 3254 (ἶ

389 3293 598 3348 matris
629 3293 926 3362 alumnus,
961 3293 1021 3348 in
1052 3293 1146 3350 his
1177 3293 1482 3350 sententiis
1519 3295 1591 3350 de
1639 3297 2038 3370 redemptione

389 3379 605 3437 Christi
673 3381 982 3454 sanguinis
1027 3382 1348 3450 veritatem,
1399 3387 1456 3438 et
1503 3383 1724 3440 invenit
1777 3387 2038 3444 veritatis

386 3468 856 3544 intelligentiam,
917 3476 1092 3543 atque
1149 3471 1544 3545 intelligentia:
1601 3474 2032 3533 discretionem.

389 3557 551 3616 Unde
581 3563 640 3615 et
683 3563 888 3616 contra
934 3558 1130 3615 Gallos
1160 3559 1305 3615 dixit
1349 3559 1409 3615 in
1459 3561 1783 3632 objections
1831 3582 2030 3623 nona:

387 3670 416 3698 ‹‹
447 3651 592 3704 Cum
621 3647 816 3721 itaque
841 3648 1168 3704 rectissime
1187 3647 1418 3704 dicatur
1440 3649 1706 3708 Salvator
1728 3670 1832 3724 pro
1854 3655 2034 3712 totius

386 3737 591 3793 mundi
622 3737 1020 3810 redemptione
1051 3736 1384 3808 cruciﬁxus,
1407 3745 1642 3810 propter
1686 3757 1882 3798 veram
1923 3743 2032 3798 hu-

385 3843 570 3882 manas
603 3831 822 3882 natura:
853 3825 1306 3898 susceptionem,
1323 3831 1380 3882 et
1399 3833 1637 3900 propter
1659 3846 2032 3890 communem

383 3913 445 3969 in
511 3914 702 3986 primo
755 3914 993 3970 homine
1058 3915 1320 3972 omnium
1381 3917 1790 3988 perditionem,
1840 3925 2033 3993 potest

384 4006 582 4060 tamen
608 4003 720 4060 dici
751 4021 856 4078 pro
887 4003 981 4060 his
1009 4008 1243 4061 tantum
1276 4005 1608 4077 cruciﬁxus,
1635 4008 1849 4080 quibus
1872 4027 2030 4068 mors

381 4091 569 4164 ipsius
599 4094 834 4165 profuit,
851 4095 1078 4150 dicente
1093 4093 1448 4168 evangelista
1471 4112 1484 4150 :
1510 4096 1652 4164 Quia
1675 4103 1839 4156 Iesus
1867 4103 2034 4157 mori-

381 4189 538 4239 turus
564 4191 684 4240 erat
705 4199 806 4256 pro
835 4191 1010 4254 gente,
1026 4201 1138 4240 non
1168 4191 1382 4240 tantum
1405 4202 1506 4258 pro
1529 4195 1702 4255 gente,
1727 4188 1821 4244 sed
1866 4191 2032 4246 etiam

381 4279 446 4328 ut
469 4273 618 4344 ﬁlios
643 4273 744 4329 Dei
769 4281 1122 4344 congregaret
1165 4275 1227 4329 in
1270 4291 1445 4330 unum
1493 4275 1666 4347 (Joan.
1717 4295 1796 4346 Χῖ,
1828 4279 1941 4349 52).
1966 4281 2031 4335 In

375 4377 478 4418 sua
507 4363 656 4418 enim
683 4365 848 4432 venit,
880 4371 930 4418 et
954 4363 1046 4418 sui
1073 4379 1195 4420 eum
1241 4380 1353 4420 non
1399 4375 1751 4438 receperunt:
1775 4377 2034 4442 quotquot

378 4458 559 4506 autem
588 4459 904 4524 receperunt
930 4468 1074 4520 eum,
1105 4451 1253 4508 dedit
1296 4456 1377 4508 eis
1411 4462 1722 4526 n-testatem
1761 4458 1907 4528 ﬁlios
1929 4460 2031 4526 Dei

2151 527 2422 583 dicantur
2439 527 2744 600 redempti,
2759 531 2816 583 et
2833 531 3028 584 tamen
3051 543 3168 584 non
3193 543 3396 584 omnes
3418 545 3452 584 a
3471 527 3778 601 captivitate

2152 615 2272 672 sint
2289 615 2459 683 eruti,
2475 616 2892 689 redemptionis
2909 617 3236 690 proprietas
3257 616 3414 674 haud
3431 617 3604 674 dubie
3619 638 3775 694 penes

2153 705 2286 763 illos
2307 710 2415 772 est,
2431 705 2501 762 de
2519 705 2733 778 quibus
2755 705 3024 778 princeps
3047 707 3254 763 mundi
3277 706 3497 764 missus
3516 711 3603 766 est
3619 711 3776 779 foras,

2151 799 2208 851 et
2232 796 2358 867 jam
2387 812 2502 850 non
2546 811 2685 851 vasa
2719 794 2956 868 diaboli,
2981 797 3082 852 sed
3109 796 3375 854 membra
3395 800 3532 853 sunt
3562 797 3774 857 Christi.

2153 885 2333 956 Cujus
2365 901 2526 940 mors
2548 901 2662 940 non
2684 883 2768 940 ita
2791 884 3062 958 impensa
3089 889 3178 942 est
3205 885 3464 943 humano
3485 887 3695 960 generi,
3721 893 3780 946 ut

2153 974 2226 1030 ad
2255 973 2714 1046 redemptionem
2746 974 2874 1045 ejus
2905 974 3082 1030 etiam
3114 974 3217 1047 qui
3264 975 3642 1049 regenerandi
3678 995 3778 1035 non

2152 1067 2320 1120 erant
2349 1063 2707 1136 pertinerent
2741 1081 2754 1120 :
2788 1065 2890 1120 sed
2915 1065 2995 1120 ita
3016 1069 3080 1121 ut
3108 1066 3264 1138 quod
3287 1083 3390 1138 per
3413 1083 3598 1123 unum
3617 1084 3782 1130 axem:

2151 1151 2314 1224 plum
2341 1156 2572 1226 gestum
2603 1159 2695 1210 est
2713 1171 2816 1226 pro
2837 1154 3146 1221 universis,
3165 1171 3268 1228 per
3289 1154 3587 1228 singulare
3603 1173 3784 1224 sacra,-

2153 1245 2419 1296 mentum
2451 1239 2845 1297 celebraretur
2870 1240 2931 1297 in
2963 1241 3233 1315 singulis.
3266 1243 3545 1302 Poculum
3585 1263 3784 1321 quippe

2152 1328 2632 1396 immortalitatis,
2665 1331 2819 1402 quod
2851 1331 3184 1387 confectum
3213 1337 3301 1389 est
3349 1333 3420 1390 de
3463 1333 3787 1395 inﬁrmitate

2151 1423 2372 1486 nostra,
2407 1423 2464 1474 ct
2507 1418 2718 1475 virtute
2759 1418 2976 1488 divina,
3009 1419 3185 1476 habet
3229 1421 3468 1493 quidem
3525 1423 3585 1478 in
3637 1441 3696 1481 se
3727 1429 3786 1483 ut

2151 1507 2427 1563 omnibus
2459 1507 2660 1580 prosit,
2692 1509 2794 1564 sed
2823 1509 2872 1565 si
2905 1525 3020 1564 non
3052 1509 3295 1578 bibitur,
3326 1528 3443 1568 non
3473 1513 3788 1570 medetur.»

2151 1597 2221 1652 Et
2277 1596 2418 1653 item
2459 1600 2662 1652 contra
2708 1596 2906 1654 Gallos
2948 1598 3011 1654 in
3060 1599 3538 1672 recapitulatione
3599 1619 3783 1660 nona:

2154 1708 2182 1737 (ι
2215 1687 2357 1742 Item
2390 1686 2490 1758 qui
2524 1686 2666 1743 dicit
2688 1687 2843 1758 quod
2877 1705 2992 1743 non
3015 1705 3118 1760 pro
3150 1688 3331 1746 totius
3352 1691 3557 1747 mnndi
3581 1692 3790 1750 redem~

2151 1774 2308 1831 tione
2357 1774 2620 1832 Salvator
2664 1775 2742 1832 sit
2787 1775 3120 1845 cruciﬁxus,
3155 1795 3270 1833 non
3329 1779 3403 1835 ad
3449 1781 3787 1858 sacramenti

2149 1864 2444 1930 virtutem,
2474 1865 2573 1920 sed
2605 1864 2678 1919 ad
2711 1863 3036 1922 inﬁdelium
3067 1867 3223 1924 303
3253 1868 3490 1940 respicit
3527 1874 3749 1942 partem
3775 1887 3788 1927 :

2149 1971 2285 2010 cum
2313 1953 2556 2026 sanguis
2575 1953 2806 2010 Domini
2831 1955 3013 2010 nostri
3035 1955 3176 2012 Jesu
3197 1956 3412 2013 Christi
3442 1959 3700 2030 pretium
3724 1959 3794 2019 sit

2147 2043 2328 2099 totius
2357 2043 2584 2112 mundi,
2617 2060 2652 2099 a
2682 2060 2796 2115 quo
2825 2043 3009 2116 pretio
3057 2045 3314 2102 extranei
3363 2052 3526 2120 sunt,
3557 2049 3663 2122 qui
3702 2052 3796 2106 aut

2149 2131 2416 2188 delectati
2447 2131 2782 2204 captivitate
2815 2131 3021 2188 redimi
3052 2133 3387 2204 noluerunt,
3421 2141 3522 2194 aut
3549 2143 3688 2210 post
3713 2155 3794 2194 re-

2150 2221 2546 2294 demptionem
2578 2221 2650 2277 ad
2680 2223 2949 2278 eamdem
2994 2227 3135 2280 sunt
3181 2223 3520 2283 servitutem
3562 2227 3794 2285 reversi.

2149 2311 2275 2366 Non
2307 2315 2501 2367 autem
2535 2309 2749 2366 excidit
2774 2311 3017 2368 verbum
3048 2313 3172 2386 Dei,
3197 2331 3384 2387 neque
3413 2321 3699 2375 evacuuta
3715 2322 3797 2376 est

2149 2401 2356 2456 mundi
2386 2400 2709 2473 redemptio
2739 2417 2752 2456 ε
2777 2400 2916 2473 quia
2944 2405 3002 2457 et
3032 2401 3082 2459 si
3113 2419 3231 2460 non
3251 2405 3528 2478 cognovit.
3542 2406 3796 2464 mundus

2148 2491 2208 2546 in
2236 2489 2392 2546 vasis
2424 2489 2544 2556 irae,
2558 2491 2826 2563 cognovit
2854 2495 3051 2548 tamen
3073 2493 3332 2550 mundus
3352 2494 3538 2552 Deum
3559 2495 3627 2552 in
3648 2497 3798 2553 vasis

2147 2578 2580 2648 misericordiae,
2608 2597 2737 2652 quae
2767 2580 2925 2636 Deus
2949 2578 3129 2638 nullis
3157 2599 3356 2639 eorum
3381 2584 3554 2641 bonis

2146 2669 2608 2742 praecedentibus
2655 2669 2809 2725 eruit
2856 2669 2928 2726 de
2973 2673 3262 2742 potestate
3312 2673 3714 2742 tenebrarum,
3745 2677 3800 2731 at

2147 2757 2450 2814 transtulit
2487 2757 2547 2812 in
2579 2775 2826 2830 regnum
2870 2757 2976 2813 ﬁlii
3023 2759 3354 2818 dilectionis
3397 2779 3540 2818 suis.
3575 2784 3606 2814 »
3641 2763 3798 2820 Hanc

2143 2847 2594 2920 intelligentiam
2619 2847 2718 2920 qui
2749 2847 3000 2904 ﬁdeliter
3024 2851 3221 2905 tenere
3239 2848 3567 2920 voluit,nec
3589 2869 3628 2909 a
3647 2855 3800 2909 recto

2145 2954 2324 2994 sensu
2351 2935 2620 3005 deviavit,
2653 2953 2758 2993 nec
2791 2953 2826 2993 a
2853 2937 3157 2996 catholicis
3185 2939 3526 2996 doctoribus
3571 2941 3800 2998 discor-

2145 3025 2530 3098 dabit,neque
2550 3029 2784 3082 sanctas
2813 3027 3146 3098 Scripturas
3175 3026 3286 3084 sibi
3313 3028 3579 3086 diversas
3600 3028 3696 3086 vel
3713 3028 3806 3087 ad-

2143 3132 2341 3173 versas
2370 3131 2498 3172 esse
2527 3115 2776 3188 putabit,
2792 3133 2980 3188 neque
3009 3116 3482 3175 contentionibus
3509 3118 3804 3176 deservire

2148 3205 2428 3262 studebit.

2217 3295 2300 3350 De
2327 3295 2499 3366 cujus
2531 3294 2719 3352 sancti
2763 3295 2871 3350 viri
2917 3293 3142 3352 scilicet
3187 3295 3452 3370 Prosperi
3483 3297 3713 3367 verbis,
3745 3301 3810 3354 ut

2144 3383 2490 3457 simpliciter
2499 3387 2556 3440 et
2565 3385 2845 3440 veraciter
2855 3385 3130 3440 omnibus
3146 3383 3474 3459 legentibus
3487 3387 3810 3454 fateamur,

2145 3473 2427 3530 instantia
2453 3473 2777 3529 devotionis
2801 3473 3002 3529 domni
3023 3478 3079 3529 et
3107 3473 3600 3532 christianissimi
3625 3473 3814 3531 Caroli

2145 3561 2428 3636 principis
2443 3561 2647 3630 coacti,
2671 3561 2772 3634 qui
2804 3562 3021 3618 librum
3052 3561 3212 3618 illius
3242 3579 3357 3634 prae
3381 3565 3673 3622 manibus
3697 3579 3812 3620 non

2141 3651 2482 3720 habuimus,
2515 3656 2802 3722 quantum
2833 3651 2907 3706 ad
2937 3651 3282 3708 memoriam
3315 3652 3486 3708 nobis
3531 3654 3728 3722 venit,
3761 3657 3818 3709 et

2142 3740 2394 3796 brevitas
2423 3739 2704 3812 temporis
2735 3744 2792 3796 et
2820 3739 3130 3796 subitanea
3156 3739 3482 3813 compulsio
3504 3741 3813 3814 permisit,

2140 3829 2250 3885 hoc
2269 3819 2590 3902 capitulum
2610 3827 2916 3886 humilitas
2938 3833 3150 3885 nostra:
3171 3829 3576 3903 intelligentiae
3591 3829 3822 3888 deliin-

2137 3918 2240 3974 vit.
2256 3919 2370 3976 Sed
2391 3918 2493 3991 qui
2515 3918 2764 3991 benigne
2780 3935 2846 3974 ac
2867 3917 3120 3990 simplici
3142 3917 3466 3976 intentione
3495 3920 3819 3977 advertere

2135 4007 2404 4077 yoluerit,
2439 4024 2473 4063 a
2501 4024 2679 4064 sensu
2711 4006 2870 4063 illius
2901 4007 3068 4076 nihil,
3101 4025 3136 4064 a
3179 4008 3372 4065 verbis
3417 4025 3561 4066 vero
3617 4009 3821 4083 ipsius

2139 4113 2286 4170 pene
2307 4095 2453 4152 nihil
2476 4113 2584 4152 nos
2600 4096 2966 4154 discordasse
2985 4096 3226 4154 videbit.
3241 4097 3481 4171 Relegat
3501 4103 3568 4155 et
3584 4097 3826 4172 capitu-

2138 4187 2262 4243 lum
2287 4187 2442 4258 quod
2459 4185 2878 4259 excerpsimus,
2893 4189 2950 4242 et
2967 4187 3144 4242 verba
3163 4187 3350 4244 sancti
3373 4187 3668 4261 Prosperi
3691 4203 3824 4262 quis

2137 4276 2196 4332 in
2221 4275 2484 4348 proximo
2505 4274 3006 4348 proposuimus,et
3022 4273 3214 4332 videat
3229 4275 3282 4332 si
3297 4279 3386 4331 est
3403 4291 3632 4333 verum
3653 4275 3825 4350 quod

2137 4363 2410 4420 dicimus.
2437 4365 2507 4419 Et
2536 4380 2608 4420 ne
2636 4379 2807 4437 grave
2827 4363 3106 4436 cuiquam
3133 4363 3350 4438 legenti
3381 4364 3460 4420 sit
3490 4364 3698 4441 longe
3724 4382 3834 4423 sn-

2138 4452 2336 4525 perius
2373 4450 2698 4524 capitulum
2747 4453 2904 4526 quod
2940 4453 3339 4526 excerpsimus
3389 4471 3702 4526 quaerere,
3736 4453 3834 4513 hic

380 4541 526 4610 ﬁeri,
550 4542 647 4610 qui
672 4557 784 4597 non
812 4557 882 4596 ex
909 4542 1298 4614 sanguinibus,
1320 4559 1495 4614 neque
1521 4561 1592 4600 ex
1618 4545 1891 4604 voluntate
1918 4565 2034 4604 car.
2063 4557 2110 4623 Π
2143 4541 2287 4598 illud
2319 4542 2563 4616 dignum
2592 4541 2931 4598 censuimus
2979 4559 3214 4615 ponere.
3245 4542 3408 4598 Istud
3454 4547 3560 4600 est
3613 4549 3837 4602 autem

375 4629 672 4698 nis,neque
698 4646 768 4684 ea:
795 4631 1070 4686 voluntate
1087 4632 1216 4698 viri,
1231 4631 1324 4687 sed
1347 4648 1418 4687 ex
1433 4634 1539 4689 Deo
1565 4636 1686 4690 nati
1702 4645 1835 4692 sunt
1851 4638 2029 4708 (Joan.

376 4733 416 4782 ι,
449 4716 536 4784 11,
573 4716 682 4789 13).
730 4717 968 4774 Diversa
1017 4735 1152 4791 ergo
1199 4720 1272 4775 ab
1316 4719 1448 4776 istis
1497 4739 1624 4778 sors
1667 4739 1868 4781 eorum
1913 4733 2023 4802 est,

375 4805 478 4876 qui
522 4804 674 4861 inter
720 4805 857 4863 illos
898 4813 1230 4877 censentur,
1259 4809 1331 4865 de
1379 4810 1595 4882 quibus
1639 4812 1872 4884 dicitur,
1906 4819 2026 4874 Lua:

373 4893 516 4950 lueet
543 4897 603 4950 in
623 4895 873 4964 tenebris,
888 4905 940 4952 et
967 4897 1208 4955 tenebrae
1227 4915 1346 4954 eam
1367 4915 1476 4956 non
1504 4903 2028 4973 comprehenderunt

373 4983 555 5057 (ibid.,
587 4984 642 5057 5)
675 5001 688 5040 :
723 4989 788 5040 ut
834 4986 1020 5058 possit
1049 4988 1374 5043 secundum
1418 4988 1528 5044 hoc
1579 4989 1693 5045 dici
1727 5007 1740 5046 :
1776 4992 2022 5050 Redem-

371 5077 506 5144 ptor
535 5074 742 5130 mundi
773 5075 933 5130 dedit
962 5092 1066 5147 pro
1097 5077 1318 5132 mundo
1349 5077 1696 5150 sanguinem
1735 5079 1932 5153 suum,
1967 5088 2026 5141 et

372 5164 634 5220 mundus
663 5163 873 5220 redimi
903 5163 1110 5232 noluit,
1137 5165 1276 5237 quia
1296 5165 1486 5222 lucem
1517 5169 1769 5224 tenebrae
1792 5187 1908 5226 non
1933 5189 2020 5228 re-

370 5257 652 5323 ceperunt
698 5270 711 5309 :
763 5257 820 5308 et
875 5254 1125 5310 tenebrae
1184 5259 1545 5327 receperunt,
1605 5257 1820 5328 quibus
1880 5259 2022 5316 dicit

367 5339 700 5410 Apostolus,
732 5343 935 5399 Fuistis
989 5344 1286 5416 aliquando
1339 5345 1595 5412 tenebrw,
1644 5363 1796 5402 nunc
1840 5356 2021 5405 autem

370 5427 470 5483 tua:
499 5431 561 5485 in
586 5433 818 5488 Domino
847 5433 1058 5505 (Ephes.
1090 5451 1146 5501 v,
1177 5433 1252 5505 8).
1290 5455 1318 5481 »
1340 5433 1410 5487 Et
1437 5438 1642 5489 contra
1679 5434 2017 5493 Vincentia-

369 5531 478 5572 nos
529 5518 692 5592 (resp.
747 5521 940 5594 prim.)
975 5539 988 5578 :
1019 5545 1047 5572 «
1083 5521 1228 5578 Cum
1287 5521 1484 5594 itaque
1541 5526 1778 5594 propter
1834 5542 2015 5583 unam

368 5605 634 5668 omnium
664 5614 1029 5682 naturam,et
1057 5629 1236 5672 unam
1266 5610 1533 5670 omnium
1553 5628 1812 5685 causam,
1846 5632 1881 5674 a
1909 5615 2018 5676 Do-

2141 4631 2466 4704 capitulum
2499 4647 2534 4688 a
2553 4631 2724 4688 nobis
2743 4635 3081 4704 excerptum
3105 4649 3118 4688 :
3147 4654 3177 4683 «
3201 4631 3468 4689 Christus
3491 4631 3703 4692 Jesus
3726 4634 3841 4691 Do-

2133 4747 2162 4775 «
2197 4721 2394 4778 minus
2425 4725 2643 4788 noster,
2669 4719 2826 4776 sicut
2853 4719 3054 4776 nullus
3075 4720 3250 4778 homo
3269 4725 3380 4794 est,
3403 4719 3523 4777 fuit
3545 4722 3656 4780 vel
3690 4722 3835 4792 erit,

2131 4836 2160 4864 ‹‹
2192 4813 2364 4884 cujus
2381 4815 2590 4867 natura
2604 4810 2666 4865 in
2681 4808 2782 4866 illo
2800 4815 3106 4884 assumpta
3123 4827 3238 4867 non
3263 4810 3436 4867 fuerit
3456 4827 3471 4866 :
3496 4810 3600 4869 ita
3615 4812 3842 4870 nullus

2131 4926 2158 4953 «
2188 4905 2296 4968 est,
2313 4900 2546 4969 fuit,vel
2574 4900 2684 4956 erit
2709 4900 3024 4973 homo,pro
3049 4916 3165 4972 quo
3186 4917 3400 4974 passus
3435 4916 3570 4958 non
3611 4901 3837 4971 fuerit,

2131 5013 2160 5041 ‹‹
2193 4990 2328 5048 licet
2357 5007 2473 5044 non
2495 5005 2698 5046 omnes
2727 4989 3020 5060 passionis
3040 4990 3172 5062 ejus
3197 4988 3476 5062 mysterio
3497 4991 3846 5048 rediman-

2133 5101 2162 5131 α
2193 5085 2308 5136 tur.
2335 5079 2483 5146 Quia
2507 5095 2640 5134 vero
2671 5095 2787 5135 non
2818 5095 3023 5134 omnes
3043 5077 3341 5150 passionis
3355 5079 3483 5151 ejus
3508 5079 3844 5153 mysterio

2135 5191 2162 5220 «
2194 5169 2706 5237 redimuntur,non
2719 5168 2960 5241 rescipit
2973 5167 3046 5224 ad
3058 5167 3542 5242 magnitudinem
3557 5173 3635 5225 et
3649 5168 3850 5242 pretii

2131 5280 2160 5308 ‹‹
2193 5257 2733 5330 copiositatem,sed
2755 5257 2828 5312 ad
2853 5255 3182 5314 inﬁdelium
3203 5259 3262 5313 et
3281 5257 3354 5312 ad
3388 5272 3509 5311 non
3555 5259 3848 5315 creden-

2130 5370 2159 5398 «
2190 5348 2340 5402 tium
2361 5363 2430 5402 ea
2450 5346 2564 5401 ﬁde
2585 5363 2711 5418 quae
2733 5363 2836 5419 per
2855 5346 3228 5403 dilectionem
3245 5350 3536 5420 operatur
3562 5347 3856 5422 respicit

2127 5457 2154 5486 «
2191 5438 2415 5508 partem
2448 5453 2462 5491 :
2495 5434 2633 5508 quia
2651 5436 2928 5508 poculum
2950 5435 3220 5492 humanae
3238 5434 3680 5506 salutis,quod
3701 5455 3857 5496 con-

2127 5547 2154 5576 α
2179 5524 2395 5580 fectum
2413 5528 2504 5581 est
2523 5525 2866 5582 inﬁrmitate
2887 5528 3089 5582 nostra
3105 5529 3166 5582 et
3191 5525 3408 5586 virtute
3437 5522 3717 5598 divina,
3731 5527 3860 5587 ha-

2124 5637 2154 5669 ‹‹
2187 5613 2285 5674 bet
2313 5613 2552 5692 quidem
2581 5613 2643 5674 in
2679 5631 2742 5674 se
2785 5619 2856 5674 ut
2901 5614 3180 5675 omnibus
3208 5613 3424 5691 prosit,
3443 5614 3574 5672 sed
3615 5618 3686 5677 si
3723 5635 3861 5678 non
