3930 6178
189 347 306 418 373

910 351 1014 413 DE
1057 351 1822 442 PRIEDEQTINATIONE
1865 354 2389 417 DlSSERTATIO
2436 355 2897 418 l’OSTERlOR.

3501 351 3620 413 374

192 488 294 547 sed
325 505 518 546 unum
572 487 729 546 diem
760 487 984 556 vixerit,
1021 487 1078 546 in
1118 504 1321 562 poenas
1365 488 1586 562 iniquis
1633 489 1858 548 debitas
1885 488 1942 556 Α
1971 488 2126 545 Beda
2145 504 2194 543 τα
2215 488 2784 563 Sanguinis,inquit,
2805 487 3022 564 proprii
3045 488 3324 546 tinctione
3345 488 3512 563 prius
3530 489 3631 547 ba-

191 579 327 646 hinc
347 579 610 643 iturum,
625 577 773 635 nihil
794 578 905 636 sibi
927 595 1094 636 suam
1118 579 1472 653 praeteritam
1497 581 1862 653 profuturam

185 668 510 742 justitiam,
537 667 679 725 huic
709 669 1015 742 perspicue
1034 669 1262 725 veritati
1286 669 1420 742 quis
1442 669 1705 726 fidelium
1733 687 1867 728 con-

1970 581 2080 637 beo
2110 579 2402 654 perfundi,
2431 585 2488 636 et
2509 581 2593 636 sic
2622 580 2798 636 corda
2820 579 3181 636 credentium
3205 580 3447 653 spiritus
3468 581 3623 655 igne,

1972 687 2088 744 quo
2118 676 2350 727 terrena
2379 669 2578 726 omnia
2621 669 2794 727 simul
2827 675 2885 725 et
2925 669 3182 725 animam
3233 687 3400 725 suam
3435 665 3627 744 despi-

194 759 472 817 tradicit?
505 759 686 816 Porro
718 759 767 815 si
801 763 1096 831 quaeratur
1127 777 1162 815 a
1190 758 1380 827 nobis,
1410 765 1610 817 utrum
1643 761 1692 816 si
1723 765 1865 818 tunc
1971 777 2120 828 cere,
2145 761 2262 816 imo
2287 761 2445 818 odire
2472 765 2710 833 queant,
2736 760 3122 815 inﬂammare.
3155 759 3282 814 Non
3312 760 3468 814 enim
3498 765 3624 816 erat

195 852 347 906 esset
374 853 660 905 mortuus
689 850 926 922 quando
956 853 1081 906 erat
1101 851 1326 923 justus,
1351 868 1553 924 poenas
1583 855 1738 907 esset
1769 851 1864 906 in-

193 942 482 994 venturus
516 955 594 994 an
621 937 904 1010 requiem,
929 939 1194 1012 nunquid
1223 939 1484 1012 requiem
1513 941 1863 1013 respondere

193 1025 614 1083 dubitabimus
633 1027 662 1083 ‘I
692 1027 826 1082 Haec
853 1031 942 1083 est
979 1033 1104 1084 tota
1131 1045 1312 1085 causa
1361 1046 1466 1084 cur
1494 1029 1720 1085 dictum
1751 1034 1860 1096 est,

193 1116 348 1174 808
379 1133 416 1171 a
439 1133 803 1189 quocunque
829 1117 908 1174 sit
927 1117 1150 1174 dictum
1177 1135 1191 1173 :
1215 1119 1418 1190 Raptus
1446 1126 1525 1174 est
1551 1135 1618 1174 ne
1644 1119 1864 1174 malitia

192 1213 434 1262 mutaret
491 1207 830 1262 intellectum
881 1207 998 1279 ejus
1046 1207 1194 1280 (Sap.
1225 1208 1436 1280 mit).
1483 1207 1716 1263 Dictum
1773 1211 1864 1264 est

194 1294 350 1352 enim
375 1295 714 1351 secundum
741 1295 998 1366 pericula
1017 1297 1147 1351 vitae
1169 1295 1370 1368 hujus,
1398 1314 1511 1352 non
1535 1296 1860 1353 secundum

195 1383 636 1457 pmscientiam
670 1384 795 1451 Dei,
820 1384 920 1456 qui
950 1385 1060 1442 hoc
1090 1385 1378 1458 prmscivit
1407 1387 1562 1457 quod
1597 1386 1860 1442 futurum

195 1476 342 1540 erat,
373 1490 496 1530 non
531 1474 689 1546 quod
739 1475 1006 1530 futurum
1057 1491 1172 1531 non
1222 1479 1365 1532 erat.
1396 1475 1458 1531 Id
1490 1480 1598 1542 est,
1624 1476 1778 1548 quod
1808 1475 1860 1532 ei

196 1565 452 1619 mortem
485 1563 871 1619 immaturam
902 1564 1090 1620 fuerat
1119 1563 1461 1636 largiturus,
1495 1569 1562 1621 ut
1590 1565 1860 1622 tentatio-

196 1668 338 1708 num
375 1651 831 1708 subtraheretur
878 1653 1118 1720 incerto,
1146 1669 1263 1708 non
1306 1653 1462 1726 quod
1513 1657 1862 1726 peccaturus

195 1744 350 1798 esset
375 1739 484 1812 qui
506 1756 830 1797 mansurus
849 1740 908 1796 in
931 1741 1254 1798 tentatione
1276 1758 1388 1798 non
1411 1746 1622 1808 esset,»
1647 1741 1862 1797 Contra

1971 849 2216 924 spiritus
2248 851 2440 918 datus,
2473 850 2624 923 quia'
2667 850 2842 906 Jesus
2899 849 3159 904 nondum
3211 849 3400 903 fuerat
3445 848 3621 920 glori-

1971 940 2182 997 ﬁcatus
2215 957 2228 995 :
2267 939 2376 996 hoc
2425 945 2515 996 est
2550 939 2789 996 victoria
2819 938 3132 1011 passionis,
3166 938 3238 993 de
3269 954 3384 1010 qua
3431 936 3570 992 alibi
3604 953 3618 992 :

1968 1030 2216 1095 Potestis,
2258 1028 2472 1101 inquit,
2505 1030 2686 1084 bibere
2733 1029 2958 1083 calicem
3005 1044 3162 1100 quem
3210 1043 3306 1096 ego
3354 1027 3496 1093 bibo,
3527 1033 3626 1081 aut

1973 1119 2299 1190 baptismum
2319 1135 2476 1190 quem
2506 1120 2659 1174 309
2683 1133 2777 1189 ego
2809 1117 3055 1189 baptizor
3100 1117 3410 1188 baptizari?
3436 1114 3618 1186 (Marc.

1969 1225 2025 1274 κ,
2059 1209 2205 1279 38).»
2238 1208 2309 1262 Et
2340 1208 2480 1263 item
2513 1208 2624 1263 Leo
2656 1207 2715 1261 in
2748 1205 2994 1280 epistola
3031 1206 3102 1261 ad
3135 1204 3622 1276 Constantinopo-

1970 1295 2185 1353 litanos
2223 1298 2400 1370 (epist.
2423 1298 2552 1364 23):
2581 1317 2609 1347 «
2637 1295 3066 1362 Sac-ramentum,
3109 1293 3322 1366 inquit,
3362 1293 3461 1349 hoc
3503 1309 3621 1348 ma-

1968 1403 2137 1458 gnum
2167 1395 2264 1454 est,
2297 1403 2390 1459 ego
2419 1394 2599 1441 autem
2637 1385 2755 1441 dico
2805 1386 2860 1440 in
2896 1384 3107 1440 Christo
3151 1391 3204 1439 et
3251 1385 3310 1438 in
3359 1383 3618 1438 Ecclesia.

1966 1476 2052 1532 Ab
2083 1476 2210 1548 ipso
2254 1492 2390 1548 ergo
2439 1474 2725 1547 principio
2776 1473 3006 1547 generis
3053 1471 3621 1541 humani,omnibus

1968 1565 2310 1620 hominibus
2341 1563 2612 1620 Christus
2656 1568 2746 1620 est
2775 1563 3158 1620 denuntiatus
3185 1561 3247 1616 in
3279 1577 3453 1617 carne
3480 1577 3618 1616 vcn-

1967 1658 2175 1710 turus:
2199 1653 2260 1709 in
2291 1671 2426 1726 qua,
2451 1653 2604 1710 sicut
2619 1653 2847 1708 dictum
2879 1655 2984 1719 est,
3011 1654 3182 1706 erunt
3205 1651 3321 1705 duo
3352 1649 3410 1704 in
3443 1665 3618 1705 carne

1970 1760 2086 1798 una
2120 1759 2133 1800 :
2167 1743 2370 1816 utique
2401 1743 2515 1799 duo
2547 1747 2686 1798 sunt
2735 1742 2889 1798 Deus
2935 1745 2992 1797 et
3038 1740 3234 1807 homo,
3261 1739 3530 1795 Christus
3558 1742 3618 1794 et

197 1845 322 1902 qua:
354 1829 1020 1886 Praedestinatianorum
1052 1830 1210 1886 dicta
1239 1830 1480 1899 nefaria,
1513 1831 1634 1887 haec
1663 1835 1720 1887 et
1747 1830 1861 1887 alia
1887 1866 1936 1932 B
1967 1831 2244 1898 Ecclesia,
2279 1849 2404 1905 quae
2435 1833 2505 1887 de
2546 1831 2746 1904 sponsi
2796 1847 2970 1887 carne
3016 1829 3252 1904 prodiit,
3279 1829 3515 1901 quando
3546 1845 3614 1882 ex

197 1917 366 1992 plura
389 1919 675 1992 przefatus
695 1919 1116 1992 sagacissimus
1133 1921 1332 1977 doctor
1353 1920 1517 1987 dixit,
1533 1924 1590 1976 et
1610 1937 1718 1976 nos
1738 1936 1856 1976 non
1887 1917 1935 1932 "
1963 1921 2143 1977 latere
2164 1921 2420 1978 cruciﬁxi
2446 1925 2722 1976 manante
2742 1920 3028 1992 sanguine
3049 1923 3106 1975 et
3120 1936 3273 1990 aqua
3290 1933 3616 1973 sacramen-

198 2007 384 2064 multa
415 2007 698 2065 collibere
720 2010 1096 2066 studuimus:
1121 2010 1263 2083 quia
1290 2014 1347 2066 et
1368 2009 1480 2083 ipsi
1505 2009 1600 2066 his
1624 2009 1861 2066 Gothes-

199 2096 338 2154 calci
357 2097 652 2154 resistunt
667 2099 1275 2172 perversitatibus,qui
1294 2116 1428 2155 cum
1444 2116 1511 2155 eo
1529 2100 1860 2155 consistunt

200 2187 482 2243 adversus
509 2186 842 2243 doctrinam
863 2187 1209 2244 catholicam
1241 2189 1300 2244 in
1331 2188 1483 2256 aliis,
1506 2187 1660 2244 sicut
1679 2205 1860 2260 supra

199 2274 954 2347 ostendimus,quibusdam
971 2275 1549 2333 diversitatibus.Nos
1561 2281 1755 2332 autem
1769 2293 1849 2332 ca-

197 2363 426 2420 tholicae
441 2369 504 2420 et
520 2363 854 2436 apostolicae
871 2365 1139 2422 Ecclesiae
1153 2367 1504 2422 documenta
1521 2369 1854 2438 sequentes,

199 2453 388 2509 eidem
401 2453 832 2520 Gothescalco,i
841 2454 929 2527 psi
939 2472 1122 2527 usque
1138 2472 1326 2528 pravae
1337 2456 1519 2511 doctri
1529 2473 1614 2510 nae
1627 2454 1859 2510 obsisti-

198 2558 500 2611 mus,cum
517 2541 754 2598 fremitu
767 2542 996 2599 cunctis
1013 2543 1166 2600 male
1181 2543 1572 2600 sentientibus
1589 2543 1858 2616 pertime-

199 2630 435 2698 scendo,
463 2631 622 2687 beati
643 2631 854 2688 Leonis
876 2632 1204 2704 apostolicae
1226 2633 1382 2689 sedis
1404 2632 1658 2706 episcOpi
1693 2632 1856 2688 inso-

201 2724 375 2776 nante
397 2719 576 2776 corde
597 2725 656 2776 et
675 2737 774 2778 ore
794 2738 862 2776 ac
886 2721 1036 2794 stylo
1059 2722 1381 2778 clamantes
1402 2724 1579 2794 (epist.
1602 2723 1636 2777 4
1655 2722 1725 2777 ad
1746 2723 1858 2794 epi-

198 2825 382 2882 scopos
395 2809 635 2876 Siciliae,
649 2825 698 2866 c.
710 2811 825 2879 3):«
845 2811 1122 2876 Quamvis
1137 2816 1194 2866 et
1213 2810 1314 2866 illa
1331 2828 1456 2884 quae
1472 2811 1546 2866 ad
1563 2809 1858 2867 humilita-

201 2901 340 2964 tem,
355 2902 413 2952 et
429 2895 534 2953 illa
550 2915 680 2970 qua:
697 2899 768 2954 ad
781 2898 1026 2970 gloriam
1047 2899 1480 2971 pertinentChri
1488 2899 1582 2965 sti,
1598 2899 1657 2954 in
1675 2915 1854 2955 unam

203 2991 560 3042 concurrant
588 2987 974 3059 eomdemque
1004 3004 1336 3060 personam,
1364 2992 1671 3060 totumque
1699 2987 1856 3059 quod

205 3073 266 3130 in
286 3073 386 3130 illo
405 3079 465 3130 et
484 3074 715 3130 virtutis
739 3074 946 3132 divinae
971 3080 1062 3132 est
1081 3076 1140 3131 in
1171 3075 1532 3133 inﬁrmitatis
1560 3076 1852 3142 humanae,

204 3163 276 3219 ad
309 3167 524 3219 nostra:
557 3163 944 3236 reparationis
973 3165 1173 3221 tendat
1195 3166 1485 3233 etfectum,
1509 3164 1738 3237 proprie
1768 3168 1854 3220 ta-

201 3268 337 3309 men
359 3251 424 3307 in
455 3257 644 3308 morte
676 3253 957 3322 cruciﬁxi,
980 3258 1038 3309 et
1065 3254 1125 3309 in
1157 3235 1582 3311 resurrectione
1612 3235 1850 3320 mortui,
1883 3235 1927 3303 C

199 3341 464 3413 potentia
485 3339 860 3413 baptismatis
882 3358 1090 3399 novam
1113 3347 1439 3398 creaturam
1457 3342 1656 3398 condit
1676 3359 1746 3398 ex
1765 3358 1856 3398 ve-

199 3434 343 3494 tere,
377 3432 445 3485 nt
473 3427 535 3484 in
575 3429 1018 3486 renascentibus
1054 3434 1113 3486 et
1153 3447 1312 3487 mors
1342 3429 1554 3486 Christi
1585 3436 1857 3502 operetur

200 3521 261 3574 et
285 3517 428 3585 vita,
460 3517 693 3574 dicente
720 3517 890 3574 beato
919 3517 1181 3590 apostolo
1213 3518 1389 3576 Paulo
1415 3537 1428 3575 :
1453 3520 1536 3576 An
1565 3521 1851 3589 ignoratis,

201 3607 334 3679 quia
363 3607 676 3678 quicunque
723 3606 986 3676 baptizati
1028 3623 1219 3663 sumus
1263 3609 1324 3664 in
1352 3608 1567 3665 Christo
1610 3613 1765 3674 Iesu,
1793 3609 1856 3662 in

202 3703 374 3752 morte
401 3696 578 3767 ipsius
607 3695 868 3766 baptizati
891 3699 1123 3752 sumus?
1151 3695 1463 3770 Cousepulti
1489 3699 1640 3753 enim
1665 3713 1855 3753 sumus

202 3800 328 3850 cum
358 3784 456 3840 illo
494 3801 596 3856 per
643 3784 969 3857 baptismum
999 3786 1058 3840 in
1089 3792 1257 3841 morte
1288 3801 1302 3840 :
1335 3794 1396 3841 ut
1422 3784 1682 3858 quomodo
1723 3801 1853 3841 sur-

203 3875 350 3929 rexit
365 3873 614 3929 Christus
642 3891 677 3928 α
701 3875 933 3929 mortuis
961 3889 1060 3945 per
1084 3874 1316 3943 gloriam
1349 3875 1550 3942 Patris,
1577 3875 1652 3930 ita
1680 3882 1730 3929 ct
1758 3891 1856 3930 nos

206 3962 266 4018 in
293 3963 531 4018 novitate
553 3963 686 4019 vitae
709 3963 1070 4018 ambulemus.
1095 3963 1157 4018 Si
1174 3965 1321 4018 enim
1350 3963 1700 4034 complantati
1725 3964 1859 4033 facti

204 4067 392 4108 smus
415 4051 783 4108 similitudini
805 4053 994 4108 mortis
1013 4053 1151 4125 ejus,
1173 4053 1344 4107 simul
1365 4060 1416 4108 et
1444 4053 1856 4107 resurrectionis

205 4142 410 4197 «unus
431 4142 606 4209 (Rom.
630 4157 708 4208 v1,
729 4141 804 4212 3).
837 4141 908 4196 Et
936 4144 1162 4207 caetera,
1196 4157 1326 4213 qua:
1370 4139 1548 4197 latius
1578 4141 1859 4212 magister

207 4230 469 4302 gentium
493 4229 568 4285 ad
599 4229 1133 4286 commendandum
1165 4233 1600 4285 sacramentum
1632 4228 1857 4301 baptis-

209 4317 384 4396 matis
414 4317 740 4390 disputavit
770 4335 784 4373 :
820 4321 885 4373 ut
920 4323 1226 4390 appareret
1254 4334 1322 4375 ex
1352 4317 1532 4389 hujus
1581 4317 1857 4373 doctrina:

209 4405 441 4478 spiritu,
462 4406 878 4479 regenerandis
897 4406 1034 4462 ﬁliis
1061 4405 1464 4473 hominum,et
1489 4407 1547 4462 in
1581 4406 1680 4461 Dei
1706 4404 1857 4462 filios

212 4494 580 4567 adoptandis,
603 4493 773 4550 illum
794 4494 950 4550 diem
981 4499 1039 4551 et
1067 4495 1213 4551 illud
1241 4499 1474 4567 tempus
1505 4495 1774 4562 electum,
1798 4495 1856 4549 in

213 4599 322 4654 quo
342 4599 446 4656 per
465 4582 917 4640 similitudinem
941 4585 1308 4657 formamque
1329 4584 1610 4658 mysterii,
1631 4601 1700 4640 ea
1731 4601 1859 4655 qua:

215 4677 494 4745 geruntur
522 4671 583 4728 in
614 4671 920 4739 membris,
953 4672 1045 4728 his
1075 4689 1204 4745 qua:
1244 4673 1303 4728 in
1344 4673 1472 4746 ipso
1503 4678 1644 4729 sunt
1671 4674 1859 4746 capite

217 4765 372 4833 gesta
387 4777 744 4833 congruere:
765 4761 908 4816 dum
932 4761 993 4816 in
1013 4761 1386 4834 baptismatis
1404 4761 1605 4836 regula
1623 4765 1680 4818 et
1701 4779 1859 4818 mors

217 4848 520 4906 intervenit
554 4849 956 4906 interfectione
995 4851 1236 4923 peccati,
1270 4856 1328 4906 et
1357 4850 1720 4923 sepulturam
1750 4851 1858 4907 tri-

220 4937 464 4994 duanam
487 4938 758 4994 imitatur
771 4939 930 4994 trina
943 4938 1250 5008 demersio,
1264 4944 1320 4995 et
1335 4941 1407 4996 ab
1427 4941 1596 5012 aquis
1617 4939 1860 4997 elevatio

219 5026 569 5100 resurgentis
599 5026 789 5084 instar
815 5032 908 5084 est
935 5028 1007 5083 de
1037 5027 1366 5100 sepulcro.«
1393 5028 1462 5084 Et
1491 5029 1630 5085 item
1661 5029 1817 5085 idem
1843 5045 1856 5085 :

220 5138 246 5165 κ
266 5115 548 5188 Baptismi
576 5120 778 5172 autem
809 5116 901 5172 sui
933 5116 991 5171 in
1025 5133 1088 5173 se
1111 5117 1374 5172 condidit
1401 5123 1860 5190 sacramentum,

221 5202 350 5276 quia
377 5205 436 5260 in
468 5205 749 5260 omnibus
790 5205 1110 5277 primatum
1141 5209 1367 5275 tenens,
1391 5223 1453 5261 se
1481 5207 1682 5262 docuit
1733 5223 1863 5263 esse

222 5291 589 5366 principium,
603 5297 662 5358 et
676 5298 818 5350 tunc
839 5292 1291 5366 regenerationis
1309 5295 1627 5366 potentiam
1645 5296 1860 5362 sanxit,

219 5383 444 5453 quando
489 5382 562 5438 de
608 5381 789 5438 latere
820 5383 1009 5454 ipsius
1038 5383 1440 5456 profluxerunt
1484 5385 1728 5458 sanguis
1775 5402 1862 5441 re-

219 5469 569 5544 demptionis
602 5475 660 5527 et
691 5487 846 5544 aqua
887 5471 1282 5545 baptismatis.
1306 5474 1470 5537 Quod
1503 5475 1866 5530 demonstrat

221 5557 338 5631 ipse
350 5560 870 5630 Dominus,dicens
887 5561 947 5616 in
959 5560 1266 5632 Evangelio
1284 5563 1604 5618 secundum
1623 5563 1862 5619 Lucam:

221 5648 487 5722 Baptism
516 5657 701 5706 autem
727 5649 894 5707 habeo
927 5651 1197 5723 baptizari
1225 5651 1376 5718 (Luc.
1408 5669 1508 5721 χιι,
1533 5653 1646 5722 50).
1668 5675 1696 5703 ››
1721 5653 1866 5710 Hinc

1963 2015 2092 2066 tum
2117 2009 2536 2082 redemptionis
2555 2013 2612 2064 et
2631 2008 3087 2082 regenerationis
3109 2008 3350 2078 accepit.
3376 2007 3508 2078 Ipsa
3527 2009 3618 2061 est

1965 2099 2120 2156 enim
2170 2117 2319 2155 nova
2367 2098 2622 2154 conditio
2660 2102 2960 2165 creatum,
2990 2115 3117 2170 quae
3146 2097 3204 2151 in
3239 2096 3611 2167 baptismate,

1963 2207 2079 2245 non
2109 2189 2454 2244 indumento
2487 2205 2631 2244 verae
2661 2187 2877 2258 carnis,
2899 2188 3000 2242 sed
3028 2185 3296 2258 contagio
3324 2186 3613 2240 damnatae

1961 2279 2276 2334 vetustatis
2293 2277 2544 2345 exuitur,
2562 2282 2626 2332 ut
2645 2276 2934 2332 efﬁciatur
2952 2276 3129 2331 homo
3147 2291 3358 2347 corpus
3374 2271 3612 2337 Christi,

1963 2367 2105 2440 quia
2123 2371 2180 2422 et
2201 2366 2468 2422 Christus
2499 2383 2712 2437 corpus
2743 2370 2833 2421 est
2858 2364 3170 2420 hominis.»

2035 2456 2180 2512 Hinc
2207 2457 2265 2512 S.
2291 2455 2534 2511 Siricius
2555 2455 2626 2510 ad
2651 2453 2996 2520 Himerium,
3022 2471 3148 2525 cap.
3173 2455 3207 2508 3
3233 2470 3282 2508 :«
3305 2451 3612 2522 Adjectum

1963 2549 2052 2600 est
2109 2545 2307 2614 etiam,
2361 2545 2648 2616 quosdam
2693 2544 3054 2600 Christianos
3113 2543 3186 2597 ad
3234 2540 3610 2614 apostasiam,

1963 2634 2116 2706 quod
2150 2632 2265 2688 dici
2296 2634 2461 2688 nefas
2491 2637 2598 2700 est,
2627 2636 3019 2698 transeuntes,
3043 2634 3100 2686 et
3129 2629 3416 2686 idolorum
3447 2627 3610 2684 cultu

1964 2738 2030 2777 ac
2060 2720 2482 2778 sacriﬁciorum
2530 2719 3022 2777 contaminatione
3063 2719 3399 2792 profanatos
3423 2734 3436 2772 :
3462 2733 3610 2790 quos

1963 2829 1998 2866 a
2017 2811 2229 2866 Christi
2253 2827 2490 2883 corpore
2512 2816 2570 2866 et
2593 2809 2900 2883 sanguine,
2925 2826 3040 2881 quo
3070 2809 3294 2864 dudum
3326 2805 3609 2878 redempti

1964 2900 2194 2956 fuerant
2214 2900 2591 2968 renascendo,
2607 2899 2890 2970 jubemus
2910 2896 3152 2952 abscidi.
3168 2897 3238 2952 Et
3256 2895 3612 2953 Athanasius

1963 2988 2024 3044 in
2055 2987 2350 3062 Symbolo,
2375 2989 2576 3044 dicens
2616 3005 2677 3044 se
2725 2987 2958 3043 credere
3005 2985 3063 3040 in
3115 2985 3431 3051 Christum,
3466 2999 3610 3055 pra:-

1965 3077 2164 3134 missis
2193 3077 2346 3149 aliis,
2369 3080 2741 3149 assumptum
2772 3076 2830 3131 in
2863 3075 3044 3146 cmlis,
3067 3075 3266 3130 sedere
3295 3073 3354 3128 in
3377 3073 3614 3128 dextera

1965 3167 2173 3234 Patris,
2205 3167 2339 3222 inde
2367 3170 2679 3223 venturum
2721 3165 2990 3237 judicare
3013 3163 3196 3219 kvivos
3243 3165 3301 3218 et
3349 3165 3613 3219 mortuos

1964 3260 2392 3329 exspectamus,
2415 3256 2474 3310 in
2508 3255 2687 3326 hujus
2709 3257 2893 3310 morte
2923 3258 2978 3310 et
3005 3251 3290 3324 sanguine
3322 3251 3615 3308 remissio-

1963 3363 2099 3402 nem
2130 3349 2500 3418 peccatorum
2545 3343 2936 3400 consecuturi.
2963 3365 2991 3392 ››
3013 3343 3082 3398 Et
3119 3345 3361 3397 sanctus
3398 3340 3611 3413 Grego-

1964 3435 2089 3490 rius
2119 3435 2176 3490 in
2209 3433 2357 3488 libro
2401 3432 2710 3490 Moralium
2749 3449 2924 3487 xxxm
2945 3434 3084 3503 (cap.
3118 3429 3218 3500 v1).
3245 3452 3272 3479 ς(
3303 3428 3616 3485 Absorbebit

1961 3525 2194 3595 ﬂuvium
2223 3532 2274 3578 et
2301 3540 2410 3579 non
2440 3523 2756 3587 mirabitur,
2777 3529 2831 3577 et
2865 3520 3027 3576 habet
3067 3518 3327 3590 fiduciam
3355 3517 3495 3590 quod
3525 3519 3612 3573 in-

1961 3613 2099 3683 ﬂuat
2118 3611 2374 3668 Iordanis
2407 3613 2464 3666 in
2503 3628 2561 3667 os
2591 3613 2707 3682 ejus
2736 3610 2858 3680 (Job
2887 3627 2976 3677 xc,
3014 3609 3120 3679 18).
3153 3607 3258 3674 Qui
3301 3611 3497 3663 autem
3528 3605 3612 3662 si-

1963 3705 2223 3775 gnantur
2253 3699 2640 3772 appellatione
2659 3698 2954 3763 Jordanis,
2977 3696 3091 3752 nisi
3122 3696 3220 3768 qui
3246 3696 3374 3768 jam
3399 3694 3613 3751 imbuti

1964 3793 2105 3846 sunt
2122 3792 2486 3844 sacramento
2504 3786 2916 3859 baptismatis?
2931 3785 3079 3852 Quia
3092 3785 3252 3842 enim
3264 3785 3615 3856 Redemptor

1966 3881 2164 3932 noster
2193 3877 2250 3930 in
2283 3877 2394 3931 hoc
2424 3877 2666 3931 flumine
2704 3875 2982 3948 baptizari
3034 3874 3310 3948 dignatus
3341 3877 3452 3939 est,
3484 3873 3614 3944 ejus

1965 3965 2200 4020 nomine
2248 3966 2462 4020 debent
2509 3964 2783 4037 baptizati
2835 3981 3038 4019 omnes
3089 3961 3356 4034 exprimi,
3387 3960 3448 4016 in
3497 3977 3612 4034 quo

1965 4054 2160 4126 ipsum
2194 4053 2441 4126 contigit
2461 4057 2896 4108 sacramentum
2923 4050 3296 4124 baptismatis
3326 4049 3610 4105 inchoari.

1967 4143 2112 4209 Quia
2139 4158 2272 4196 vero
2305 4147 2361 4196 et
2391 4146 2522 4214 post
2570 4140 2905 4196 Mediatoris
2953 4139 3292 4205 adventum,
3325 4138 3613 4210 quosdam

1967 4230 2068 4304 qui
2092 4235 2244 4286 recte
2263 4229 2452 4285 vivere
2482 4228 2786 4302 negligunt
2804 4228 2980 4284 etiam
3009 4227 3210 4282 fideles
3242 4226 3411 4298 rapit,
3437 4241 3612 4298 quos-

1967 4321 2102 4376 dam
2125 4319 2224 4392 qui
2249 4318 2620 4391 baptismatis
2639 4320 3010 4372 sacramenta
3023 4313 3237 4388 signati
3258 4316 3400 4369 sunt
3417 4311 3616 4386 deglu-

1968 4409 2076 4464 tire
2097 4425 2160 4463 se
2181 4424 2351 4480 posse
2383 4405 2643 4462 confidit.
2667 4404 2823 4460 Alios
2855 4419 3108 4474 namque
3141 4403 3250 4458 sub
3269 4399 3612 4456 Christiani-

1967 4497 2108 4552 tatis
2137 4495 2371 4551 nomine
2405 4494 2624 4566 positos
2653 4494 2907 4562 devorat,
2935 4491 3075 4562 quia
3103 4491 3163 4548 in
3193 4490 3320 4562 ipso
3351 4505 3451 4546 eos
3479 4487 3614 4544 ﬁdei

1893 4606 1936 4672 Ι)
1967 4602 2160 4642 errore
2202 4583 2560 4672 supplantat.
2587 4581 2746 4672 Alios
2777 4597 2812 4635 a
2843 4579 3187 4636 rectitudine
3219 4576 3613 4672 fideipequa-

1967 4691 2144 4746 quam
2177 4671 2387 4737 deviat,
2411 4671 2510 4727 sed
2543 4670 2614 4724 ad
2645 4685 2818 4724 usum
2853 4685 3038 4742 prava:
3061 4667 3418 4741 operationis
3447 4667 3613 4724 incli-

1970 4767 2090 4818 nat.
2114 4784 2142 4813 »
2172 4762 2240 4816 Et
2270 4765 2402 4832 post
2429 4758 2736 4832 paululum
2762 4775 2818 4814 :«
2842 4757 3024 4814 Valde
3055 4757 3315 4815 terribile
3343 4761 3452 4826 est,
3477 4756 3617 4830 quia

1969 4850 2186 4906 multos
2217 4853 2414 4922 aperto
2444 4865 2542 4904 ore
2571 4848 2749 4904 etiam
2791 4852 2924 4920 post
2946 4847 3337 4920 cognitionem
3368 4847 3614 4903 Redem-

1968 4939 2152 5013 ptoris
2207 4938 2475 5011 suscipit,
2511 4941 2642 5010 post
2701 4936 2912 4992 lavacri
2952 4938 3172 4992 undam
3224 4935 3454 5009 polluit,
3485 4938 3618 5007 post

1969 5031 2336 5084 sacramenta
2366 5025 2624 5082 cmlestia
2662 5027 2732 5081 ad
2786 5026 2994 5080 inferni
3047 5025 3337 5098 profunda
3384 5023 3556 5094 rapit.
3584 5043 3612 5071 ι»

1967 5118 2040 5174 Et
2069 5121 2308 5174 sanctus
2353 5113 2698 5171 Ambrosius
2727 5113 2786 5169 in
2821 5114 2969 5170 libro
3018 5114 3273 5170 secundo
3303 5112 3375 5166 de
3405 5112 3614 5165 Sacra-

1972 5205 2186 5261 mentis
2233 5210 2374 5276 (cap.
2405 5208 2550 5272 2):«
2588 5203 2732 5260 Vidc
2785 5203 2886 5259 ubi
2944 5201 3276 5274 baptizaris,
3329 5198 3484 5252 unde
3541 5194 3619 5250 sit

1972 5295 2288 5368 baptisma,
2313 5293 2424 5348 nisi
2462 5295 2534 5349 de
2581 5310 2751 5348 cruce
2779 5290 3015 5358 Christi,
3051 5291 3120 5344 de
3151 5289 3334 5342 morte
3379 5283 3614 5340 Christi.

1974 5383 2057 5441 Ibi
2087 5387 2177 5440 est
2205 5400 2378 5439 omne
2409 5382 2774 5455 mysterium,
2798 5382 2936 5452 quia
2965 5396 3067 5451 pro
3102 5383 3154 5431 te
3183 5391 3393 5447 passus
3425 5378 3535 5446 est,
3557 5373 3618 5429 in

1974 5475 2101 5547 ipso
2133 5473 2457 5541 redimeris,
2487 5473 2544 5527 in
2597 5472 2723 5545 ipso
2764 5469 3024 5526 salvaris.
3053 5489 3082 5516 η
3115 5467 3256 5521 Item
3305 5463 3365 5518 in
3417 5465 3618 5522 eodem

1975 5567 2114 5636 (cap.
2135 5565 2193 5632 7)
2219 5579 2270 5616 ;‹‹
2301 5561 2522 5618 Clamat
2554 5579 2690 5634 ergo
2721 5556 3032 5631 Apostolus
3081 5555 3234 5611 sicut
3281 5554 3531 5611 audistis
3561 5555 3620 5612 in

1973 5652 2221 5709 lectione
2242 5649 2816 5724 przesenti,qnoniam
2839 5645 3178 5717 quicunque
3198 5644 3548 5716 baptizatur,
3562 5647 3622 5702 in
