3962 6178
385 348 504 410 375

1329 346 1717 411 UlNCMAlll
1764 347 2218 412 RHEMENSIS
2262 348 2862 414 ARCHIEPISCOPI

3669 355 3775 420 876

374 483 568 538 morte
595 479 738 536 Jesu
769 477 1120 552 baptizatur.
1146 479 1296 549 Quid
1327 484 1415 537 est
1446 481 1770 538 in-morte?
1790 486 1857 538 ut
1885 499 2035 556 quo-
2063 481 2120 550 Α
2149 481 2301 538 facta
2325 487 2420 539 est
2449 487 2656 540 mater.
2682 483 2950 542 Christus
2989 484 3184 543 autem
3225 500 3341 544 non
3377 484 3463 544 ita
3488 502 3506 542 τ
3542 486 3778 546 nutritor

381 570 558 626 modo
576 568 848 625 Christus
875 573 1146 626 mortuus
1183 571 1293 638 est,
1327 569 1413 626 sic
1441 574 1498 626 et
1546 575 1610 628 tu
1661 576 1909 628 mortem
1945 573 2037 629 de-

375 663 624 733 gustes:
653 659 948 732 quomodo
979 659 1243 716 Christus
1274 666 1544 717 mortuus
1574 666 1662 717 est
1693 667 1947 734 peccato,
1981 666 2040 718 et

381 745 502 805 Deo
532 747 690 816 vivit,
715 748 798 804 ita
827 754 882 805 et
910 753 975 804 tu
1008 749 1412 821 superioribus
1455 750 1744 807 illecebris
1774 757 2036 824 peccato.

379 855 518 894 rum
548 843 818 895 mortuus
847 839 929 895 sis
960 855 1060 911 per
1091 839 1463 911 baptismatis
1493 846 1948 911 sacramentum,
1981 847 2039 898 et

385 936 662 1000 resurges
705 943 808 999 per
853 927 1102 1001 gratiam
1134 927 1368 986 Christi.
1402 927 1557 986 Mors
1605 945 1742 1004 ergo
1793 936 1902 1002 est,
1932 933 2035 988 sed

383 1023 504 1073 'non
527 1016 586 1072 in
605 1017 812 1072 mortis
828 1017 1145 1090 corporalis
1163 1019 1530 1086 veritate,sed
1551 1019 1606 1075 in
1628 1019 2035 1078 similitudine.

385 1105 534 1162 Cum
565 1106 721 1162 enim
763 1107 1066 1180 mergeris,
1095 1107 1300 1166 mortis
1338 1107 1592 1182 suscipis
1629 1114 1686 1166 et
1723 1109 2036 1183 sepulturae

381 1193 860 1264 similitudinem,
881 1191 1036 1253 διε)
1053 1195 1242 1252 erucis
1275 1195 1433 1254 illius
1464 1197 1680 1271 accipis
1703 1215 2037 1256 sacramen-

383 1287 536 1350 tum,
561 1285 716 1357 quod
745 1284 803 1340 in
825 1301 996 1341 cruce
1017 1285 1288 1343 Christus
1319 1287 1595 1360 pependit
1613 1293 1672 1344 et
1694 1288 1872 1345 clavis
1894 1305 2036 1346 con-

384 1374 570 1429 ﬁxum
594 1377 686 1430 est
707 1383 940 1446 corpus.
965 1371 1053 1430 Tu
1076 1389 1214 1448 ergo
1243 1393 1378 1432 eum
1405 1375 1784 1450 cruciﬁgeris,
1805 1378 2037 1436 Christo

381 1462 669 1530 adhaeres,
693 1461 872 1520 clavis
892 1460 1123 1520 Domini
1147 1463 1329 1522 nostri
1353 1464 1493 1522 Jesu
1515 1465 1732 1523 Christi
1752 1467 2035 1538 adhaeres,

384 1567 464 1607 ne
493 1555 549 1608 te
581 1551 850 1608 diabolus
900 1552 1090 1626 possit
1132 1553 1492 1612 abstrahere.
1520 1578 1547 1605 »
1581 1556 1725 1612 Item
1781 1555 1842 1612 in
1877 1555 2038 1614 libro

382 1640 594 1714 quinto
619 1659 667 1697 τα
702 1643 868 1698 Tunc
894 1658 1054 1700 unus
1075 1644 1146 1700 de
1174 1642 1467 1702 militibus
1496 1643 1698 1702 lancea
1724 1645 1880 1703 latus
1910 1649 2040 1719 ejus

382 1729 633 1802 aperuit,
657 1734 714 1787 et
742 1731 813 1788 de
860 1730 1041 1789 latere
1071 1735 1200 1806 ejus
1226 1751 1384 1807 aqua
1422 1734 1590 1790 illuxit
1633 1740 1694 1792 et
1743 1736 1986 1810 sanguis
2019 1753 2033 1793 :

385 1835 569 1891 quare
601 1820 795 1893 aqua?
815 1837 994 1894 quare
1025 1823 1306 1897 sanguis?
1343 1839 1498 1898 aqua
1527 1829 1721 1882 autem
1757 1830 1827 1882 ut
1865 1843 2036 1883 mun-

382 1909 572 1977 daret,
606 1911 851 1984 sanguis
879 1915 946 1966 ut
971 1909 1305 1970 redimeret.
1333 1937 1361 1964 »

457 1998 528 2053 Et
557 2003 796 2054 sanctus
832 1999 1089 2058 Joannes
1117 2001 1572 2075 Cbrysostomus
1601 2001 1660 2060 in
1693 2005 1936 2062 homilia
1964 2006 2036 2062 ad

386 2087 722 2160 Neophytos
746 2103 796 2143 :«
821 2087 922 2145 Vis
943 2093 1001 2144 et
1029 2090 1205 2147 aliam
1238 2091 1420 2164 hujus
1451 2093 1757 2167 sanguinis
1787 2095 2037 2152 scrutari

383 2175 704 2233 virtutem?
729 2177 872 2233 Volo
905 2179 1061 2235 unde
1089 2179 1348 2252 primum
1379 2183 1740 2238 concurrerit
1764 2183 2033 2257 incipias,

385 2267 444 2320 et
481 2257 554 2321 de
589 2281 708 2338 quo
748 2265 907 2322 fonte
954 2267 1234 2325 manavit.
1267 2269 1350 2326 De
1386 2269 1518 2344 ipsa
1557 2271 1814 2344 primum
1865 2289 2036 2330 cruce

385 2353 688 2426 processit,
711 2353 868 2411 latus
899 2356 982 2412 illi
1005 2356 1375 2414 Dominicum
1403 2358 1639 2416 initium
1664 2360 1792 2416 fuit.
1809 2361 2036 2418 Mortuo

384 2441 542 2499 enim
573 2441 656 2499 ait
675 2443 836 2514 Jesn,
857 2448 916 2501 et
943 2446 1134 2502 adhuc
1161 2446 1221 2503 in
1242 2463 1414 2504 cruce
1444 2448 1751 2520 pendente,
1775 2450 2038 2524 approxi-

385 2535 510 2588 mat
545 2530 736 2602 miles,
759 2532 914 2590 latus
963 2534 1166 2592 lancea
1212 2535 1522 2610 percussit,
1545 2543 1604 2595 et
1634 2539 1838 2598 exinde
1883 2559 2037 2614 aqua

385 2620 556 2677 fluxit
569 2625 626 2678 et
641 2621 1102 2696 sanguis.Unum
1125 2626 1498 2699 baptismatis
1514 2629 2035 2703 symbolum,aliud

386 2710 758 2768 sacramenti.
779 2712 903 2769 Non
927 2714 1030 2786 ait,
1054 2715 1193 2772 exiit
1214 2717 1455 2791 sanguis
1476 2722 1532 2774 et
1551 2735 1723 2791 aqua,
1748 2720 1871 2789 sed,
1897 2719 2038 2776 exiit

385 2807 540 2872 aqua
570 2800 827 2874 primum
864 2807 921 2858 et
957 2805 1239 2878 sanguis:
1265 2807 1405 2879 quia
1459 2807 1626 2880 prius
1683 2808 2036 2881 baptismate

383 2886 762 2957 diluimur,et
781 2896 980 2964 postea
1001 2894 1278 2967 mysterio
1301 2896 1661 2966 dedicamur,
1688 2896 1843 2952 latus
1865 2897 2036 2955 miles

384 2977 632 3048 aperuit,
665 2982 722 3035 et
748 2979 952 3053 templi
984 2983 1171 3039 sancti
1203 2984 1482 3056 parietem
1515 2986 1805 3058 patefecit.
1829 2987 1900 3042 Et
1927 3000 2032 3058 ego

379 3064 726 3124 thesaurum
759 3069 1102 3142 praeclarum
1146 3072 1360 3141 inveni,
1383 3079 1439 3130 et
1480 3073 1772 3149 fulgentes
1801 3073 2033 3132 divitias

2145 575 2236 628 est
2265 576 2484 629 noster.
2509 573 2639 629 Ideo
2669 579 2728 630 et
2756 591 2861 648 pro
2891 575 3020 631 cibo
3051 575 3286 649 propria
3302 591 3478 634 carne
3505 577 3708 650 pascit,
3729 583 3779 636 et

2139 677 2250 733 pro
2279 667 2416 734 potu
2452 678 2559 718 suo
2589 679 2698 718 nos
2729 664 3016 736 sanguine
3048 665 3438 737 propinavit.»
3451 663 3533 722 'Et
3557 666 3696 724 item
3725 668 3778 724 in

2141 750 2389 806 homilia
2407 751 2481 808 de
2504 751 2809 825 principiis
2833 753 3010 809 Marci
3033 755 3344 811 :«Grandis
3364 755 3776 824 misericordia,

2141 840 2246 912 qui
2275 845 2511 912 peccata
2541 858 2655 896 non
2689 841 2901 898 fecerat
2929 843 3264 916 baptizatur
3283 844 3459 916 quasi
3501 850 3777 918 peccator.

2142 928 2209 984 in
2233 929 2526 1001 baptismo
2545 930 2778 986 Domini
2801 932 3000 987 omnia
3019 937 3257 1005 peccata
3276 933 3778 992 dimittuntur.Sed

2145 1017 2310 1091 quasi
2344 1018 2693 1092 praeludium
2716 1023 2805 1076 est
2833 1020 3126 1093 baptisma
3145 1021 3460 1078 Salvatoris
3481 1039 3494 1078 :
3519 1027 3775 1081 caeterum

2142 1123 2277 1164 vero
2308 1107 2576 1165 remissio
2597 1111 2742 1165 311
2781 1113 3152 1182 peccatorum
3178 1109 3236 1166 in
3259 1111 3473 1168 Christi
3501 1112 3779 1186 sanguine

2141 1201 2254 1264 cst,
2269 1196 2327 1252 in
2351 1197 2656 1254 Trinitatis
2677 1199 3014 1272 mysterio.»
3033 1201 3103 1256 Et
3122 1201 3181 1256 in
3199 1201 3481 1258 Sermone
3503 1201 3574 1257 de
3599 1203 3780 1260 verbis

2143 1285 2403 1358 Apestoli
2439 1304 2508 1342 :«
2539 1287 2618 1342 An
2670 1289 2954 1359 ignoratis,
3006 1287 3218 1362 inquit,
3265 1291 3484 1362 fratres,
3534 1293 3783 1364 quoniam

2144 1376 2454 1448 quicunque
2480 1377 2544 1432 in
2571 1377 2790 1434 Christo
2840 1377 3100 1450 baptismi
3123 1389 3334 1446 sumus,
3365 1381 3427 1435 in
3461 1387 3633 1436 morte
3677 1382 3782 1453 ejus

2144 1464 2407 1536 δαμείωιί
2431 1469 2664 1522 sumus?
2691 1466 3005 1540 Consepulti
3039 1483 3166 1538 ergo
3195 1469 3289 1524 illi
3312 1477 3503 1524 sumus
3526 1485 3628 1542 per
3655 1471 3782 1542 bap-

2141 1563 2296 1608 mu‘m
2322 1555 2383 1609 in
2412 1562 2582 1611 marte
2611 1554 2784 1628 (Rom.
2806 1573 2886 1622 v1,
2917 1557 2994 1624 8).
3025 1557 3174 1624 Quid
3203 1561 3296 1614 est
3322 1556 3382 1613 in
3413 1561 3602 1614 morte
3633 1557 3783 1614 illius

2140 1641 2422 1714 haptizati
2453 1645 2701 1701 sumus?
2730 1649 2796 1700 ut
2823 1649 2882 1702 et
2906 1645 3022 1718 ipsi
3055 1646 3378 1703 moriamur
3407 1647 3562 1704 sicut
3586 1653 3648 1704 et
3675 1647 3780 1704 ille.

2143 1735 2294 1787 Crux
2321 1732 2478 1788 enim
2507 1738 2598 1789 est
2631 1734 3129 1807 baptisma.'Quod
3163 1751 3301 1808 ergo
3320 1752 3462 1792 crux
3475 1734 3708 1793 Christo
3733 1742 3785 1794 et

2143 1821 2501 1893 sepulcrum,
2536 1822 2645 1877 hoc
2689 1822 2860 1878 nobis
2892 1823 3190 1896 baptisma
3217 1824 3448 1881 factum
3473 1829 3564 1882 est
3593 1839 3606 1880 :
3642 1829 3782 1882 tam-

2086 1910 2113 1947 -'
2145 1910 2252 1966 etsi
2284 1927 2400 1966 non
2445 1911 2506 1967 in
2557 1912 2778 1967 eisdem
2837 1911 3006 1985 ipsis.
3028 1913 3168 1985 'Ipse
3223 1929 3481 1987 namque
3533 1920 3786 1972 earnest

2141 2004 2418 2057 mortuus
2448 2004 2534 2057 est
2556 2006 2613 2057 et
2633 2001 2918 2074 sepultus,
2943 2019 3052 2059 nos
3073 2005 3267 2059 autem
3293 2003 3527 2077 peccato
3551 2004 3620 2060 in
3645 2004 3784 2062 utro-

2145 2100 2279 2161 que.
2304 2091 2666 2163 Quaproptcr
2695 2108 2811 2146 non
2844 2089 3007 2160 dixit,
3037 2091 3416 2165 complantati
3457 2093 3659 2162 morti,
3689 2094 3781 2149 sed

2141 2177 2519 2234 similitudini
2550 2179 2777 2236 mortis.
2803 2181 2960 2236 Mors
2986 2197 3245 2254 namque
3283 2182 3342 2238 et
3377 2181 3485 2238 hoc
3516 2187 3584 2239 et
3615 2181 3780 2254 illud,

2143 2267 2245 2323 sed
2277 2285 2393 2324 non
2451 2267 2672 2324 eisdem
2706 2267 2850 2341 ipsis
2880 2270 3146 2341 subjacet
3177 2287 3190 2325 :
3220 2270 3324 2327 sed
3379 2270 3502 2328 base
3545 2273 3785 2344 quidem

2143 2355 2338 2413 carnis
2375 2357 2612 2424 Christi,
2645 2362 2847 2415 nostra
2883 2362 3080 2415 autem
3121 2359 3380 2432 peccati:
3407 2361 3783 2433 quemadmoo

2139 2445 2285 2502 dum
2318 2463 2454 2519 ergo
2479 2445 2583 2502 illa
2610 2464 2765 2515 vera,
2799 2450 2856 2503 et
2883 2447 3026 2504 haec.
3049 2469 3080 2499 ν»

2213 2535 2284 2590 Et
2314 2552 2566 2609 magnus
2599 2536 2710 2592 Leo
2739 2553 2894 2610 papa
2930 2537 2990 2592 in
3034 2539 3194 2594 temo
3221 2536 3519 2594 catholica:
3549 2539 3690 2595 fidei
3715 2539 3784 2595 ad

2142 2621 2481 2679 Flavianum
2522 2627 2698 2696 (epist.
2733 2627 2822 2692 10,
2853 2641 2901 2680 c.
2932 2625 2988 2697 5)
3011 2641 3071 2680 :«
3103 2625 3164 2682 Si
3223 2642 3360 2699 ergo
3399 2625 3784 2684 Christianam

2138 2713 2401 2785 suscepit
2429 2711 2623 2780 fidem,
2647 2718 2704 2770 et
2733 2731 2766 2769 a
2795 2713 3204 2786 pradicatione
3223 2714 3518 2788 Evangelii
3549 2717 3646 2772 sui
3678 2730 3785 2772 non

2141 2801 2350 2857 avertit
2375 2803 2665 2874 auditum,
2687 2802 2880 2860 videat
2901 2820 3028 2876 quae
3054 2808 3270 2860 natura
3298 2805 3584 2862 transﬁxa
3615 2805 3786 2862 clavis

2141 2890 2483 2962 pependerit
2512 2891 2570 2947 in
2592 2890 2752 2965 ligno
2773 2893 2984 2961 crucis,
3007 2897 3063 2950 et
3083 2896 3281 2965 aperto
3311 2909 3416 2966 per
3443 2892 3656 2951 militis
3675 2894 3789 2950 ian.

2141 2993 2302 3036 ceam
2324 2979 2502 3036 latere
2521 2981 2802 3051 crucifixi,
2819 2981 3108 3055 intelligat
3122 2983 3280 3038 unde
3298 2982 3540 3056 sanguis
3559 2988 3622 3040 et
3641 2998 3789 3056 aqua

2141 3069 2472 3135 ﬂuxerit,ut
2499 3069 2758 3127 Ecclesia
2787 3069 2888 3126 Dei
2919 3073 2976 3126 e't
3004 3070 3232 3128 lavacro
3279 3070 3569 3146 rigaretur
3598 3078 3659 3130 et
3687 3089 3788 3146 ρο-

379 3164 474 3210 me
501 3157 768 3229 gratulor
799 3161 1072 3232 reperire,
1091 3161 1191 3217 Sic
1241 3167 1300 3218 et
1343 3163 1416 3219 de
1465 3161 1564 3220 illo
1611 3181 1761 3238 agno
1811 3164 2028 3220 factum
2068 3229 2099 3238 _
2137 3156 2289 3213 culo.
2315 3159 2530 3214 Audiat
2557 3159 2792 3215 beatum
2823 3160 3056 3216 Petrum
3091 3159 3424 3234 apostolum
3466 3162 3788 3234 praedican-

376 3247 486 3313 est,
511 3243 698 3302 Judaei
720 3229 883 3304 ovem
905 3229 1332 3317 occiderunt,et
1350 3264 1456 3324 ego
1479 3229 1731 3309 fructum
1745 3254 1820 3310 de
1841 3270 2028 3310 sacra-
2057 3229 2101 3301 (ἶ
2137 3249 2255 3302 tem
2269 3249 2431 3320 quod
2464 3248 2848 3306 sanctiﬁcatio
2874 3229 3248 3322 spiritus-per
3265 3229 3670 3322 aspersionem
3691 3251 3789 3307 ﬁat

379 3337 576 3391 mento
606 3336 868 3405 cognovi,
903 3337 975 3394 de
1017 3337 1196 3395 latere
1240 3341 1484 3413 sanguis
1531 3345 1589 3397 et
1633 3357 1786 3414 aqua
1829 3342 2025 3398 exivit.

375 3419 524 3479 Nolo
555 3427 676 3480 tam
710 3423 876 3482 facile
907 3423 1139 3483 auditor
1167 3433 1435 3486 transeas
1464 3434 1630 3486 tanta
1658 3435 1883 3487 secreta
1913 3449 2030 3506 my-

379 3511 564 3566 sterii.
588 3512 834 3570 Pamstat
862 3514 1018 3570 enim
1061 3516 1206 3572 mihi
1246 3517 1493 3590 mystica
1523 3523 1698 3593 atque
1729 3520 2028 3578 secretalis

379 3600 584 3681 oratio.
606 3601 736 3657 Dixi
767 3603 1140 3675 baptismatis
1169 3605 1501 3679 symbolum
1527 3613 1585 3664 et
1615 3607 2026 3681 mysteriorum

378 3679 593 3761 aquam
615 3689 774 3746 illam
793 3695 852 3748 et
867 3693 1214 3766 sanguinem
1233 3695 1642 3752 demonstrari.
1663 3679 1743 3752 Ex
1761 3697 1852 3752 bis
1867 3697 2026 3755 enim

376 3782 582 3834 sancta
613 3770 858 3835 tundata
876 3786 964 3836 est
984 3781 1258 3852 Ecclesia,
1281 3799 1384 3856 per
1404 3783 1614 3841 lavacri
1637 3785 2026 3858 regeneratio-

379 3873 514 3921 nem
535 3868 593 3922 et
623 3867 1051 3925 renovationcm
1076 3868 1327 3944 Spiritus
1348 3873 1556 3929 sancti.
1583 3874 1688 3930 Per
1707 3875 2024 3948 baptisma,

379 3951 589 4024 inquit,
605 3959 664 4010 et
683 3956 959 4028 mysteria
979 3975 1108 4030 quae
1133 3976 1202 4016 ex
1233 3959 1414 4018 latere
1441 3963 1714 4018 videntur
1733 3979 1862 4021 esse
1892 3981 2024 4037 pro-

378 4039 515 4098 lata.
541 4041 621 4098 Ex
651 4042 829 4100 latere
861 4046 1041 4119 igitur
1069 4065 1175 4104 suo
1199 4045 1468 4106 Christus
1497 4051 1802 4108 (edificavit
1829 4053 2023 4110 Eccle-

378 4131 550 4204 siam,
565 4133 718 4190 sicut
737 4135 808 4190 de
836 4133 1014 4194 latere
1036 4139 1220 4194 Adam
1251 4140 1381 4210 ejus
1411 4141 1625 4212 conjux
1657 4141 1769 4198 Eva
1799 4141 2027 4215 prolata

376 4225 484 4276 est.
519 4222 665 4278 Nam
695 4223 805 4280 hac
836 4223 906 4281 de
938 4241 1117 4282 causa
1143 4227 1360 4285 Paulus
1391 4246 1624 4302 quoque
1653 4235 1904 4287 testatur
1934 4232 2022 4287 di-

375 4325 515 4367 cens
539 4327 551 4367 :
577 4313 650 4368 De
675 4327 895 4386 corpore
918 4323 970 4371 et
1003 4314 1068 4373 de
1097 4317 1308 4373 ossibus
1342 4320 1459 4390 eius
1499 4335 1690 4376 sumus
1719 4319 1934 4394 (Ephes.
1967 4337 2020 4389 v,

2137 3335 2444 3408 sanguinis
2461 3336 2674 3392 Christi
2692 3353 2705 3391 :
2724 3353 2828 3394 nec
2843 3337 3182 3394 transitoria
3198 3338 3356 3412 legat
3369 3339 3639 3411 ejusdem
3661 3355 3790 3412 apo-

2136 3423 2271 3480 stoli
2291 3425 2466 3480 verba
2485 3425 2733 3482 dicentis
2757 3443 2770 3482 :
2793 3427 3031 3483 Scientes
3051 3427 3192 3500 quod
3210 3443 3322 3484 non
3340 3429 3787 3501 cormptibilibus

2133 3521 2358 3583 argenIo
2386 3523 2437 3570 et
2459 3531 2596 3572 auro
2626 3515 2890 3588 redempti
2914 3517 3042 3572 estis
3060 3516 3128 3573 de
3147 3531 3288 3572 vana
3305 3524 3482 3573 vesnu
3509 3532 3790 3575 cenaene.

2135 3601 2282 3658 tione
2303 3611 2546 3674 pater-me
2585 3605 2920 3671 traditionis,
2939 3605 3034 3661 sed
3059 3607 3294 3678 pretioso
3319 3607 3591 3677 sanguine
3628 3607 3791 3680 quasi

2133 3693 2266 3763 agni
2295 3694 2714 3749 incontaminati
2741 3702 2792 3750 et
2821 3695 3163 3751 {inmaculati
3187 3699 3320 3752 Jesu
3347 3693 3551 3751 Christi
3571 3697 3624 3767 (1
3643 3696 3788 3752 Par.

2135 3796 2174 3847 ι,
2199 3781 2306 3849 18).
2333 3777 2491 3836 Beati
2517 3795 2750 3854 quoque
2771 3781 3016 3838 Joannis
3036 3783 3284 3856 apostoli
3309 3780 3653 3840 testimonio
3673 3797 3788 3839 non

2135 3867 2370 3924 resistat
2398 3869 2684 3926 dicentis:
2717 3872 2782 3927 Et
2807 3873 3036 3941 sanguis
3077 3869 3204 3929 Iesu
3236 3873 3372 3929 Filii
3399 3873 3500 3928 Dei
3525 3873 3794 3929 mdia

2131 3969 2230 4013 nos
2257 3959 2328 4012 ab
2355 3961 2510 4015 Omni
2533 3967 2746 4030 peccato
2777 3960 2824 4033 (I
2846 3958 3002 4017 Ιοαη.
3023 3975 3066 4027 ι,
3088 3957 3166 4031 7).
3191 3962 3260 4018 Et
3288 3961 3499 4018 iterum
3525 3959 3700 4020 :Hwe
3715 3968 3792 4018 est

2131 4048 2358 4102 victoria
2399 4061 2526 4120 qua:
2579 4050 2750 4104 vincit
2799 4049 3088 4118 mundum,
3115 4049 3248 4122 ﬁdes
3301 4057 3508 4108 nostra.
3544 4051 3688 4118 Quis
3715 4058 3793 4107 est

2131 4137 2232 4207 qui
2258 4137 2427 4192 vincit
2452 4135 2740 4199 mundum,
2771 4139 2886 4193 nisi
2915 4140 3012 4210 qui
3035 4133 3210 4194 credit
3235 4141 3500 4211 quoniam
3519 4142 3696 4197 Jan:
3715 4147 3794 4196 est

2131 4223 2308 4280 Filius
2340 4227 2446 4281 Dei
2455 4229 2482 4280 γ
2509 4225 2608 4281 Hic
2634 4228 2830 4298 estqui
2855 4225 3005 4283 iuuit
3029 4244 3129 4300 per
3147 4243 3349 4300 aquam
3373 4235 3429 4284 et
3453 4230 3793 4298 sanguinem

2128 4317 2288 4370 Jesus
2317 4314 2566 4371 Christus
2595 4333 2614 4369 :
2640 4331 2749 4371 non
2809 4317 2870 4371 in
2921 4331 3067 4389 aqua
3119 4317 3318 4383 solum,
3349 4316 3443 4373 sed
3472 4319 3534 4373 in
3559 4326 3795 4392 aqmet

374 4401 488 4469 30).
523 4401 702 4458 Latus
730 4403 1000 4460 videlicet
1026 4404 1172 4461 illud
1205 4405 1564 4480 significans.
1589 4409 1736 4464 Nam
1773 4408 1924 4465 sicut
1953 4411 2024 4466 de
2129 4405 2420 4473 sanguine.

2145 4405 2420 4473 sanguine.
2459 4405 2526 4460 Et
2576 4406 2806 4476 spiritus
2856 4412 2941 4461 est
2993 4407 3094 4478 qui
3148 4407 3468 4477 testiﬁcatur
3518 4409 3794 4479 quoniam

375 4486 476 4544 ill-0
507 4488 682 4545 latere
714 4490 868 4547 Deus
907 4493 1068 4564 fecit:
1087 4494 1367 4552 feminam
1409 4497 1724 4569 procreari,
1752 4498 1837 4554 sic
1866 4503 1922 4554 et
1949 4499 2024 4554 de

2132 4493 2388 4550 Christus
2416 4501 2495 4549 est
2519 4496 2721 4549 veritas
2750 4512 2769 4548 :
2799 4496 2933 4566 quia
2961 4501 3068 4550 ires
3105 4503 3236 4550 sunt
3271 4495 3368 4567 qui
3408 4497 3793 4552 testimonium

376 4591 482 4632 suo
503 4575 682 4633 latere
696 4577 965 4636 Christus
982 4599 1196 4654 aquam
1215 4583 1382 4641 nobis
1403 4591 1459 4640 et
1478 4583 1822 4659 sanguinem
1841 4587 2019 4656 dedit,
2051 4603 2099 4670 θ
2128 4580 2278 4649 dant,
2309 4583 2449 4654 φίνὲ

2145 4580 2278 4649 iant,
2309 4583 2558 4654 spiriyis,
2592 4597 2755 4654 aqua,
2787 4590 2840 4638 ei
2887 4585 3142 4652 sanguis,
3173 4590 3228 4640 et
3278 4591 3386 4639 me:
3434 4598 3616 4640 unum
3663 4591 3797 4640 sum

375 4665 532 4720 unde
553 4673 921 4738 repararetur
943 4669 1218 4728 Ecclesia.
1238 4672 1307 4727 Et
1329 4673 1482 4728 sicut
1505 4673 1566 4729 in
1599 4691 1806 4747 sopore
1825 4675 2022 4748 quies-
2051 4665 2090 4670 —
2129 4673 2184 4740 (Ι
2219 4675 2384 4729 Joan.
2417 4687 2472 4737 ν,
2506 4672 2580 4739 li).
2611 4670 2866 4744 Spiritus
2923 4671 3131 4744 utique
3187 4672 3706 4739 sanctiﬁcationis,
3737 4679 3795 4729 et

373 4756 560 4813 centis
587 4757 722 4812 Adae
753 4757 908 4816 Deus
939 4757 1138 4817 lateris
1169 4762 1434 4818 membra
1466 4763 1756 4835 patefecit,
1789 4764 1872 4820 sic
1901 4783 2021 4820 mo~
2128 4759 2370 4834 san-guis
2391 4759 2904 4833 redemptionis,et
2921 4760 3463 4834 aquahapti'smatis
3483 4777 3496 4816 :
3518 4777 3656 4833 qua:
3679 4761 3798 4817 tria

373 4844 447 4901 de
479 4849 610 4918 post
655 4851 904 4902 mortem
936 4864 1152 4920 aquam
1195 4849 1366 4906 nobis
1396 4850 1630 4907 donavit
1675 4856 1733 4907 et
1781 4855 2018 4928 sangni-
2130 4865 2313 4905 unum
2345 4853 2503 4916 sunt,
2523 4853 2580 4904 et
2609 4847 2911 4904 individua
2941 4853 3200 4916 manent,
3225 4848 3491 4922 nihilque
3511 4865 3731 4906 eorum
3758 4865 3800 4905 ι

371 4949 506 4990 nem
533 4940 630 4992 :et
652 4949 832 5007 sopor
861 4935 956 4992 ille
978 4952 1133 4993 nunc
1155 4955 1314 4995 mors
1335 4943 1444 5008 est,
1461 4947 1526 4996 ut
1545 4940 1740 4997 discas
1769 4947 2018 4998 mortem
2126 4937 2219 4993 sui
2251 4937 2606 4994 connexione
2635 4938 2970 5011 sejungitur
2996 4954 3008 4994 :
3032 4937 3172 5010 quia
3197 4937 3494 4996 catholica
3520 4939 3798 4996 Ecclesia

372 5021 536 5080 nulla
565 5024 790 5097 soporis
820 5025 1186 5098 separatione
1216 5027 1490 5084 discerni.
1512 5027 1714 5084 Videte
1743 5031 2022 5101 quemad.
2126 5025 2237 5082 hac
2257 5025 2371 5082 ﬁde
2390 5023 2546 5095 vivit,
2569 5041 2637 5082 ac
2659 5027 2908 5099 proiicit,
2931 5032 2996 5082 ut
3023 5026 3085 5082 in
3109 5026 3341 5084 Christo
3359 5025 3502 5084 Jesu
3521 5042 3640 5084 nec
3655 5028 3800 5085 sine

370 5111 610 5170 modum
633 5127 912 5186 Sponsam
935 5114 1047 5170 sibi
1069 5115 1338 5172 Christus
1359 5117 1881 5188 eonjnnxit,videte
1902 5137 2018 5192 quo
2125 5129 2262 5171 vera
2306 5114 2608 5171 divinitate
2639 5115 2998 5185 humanitas,
3034 5129 3139 5173 nec
3165 5116 3296 5172 sine
3333 5131 3466 5172 vera
3503 5117 3803 5174 creduiqu

365 5217 470 5259 vos
492 5203 621 5260 cibo
641 5203 928 5260 satietatis
950 5203 1187 5260 enutrit.
1210 5205 1338 5278 Ipse
1361 5205 1530 5262 nobis
1550 5205 1666 5262 cibi
1687 5206 2022 5264 substantia
2125 5204 2493 5262 humanitate
2513 5204 2890 5260 divinitatis.»
2915 5207 2984 5260 Et
3012 5204 3072 5261 in
3090 5205 3344 5278 epistula
3358 5206 3436 5262 ad
3465 5202 3802 5263 Turibium

368 5297 457 5348 est
486 5297 660 5366 atque
690 5293 1140 5349 nutrimentum.
1164 5291 1310 5348 Nam
1335 5292 1486 5350 sicut
1514 5293 1746 5360 mulier,
1771 5295 2020 5352 affectio-
2123 5292 2525 5348 Asturiensem
2556 5292 3058 5367 episcopum'(cap.
3085 5296 3172 5368 10)
3195 5293 3336 5350 dicit
3368 5311 3382 5350 :
3406 5319 3434 5345 ‹‹
3463 5295 3800 5352 Neminem

365 5379 462 5455 nis
493 5387 703 5437 natura
731 5385 992 5452 cogente,
1017 5382 1282 5452 genitum
1311 5381 1464 5436 alere
1495 5382 1586 5436 sui
1619 5381 1786 5439 lactis
1817 5383 2015 5440 fecun-
2124 5397 2296 5454 posse
2319 5399 2354 5436 a
2372 5380 2704 5438 conditione
2724 5382 2936 5438 veteris
2965 5382 3222 5438 hominis
3246 5383 3503 5450 liberari,
3531 5381 3656 5439 nisi
3692 5395 3807 5458 per

367 5469 550 5526 ditate
583 5470 842 5538 festinat,
866 5470 951 5525 sic
979 5474 1040 5525 et
1066 5469 1337 5526 Christus
1368 5487 1516 5541 quos
1557 5470 1682 5542 ipse
1714 5476 2017 5543 rcgenerat
2123 5475 2556 5526 sacramentum
2590 5471 2966 5543 baptismatis
2987 5471 3224 5542 Christi,
3250 5473 3308 5528 in
3331 5489 3448 5545 quo
3469 5469 3646 5528 nulla
3667 5474 3803 5530 dis-

366 5573 478 5612 suo
491 5559 778 5631 sanguine
798 5575 1030 5632 semper
1048 5560 1290 5614 nutrit.»
1305 5560 1374 5614 Et
1392 5559 1450 5614 in
1472 5558 1715 5615 homilia
1734 5561 1926 5632 prima
1944 5561 2017 5618 de
2123 5558 2300 5614 cretio
2347 5559 2802 5630 renascentium,
2835 5561 3061 5618 dicente
3089 5561 3366 5634 Apostolo
3400 5562 3809 5636 :,Quicunque

366 5642 596 5716 psalmo
617 5663 649 5700 L
668 5661 717 5702 zu
741 5647 906 5719 Apud
941 5646 1145 5704 divites
1171 5645 1467 5704 erubescit
1497 5646 1620 5704 tieri
1659 5647 1856 5704 nutrix
1882 5663 2012 5721 quae
2121 5651 2268 5706 enim
2289 5649 2348 5704 in
2364 5647 2578 5706 Christo
2593 5653 2728 5707 Jesu
2749 5649 3010 5722 baptisui
3025 5649 3466 5708 estis.Chrisium
