3962 6178
246 323 360 388 381

958 324 1062 387 DE
1102 324 1870 390 PRIEDESTINATIONE
1910 324 2431 390 DISSERTATIO
2471 302 2932 390 POSTER‘IOR.

3525 322 3644 388 382

245 457 584 534 adoptionis
613 456 716 514 ﬁlii
745 457 846 514 Dei
885 458 1071 514 effecti
1113 463 1271 526 sunt,
1305 459 1407 517 sed
1455 459 1896 534 dereliquerunt
1921 461 1978 529 Α
2005 459 2218 517 iterum
2241 447 2526 517 Dominus
2548 459 2720 532 jubet
2753 477 2766 515 :
2801 459 3028 530 Vigilate
3055 467 3108 518 et
3131 467 3298 528 orate,
3329 465 3392 517 ut
3417 474 3529 517 non
3555 458 3643 515 in-

245 565 426 607 suum
455 547 920 618 domicilium,id
949 553 1038 605 est
1069 549 1337 606 Ecclesia:
1369 551 1656 607 unitatem
1684 550 1745 606 in
1777 568 1895 624 qua

243 638 365 695 Deo
385 637 571 696 renati
593 643 752 706 sunt,
784 637 872 694 vel
904 642 1058 695 certe
1077 639 1244 696 sedes
1264 639 1425 713 regni
1449 640 1719 707 emlestis,
1745 659 1894 714 quas

241 725 543 800 accepturi
565 729 732 782 erant
752 726 800 782 si
825 727 997 782 ﬁdem
1033 733 1349 796 servarent,
1373 733 1430 783 et
1453 733 1586 784 ante
1599 729 1892 800 judicium

239 815 589 889 graviter,et
607 815 842 888 gravius
864 815 919 870 in
937 816 1162 887 judicio
1185 816 1496 872 universali
1531 818 1892 875 damnabit.»

239 905 316 961 Et
346 904 550 960 Petrus
598 903 662 959 in
709 903 970 978 Epistola
1013 905 1062 960 ΙΙ
1095 921 1108 960 :
1143 906 1494 978 Quapropter,
1525 909 1745 979 fratres,
1774 925 1892 964 ma-

239 995 333 1064 gis
349 996 578 1066 satagite
601 1002 661 1050 ut
680 1011 785 1066 per
808 994 945 1050 bona
973 1011 1136 1066 opera
1167 1004 1368 1051 certam
1397 1004 1630 1051 vestram
1654 999 1892 1053 vocatio-

239 1099 368 1139 nem
387 1091 442 1140 et
455 1085 770 1140 electionem
787 1085 1005 1154 faciatis
1035 1083 1108 1156 (Il
1132 1086 1277 1140 Petr.
1302 1101 1342 1152 ι,
1369 1085 1478 1154 10).
1503 1085 1666 1142 Unde
1697 1087 1851 1143 Beda
1874 1104 1888 1147 :

240 1194 270 1222 κ
303 1171 463 1228 Μαιιί
487 1179 621 1228 sunt
647 1173 838 1243 vocati,
871 1173 1036 1244 pauci
1062 1179 1242 1239 autem
1271 1174 1444 1230 electi.
1472 1175 1642 1231 Certa
1670 1181 1758 1231 est
1788 1194 1890 1233 au-

239 1265 359 1316 tem
388 1261 615 1317 vocatio
646 1265 992 1318 cunctorum
1040 1261 1140 1334 qui
1175 1263 1248 1318 ad
1281 1263 1457 1320 ﬁdem
1487 1265 1748 1322 veniunt.
1784 1266 1891 1332 Qui

237 1365 373 1406 vero
385 1350 520 1406 fidei
540 1351 926 1407 sacramentis
938 1367 1064 1423 quae
1078 1357 1465 1425 perceperunt
1486 1353 1640 1410 bona
1659 1372 1812 1428 quoq
1821 1372 1891 1412 ue

237 1455 416 1512 opera
430 1443 872 1512 perseveranter
887 1441 1043 1497 316
1063 1441 1417 1515 adjungunt,
1441 1443 1537 1498 isti
1563 1460 1731 1499 suam
1754 1461 1890 1500 cum

235 1528 542 1584 vocatione
570 1527 750 1584 etiam
781 1527 1120 1585 electionem
1154 1535 1374 1586 certam
1405 1532 1771 1590 intuentibus
1803 1534 1890 1589 fa-

236 1617 422 1673 ciunt.
457 1617 626 1674 Sicut
655 1635 687 1674 e
715 1621 938 1686 contra,
967 1617 1070 1690 qui
1102 1622 1234 1690 post
1273 1620 1633 1676 vocationem
1665 1622 1737 1678 ad
1773 1622 1888 1678 cri-

236 1705 401 1761 mina
431 1711 828 1774 revertuntur,
847 1723 979 1763 cum
1013 1706 1072 1761 in
1105 1707 1198 1764 his
1227 1723 1295 1763 ex
1327 1708 1434 1765 hac
1464 1709 1583 1764 vita
1610 1711 1892 1784 migrave-

235 1794 373 1896 rint,
407 1799 644 1896 certum
681 1797 810 1896 jam
859 1796 1136 1896 omnibus
1167 1796 1304 1870 quia
1334 1799 1562 1871 reprobi
1595 1805 1733 1856 sunt
1761 1803 1887 1858 red-
1920 1832 1964 1896 Β

234 1883 444 1940 dunt.»
485 1886 558 1941 Et
595 1885 738 1942 item
755 1884 817 1940 in
839 1886 1043 1941 eadem
1072 1902 1084 1943 :
1121 1889 1375 1943 Fuerunt
1397 1905 1533 1944 vero
1550 1897 1607 1945 et
1634 1893 1885 1959 pseudo-

229 1973 622 2047 prophetaein
637 1977 876 2048 papula,
895 1976 1046 2032 sicut
1062 1987 1119 2032 et
1137 1976 1194 2031 in
1215 1977 1374 2032 vobis
1399 1987 1572 2034 erunt
1597 1980 1887 2053 magis/ri

231 2063 575 2132 mendaces,
595 2064 696 2138 qui
714 2065 1084 2121 introducam
1103 2070 1291 2121 sectas
1309 2066 1731 2135 perdi/iouis,et
1754 2086 1884 2124 eum

231 2154 335 2226 qni
350 2153 497 2208 emit
511 2168 608 2208 eos
632 2153 940 2210 Dominum
960 2157 1651 2228 negantes,suprrdueent
1671 2158 1788 2214 sibi
1801 2176 1885 2213 rc-

235 2239 414 2297 lerem
426 2242 822 2313 perditionem
839 2247 918 2312 (ll
927 2249 1084 2300 Patr.
1109 2261 1170 2312 ιι,
1196 2245 1270 2312 1).
1295 2245 1440 2301 Hinc
1454 2246 1608 2302 Beda
1627 2247 1842 2320 (cap.2)
1866 2264 1880 2302 :

235 2353 261 2380 κ
283 2331 365 2386 De
395 2330 509 2388 hoc
549 2335 812 2404 emptore
835 2336 890 2387 et
910 2332 1126 2389 Paulus
1157 2332 1238 2389 ait
1263 2350 1274 2390 :
1304 2337 1498 2403 Empti
1532 2337 1670 2392 estis
1695 2338 1887 2406 pretio

232 2435 446 2494 magno
467 2436 480 2475 :
495 2438 534 2494 g
545 2419 781 2494 lori/ica
789 2430 846 2477 te
854 2431 909 2477 et
917 2427 1154 2494 portate
1177 2427 1352 2478 Deum
1366 2421 1425 2478 in
1437 2441 1676 2495 corpore
1697 2431 1885 2482 vestro

232 2508 278 2575 (I
293 2512 430 2566 Cor.
454 2527 532 2576 vx,
554 2509 668 2581 20).
693 2509 895 2564 Merito
935 2514 1132 2566 autem
1183 2510 1294 2568 sibi
1325 2511 1569 2568 celerem
1604 2513 1887 2586 perditio-

233 2614 365 2652 nem
380 2597 914 2672 superducunt,qui
932 2599 1377 2674 Redemptorcm
1391 2619 1564 2657 suum
1582 2593 1882 2676 negantes,

231 2684 388 2742 hunc
409 2690 565 2742 recte
583 2687 914 2744 conﬁtendo
928 2687 1252 2762 gloriﬁcare
1271 2694 1328 2746 et
1344 2691 1757 2748 benefaciendo
1779 2709 1884 2748 suo

231 2773 285 2830 in
317 2791 567 2848 corpore
621 2777 768 2832 ferre
813 2778 1156 2846 detrectant,
1189 2781 1344 2852 quod
1405 2799 1609 2839 omnes
1665 2783 1886 2839 faciunt

231 2863 510 2920 haeretici.
530 2887 558 2914 »
589 2865 659 2921 Et
687 2863 828 2921 item
863 2865 922 2922 in
954 2867 1145 2940 prima
1174 2869 1432 2942 Epistola
1453 2871 1684 2927 Petrus:
1711 2873 1886 2945 Quod

231 2959 282 3010 et
313 2969 416 3010 tos
445 2971 601 3012 nunc
628 2955 836 3012 similis
874 2955 1082 3028 forma
1131 2957 1332 3014 salvos
1385 2960 1540 3033 facit
1591 2961 1885 3034 baptisma

227 3045 280 3111 (Ι
299 3047 466 3099 Petr.
505 3061 588 3113 ιιι,
613 3045 728 3114 21).
763 3045 928 3101 Unde
967 3046 1158 3102 Beda:
1205 3071 1232 3097 «
1258 3049 1420 3115 Quod
1453 3065 1589 3122 ergo
1613 3066 1765 3122 aqua
1793 3050 1880 3105 di-

229 3129 371 3188 luvii
395 3149 515 3210 non
555 3131 800 3190 salvavit
830 3139 992 3191 extra
1020 3153 1214 3192 arcam
1246 3136 1489 3210 positos,
1515 3137 1615 3192 sed
1647 3138 1879 3206 occidit,

2001 550 2154 605 iretis
2210 551 2271 606 in
2315 551 2659 606 tentationem
2689 549 2891 621 (Matth.
2923 567 3076 616 xxvr,
3107 551 3216 618 42).
3249 551 3320 605 Et
3348 567 3363 606 :
3398 549 3558 606 Orate
3584 555 3648 606 ut

1999 655 2070 694 ne
2096 637 2200 710 ﬁat
2225 641 2358 711 fuga
2384 647 2559 695 vestra
2586 641 2776 712 hyeme
2804 640 2888 696 vel
2913 639 3142 695 Sabba-to
3164 640 3638 713 (Matth.xx1v,20),

2001 727 2058 782 id
2093 732 2202 794 est,
2235 733 2301 783 ut
2331 729 2468 784 dum
2500 733 2667 785 vacat
2711 731 2982 800 operetur
3021 727 3271 800 quisque
3318 729 3472 784 bona
3514 744 3640 800 quis

2000 817 2173 882 valet,
2251 835 2322 872 ne
2396 823 2537 874 tunc
2625 819 2873 891 quilibet
2957 817 3202 890 incipiat
3269 816 3415 872 velle
3489 816 3644 872 bona

2001 923 2190 979 agere,
2224 908 2460 978 quando
2517 925 2632 963 non
2693 906 2890 963 licebit
2945 908 3101 963 bona
3156 905 3330 962 modo
3387 904 3646 978 quolibet

2001 997 2249 1067 operari.
2286 996 2504 1051 Idcirco
2534 997 2691 1053 enim
2723 997 2893 1052 nobis
2937 997 3223 1052 Dominus
3279 995 3484 1051 horam
3516 993 3634 1050 exi-

2001 1087 2098 1138 tus
2129 1084 2310 1139 nostri
2343 1085 2526 1141 voluit
2555 1103 2682 1142 esse
2727 1085 3031 1152 incertam,
3065 1089 3131 1141 ut
3179 1101 3410 1157 semper
3458 1081 3643 1156 possit

2000 1187 2129 1228 esse
2158 1178 2449 1246 suspecta,
2475 1191 2819 1247 semperque
2849 1175 2909 1229 in
2941 1175 3188 1231 adventu
3214 1173 3435 1246 judicis
3454 1171 3643 1228 simus

2000 1262 2346 1332 parati,ante
2367 1263 2537 1333 cujus
2560 1263 2991 1334 faeiemjudicii
3023 1281 3138 1334 non
3170 1261 3498 1336 poterimus
3513 1261 3642 1318 abs-

2000 1351 2192 1406 condi.
2227 1351 2333 1416 Qui
2393 1368 2507 1407 non
2566 1352 2688 1407 vult
2742 1351 3000 1408 invenire
3059 1369 3206 1425 quos
3264 1352 3522 1407 damnet.
3571 1350 3643 1405 Et

2000 1438 2129 1494 ideo
2187 1456 2392 1496 omnes
2450 1439 2999 1498 misericordissime
3057 1442 3334 1498 admonet
3389 1440 3637 1496 dicens:

1997 1529 2168 1597 Quod
2187 1529 2350 1586 vobis
2370 1531 2507 1586 dico
2525 1531 2795 1586 omnibus
2823 1531 2973 1601 dico,
3003 1531 3244 1604 vigilate
3274 1534 3486 1599 (Marc.
3516 1545 3639 1594 xm,

1997 1617 2110 1684 3‘7).
2142 1618 2211 1672 Et
2265 1635 2387 1687 vos,
2447 1618 2743 1692 inquiens,
2804 1619 2990 1692 parati
3043 1624 3248 1686 estote,
3305 1621 3453 1676 317
3502 1616 3643 1691 quia

1999 1705 2238 1762 nescitis
2286 1724 2405 1779 qua
2451 1707 2597 1764 hora
2643 1708 2928 1764 Dominus
2973 1711 3164 1766 vester
3209 1711 3492 1764 venturus
3539 1706 3636 1775 sit,

1998 1797 2056 1849 et
2083 1793 2132 1851 si
2163 1795 2221 1850 in
2255 1796 2464 1868 prima,
2497 1797 2585 1854 vel
2616 1799 2894 1870 secunda,
2928 1797 3047 1855 sive
3093 1797 3266 1854 tertia
3304 1795 3504 1870 vigilia
3535 1811 3637 1852 ve-

1995 1885 2168 1952 nerit,
2201 1885 2425 1941 similes
2481 1891 2664 1944 estote
2713 1887 2893 1944 servis
2940 1887 3416 1962 exspectantibus
3445 1883 3639 1942 domi-.-

1994 1989 2138 2028 num
2189 1991 2386 2042 suum,
2417 1977 2652 2047 quando
2702 1981 3022 2033 revertatur
3051 1995 3087 2033 a
3115 1975 3358 2049 nuptiis,
3391 1980 3456 2030 ut
3501 1989 3637 2030 cum

1993 2064 2214 2119 venerit
2233 2069 2290 2120 et
2310 2061 2647 2136 pulsaverit,
2671 2066 2978 2123 confestim
3019 2066 3283 2140 aperiant
3311 2063 3384 2120 ei.
3414 2065 3638 2120 Nescitis

1992 2155 2142 2208 enim
2163 2169 2269 2226 qua
2308 2153 2442 2210 hora
2475 2157 2738 2211 Dominus
2769 2164 2940 2212 vester
2967 2163 3226 2212 venturus
3253 2157 3326 2210 sit
3354 2154 3502 2226 (Luc.
3533 2169 3636 2221 xu,

1993 2242 2106 2309 36).
2131 2242 2240 2297 Sed
2259 2242 2367 2299 hoc
2389 2247 2613 2299 eertum
2635 2249 2744 2312 est,
2767 2245 3044 2317 quoniam
3067 2244 3166 2317 qui
3190 2241 3640 2316 perseveraverit

1996 2347 2185 2403 usque
2214 2331 2274 2386 in
2305 2333 2479 2388 ﬁnem
2514 2333 2598 2402 (in
2643 2334 2756 2390 ﬁde
2814 2334 3037 2391 scilicet
3092 2336 3334 2389 recta-et
3363 2329 3638 2404 operibus

1995 2419 2319 2492 bonis,quaa
2351 2426 2440 2477 est
2460 2423 2630 2493 juxta
2657 2421 3170 2494 Apostolum,ﬁdes
3189 2437 3317 2496 qua?
3339 2437 3447 2493 per
3473 2417 3638 2476 dile-

1991 2509 2240 2566 ctionem
2269 2517 2576 2582 operatur,
2605 2518 2662 2566 et
2689 2512 2954 2568 Charitas
2984 2512 3056 2567 de
3085 2511 3262 2568 corde
3302 2525 3452 2582 puro
3482 2505 3632 2576 (Gal.

1993 2615 2050 2663 v,
2081 2600 2158 2666 6),
2188 2603 2254 2653 ut
2284 2598 2507 2672 nullius
2537 2601 2616 2656 sit
2646 2601 2886 2657 haeresis
2917 2599 3362 2674 participatione
3392 2597 3634 2671 polluta,

1994 2692 2048 2742 et
2065 2688 2414 2744 conscientia
2451 2690 2624 2756 bona,
2648 2694 2709 2744 ut
2732 2707 2846 2746 non
2870 2690 2947 2746 sit
2975 2689 3265 2746 malorum
3295 2686 3637 2744 confusione

1994 2777 2296 2846 permista,
2327 2787 2383 2834 et
2428 2779 2539 2849 [ide
2584 2795 2698 2834 non
2740 2781 2880 2850 ﬁcta
2895 2779 2942 2847 (l
2972 2779 3117 2834 Tim.
3144 2796 3185 2844 ι,
3207 2780 3284 2845 5),
3316 2781 3382 2832 ut
3411 2792 3526 2831 non
3559 2774 3638 2829 sit

1993 2882 2280 2921 consensu
2297 2867 2506 2938 juncta
2525 2885 2657 2923 cum
2681 2867 2919 2940 perﬁdis
2938 2867 3025 2922 vel
3046 2867 3308 2939 iniquis),
3326 2865 3420 2920 hic
3441 2863 3638 2919 salvus

1993 2954 2105 3009 erit
2125 2955 2314 3027 gratia
2335 2954 2566 3012 Domini
2589 2956 2773 3011 nostri
2805 2956 2941 3012 Jcsu
2974 2955 3211 3022 Christi,
3239 2970 3416 3027 quem
3448 2953 3633 3007 bono-

1993 3060 2123 3098 rum
2147 3060 2388 3116 operum
2404 3047 2460 3100 et
2478 3043 2873 3117 spiritualium
2896 3043 3230 3100 studiorum
3243 3045 3538 3098 auctorem
3551 3056 3634 3096 es-

1993 3149 2054 3188 se
2068 3150 2182 3188 non
2198 3133 2442 3189 dubium
2454 3138 2541 3189 est
2557 3151 2570 3190 :
2585 3133 2684 3206 qui
2699 3149 2950 3206 quorum
2963 3131 3171 3188 incitat
3187 3133 3434 3196 mentes,
3459 3129 3633 3200 adiu-

227 3219 354 3277 sine
386 3203 570 3278 dubio
611 3223 1023 3297 praeﬁgurabat
1069 3199 1301 3283 omnem
1352 3227 1712 3296 haereticum,
1747 3227 1881 3284 licet
1911 3199 1954 3266 (ἶ
1988 3225 2085 3276 vat
2100 3221 2378 3294 actiones,
2396 3227 2452 3277 et
2473 3222 2961 3294 perseverantiam
2986 3221 3087 3277 dat
3107 3217 3630 3292 perseverantibus,

225 3307 544 3366 habentem
561 3310 934 3384 baptismatis
952 3319 1385 3370 sacramentum
1397 3332 1530 3381 ,non
1545 3315 1677 3372 aliis
1688 3316 1787 3372 sed
1801 3315 1882 3389 ip-

225 3397 308 3455 sis
321 3399 587 3471 aquisad
607 3399 834 3457 inferna
855 3403 1258 3476 mergendum,
1283 3403 1500 3475 quibus
1530 3420 1662 3460 arca
1693 3404 1884 3461 suble-

223 3490 400 3542 vatur
427 3486 504 3542 ad
535 3487 768 3544 ccelum.

294 3575 446 3632 Hinc
466 3575 728 3649 plurium
743 3582 801 3634 et
821 3595 997 3651 quam
1021 3577 1278 3652 plurima
1297 3597 1606 3654 possemus
1618 3583 1882 3657 exempla

225 3679 467 3736 ponere,
499 3665 599 3722 sed
632 3667 1039 3738 superﬂuuum
1071 3669 1367 3738 duximus,
1403 3669 1542 3742 quia
1573 3674 1630 3727 et
1658 3670 1792 3744 ipsi,
1816 3676 1882 3728 ut

227 3751 510 3821 diximus,
532 3754 633 3827 qui
663 3755 992 3830 conglobati
1028 3763 1231 3815 contra
1259 3760 1710 3816 unanimitatem
1744 3762 1880 3818 doc-

224 3841 393 3898 trinae
423 3843 854 3913 ecclesiastica,
888 3845 1026 3904 huic
1074 3849 1438 3920 perversitati
1487 3851 1791 3920 resistunt,
1823 3856 1881 3910 et

225 3929 396 4002 plura
425 3930 821 4006 plurimorum
871 3939 1193 4009 aggregent
1220 3940 1278 3992 et
1308 3939 1682 3996 accumulant
1711 3940 1881 3998 testi-

223 4021 446 4076 monia.
478 4021 551 4078 Et
598 4026 841 4079 sanctus
889 4023 1002 4080 Leo
1051 4025 1230 4081 Leoni
1275 4027 1536 4099 Augusto
1565 4029 1754 4098 (epist.
1784 4029 1876 4094 97,

221 4124 347 4182 cap.
381 4109 462 4178 4),
490 4111 816 4167 secundum
877 4113 1328 4184 promissionem
1383 4131 1574 4185 suam,
1607 4134 1723 4172 non
1754 4121 1876 4172 tam

107 4255 116 4265 ,
219 4196 570 4266 multorum,
594 4215 772 4272 quam
795 4200 1403 4259 nominatissimorum
1429 4208 1755 4273 auctorum,
1771 4222 1876 4261 nec

219 4289 342 4342 tam
363 4286 726 4360 multiplicia
747 4287 1104 4358 testimonia,
1129 4309 1304 4364 quam
1330 4291 1523 4348 valida
1535 4294 1875 4350 eorumdem

217 4380 534 4432 auctorum
606 4382 923 4451 aggregata
979 4379 1050 4435 ad
1113 4397 1304 4446 suam,
1335 4380 1628 4452 .quinimo
1680 4383 1876 4438 ortho-

215 4463 452 4532 doxam,
477 4466 893 4523 afﬁrmandam
915 4469 1267 4524 sententiam
1291 4469 1474 4525 misit.
1499 4471 1695 4544 Neque
1717 4473 1872 4530 enim

1991 3315 2165 3383 atque
2195 3311 2557 3367 coronandos
2588 3315 2827 3367 coronat
2854 3310 2914 3364 in
2945 3307 3344 3365 misericordia
3371 3311 3426 3363 et
3455 3305 3631 3362 mise-

1989 3397 2337 3466 rationibus,
2365 3399 2458 3455 cui
2481 3416 2616 3456 cum
2639 3399 2808 3455 Patre
2830 3399 2888 3453 in
2913 3397 3137 3454 unitate
3159 3395 3414 3470 Spiritus
3444 3394 3632 3451 sancti

1989 3493 2081 3545 est
2110 3487 2298 3545 honor
2329 3493 2386 3544 et
2407 3487 2609 3562 gloria,
2641 3488 2701 3542 in
2751 3485 2966 3543 siecula
3024 3485 3393 3542 saeculorum.
3425 3485 3629 3540 Amen.

2555 3729 2788 3786 CAPUT
2825 3728 3062 3784 XXXVI.

1985 3871 2238 3936 Apologia
2285 3871 2630 3922 denotatibnis
2685 3875 2870 3922 nostra.-
2922 3871 3266 3936 subsequitur,
3313 3870 3436 3934 quia
3490 3867 3633 3932 ﬁlius

2051 3942 2274 4006 Ephrem
2321 3948 2500 3993 contra
2557 3958 2648 3993 nos
2703 3943 2972 3992 intendens
3025 3957 3224 4000 arcum,
3277 3941 3418 3990 misit
3471 3940 3635 4004 sagit-

2049 4017 2128 4062 tas
2159 4029 2172 4062 :
2201 4014 2294 4062 sed
2317 4029 2464 4063 suum
2494 4016 2630 4077 forte
2681 4015 2863 4063 sentiet
2917 4028 3093 4061 arcum
3147 4026 3386 4075 pravum.
3439 4011 3634 4076 Cuique

2047 4099 2313 4134 conversus
2345 4085 2502 4150 ipsius
2527 4083 2738 4148 gladius
2764 4099 2867 4134 non
2893 4081 3162 4148 praestabit
3190 4081 3444 4132 auxilium
3473 4083 3530 4131 in
3549 4080 3634 4130 die

2049 4153 2185 4204 belli.

2056 4380 2192 4436 Post
2213 4395 2311 4435 sex
2333 4379 2446 4436 ista
2465 4377 2818 4451 capitula,de
2840 4376 3054 4450 quibus
3075 4389 3419 4448 responsum
3445 4373 3632 4430 reddi-

1984 4469 2531 4544 dimus,scptim_um
2555 4466 2722 4522 nobis
2742 4465 3127 4537 subjunclum
3147 4461 3391 4520 dedistis
3411 4463 3468 4517 in
3493 4479 3632 4536 prae-

212 4567 507 4608 numerus
540 4552 1040 4622 testimoniorum,
1073 4557 1174 4612 sed
1226 4559 1546 4615 auctoritas
1591 4559 1762 4616 valet.
1796 4563 1876 4618 Ex
1906 4571 1951 4635 Ι)
1985 4559 2106 4614 fata
2134 4557 2272 4612 villa
2301 4556 2507 4622 Nielfa,
2542 4555 2682 4628 quia
2737 4553 3056 4610 indiscussi
3114 4557 3172 4609 et
3226 4551 3626 4621 inexaminati,

213 4639 433 4712 quibus
455 4641 811 4710 ostenditur,
836 4643 1280 4701 Gothescalcum
1311 4663 1415 4718 per
1445 4648 1740 4704 modicum
1765 4650 1870 4706 fer-

212 4734 486 4785 mentum
521 4733 703 4786 totam
746 4731 1017 4788 Ecclesite
1049 4750 1306 4792 massam
1334 4739 1620 4808 quantum
1653 4753 1721 4792 ex
1744 4737 1870 4811 ipso

209 4817 672 4892 estcorrupisse.
706 4818 869 4876 Unde
906 4821 1019 4894 piis
1039 4821 1150 4879 ista
1173 4823 1490 4893 sufﬁciant,
1515 4841 1642 4897 quae
1673 4824 1872 4898 impiis

209 4905 364 4962 sicut
383 4911 440 4963 et
454 4906 632 4980 plura
651 4907 724 4964 ad
743 4907 954 4966 salutis
975 4911 1434 4968 satisfactionem
1459 4913 1728 4970 sufﬁcere
1755 4931 1870 4970 non

207 4993 516 5052 valebunt.
535 4995 683 5052 Nam
701 4996 1067 5070 hujusmodi,
1091 4999 1244 5056 sicut
1265 5001 1684 5058 Gothescalcus
1699 5007 1758 5058 et
1778 5003 1868 5059 sui

206 5082 535 5158 complices
554 5085 1211 5162 proferunt,nugatoriis
1231 5089 1745 5147 adinventionibus
1766 5109 1870 5148 au-

205 5188 332 5229 rem
367 5190 488 5230 non
521 5175 990 5232 accommodabit
1035 5177 1307 5250 quisquis
1349 5179 1523 5234 verba
1568 5179 1869 5236 Dominiea

204 5261 423 5318 devota
450 5263 670 5319 mentis
697 5279 839 5319 aure
867 5266 1208 5338 perceperit,
1244 5267 1461 5340 quibus
1508 5285 1673 5324 orare
1694 5269 1868 5341 jubet

203 5351 446 5409 dicens:
481 5355 580 5410 Sic
617 5360 818 5410 autem
857 5355 1126 5421 orabitis,
1159 5361 1216 5412 et
1246 5361 1377 5430 post
1406 5357 1709 5430 aliquanta
1739 5375 1752 5414 :
1784 5363 1866 5416 Ne

199 5455 304 5496 nos
336 5442 597 5498 inducas
626 5445 687 5498 in
723 5444 1122 5500 tentationem.
1154 5446 1300 5510 Quia
1347 5463 1478 5516 cum
1529 5447 1864 5505 deserentes

201 5527 400 5584 Deum
414 5529 578 5601 juste
598 5531 925 5588 deserimur
945 5549 978 5590 a
997 5533 1136 5602 Deo,
1150 5533 1208 5588 in
1231 5535 1613 5591 tentationem
1639 5536 1862 5603 induci,

199 5616 259 5672 id
281 5622 406 5688 est,
427 5635 463 5674 a
492 5620 813 5676 tentatione
843 5621 1103 5694 patimur
1143 5623 1427 5694 superari.
1461 5624 1671 5681 Contra
1704 5627 1861 5698 quod

1979 4646 2353 4717 scientiaeque
2379 4645 2707 4699 litterarum
2739 4660 2886 4716 pene
2908 4641 3440 4716 ignari,minusque
3463 4658 3628 4714 apos-

1977 4735 2164 4791 tolica:
2178 4732 2547 4806 prmeeptioni
2572 4733 3130 4806 appropinquantes,
3145 4731 3400 4804 peccatis
3411 4729 3630 4788 nostris

1981 4823 2314 4897 agentibus,
2350 4841 2452 4896 per
2479 4821 2740 4878 civitates
2797 4821 3052 4896 episcopi
3109 4821 3478 4888 ordinantur,
3512 4837 3631 4892 qua

1979 4912 2284 4969 occasione
2309 4913 2560 4968 maxime
2584 4911 2746 4986 vigor
2765 4911 3199 4968 ecclesiasticus
3218 4907 3480 4983 deperiit.
3515 4909 3627 4964 Sed

1981 5002 2039 5057 in
2072 5001 2384 5068 volumine,
2419 5002 2570 5074 quod
2606 5019 2794 5074 nuper
2821 5001 2989 5058 nobis
3044 4998 3310 5070 dedistis,
3341 4995 3626 5069 capitulo-

1985 5108 2115 5146 rum
2137 5091 2382 5147 istorum
2407 5092 2763 5164 compositor
2783 5091 3049 5164 quaedam
3073 5089 3187 5145 alia
3213 5085 3624 5152 intermiscuit,

1977 5181 2120 5236 adeo
2155 5185 2220 5235 ut
2251 5181 2408 5236 istud
2441 5182 2595 5253 quod
2627 5180 2686 5236 in
2720 5180 2836 5236 illis
2872 5180 3059 5236 fuerat
3101 5177 3440 5250 septimum,
3471 5175 3627 5230 inter

1975 5269 2092 5326 ista
2107 5270 2402 5326 decimum
2421 5270 2896 5337 habeatur.Quod
2920 5269 3072 5324 sicut
3096 5265 3418 5338 intelligere
3441 5264 3628 5337 potui-

1976 5376 2134 5426 mus,
2167 5363 2224 5415 et
2256 5359 2371 5414 illic
2403 5363 2458 5414 et
2489 5359 2623 5415 istic
2655 5359 2784 5414 ideo
2815 5355 3136 5429 capitulum
3167 5353 3324 5410 istud
3359 5357 3447 5410 cst
3469 5352 3623 5427 posi-

1973 5454 2122 5514 tum,
2158 5453 2221 5503 ut
2255 5447 2484 5504 facilius
2517 5447 2704 5521 possit
2733 5445 3064 5519 legentibus
3114 5442 3472 5516 persuaderi,
3506 5461 3622 5500 non

1973 5553 2103 5594 esse
2135 5537 2348 5592 mirum
2377 5536 2425 5592 si
2459 5555 2636 5610 prava
2665 5537 2960 5602 docemus,
2996 5533 3097 5606 qui
3150 5549 3414 5604 perverse
3443 5539 3500 5589 et
3529 5533 3622 5590 in-

1972 5625 2354 5694 considerate,
2389 5630 2563 5698 atque
2612 5623 2866 5680 indebite
2923 5622 2996 5679 ad
3053 5620 3320 5679 ordinem
3377 5621 3619 5680 docendi
