  <div class='ocr_page' id='page_1' title='image "/cluster/home/n/w/nwhite01/storage/ocr_20150623/125/hvd.32044054759873/197.png"; bbox 0 0 3962 6178; ppageno 0'>
   <div class='ocr_carea' id='block_1_1' title="bbox 323 343 3720 422">
    <p class='ocr_par' dir='ltr' id='par_1_1' title="bbox 323 343 3720 422">
     <span class='ocr_line' id='line_1_1' title="bbox 323 343 3720 422; baseline 0.001 -5"><span class='ocrx_word' id='word_1_1' title='bbox 323 343 440 418; x_wconf 75' lang='lat'><strong>383</strong></span> <span class='ocrx_word' id='word_1_2' title='bbox 1251 357 1549 420; x_wconf 77' lang='lat' dir='ltr'><strong>HlNCMA</strong></span> <span class='ocrx_word' id='word_1_3' title='bbox 1565 357 1639 420; x_wconf 83' lang='lat' dir='ltr'><strong>ill</strong></span> <span class='ocrx_word' id='word_1_4' title='bbox 1687 357 2135 421; x_wconf 76' lang='lat' dir='ltr'><strong>BHEMENSIS</strong></span> <span class='ocrx_word' id='word_1_5' title='bbox 2181 357 2802 422; x_wconf 81' lang='lat' dir='ltr'><strong>ARCHIEPISCOPI.</strong></span> <span class='ocrx_word' id='word_1_6' title='bbox 3604 353 3720 420; x_wconf 73' lang='lat'><strong>384</strong></span> 
     </span>
    </p>
   </div>
   <div class='ocr_carea' id='block_1_2' title="bbox 323 487 3721 566">
    <p class='ocr_par' dir='ltr' id='par_1_2' title="bbox 323 487 3721 566">
     <span class='ocr_line' id='line_1_2' title="bbox 323 487 3721 566; baseline 0.001 -22"><span class='ocrx_word' id='word_1_7' title='bbox 323 487 719 546; x_wconf 89' lang='lat' dir='ltr'><strong>accessimus:</strong></span> <span class='ocrx_word' id='word_1_8' title='bbox 744 489 884 564; x_wconf 98' lang='lat' dir='ltr'><strong>quia</strong></span> <span class='ocrx_word' id='word_1_9' title='bbox 903 489 1056 548; x_wconf 82' lang='lat' dir='ltr'><strong>sicut</strong></span> <span class='ocrx_word' id='word_1_10' title='bbox 1074 491 1216 548; x_wconf 83' lang='lat' dir='ltr'><strong>dicit</strong></span> <span class='ocrx_word' id='word_1_11' title='bbox 1237 493 1368 564; x_wconf 92' lang='lat' dir='ltr'><strong>Leo,</strong></span> <span class='ocrx_word' id='word_1_12' title='bbox 1393 493 1491 566; x_wconf 85' lang='lat' dir='ltr'><strong>qui</strong></span> <span class='ocrx_word' id='word_1_13' title='bbox 1539 491 1810 550; x_wconf 82' lang='lat' dir='ltr'><strong>habuerit</strong></span> <span class='ocrx_word' id='word_1_14' title='bbox 1839 509 1963 548; x_wconf 86' lang='lat' dir='ltr'><strong>ma-</strong></span> <span class='ocrx_word' id='word_1_15' title='bbox 1995 493 2052 560; x_wconf 81' lang='grc' dir='ltr'><strong>Α</strong></span> <span class='ocrx_word' id='word_1_16' title='bbox 2149 494 2280 550; x_wconf 78' lang='lat' dir='ltr'><strong>Ilaec</strong></span> <span class='ocrx_word' id='word_1_17' title='bbox 2300 497 2390 550; x_wconf 90' lang='lat' dir='ltr'><strong>est</strong></span> <span class='ocrx_word' id='word_1_18' title='bbox 2409 511 2657 551; x_wconf 80' lang='lat' dir='ltr'><strong>censura</strong></span> <span class='ocrx_word' id='word_1_19' title='bbox 2680 491 3071 566; x_wconf 76' lang='lat' dir='ltr'><strong>capitulorum</strong></span> <span class='ocrx_word' id='word_1_20' title='bbox 3103 488 3520 565; x_wconf 87' lang='lat' dir='ltr'><strong>compilatoris,</strong></span> <span class='ocrx_word' id='word_1_21' title='bbox 3551 492 3721 565; x_wconf 87' lang='lat' dir='ltr'><strong>quasi</strong></span> 
     </span>
    </p>
   </div>
   <div class='ocr_carea' id='block_1_3' title="bbox 320 576 3724 656">
    <p class='ocr_par' dir='ltr' id='par_1_3' title="bbox 320 576 3724 656">
     <span class='ocr_line' id='line_1_3' title="bbox 320 576 3724 656; baseline 0.001 -23"><span class='ocrx_word' id='word_1_22' title='bbox 320 576 444 634; x_wconf 89' lang='lat' dir='ltr'><strong>lum</strong></span> <span class='ocrx_word' id='word_1_23' title='bbox 478 579 978 647; x_wconf 81' lang='lat' dir='ltr'><strong>initium,dil‘ﬁcile</strong></span> <span class='ocrx_word' id='word_1_24' title='bbox 1008 582 1227 638; x_wconf 89' lang='lat' dir='ltr'><strong>bonum</strong></span> <span class='ocrx_word' id='word_1_25' title='bbox 1258 582 1496 639; x_wconf 83' lang='lat' dir='ltr'><strong>habebit</strong></span> <span class='ocrx_word' id='word_1_26' title='bbox 1525 600 1886 655; x_wconf 91' lang='lat' dir='ltr'><strong>processum,</strong></span> <span class='ocrx_word' id='word_1_27' title='bbox 1910 587 1969 638; x_wconf 90' lang='lat' dir='ltr'><strong>et</strong></span> <span class='ocrx_word' id='word_1_28' title='bbox 2075 600 2192 638; x_wconf 89' lang='lat' dir='ltr'><strong>non</strong></span> <span class='ocrx_word' id='word_1_29' title='bbox 2223 583 2517 640; x_wconf 67' lang='lat' dir='ltr'><strong>suffecerit</strong></span> <span class='ocrx_word' id='word_1_30' title='bbox 2545 584 2698 656; x_wconf 91' lang='lat' dir='ltr'><strong>quod</strong></span> <span class='ocrx_word' id='word_1_31' title='bbox 2733 583 2870 639; x_wconf 91' lang='lat' dir='ltr'><strong>hinc</strong></span> <span class='ocrx_word' id='word_1_32' title='bbox 2900 582 3218 638; x_wconf 81' lang='lat' dir='ltr'><strong>decernant</strong></span> <span class='ocrx_word' id='word_1_33' title='bbox 3255 597 3526 637; x_wconf 86' lang='lat' dir='ltr'><strong>canones.</strong></span> <span class='ocrx_word' id='word_1_34' title='bbox 3561 581 3724 638; x_wconf 85' lang='lat' dir='ltr'><strong>Unde</strong></span> 
     </span>
    </p>
   </div>
   <div class='ocr_carea' id='block_1_4' title="bbox 323 667 3724 746">
    <p class='ocr_par' dir='ltr' id='par_1_4' title="bbox 323 667 3724 746">
     <span class='ocr_line' id='line_1_4' title="bbox 323 667 3724 746; baseline 0.001 -23"><span class='ocrx_word' id='word_1_35' title='bbox 323 668 373 724; x_wconf 85' lang='lat' dir='ltr'><strong>si</strong></span> <span class='ocrx_word' id='word_1_36' title='bbox 403 667 462 724; x_wconf 88' lang='lat' dir='ltr'><strong>in</strong></span> <span class='ocrx_word' id='word_1_37' title='bbox 495 669 608 726; x_wconf 83' lang='lat' dir='ltr'><strong>fide</strong></span> <span class='ocrx_word' id='word_1_38' title='bbox 641 671 895 743; x_wconf 88' lang='lat' dir='ltr'><strong>suspecti</strong></span> <span class='ocrx_word' id='word_1_39' title='bbox 928 672 1234 740; x_wconf 84' lang='lat' dir='ltr'><strong>fuerimus,</strong></span> <span class='ocrx_word' id='word_1_40' title='bbox 1261 689 1386 745; x_wconf 69' lang='lat' dir='ltr'><strong>quas</strong></span> <span class='ocrx_word' id='word_1_41' title='bbox 1419 673 1864 728; x_wconf 78' lang='lat' dir='ltr'><strong>fundamentum</strong></span> <span class='ocrx_word' id='word_1_42' title='bbox 1882 675 1971 728; x_wconf 91' lang='lat' dir='ltr'><strong>est</strong></span> <span class='ocrx_word' id='word_1_43' title='bbox 2079 672 2346 729; x_wconf 88' lang='lat' dir='ltr'><strong>dicamus</strong></span> <span class='ocrx_word' id='word_1_44' title='bbox 2371 691 2504 730; x_wconf 91' lang='lat' dir='ltr'><strong>cum</strong></span> <span class='ocrx_word' id='word_1_45' title='bbox 2535 673 2730 730; x_wconf 91' lang='lat' dir='ltr'><strong>Boetio</strong></span> <span class='ocrx_word' id='word_1_46' title='bbox 2764 689 2776 730; x_wconf 93' lang='lat'>:</span> <span class='ocrx_word' id='word_1_47' title='bbox 2811 677 2938 730; x_wconf 82' lang='lat' dir='ltr'><strong>Heu</strong></span> <span class='ocrx_word' id='word_1_48' title='bbox 2963 687 3139 746; x_wconf 82' lang='lat' dir='ltr'><strong>quam</strong></span> <span class='ocrx_word' id='word_1_49' title='bbox 3181 671 3482 744; x_wconf 66' lang='lat' dir='ltr'><strong>praecipiti</strong></span> <span class='ocrx_word' id='word_1_50' title='bbox 3525 681 3724 727; x_wconf 74' lang='lat' dir='ltr'><strong>mersa</strong></span> 
     </span>
    </p>
   </div>
   <div class='ocr_carea' id='block_1_5' title="bbox 322 757 3725 838">
    <p class='ocr_par' dir='ltr' id='par_1_5' title="bbox 322 757 3725 838">
     <span class='ocr_line' id='line_1_5' title="bbox 322 757 3725 838; baseline 0 -23"><span class='ocrx_word' id='word_1_51' title='bbox 322 757 610 815; x_wconf 90' lang='lat' dir='ltr'><strong>bonorum</strong></span> <span class='ocrx_word' id='word_1_52' title='bbox 665 761 954 828; x_wconf 90' lang='lat' dir='ltr'><strong>omnium,</strong></span> <span class='ocrx_word' id='word_1_53' title='bbox 989 761 1143 816; x_wconf 89' lang='lat' dir='ltr'><strong>bona</strong></span> <span class='ocrx_word' id='word_1_54' title='bbox 1187 779 1363 834; x_wconf 85' lang='lat' dir='ltr'><strong>opera</strong></span> <span class='ocrx_word' id='word_1_55' title='bbox 1411 762 1536 818; x_wconf 90' lang='lat' dir='ltr'><strong>sine</strong></span> <span class='ocrx_word' id='word_1_56' title='bbox 1584 762 1968 818; x_wconf 80' lang='lat' dir='ltr'><strong>fundamento</strong></span> <span class='ocrx_word' id='word_1_57' title='bbox 2073 761 2378 838; x_wconf 73' lang='lat' dir='ltr'><strong>profundo</strong></span> <span class='ocrx_word' id='word_1_58' title='bbox 2405 779 2565 819; x_wconf 83' lang='lat' dir='ltr'><strong>mens</strong></span> <span class='ocrx_word' id='word_1_59' title='bbox 2595 761 3074 820; x_wconf 83' lang='lat' dir='ltr'><strong>hcbct!videlicet</strong></span> <span class='ocrx_word' id='word_1_60' title='bbox 3097 760 3269 818; x_wconf 89' lang='lat' dir='ltr'><strong>istius</strong></span> <span class='ocrx_word' id='word_1_61' title='bbox 3299 759 3539 832; x_wconf 87' lang='lat' dir='ltr'><strong>capituli</strong></span> <span class='ocrx_word' id='word_1_62' title='bbox 3571 775 3725 816; x_wconf 90' lang='lat' dir='ltr'><strong>com-</strong></span> 
     </span>
    </p>
   </div>
   <div class='ocr_carea' id='block_1_6' title="bbox 323 847 3722 925">
    <p class='ocr_par' dir='ltr' id='par_1_6' title="bbox 323 847 3722 925">
     <span class='ocr_line' id='line_1_6' title="bbox 323 847 3722 925; baseline 0 -22"><span class='ocrx_word' id='word_1_63' title='bbox 323 851 480 904; x_wconf 90' lang='lat' dir='ltr'><strong>recto</strong></span> <span class='ocrx_word' id='word_1_64' title='bbox 513 866 627 905; x_wconf 86' lang='lat' dir='ltr'><strong>non</strong></span> <span class='ocrx_word' id='word_1_65' title='bbox 659 851 920 919; x_wconf 89' lang='lat' dir='ltr'><strong>stabunt,</strong></span> <span class='ocrx_word' id='word_1_66' title='bbox 965 851 1082 906; x_wconf 91' lang='lat' dir='ltr'><strong>imo</strong></span> <span class='ocrx_word' id='word_1_67' title='bbox 1127 867 1232 907; x_wconf 91' lang='lat' dir='ltr'><strong>nec</strong></span> <span class='ocrx_word' id='word_1_68' title='bbox 1265 853 1418 907; x_wconf 89' lang='lat' dir='ltr'><strong>bona</strong></span> <span class='ocrx_word' id='word_1_69' title='bbox 1447 856 1635 907; x_wconf 89' lang='lat' dir='ltr'><strong>erunt.</strong></span> <span class='ocrx_word' id='word_1_70' title='bbox 1667 851 1965 918; x_wconf 91' lang='lat' dir='ltr'><strong>Quocirca,</strong></span> <span class='ocrx_word' id='word_1_71' title='bbox 2077 851 2362 925; x_wconf 89' lang='lat' dir='ltr'><strong>pilatoris,</strong></span> <span class='ocrx_word' id='word_1_72' title='bbox 2396 857 2462 909; x_wconf 92' lang='lat' dir='ltr'><strong>ut</strong></span> <span class='ocrx_word' id='word_1_73' title='bbox 2487 869 2590 908; x_wconf 93' lang='lat' dir='ltr'><strong>nec</strong></span> <span class='ocrx_word' id='word_1_74' title='bbox 2621 852 2776 924; x_wconf 89' lang='lat' dir='ltr'><strong>quod</strong></span> <span class='ocrx_word' id='word_1_75' title='bbox 2809 851 2970 922; x_wconf 85' lang='lat' dir='ltr'><strong>dicit,</strong></span> <span class='ocrx_word' id='word_1_76' title='bbox 2999 867 3106 906; x_wconf 92' lang='lat' dir='ltr'><strong>nec</strong></span> <span class='ocrx_word' id='word_1_77' title='bbox 3136 849 3312 906; x_wconf 84' lang='lat' dir='ltr'><strong>etiam</strong></span> <span class='ocrx_word' id='word_1_78' title='bbox 3344 847 3596 921; x_wconf 88' lang='lat' dir='ltr'><strong>seipsam</strong></span> <span class='ocrx_word' id='word_1_79' title='bbox 3627 865 3722 904; x_wconf 85' lang='lat' dir='ltr'><strong>co-</strong></span> 
     </span>
    </p>
   </div>
   <div class='ocr_carea' id='block_1_7' title="bbox 324 937 3726 1016">
    <p class='ocr_par' dir='ltr' id='par_1_7' title="bbox 324 937 3726 1016">
     <span class='ocr_line' id='line_1_7' title="bbox 324 937 3726 1016; baseline 0 -23"><span class='ocrx_word' id='word_1_80' title='bbox 324 937 477 994; x_wconf 90' lang='lat' dir='ltr'><strong>sicut</strong></span> <span class='ocrx_word' id='word_1_81' title='bbox 525 943 764 995; x_wconf 90' lang='lat' dir='ltr'><strong>sanctus</strong></span> <span class='ocrx_word' id='word_1_82' title='bbox 813 941 980 996; x_wconf 91' lang='lat' dir='ltr'><strong>docet</strong></span> <span class='ocrx_word' id='word_1_83' title='bbox 1028 941 1362 1014; x_wconf 84' lang='lat' dir='ltr'><strong>Gregorius,</strong></span> <span class='ocrx_word' id='word_1_84' title='bbox 1397 945 1577 997; x_wconf 83' lang='lat' dir='ltr'><strong>restat</strong></span> <span class='ocrx_word' id='word_1_85' title='bbox 1620 946 1686 996; x_wconf 91' lang='lat' dir='ltr'><strong>ut</strong></span> <span class='ocrx_word' id='word_1_86' title='bbox 1714 957 1967 1013; x_wconf 90' lang='lat' dir='ltr'><strong>quorum</strong></span> <span class='ocrx_word' id='word_1_87' title='bbox 2077 959 2356 1016; x_wconf 89' lang='lat' dir='ltr'><strong>gnoscere</strong></span> <span class='ocrx_word' id='word_1_88' title='bbox 2383 942 2588 998; x_wconf 88' lang='lat' dir='ltr'><strong>valeat.</strong></span> <span class='ocrx_word' id='word_1_89' title='bbox 2624 941 2921 1014; x_wconf 84' lang='lat' dir='ltr'><strong>Scriptum</strong></span> <span class='ocrx_word' id='word_1_90' title='bbox 2952 944 3040 995; x_wconf 90' lang='lat' dir='ltr'><strong>est</strong></span> <span class='ocrx_word' id='word_1_91' title='bbox 3067 939 3225 996; x_wconf 88' lang='lat' dir='ltr'><strong>enim</strong></span> <span class='ocrx_word' id='word_1_92' title='bbox 3260 955 3272 994; x_wconf 91' lang='lat'>:</span> <span class='ocrx_word' id='word_1_93' title='bbox 3307 938 3552 1008; x_wconf 75' lang='lat' dir='ltr'><strong>Medico,</strong></span> <span class='ocrx_word' id='word_1_94' title='bbox 3583 953 3726 994; x_wconf 81' lang='lat' dir='ltr'><strong>cura</strong></span> 
     </span>
    </p>
   </div>
   <div class='ocr_carea' id='block_1_8' title="bbox 323 1026 3726 1102">
    <p class='ocr_par' dir='ltr' id='par_1_8' title="bbox 323 1026 3726 1102">
     <span class='ocr_line' id='line_1_8' title="bbox 323 1026 3726 1102; baseline -0 -20"><span class='ocrx_word' id='word_1_95' title='bbox 323 1026 442 1082; x_wconf 89' lang='lat' dir='ltr'><strong>vita</strong></span> <span class='ocrx_word' id='word_1_96' title='bbox 468 1028 810 1100; x_wconf 83' lang='lat' dir='ltr'><strong>despicitur,</strong></span> <span class='ocrx_word' id='word_1_97' title='bbox 835 1033 891 1085; x_wconf 89' lang='lat' dir='ltr'><strong>et</strong></span> <span class='ocrx_word' id='word_1_98' title='bbox 912 1029 1246 1102; x_wconf 68' lang='lat' dir='ltr'><strong>praedicatio</strong></span> <span class='ocrx_word' id='word_1_99' title='bbox 1277 1034 1710 1096; x_wconf 91' lang='lat' dir='ltr'><strong>contemnatur,</strong></span> <span class='ocrx_word' id='word_1_100' title='bbox 1744 1035 1803 1085; x_wconf 91' lang='lat' dir='ltr'><strong>et</strong></span> <span class='ocrx_word' id='word_1_101' title='bbox 1833 1048 1967 1087; x_wconf 91' lang='lat' dir='ltr'><strong>cum</strong></span> <span class='ocrx_word' id='word_1_102' title='bbox 2076 1033 2443 1102; x_wconf 76' lang='lat' dir='ltr'><strong>teme/ipsum</strong></span> <span class='ocrx_word' id='word_1_103' title='bbox 2465 1032 2887 1101; x_wconf 81' lang='lat' dir='ltr'><strong>(Luc.1v,23),et</strong></span> <span class='ocrx_word' id='word_1_104' title='bbox 2909 1046 2923 1086; x_wconf 92' lang='lat'>:</span> <span class='ocrx_word' id='word_1_105' title='bbox 2947 1031 3044 1084; x_wconf 76' lang='lat' dir='ltr'><strong>Ea:</strong></span> <span class='ocrx_word' id='word_1_106' title='bbox 3067 1028 3254 1084; x_wconf 78' lang='lat' dir='ltr'><strong>verbis</strong></span> <span class='ocrx_word' id='word_1_107' title='bbox 3271 1028 3399 1084; x_wconf 70' lang='lat' dir='ltr'><strong>tuis</strong></span> <span class='ocrx_word' id='word_1_108' title='bbox 3419 1032 3477 1082; x_wconf 75' lang='lat' dir='ltr'><strong>te</strong></span> <span class='ocrx_word' id='word_1_109' title='bbox 3511 1028 3726 1100; x_wconf 79' lang='lat' dir='ltr'><strong>judico</strong></span> 
     </span>
    </p>
   </div>
   <div class='ocr_carea' id='block_1_9' title="bbox 323 1115 3726 1195">
    <p class='ocr_par' dir='ltr' id='par_1_9' title="bbox 323 1115 3726 1195">
     <span class='ocr_line' id='line_1_9' title="bbox 323 1115 3726 1195; baseline -0.001 -23"><span class='ocrx_word' id='word_1_110' title='bbox 323 1120 525 1190; x_wconf 90' lang='lat' dir='ltr'><strong>pastor</strong></span> <span class='ocrx_word' id='word_1_111' title='bbox 551 1133 655 1190; x_wconf 91' lang='lat' dir='ltr'><strong>per</strong></span> <span class='ocrx_word' id='word_1_112' title='bbox 683 1118 932 1191; x_wconf 87' lang='lat' dir='ltr'><strong>abrupta</strong></span> <span class='ocrx_word' id='word_1_113' title='bbox 959 1119 1247 1192; x_wconf 88' lang='lat' dir='ltr'><strong>graditur,</strong></span> <span class='ocrx_word' id='word_1_114' title='bbox 1281 1120 1352 1175; x_wconf 90' lang='lat' dir='ltr'><strong>ad</strong></span> <span class='ocrx_word' id='word_1_115' title='bbox 1405 1119 1787 1193; x_wconf 67' lang='lat' dir='ltr'><strong>praecipitium</strong></span> <span class='ocrx_word' id='word_1_116' title='bbox 1830 1137 1970 1194; x_wconf 80' lang='lat' dir='ltr'><strong>grex</strong></span> <span class='ocrx_word' id='word_1_117' title='bbox 2077 1117 2236 1195; x_wconf 73' lang='lat' dir='ltr'><strong>(Luc.</strong></span> <span class='ocrx_word' id='word_1_118' title='bbox 2267 1139 2384 1190; x_wconf 76' lang='lat' dir='ltr'><strong>xxx,</strong></span> <span class='ocrx_word' id='word_1_119' title='bbox 2415 1124 2529 1190; x_wconf 86' lang='lat'><strong>22).</strong></span> <span class='ocrx_word' id='word_1_120' title='bbox 2563 1118 2772 1176; x_wconf 79' lang='lat' dir='ltr'><strong>Videat</strong></span> <span class='ocrx_word' id='word_1_121' title='bbox 2821 1117 3072 1192; x_wconf 87' lang='lat' dir='ltr'><strong>qualiter</strong></span> <span class='ocrx_word' id='word_1_122' title='bbox 3117 1115 3304 1173; x_wconf 87' lang='lat' dir='ltr'><strong>isdem</strong></span> <span class='ocrx_word' id='word_1_123' title='bbox 3353 1116 3425 1172; x_wconf 86' lang='lat' dir='ltr'><strong>ad</strong></span> <span class='ocrx_word' id='word_1_124' title='bbox 3457 1115 3726 1172; x_wconf 86' lang='lat' dir='ltr'><strong>ordinem</strong></span> 
     </span>
    </p>
   </div>
   <div class='ocr_carea' id='block_1_10' title="bbox 324 1200 3727 1284">
    <p class='ocr_par' dir='ltr' id='par_1_10' title="bbox 324 1200 3727 1284">
     <span class='ocr_line' id='line_1_10' title="bbox 324 1200 3727 1284; baseline -0 -23"><span class='ocrx_word' id='word_1_125' title='bbox 324 1211 624 1278; x_wconf 86' lang='lat' dir='ltr'><strong>sequatur.</strong></span> <span class='ocrx_word' id='word_1_126' title='bbox 659 1207 823 1263; x_wconf 90' lang='lat' dir='ltr'><strong>Unde</strong></span> <span class='ocrx_word' id='word_1_127' title='bbox 849 1225 1084 1264; x_wconf 90' lang='lat' dir='ltr'><strong>necesse</strong></span> <span class='ocrx_word' id='word_1_128' title='bbox 1103 1215 1188 1264; x_wconf 91' lang='lat' dir='ltr'><strong>esl</strong></span> <span class='ocrx_word' id='word_1_129' title='bbox 1212 1207 1402 1276; x_wconf 91' lang='lat' dir='ltr'><strong>nobis,</strong></span> <span class='ocrx_word' id='word_1_130' title='bbox 1425 1210 1653 1266; x_wconf 91' lang='lat' dir='ltr'><strong>cunctis</strong></span> <span class='ocrx_word' id='word_1_131' title='bbox 1685 1209 1834 1266; x_wconf 90' lang='lat' dir='ltr'><strong>scire</strong></span> <span class='ocrx_word' id='word_1_132' title='bbox 1863 1228 1969 1267; x_wconf 87' lang='lat' dir='ltr'><strong>vo-</strong></span> <span class='ocrx_word' id='word_1_133' title='bbox 2077 1227 2311 1268; x_wconf 90' lang='lat' dir='ltr'><strong>sacrum</strong></span> <span class='ocrx_word' id='word_1_134' title='bbox 2355 1207 2700 1284; x_wconf 84' lang='lat' dir='ltr'><strong>pervenerit,</strong></span> <span class='ocrx_word' id='word_1_135' title='bbox 2733 1211 2792 1264; x_wconf 88' lang='lat' dir='ltr'><strong>et</strong></span> <span class='ocrx_word' id='word_1_136' title='bbox 2848 1206 2932 1264; x_wconf 90' lang='lat' dir='ltr'><strong>sic</strong></span> <span class='ocrx_word' id='word_1_137' title='bbox 2985 1205 3048 1262; x_wconf 90' lang='lat' dir='ltr'><strong>in</strong></span> <span class='ocrx_word' id='word_1_138' title='bbox 3107 1205 3422 1278; x_wconf 89' lang='lat' dir='ltr'><strong>semetipso</strong></span> <span class='ocrx_word' id='word_1_139' title='bbox 3478 1200 3727 1278; x_wconf 78' lang='lat' dir='ltr'><strong>gloriam</strong></span> 
     </span>
    </p>
   </div>
   <div class='ocr_carea' id='block_1_11' title="bbox 323 1291 3729 1372">
    <p class='ocr_par' dir='ltr' id='par_1_11' title="bbox 323 1291 3729 1372">
     <span class='ocr_line' id='line_1_11' title="bbox 323 1291 3729 1372; baseline -0.001 -20"><span class='ocrx_word' id='word_1_140' title='bbox 323 1293 582 1352; x_wconf 88' lang='lat' dir='ltr'><strong>lentibus</strong></span> <span class='ocrx_word' id='word_1_141' title='bbox 602 1296 1022 1368; x_wconf 81' lang='lat' dir='ltr'><strong>demonstrare,</strong></span> <span class='ocrx_word' id='word_1_142' title='bbox 1047 1298 1340 1370; x_wconf 90' lang='lat' dir='ltr'><strong>quomodo</strong></span> <span class='ocrx_word' id='word_1_143' title='bbox 1359 1297 1446 1354; x_wconf 92' lang='lat' dir='ltr'><strong>vel</strong></span> <span class='ocrx_word' id='word_1_144' title='bbox 1479 1299 1751 1372; x_wconf 88' lang='lat' dir='ltr'><strong>qualiter,</strong></span> <span class='ocrx_word' id='word_1_145' title='bbox 1782 1317 1967 1372; x_wconf 86' lang='lat' dir='ltr'><strong>quan-</strong></span> <span class='ocrx_word' id='word_1_146' title='bbox 2075 1303 2308 1356; x_wconf 88' lang='lat' dir='ltr'><strong>tantum</strong></span> <span class='ocrx_word' id='word_1_147' title='bbox 2355 1298 2614 1368; x_wconf 88' lang='lat' dir='ltr'><strong>habebit,</strong></span> <span class='ocrx_word' id='word_1_148' title='bbox 2647 1301 2705 1354; x_wconf 90' lang='lat' dir='ltr'><strong>et</strong></span> <span class='ocrx_word' id='word_1_149' title='bbox 2760 1313 2877 1354; x_wconf 89' lang='lat' dir='ltr'><strong>non</strong></span> <span class='ocrx_word' id='word_1_150' title='bbox 2937 1297 2997 1352; x_wconf 90' lang='lat' dir='ltr'><strong>in</strong></span> <span class='ocrx_word' id='word_1_151' title='bbox 3059 1295 3260 1352; x_wconf 89' lang='lat' dir='ltr'><strong>altero.</strong></span> <span class='ocrx_word' id='word_1_152' title='bbox 3291 1293 3520 1351; x_wconf 84' lang='lat' dir='ltr'><strong>Veritas</strong></span> <span class='ocrx_word' id='word_1_153' title='bbox 3568 1291 3729 1349; x_wconf 83' lang='lat' dir='ltr'><strong>enim</strong></span> 
     </span>
    </p>
   </div>
   <div class='ocr_carea' id='block_1_12' title="bbox 323 1385 3728 1459">
    <p class='ocr_par' dir='ltr' id='par_1_12' title="bbox 323 1385 3728 1459">
     <span class='ocr_line' id='line_1_12' title="bbox 323 1385 3728 1459; baseline -0 -19"><span class='ocrx_word' id='word_1_154' title='bbox 323 1387 450 1440; x_wconf 92' lang='lat' dir='ltr'><strong>tum</strong></span> <span class='ocrx_word' id='word_1_155' title='bbox 474 1385 544 1440; x_wconf 92' lang='lat' dir='ltr'><strong>ad</strong></span> <span class='ocrx_word' id='word_1_156' title='bbox 569 1385 864 1442; x_wconf 91' lang='lat' dir='ltr'><strong>humanos</strong></span> <span class='ocrx_word' id='word_1_157' title='bbox 885 1391 1109 1458; x_wconf 86' lang='lat' dir='ltr'><strong>spectat</strong></span> <span class='ocrx_word' id='word_1_158' title='bbox 1137 1389 1477 1455; x_wconf 88' lang='lat' dir='ltr'><strong>obtutus,ad</strong></span> <span class='ocrx_word' id='word_1_159' title='bbox 1508 1389 1968 1446; x_wconf 89' lang='lat' dir='ltr'><strong>ecclesiasticum</strong></span> <span class='ocrx_word' id='word_1_160' title='bbox 2079 1389 2232 1446; x_wconf 76' lang='lat'><strong>819</strong></span> <span class='ocrx_word' id='word_1_161' title='bbox 2263 1388 2433 1444; x_wconf 90' lang='lat' dir='ltr'><strong>dicit:</strong></span> <span class='ocrx_word' id='word_1_162' title='bbox 2452 1389 2559 1458; x_wconf 85' lang='lat' dir='ltr'><strong>Qui</strong></span> <span class='ocrx_word' id='word_1_163' title='bbox 2585 1404 2698 1445; x_wconf 83' lang='lat' dir='ltr'><strong>non</strong></span> <span class='ocrx_word' id='word_1_164' title='bbox 2727 1389 2899 1444; x_wconf 77' lang='lat' dir='ltr'><strong>intrat</strong></span> <span class='ocrx_word' id='word_1_165' title='bbox 2922 1403 3022 1459; x_wconf 83' lang='lat' dir='ltr'><strong>per</strong></span> <span class='ocrx_word' id='word_1_166' title='bbox 3039 1387 3240 1442; x_wconf 79' lang='lat' dir='ltr'><strong>ostium</strong></span> <span class='ocrx_word' id='word_1_167' title='bbox 3270 1386 3333 1441; x_wconf 87' lang='lat' dir='ltr'><strong>in</strong></span> <span class='ocrx_word' id='word_1_168' title='bbox 3359 1385 3499 1441; x_wconf 80' lang='lat' dir='ltr'><strong>ovile</strong></span> <span class='ocrx_word' id='word_1_169' title='bbox 3519 1385 3728 1450; x_wconf 83' lang='lat' dir='ltr'><strong>ovium,</strong></span> 
     </span>
    </p>
   </div>
   <div class='ocr_carea' id='block_1_13' title="bbox 325 1473 3733 1550">
    <p class='ocr_par' dir='ltr' id='par_1_13' title="bbox 325 1473 3733 1550">
     <span class='ocr_line' id='line_1_13' title="bbox 325 1473 3733 1550; baseline -0 -21"><span class='ocrx_word' id='word_1_170' title='bbox 325 1473 480 1530; x_wconf 72' lang='lat'><strong>8‘18</strong></span> <span class='ocrx_word' id='word_1_171' title='bbox 502 1473 766 1530; x_wconf 91' lang='lat' dir='ltr'><strong>ordinem</strong></span> <span class='ocrx_word' id='word_1_172' title='bbox 808 1475 1247 1533; x_wconf 84' lang='lat' dir='ltr'><strong>accesserimus.</strong></span> <span class='ocrx_word' id='word_1_173' title='bbox 1271 1477 1340 1532; x_wconf 89' lang='lat' dir='ltr'><strong>Et</strong></span> <span class='ocrx_word' id='word_1_174' title='bbox 1367 1477 1556 1550; x_wconf 90' lang='lat' dir='ltr'><strong>primo</strong></span> <span class='ocrx_word' id='word_1_175' title='bbox 1587 1479 1657 1534; x_wconf 92' lang='lat' dir='ltr'><strong>de</strong></span> <span class='ocrx_word' id='word_1_176' title='bbox 1687 1482 1971 1550; x_wconf 85' lang='lat' dir='ltr'><strong>metropo-</strong></span> <span class='ocrx_word' id='word_1_177' title='bbox 2077 1479 2170 1536; x_wconf 73' lang='lat' dir='ltr'><strong>scd</strong></span> <span class='ocrx_word' id='word_1_178' title='bbox 2197 1478 2442 1536; x_wconf 74' lang='lat' dir='ltr'><strong>ascendit</strong></span> <span class='ocrx_word' id='word_1_179' title='bbox 2469 1477 2716 1543; x_wconf 75' lang='lat' dir='ltr'><strong>aliunde,</strong></span> <span class='ocrx_word' id='word_1_180' title='bbox 2752 1476 2846 1532; x_wconf 83' lang='lat' dir='ltr'><strong>hic</strong></span> <span class='ocrx_word' id='word_1_181' title='bbox 2896 1477 2994 1548; x_wconf 84' lang='lat' dir='ltr'><strong>fur</strong></span> <span class='ocrx_word' id='word_1_182' title='bbox 3046 1481 3127 1531; x_wconf 80' lang='lat' dir='ltr'><strong>est</strong></span> <span class='ocrx_word' id='word_1_183' title='bbox 3179 1481 3262 1530; x_wconf 47' lang='lat' dir='ltr'><strong>et-</strong></span> <span class='ocrx_word' id='word_1_184' title='bbox 3281 1474 3438 1530; x_wconf 84' lang='lat' dir='ltr'><strong>latro.</strong></span> <span class='ocrx_word' id='word_1_185' title='bbox 3467 1473 3576 1544; x_wconf 82' lang='lat' dir='ltr'><strong>Ego</strong></span> <span class='ocrx_word' id='word_1_186' title='bbox 3604 1485 3733 1528; x_wconf 70' lang='lat' dir='ltr'><strong>sum</strong></span> 
     </span>
    </p>
   </div>
   <div class='ocr_carea' id='block_1_14' title="bbox 321 1560 3730 1640">
    <p class='ocr_par' dir='ltr' id='par_1_14' title="bbox 321 1560 3730 1640">
     <span class='ocr_line' id='line_1_14' title="bbox 321 1560 3730 1640; baseline -0 -23"><span class='ocrx_word' id='word_1_187' title='bbox 321 1560 509 1618; x_wconf 82' lang='lat' dir='ltr'><strong>litano</strong></span> <span class='ocrx_word' id='word_1_188' title='bbox 531 1561 888 1621; x_wconf 83' lang='lat' dir='ltr'><strong>Rhemorum</strong></span> <span class='ocrx_word' id='word_1_189' title='bbox 911 1564 1202 1638; x_wconf 90' lang='lat' dir='ltr'><strong>episcopo,</strong></span> <span class='ocrx_word' id='word_1_190' title='bbox 1227 1567 1436 1623; x_wconf 90' lang='lat' dir='ltr'><strong>deinde</strong></span> <span class='ocrx_word' id='word_1_191' title='bbox 1457 1568 1527 1624; x_wconf 90' lang='lat' dir='ltr'><strong>de</strong></span> <span class='ocrx_word' id='word_1_192' title='bbox 1547 1567 1734 1640; x_wconf 88' lang='lat' dir='ltr'><strong>ipsius</strong></span> <span class='ocrx_word' id='word_1_193' title='bbox 1761 1567 1968 1624; x_wconf 74' lang='lat' dir='ltr'><strong>dimce-</strong></span> <span class='ocrx_word' id='word_1_194' title='bbox 2077 1571 2300 1638; x_wconf 83' lang='lat' dir='ltr'><strong>ostium,</strong></span> <span class='ocrx_word' id='word_1_195' title='bbox 2327 1583 2428 1640; x_wconf 80' lang='lat' dir='ltr'><strong>per</strong></span> <span class='ocrx_word' id='word_1_196' title='bbox 2454 1583 2541 1624; x_wconf 83' lang='lat' dir='ltr'><strong>me</strong></span> <span class='ocrx_word' id='word_1_197' title='bbox 2567 1568 2620 1622; x_wconf 80' lang='lat' dir='ltr'><strong>si</strong></span> <span class='ocrx_word' id='word_1_198' title='bbox 2647 1568 2770 1639; x_wconf 76' lang='lat' dir='ltr'><strong>quis</strong></span> <span class='ocrx_word' id='word_1_199' title='bbox 2799 1565 3078 1622; x_wconf 79' lang='lat' dir='ltr'><strong>introierit</strong></span> <span class='ocrx_word' id='word_1_200' title='bbox 3127 1563 3433 1620; x_wconf 76' lang='lat' dir='ltr'><strong>salvabitur</strong></span> <span class='ocrx_word' id='word_1_201' title='bbox 3456 1562 3634 1630; x_wconf 76' lang='lat' dir='ltr'><strong>(Joan.</strong></span> <span class='ocrx_word' id='word_1_202' title='bbox 3669 1577 3730 1632; x_wconf 69' lang='grc' dir='ltr'><strong>χ,</strong></span> 
     </span>
    </p>
   </div>
   <div class='ocr_carea' id='block_1_15' title="bbox 325 1643 3731 1730">
    <p class='ocr_par' dir='ltr' id='par_1_15' title="bbox 325 1643 3731 1730">
     <span class='ocr_line' id='line_1_15' title="bbox 325 1643 3731 1730; baseline -0.001 -23"><span class='ocrx_word' id='word_1_203' title='bbox 325 1667 457 1708; x_wconf 89' lang='lat' dir='ltr'><strong>seos</strong></span> <span class='ocrx_word' id='word_1_204' title='bbox 487 1653 891 1726; x_wconf 78' lang='lat' dir='ltr'><strong>suﬂ‘raganeis.</strong></span> <span class='ocrx_word' id='word_1_205' title='bbox 926 1655 995 1710; x_wconf 86' lang='lat' dir='ltr'><strong>Et</strong></span> <span class='ocrx_word' id='word_1_206' title='bbox 1025 1655 1165 1727; x_wconf 88' lang='lat' dir='ltr'><strong>quia</strong></span> <span class='ocrx_word' id='word_1_207' title='bbox 1203 1671 1318 1712; x_wconf 89' lang='lat' dir='ltr'><strong>non</strong></span> <span class='ocrx_word' id='word_1_208' title='bbox 1349 1671 1456 1712; x_wconf 92' lang='lat' dir='ltr'><strong>nos</strong></span> <span class='ocrx_word' id='word_1_209' title='bbox 1483 1655 1834 1728; x_wconf 86' lang='lat' dir='ltr'><strong>specialiter,</strong></span> <span class='ocrx_word' id='word_1_210' title='bbox 1867 1657 1967 1713; x_wconf 86' lang='lat' dir='ltr'><strong>sed</strong></span> <span class='ocrx_word' id='word_1_211' title='bbox 2081 1657 2264 1730; x_wconf 77' lang='lat'><strong>1,19).</strong></span> <span class='ocrx_word' id='word_1_212' title='bbox 2293 1658 2534 1714; x_wconf 89' lang='lat' dir='ltr'><strong>Constat</strong></span> <span class='ocrx_word' id='word_1_213' title='bbox 2552 1655 2752 1729; x_wconf 86' lang='lat' dir='ltr'><strong>igitur,</strong></span> <span class='ocrx_word' id='word_1_214' title='bbox 2785 1653 3064 1728; x_wconf 87' lang='lat' dir='ltr'><strong>quoniam</strong></span> <span class='ocrx_word' id='word_1_215' title='bbox 3090 1651 3188 1726; x_wconf 87' lang='lat' dir='ltr'><strong>qui</strong></span> <span class='ocrx_word' id='word_1_216' title='bbox 3211 1665 3314 1726; x_wconf 87' lang='lat' dir='ltr'><strong>per</strong></span> <span class='ocrx_word' id='word_1_217' title='bbox 3331 1667 3466 1708; x_wconf 86' lang='lat' dir='ltr'><strong>eum</strong></span> <span class='ocrx_word' id='word_1_218' title='bbox 3485 1647 3548 1706; x_wconf 84' lang='lat' dir='ltr'><strong>in</strong></span> <span class='ocrx_word' id='word_1_219' title='bbox 3579 1643 3731 1706; x_wconf 71' lang='lat' dir='ltr'><strong>ovile</strong></span> 
     </span>
    </p>
   </div>
   <div class='ocr_carea' id='block_1_16' title="bbox 323 1739 3730 1820">
    <p class='ocr_par' dir='ltr' id='par_1_16' title="bbox 323 1739 3730 1820">
     <span class='ocr_line' id='line_1_16' title="bbox 323 1739 3730 1820; baseline 0 -24"><span class='ocrx_word' id='word_1_220' title='bbox 323 1739 671 1812; x_wconf 78' lang='lat' dir='ltr'><strong>generaliter</strong></span> <span class='ocrx_word' id='word_1_221' title='bbox 689 1759 893 1799; x_wconf 91' lang='lat' dir='ltr'><strong>omnes</strong></span> <span class='ocrx_word' id='word_1_222' title='bbox 915 1743 1242 1816; x_wconf 89' lang='lat' dir='ltr'><strong>capitulum</strong></span> <span class='ocrx_word' id='word_1_223' title='bbox 1263 1745 1420 1801; x_wconf 90' lang='lat' dir='ltr'><strong>istud</strong></span> <span class='ocrx_word' id='word_1_224' title='bbox 1443 1745 1969 1820; x_wconf 87' lang='lat' dir='ltr'><strong>tangitepiscopos,</strong></span> <span class='ocrx_word' id='word_1_225' title='bbox 2079 1747 2275 1804; x_wconf 90' lang='lat' dir='ltr'><strong>ovium</strong></span> <span class='ocrx_word' id='word_1_226' title='bbox 2307 1764 2422 1802; x_wconf 93' lang='lat' dir='ltr'><strong>non</strong></span> <span class='ocrx_word' id='word_1_227' title='bbox 2449 1746 2649 1812; x_wconf 88' lang='lat' dir='ltr'><strong>intrat,</strong></span> <span class='ocrx_word' id='word_1_228' title='bbox 2680 1743 2740 1800; x_wconf 89' lang='lat' dir='ltr'><strong>id</strong></span> <span class='ocrx_word' id='word_1_229' title='bbox 2773 1748 2863 1800; x_wconf 92' lang='lat' dir='ltr'><strong>est</strong></span> <span class='ocrx_word' id='word_1_230' title='bbox 2893 1743 2965 1800; x_wconf 89' lang='lat' dir='ltr'><strong>ad</strong></span> <span class='ocrx_word' id='word_1_231' title='bbox 3001 1741 3262 1815; x_wconf 84' lang='lat' dir='ltr'><strong>regimen</strong></span> <span class='ocrx_word' id='word_1_232' title='bbox 3311 1755 3425 1797; x_wconf 90' lang='lat' dir='ltr'><strong>non</strong></span> <span class='ocrx_word' id='word_1_233' title='bbox 3473 1745 3564 1796; x_wconf 87' lang='lat' dir='ltr'><strong>est</strong></span> <span class='ocrx_word' id='word_1_234' title='bbox 3591 1755 3730 1812; x_wconf 89' lang='lat' dir='ltr'><strong>pro-</strong></span> 
     </span>
    </p>
   </div>
   <div class='ocr_carea' id='block_1_17' title="bbox 309 1829 3735 1930">
    <p class='ocr_par' dir='ltr' id='par_1_17' title="bbox 309 1829 3735 1930">
     <span class='ocr_line' id='line_1_17' title="bbox 309 1829 3735 1930; baseline 0 -46"><span class='ocrx_word' id='word_1_235' title='bbox 309 1845 391 1930; x_wconf 73' lang='lat' dir='ltr'><strong>-co</strong></span> <span class='ocrx_word' id='word_1_236' title='bbox 420 1829 544 1885; x_wconf 91' lang='lat' dir='ltr'><strong>solo</strong></span> <span class='ocrx_word' id='word_1_237' title='bbox 574 1836 811 1904; x_wconf 85' lang='lat' dir='ltr'><strong>excepto</strong></span> <span class='ocrx_word' id='word_1_238' title='bbox 843 1833 944 1904; x_wconf 89' lang='lat' dir='ltr'><strong>qui</strong></span> <span class='ocrx_word' id='word_1_239' title='bbox 997 1832 1139 1889; x_wconf 90' lang='lat' dir='ltr'><strong>illud</strong></span> <span class='ocrx_word' id='word_1_240' title='bbox 1201 1834 1536 1907; x_wconf 87' lang='lat' dir='ltr'><strong>dictaverat,</strong></span> <span class='ocrx_word' id='word_1_241' title='bbox 1570 1852 1641 1891; x_wconf 90' lang='lat' dir='ltr'><strong>ne</strong></span> <span class='ocrx_word' id='word_1_242' title='bbox 1671 1835 1742 1892; x_wconf 89' lang='lat' dir='ltr'><strong>de</strong></span> <span class='ocrx_word' id='word_1_243' title='bbox 1773 1840 1973 1892; x_wconf 91' lang='lat' dir='ltr'><strong>nostra</strong></span> <span class='ocrx_word' id='word_1_244' title='bbox 2003 1865 2050 1930; x_wconf 80' lang='grc' dir='ltr'><strong>Β</strong></span> <span class='ocrx_word' id='word_1_245' title='bbox 2081 1842 2285 1893; x_wconf 90' lang='lat' dir='ltr'><strong>vectus</strong></span> <span class='ocrx_word' id='word_1_246' title='bbox 2338 1834 2626 1904; x_wconf 65' lang='lat' dir='ltr'><strong>Ecclesiae,</strong></span> <span class='ocrx_word' id='word_1_247' title='bbox 2661 1851 2775 1890; x_wconf 92' lang='lat' dir='ltr'><strong>non</strong></span> <span class='ocrx_word' id='word_1_248' title='bbox 2808 1836 2897 1889; x_wconf 87' lang='lat' dir='ltr'><strong>est</strong></span> <span class='ocrx_word' id='word_1_249' title='bbox 2926 1836 3126 1905; x_wconf 86' lang='lat' dir='ltr'><strong>pastor</strong></span> <span class='ocrx_word' id='word_1_250' title='bbox 3167 1829 3384 1930; x_wconf 71' lang='lat' dir='ltr'><strong>ovium,</strong></span> <span class='ocrx_word' id='word_1_251' title='bbox 3416 1829 3518 1930; x_wconf 71' lang='lat' dir='ltr'><strong>sed</strong></span> <span class='ocrx_word' id='word_1_252' title='bbox 3673 1833 3735 1885; x_wconf 81' lang='lat' dir='ltr'><strong>et</strong></span> 
     </span>
    </p>
   </div>
   <div class='ocr_carea' id='block_1_18' title="bbox 323 1917 3735 1999">
    <p class='ocr_par' dir='ltr' id='par_1_18' title="bbox 323 1917 3735 1999">
     <span class='ocr_line' id='line_1_18' title="bbox 323 1917 3735 1999; baseline -0.001 -25"><span class='ocrx_word' id='word_1_253' title='bbox 323 1917 705 1976; x_wconf 84' lang='lat' dir='ltr'><strong>infamatione</strong></span> <span class='ocrx_word' id='word_1_254' title='bbox 733 1923 1144 1978; x_wconf 88' lang='lat' dir='ltr'><strong>tantummodo</strong></span> <span class='ocrx_word' id='word_1_255' title='bbox 1172 1922 1480 1979; x_wconf 89' lang='lat' dir='ltr'><strong>videamur</strong></span> <span class='ocrx_word' id='word_1_256' title='bbox 1509 1923 1766 1992; x_wconf 90' lang='lat' dir='ltr'><strong>solliciti,</strong></span> <span class='ocrx_word' id='word_1_257' title='bbox 1797 1941 1975 1998; x_wconf 88' lang='lat' dir='ltr'><strong>pona-</strong></span> <span class='ocrx_word' id='word_1_258' title='bbox 2003 1917 2049 1930; x_wconf 78' lang='grc'><strong>“’</strong></span> <span class='ocrx_word' id='word_1_259' title='bbox 2073 1923 2358 1999; x_wconf 83' lang='lat' dir='ltr'><strong>latro,qui</strong></span> <span class='ocrx_word' id='word_1_260' title='bbox 2389 1941 2511 1986; x_wconf 85' lang='lat' dir='ltr'><strong>non</strong></span> <span class='ocrx_word' id='word_1_261' title='bbox 2537 1922 2879 1989; x_wconf 88' lang='lat' dir='ltr'><strong>salvabitur,</strong></span> <span class='ocrx_word' id='word_1_262' title='bbox 2904 1922 3004 1978; x_wconf 89' lang='lat' dir='ltr'><strong>sed</strong></span> <span class='ocrx_word' id='word_1_263' title='bbox 3037 1920 3436 1978; x_wconf 87' lang='lat' dir='ltr'><strong>damnabitur.</strong></span> <span class='ocrx_word' id='word_1_264' title='bbox 3470 1917 3735 1986; x_wconf 81' lang='lat' dir='ltr'><strong>Qualiter</strong></span> 
     </span>
    </p>
   </div>
   <div class='ocr_carea' id='block_1_19' title="bbox 326 2005 3732 2087">
    <p class='ocr_par' dir='ltr' id='par_1_19' title="bbox 326 2005 3732 2087">
     <span class='ocr_line' id='line_1_19' title="bbox 326 2005 3732 2087; baseline -0.001 -23"><span class='ocrx_word' id='word_1_265' title='bbox 326 2025 459 2065; x_wconf 89' lang='lat' dir='ltr'><strong>mus</strong></span> <span class='ocrx_word' id='word_1_266' title='bbox 479 2026 547 2066; x_wconf 76' lang='lat' dir='ltr'><strong>ex</strong></span> <span class='ocrx_word' id='word_1_267' title='bbox 567 2010 769 2066; x_wconf 90' lang='lat' dir='ltr'><strong>ordine</strong></span> <span class='ocrx_word' id='word_1_268' title='bbox 791 2011 1391 2086; x_wconf 85' lang='lat' dir='ltr'><strong>integritatemipsins</strong></span> <span class='ocrx_word' id='word_1_269' title='bbox 1407 2013 1974 2087; x_wconf 87' lang='lat' dir='ltr'><strong>eapituli,etvidcant</strong></span> <span class='ocrx_word' id='word_1_270' title='bbox 2076 2019 2276 2072; x_wconf 86' lang='lat' dir='ltr'><strong>autem</strong></span> <span class='ocrx_word' id='word_1_271' title='bbox 2308 2014 2386 2070; x_wconf 89' lang='lat' dir='ltr'><strong>sit</strong></span> <span class='ocrx_word' id='word_1_272' title='bbox 2415 2031 2518 2087; x_wconf 91' lang='lat' dir='ltr'><strong>per</strong></span> <span class='ocrx_word' id='word_1_273' title='bbox 2547 2011 2788 2078; x_wconf 83' lang='lat' dir='ltr'><strong>ostium,</strong></span> <span class='ocrx_word' id='word_1_274' title='bbox 2819 2009 3088 2066; x_wconf 90' lang='lat' dir='ltr'><strong>videlicet</strong></span> <span class='ocrx_word' id='word_1_275' title='bbox 3135 2025 3240 2082; x_wconf 92' lang='lat' dir='ltr'><strong>per</strong></span> <span class='ocrx_word' id='word_1_276' title='bbox 3283 2007 3607 2076; x_wconf 89' lang='lat' dir='ltr'><strong>Christum,</strong></span> <span class='ocrx_word' id='word_1_277' title='bbox 3638 2005 3732 2062; x_wconf 84' lang='lat' dir='ltr'><strong>in-</strong></span> 
     </span>
    </p>
   </div>
   <div class='ocr_carea' id='block_1_20' title="bbox 325 2093 3735 2175">
    <p class='ocr_par' dir='ltr' id='par_1_20' title="bbox 325 2093 3735 2175">
     <span class='ocr_line' id='line_1_20' title="bbox 325 2093 3735 2175; baseline -0.001 -21"><span class='ocrx_word' id='word_1_278' title='bbox 325 2097 660 2172; x_wconf 90' lang='lat' dir='ltr'><strong>quicunque</strong></span> <span class='ocrx_word' id='word_1_279' title='bbox 681 2099 825 2156; x_wconf 91' lang='lat' dir='ltr'><strong>illud</strong></span> <span class='ocrx_word' id='word_1_280' title='bbox 861 2100 1126 2175; x_wconf 86' lang='lat' dir='ltr'><strong>legerint,</strong></span> <span class='ocrx_word' id='word_1_281' title='bbox 1151 2102 1200 2158; x_wconf 91' lang='lat' dir='ltr'><strong>si</strong></span> <span class='ocrx_word' id='word_1_282' title='bbox 1230 2106 1351 2158; x_wconf 89' lang='lat' dir='ltr'><strong>tam</strong></span> <span class='ocrx_word' id='word_1_283' title='bbox 1384 2107 1822 2160; x_wconf 89' lang='lat' dir='ltr'><strong>monstruosam</strong></span> <span class='ocrx_word' id='word_1_284' title='bbox 1853 2103 1971 2159; x_wconf 91' lang='lat' dir='ltr'><strong>eri-</strong></span> <span class='ocrx_word' id='word_1_285' title='bbox 2077 2105 2360 2162; x_wconf 85' lang='lat' dir='ltr'><strong>trandum</strong></span> <span class='ocrx_word' id='word_1_286' title='bbox 2389 2102 2449 2158; x_wconf 90' lang='lat' dir='ltr'><strong>in</strong></span> <span class='ocrx_word' id='word_1_287' title='bbox 2482 2100 2628 2158; x_wconf 89' lang='lat' dir='ltr'><strong>ovile</strong></span> <span class='ocrx_word' id='word_1_288' title='bbox 2658 2100 2876 2168; x_wconf 89' lang='lat' dir='ltr'><strong>ovium,</strong></span> <span class='ocrx_word' id='word_1_289' title='bbox 2910 2099 2970 2154; x_wconf 87' lang='lat' dir='ltr'><strong>id</strong></span> <span class='ocrx_word' id='word_1_290' title='bbox 3021 2102 3112 2154; x_wconf 89' lang='lat' dir='ltr'><strong>est</strong></span> <span class='ocrx_word' id='word_1_291' title='bbox 3157 2093 3621 2154; x_wconf 79' lang='lat' dir='ltr'><strong>ecclesiasticum</strong></span> <span class='ocrx_word' id='word_1_292' title='bbox 3647 2113 3735 2152; x_wconf 78' lang='lat' dir='ltr'><strong>re-</strong></span> 
     </span>
    </p>
   </div>
   <div class='ocr_carea' id='block_1_21' title="bbox 321 2183 3730 2268">
    <p class='ocr_par' dir='ltr' id='par_1_21' title="bbox 321 2183 3730 2268">
     <span class='ocr_line' id='line_1_21' title="bbox 321 2183 3730 2268; baseline -0.001 -24"><span class='ocrx_word' id='word_1_293' title='bbox 321 2186 704 2244; x_wconf 86' lang='lat' dir='ltr'><strong>minationem</strong></span> <span class='ocrx_word' id='word_1_294' title='bbox 736 2190 1084 2263; x_wconf 87' lang='lat' dir='ltr'><strong>generaliter</strong></span> <span class='ocrx_word' id='word_1_295' title='bbox 1106 2191 1334 2248; x_wconf 92' lang='lat' dir='ltr'><strong>cunctis</strong></span> <span class='ocrx_word' id='word_1_296' title='bbox 1391 2192 1702 2266; x_wconf 86' lang='lat' dir='ltr'><strong>episcopis,</strong></span> <span class='ocrx_word' id='word_1_297' title='bbox 1729 2192 1974 2248; x_wconf 90' lang='lat' dir='ltr'><strong>civitati-</strong></span> <span class='ocrx_word' id='word_1_298' title='bbox 2078 2194 2275 2268; x_wconf 88' lang='lat' dir='ltr'><strong>gimen</strong></span> <span class='ocrx_word' id='word_1_299' title='bbox 2308 2191 2770 2264; x_wconf 88' lang='lat' dir='ltr'><strong>suscipiendum,</strong></span> <span class='ocrx_word' id='word_1_300' title='bbox 2804 2189 2960 2244; x_wconf 89' lang='lat' dir='ltr'><strong>idem</strong></span> <span class='ocrx_word' id='word_1_301' title='bbox 2986 2187 3254 2243; x_wconf 85' lang='lat' dir='ltr'><strong>Christus</strong></span> <span class='ocrx_word' id='word_1_302' title='bbox 3283 2185 3500 2243; x_wconf 87' lang='lat' dir='ltr'><strong>ostium</strong></span> <span class='ocrx_word' id='word_1_303' title='bbox 3529 2183 3730 2240; x_wconf 84' lang='lat' dir='ltr'><strong>ovium</strong></span> 
     </span>
    </p>
   </div>
   <div class='ocr_carea' id='block_1_22' title="bbox 314 2273 3733 2354">
    <p class='ocr_par' dir='ltr' id='par_1_22' title="bbox 314 2273 3733 2354">
     <span class='ocr_line' id='line_1_22' title="bbox 314 2273 3733 2354; baseline -0.001 -22"><span class='ocrx_word' id='word_1_304' title='bbox 314 2273 1242 2354; x_wconf 81' lang='lat' dir='ltr'><strong>‘bus,plebibus,archiepiscopis,</strong></span> <span class='ocrx_word' id='word_1_305' title='bbox 1267 2281 1632 2354; x_wconf 90' lang='lat' dir='ltr'><strong>principibus</strong></span> <span class='ocrx_word' id='word_1_306' title='bbox 1662 2281 1886 2338; x_wconf 90' lang='lat' dir='ltr'><strong>illatam</strong></span> <span class='ocrx_word' id='word_1_307' title='bbox 1915 2284 1973 2338; x_wconf 91' lang='lat' dir='ltr'><strong>et</strong></span> <span class='ocrx_word' id='word_1_308' title='bbox 2074 2283 2191 2351; x_wconf 85' lang='lat' dir='ltr'><strong>via,</strong></span> <span class='ocrx_word' id='word_1_309' title='bbox 2237 2287 2295 2338; x_wconf 92' lang='lat' dir='ltr'><strong>et</strong></span> <span class='ocrx_word' id='word_1_310' title='bbox 2341 2281 2576 2346; x_wconf 90' lang='lat' dir='ltr'><strong>veritas,</strong></span> <span class='ocrx_word' id='word_1_311' title='bbox 2611 2282 2669 2336; x_wconf 89' lang='lat' dir='ltr'><strong>et</strong></span> <span class='ocrx_word' id='word_1_312' title='bbox 2719 2279 2858 2349; x_wconf 83' lang='lat' dir='ltr'><strong>vita,</strong></span> <span class='ocrx_word' id='word_1_313' title='bbox 2891 2278 3260 2334; x_wconf 84' lang='lat' dir='ltr'><strong>demonstrat</strong></span> <span class='ocrx_word' id='word_1_314' title='bbox 3287 2276 3489 2332; x_wconf 85' lang='lat' dir='ltr'><strong>dicens</strong></span> <span class='ocrx_word' id='word_1_315' title='bbox 3517 2275 3592 2330; x_wconf 91' lang='lat' dir='ltr'><strong>de</strong></span> <span class='ocrx_word' id='word_1_316' title='bbox 3625 2285 3733 2331; x_wconf 80' lang='lat' dir='ltr'><strong>suo</strong></span> 
     </span>
    </p>
   </div>
   <div class='ocr_carea' id='block_1_23' title="bbox 323 2363 3734 2444">
    <p class='ocr_par' dir='ltr' id='par_1_23' title="bbox 323 2363 3734 2444">
     <span class='ocr_line' id='line_1_23' title="bbox 323 2363 3734 2444; baseline -0.001 -23"><span class='ocrx_word' id='word_1_317' title='bbox 323 2363 639 2438; x_wconf 76' lang='lat' dir='ltr'><strong>impactum</strong></span> <span class='ocrx_word' id='word_1_318' title='bbox 661 2367 1196 2426; x_wconf 87' lang='lat' dir='ltr'><strong>audierint.Textus</strong></span> <span class='ocrx_word' id='word_1_319' title='bbox 1217 2370 1372 2426; x_wconf 90' lang='lat' dir='ltr'><strong>enim</strong></span> <span class='ocrx_word' id='word_1_320' title='bbox 1394 2371 1575 2442; x_wconf 72' lang='lat' dir='ltr'><strong>huius</strong></span> <span class='ocrx_word' id='word_1_321' title='bbox 1596 2370 1837 2444; x_wconf 90' lang='lat' dir='ltr'><strong>capituli</strong></span> <span class='ocrx_word' id='word_1_322' title='bbox 1860 2371 1972 2427; x_wconf 89' lang='lat' dir='ltr'><strong>iste</strong></span> <span class='ocrx_word' id='word_1_323' title='bbox 2080 2371 2300 2444; x_wconf 90' lang='lat' dir='ltr'><strong>Spiritu</strong></span> <span class='ocrx_word' id='word_1_324' title='bbox 2333 2387 2346 2426; x_wconf 87' lang='lat'><strong>:</strong></span> <span class='ocrx_word' id='word_1_325' title='bbox 2379 2369 2622 2442; x_wconf 73' lang='lat' dir='ltr'><strong>Spiritus</strong></span> <span class='ocrx_word' id='word_1_326' title='bbox 2651 2370 2748 2442; x_wconf 87' lang='lat' dir='ltr'><strong>qui</strong></span> <span class='ocrx_word' id='word_1_327' title='bbox 2777 2385 2808 2424; x_wconf 84' lang='grc' dir='ltr'>α</span> <span class='ocrx_word' id='word_1_328' title='bbox 2841 2372 3006 2424; x_wconf 80' lang='lat' dir='ltr'><strong>Patre</strong></span> <span class='ocrx_word' id='word_1_329' title='bbox 3042 2365 3302 2439; x_wconf 84' lang='lat' dir='ltr'><strong>procedit,</strong></span> <span class='ocrx_word' id='word_1_330' title='bbox 3333 2365 3431 2422; x_wconf 81' lang='lat' dir='ltr'><strong>ille</strong></span> <span class='ocrx_word' id='word_1_331' title='bbox 3459 2381 3548 2421; x_wconf 69' lang='lat' dir='ltr'><strong>vos</strong></span> <span class='ocrx_word' id='word_1_332' title='bbox 3577 2364 3734 2420; x_wconf 76' lang='lat' dir='ltr'><strong>doce-</strong></span> 
     </span>
    </p>
   </div>
   <div class='ocr_carea' id='block_1_24' title="bbox 325 2453 3736 2532">
    <p class='ocr_par' dir='ltr' id='par_1_24' title="bbox 325 2453 3736 2532">
     <span class='ocr_line' id='line_1_24' title="bbox 325 2453 3736 2532; baseline -0.001 -20"><span class='ocrx_word' id='word_1_333' title='bbox 325 2459 415 2512; x_wconf 87' lang='lat' dir='ltr'><strong>est</strong></span> <span class='ocrx_word' id='word_1_334' title='bbox 439 2471 453 2510; x_wconf 89' lang='lat'><strong>:</strong></span> <span class='ocrx_word' id='word_1_335' title='bbox 509 2480 537 2506; x_wconf 94' lang='grc'><strong>‹‹</strong></span> <span class='ocrx_word' id='word_1_336' title='bbox 561 2458 630 2510; x_wconf 88' lang='lat' dir='ltr'><strong>Et</strong></span> <span class='ocrx_word' id='word_1_337' title='bbox 651 2456 788 2529; x_wconf 88' lang='lat' dir='ltr'><strong>quia</strong></span> <span class='ocrx_word' id='word_1_338' title='bbox 817 2457 1135 2515; x_wconf 90' lang='lat' dir='ltr'><strong>indiscussi</strong></span> <span class='ocrx_word' id='word_1_339' title='bbox 1167 2464 1226 2516; x_wconf 93' lang='lat' dir='ltr'><strong>et</strong></span> <span class='ocrx_word' id='word_1_340' title='bbox 1254 2459 1655 2528; x_wconf 88' lang='lat' dir='ltr'><strong>inexaminati,</strong></span> <span class='ocrx_word' id='word_1_341' title='bbox 1688 2460 1970 2516; x_wconf 48' lang='lat' dir='ltr'><strong>scientia»</strong></span> <span class='ocrx_word' id='word_1_342' title='bbox 2081 2460 2156 2518; x_wconf 87' lang='lat' dir='ltr'><strong>bit</strong></span> <span class='ocrx_word' id='word_1_343' title='bbox 2185 2462 2390 2528; x_wconf 88' lang='lat' dir='ltr'><strong>omnia,</strong></span> <span class='ocrx_word' id='word_1_344' title='bbox 2423 2467 2476 2516; x_wconf 86' lang='lat' dir='ltr'><strong>ct</strong></span> <span class='ocrx_word' id='word_1_345' title='bbox 2500 2465 2756 2532; x_wconf 77' lang='lat' dir='ltr'><strong>suggeret</strong></span> <span class='ocrx_word' id='word_1_346' title='bbox 2783 2457 2932 2513; x_wconf 81' lang='lat' dir='ltr'><strong>vobis</strong></span> <span class='ocrx_word' id='word_1_347' title='bbox 2961 2457 3146 2512; x_wconf 79' lang='lat' dir='ltr'><strong>omnia</strong></span> <span class='ocrx_word' id='word_1_348' title='bbox 3175 2467 3510 2528; x_wconf 77' lang='lat' dir='ltr'><strong>qua’cunquc</strong></span> <span class='ocrx_word' id='word_1_349' title='bbox 3537 2453 3736 2510; x_wconf 62' lang='lat' dir='ltr'><strong>dicere</strong></span> 
     </span>
    </p>
   </div>
   <div class='ocr_carea' id='block_1_25' title="bbox 323 2539 3736 2622">
    <p class='ocr_par' dir='ltr' id='par_1_25' title="bbox 323 2539 3736 2622">
     <span class='ocr_line' id='line_1_25' title="bbox 323 2539 3736 2622; baseline -0.001 -22"><span class='ocrx_word' id='word_1_350' title='bbox 323 2561 438 2618; x_wconf 91' lang='lat' dir='ltr'><strong>que</strong></span> <span class='ocrx_word' id='word_1_351' title='bbox 467 2543 793 2602; x_wconf 88' lang='lat' dir='ltr'><strong>litterarum</strong></span> <span class='ocrx_word' id='word_1_352' title='bbox 847 2564 993 2621; x_wconf 90' lang='lat' dir='ltr'><strong>pene</strong></span> <span class='ocrx_word' id='word_1_353' title='bbox 1047 2547 1258 2622; x_wconf 85' lang='lat' dir='ltr'><strong>ignari,</strong></span> <span class='ocrx_word' id='word_1_354' title='bbox 1290 2549 1603 2622; x_wconf 90' lang='lat' dir='ltr'><strong>minusque</strong></span> <span class='ocrx_word' id='word_1_355' title='bbox 1643 2549 1970 2622; x_wconf 71' lang='lat' dir='ltr'><strong>apostolica:</strong></span> <span class='ocrx_word' id='word_1_356' title='bbox 2078 2550 2228 2606; x_wconf 79' lang='lat' dir='ltr'><strong>vobis</strong></span> <span class='ocrx_word' id='word_1_357' title='bbox 2259 2551 2436 2618; x_wconf 87' lang='lat' dir='ltr'><strong>(Joan.</strong></span> <span class='ocrx_word' id='word_1_358' title='bbox 2465 2563 2584 2615; x_wconf 81' lang='lat' dir='ltr'><strong>xw,</strong></span> <span class='ocrx_word' id='word_1_359' title='bbox 2612 2546 2724 2618; x_wconf 84' lang='lat'><strong>26).</strong></span> <span class='ocrx_word' id='word_1_360' title='bbox 2757 2547 2872 2602; x_wconf 87' lang='lat' dir='ltr'><strong>Non</strong></span> <span class='ocrx_word' id='word_1_361' title='bbox 2903 2539 3052 2602; x_wconf 77' lang='lat' dir='ltr'><strong>enim</strong></span> <span class='ocrx_word' id='word_1_362' title='bbox 3088 2561 3180 2601; x_wconf 77' lang='lat' dir='ltr'><strong>vos</strong></span> <span class='ocrx_word' id='word_1_363' title='bbox 3224 2545 3352 2600; x_wconf 75' lang='lat' dir='ltr'><strong>estis</strong></span> <span class='ocrx_word' id='word_1_364' title='bbox 3409 2544 3506 2616; x_wconf 87' lang='lat' dir='ltr'><strong>qui</strong></span> <span class='ocrx_word' id='word_1_365' title='bbox 3559 2543 3736 2615; x_wconf 83' lang='lat' dir='ltr'><strong>loqui-</strong></span> 
     </span>
    </p>
   </div>
   <div class='ocr_carea' id='block_1_26' title="bbox 319 2632 3736 2711">
    <p class='ocr_par' dir='ltr' id='par_1_26' title="bbox 319 2632 3736 2711">
     <span class='ocr_line' id='line_1_26' title="bbox 319 2632 3736 2711; baseline 0 -23"><span class='ocrx_word' id='word_1_366' title='bbox 319 2634 694 2707; x_wconf 67' lang='lat' dir='ltr'><strong>praaceptioni</strong></span> <span class='ocrx_word' id='word_1_367' title='bbox 720 2636 1536 2710; x_wconf 89' lang='lat' dir='ltr'><strong>appropinquantes,peccatis</strong></span> <span class='ocrx_word' id='word_1_368' title='bbox 1559 2637 1775 2694; x_wconf 88' lang='lat' dir='ltr'><strong>nostris</strong></span> <span class='ocrx_word' id='word_1_369' title='bbox 1795 2655 1970 2711; x_wconf 85' lang='lat' dir='ltr'><strong>agen-</strong></span> <span class='ocrx_word' id='word_1_370' title='bbox 2077 2641 2241 2707; x_wconf 86' lang='lat' dir='ltr'><strong>mini,</strong></span> <span class='ocrx_word' id='word_1_371' title='bbox 2272 2637 2366 2694; x_wconf 79' lang='lat' dir='ltr'><strong>sed</strong></span> <span class='ocrx_word' id='word_1_372' title='bbox 2395 2637 2634 2710; x_wconf 77' lang='lat' dir='ltr'><strong>Spiritus</strong></span> <span class='ocrx_word' id='word_1_373' title='bbox 2687 2636 2874 2692; x_wconf 77' lang='lat' dir='ltr'><strong>Patris</strong></span> <span class='ocrx_word' id='word_1_374' title='bbox 2903 2635 3070 2690; x_wconf 80' lang='lat' dir='ltr'><strong>vestri</strong></span> <span class='ocrx_word' id='word_1_375' title='bbox 3099 2635 3195 2707; x_wconf 86' lang='lat' dir='ltr'><strong>qui</strong></span> <span class='ocrx_word' id='word_1_376' title='bbox 3224 2634 3466 2706; x_wconf 85' lang='lat' dir='ltr'><strong>loquitur</strong></span> <span class='ocrx_word' id='word_1_377' title='bbox 3490 2633 3554 2688; x_wconf 84' lang='lat' dir='ltr'><strong>in</strong></span> <span class='ocrx_word' id='word_1_378' title='bbox 3580 2632 3736 2689; x_wconf 77' lang='lat' dir='ltr'><strong>vobis</strong></span> 
     </span>
    </p>
   </div>
   <div class='ocr_carea' id='block_1_27' title="bbox 323 2719 3736 2801">
    <p class='ocr_par' dir='ltr' id='par_1_27' title="bbox 323 2719 3736 2801">
     <span class='ocr_line' id='line_1_27' title="bbox 323 2719 3736 2801; baseline -0.001 -22"><span class='ocrx_word' id='word_1_379' title='bbox 323 2722 504 2792; x_wconf 86' lang='lat' dir='ltr'><strong>tibus,</strong></span> <span class='ocrx_word' id='word_1_380' title='bbox 538 2741 642 2798; x_wconf 90' lang='lat' dir='ltr'><strong>per</strong></span> <span class='ocrx_word' id='word_1_381' title='bbox 672 2725 937 2783; x_wconf 89' lang='lat' dir='ltr'><strong>civitates</strong></span> <span class='ocrx_word' id='word_1_382' title='bbox 966 2727 1224 2801; x_wconf 89' lang='lat' dir='ltr'><strong>episcopi</strong></span> <span class='ocrx_word' id='word_1_383' title='bbox 1257 2728 1626 2796; x_wconf 88' lang='lat' dir='ltr'><strong>ordinantur,</strong></span> <span class='ocrx_word' id='word_1_384' title='bbox 1654 2745 1772 2800; x_wconf 89' lang='lat' dir='ltr'><strong>qua</strong></span> <span class='ocrx_word' id='word_1_385' title='bbox 1800 2745 1970 2784; x_wconf 92' lang='lat' dir='ltr'><strong>occa-</strong></span> <span class='ocrx_word' id='word_1_386' title='bbox 2079 2727 2284 2797; x_wconf 83' lang='lat' dir='ltr'><strong>(Matth.</strong></span> <span class='ocrx_word' id='word_1_387' title='bbox 2317 2745 2374 2794; x_wconf 71' lang='grc' dir='ltr'><strong>χ,</strong></span> <span class='ocrx_word' id='word_1_388' title='bbox 2405 2728 2519 2796; x_wconf 85' lang='grc'><strong>20).</strong></span> <span class='ocrx_word' id='word_1_389' title='bbox 2554 2723 2662 2792; x_wconf 87' lang='lat' dir='ltr'><strong>Qui</strong></span> <span class='ocrx_word' id='word_1_390' title='bbox 2694 2741 2798 2797; x_wconf 92' lang='lat' dir='ltr'><strong>per</strong></span> <span class='ocrx_word' id='word_1_391' title='bbox 2827 2741 2978 2797; x_wconf 91' lang='lat' dir='ltr'><strong>quos</strong></span> <span class='ocrx_word' id='word_1_392' title='bbox 3007 2722 3163 2779; x_wconf 89' lang='lat' dir='ltr'><strong>idem</strong></span> <span class='ocrx_word' id='word_1_393' title='bbox 3193 2721 3446 2794; x_wconf 71' lang='lat' dir='ltr'><strong>Spiritus</strong></span> <span class='ocrx_word' id='word_1_394' title='bbox 3496 2719 3736 2776; x_wconf 88' lang='lat' dir='ltr'><strong>locutus</strong></span> 
     </span>
    </p>
   </div>
   <div class='ocr_carea' id='block_1_28' title="bbox 325 2808 3738 2890">
    <p class='ocr_par' dir='ltr' id='par_1_28' title="bbox 325 2808 3738 2890">
     <span class='ocr_line' id='line_1_28' title="bbox 325 2808 3738 2890; baseline -0.001 -22"><span class='ocrx_word' id='word_1_395' title='bbox 325 2812 490 2870; x_wconf 88' lang='lat' dir='ltr'><strong>sione</strong></span> <span class='ocrx_word' id='word_1_396' title='bbox 518 2813 770 2871; x_wconf 83' lang='lat' dir='ltr'><strong>maxime</strong></span> <span class='ocrx_word' id='word_1_397' title='bbox 799 2815 964 2888; x_wconf 87' lang='lat' dir='ltr'><strong>vigor</strong></span> <span class='ocrx_word' id='word_1_398' title='bbox 991 2816 1424 2873; x_wconf 87' lang='lat' dir='ltr'><strong>ecclesiasticus</strong></span> <span class='ocrx_word' id='word_1_399' title='bbox 1453 2815 1715 2890; x_wconf 90' lang='lat' dir='ltr'><strong>deperiit,</strong></span> <span class='ocrx_word' id='word_1_400' title='bbox 1751 2815 1973 2889; x_wconf 87' lang='lat' dir='ltr'><strong>placuit</strong></span> <span class='ocrx_word' id='word_1_401' title='bbox 2079 2822 2187 2889; x_wconf 92' lang='lat' dir='ltr'><strong>est,</strong></span> <span class='ocrx_word' id='word_1_402' title='bbox 2222 2820 2287 2872; x_wconf 92' lang='lat' dir='ltr'><strong>ut</strong></span> <span class='ocrx_word' id='word_1_403' title='bbox 2313 2818 2554 2872; x_wconf 86' lang='lat' dir='ltr'><strong>sanctus</strong></span> <span class='ocrx_word' id='word_1_404' title='bbox 2583 2815 2695 2870; x_wconf 89' lang='lat' dir='ltr'><strong>Leo</strong></span> <span class='ocrx_word' id='word_1_405' title='bbox 2725 2813 2888 2880; x_wconf 90' lang='lat' dir='ltr'><strong>dicit,</strong></span> <span class='ocrx_word' id='word_1_406' title='bbox 2921 2811 3113 2868; x_wconf 90' lang='lat' dir='ltr'><strong>adhuc</strong></span> <span class='ocrx_word' id='word_1_407' title='bbox 3172 2811 3478 2867; x_wconf 85' lang='lat' dir='ltr'><strong>nobiscu&#39;tn</strong></span> <span class='ocrx_word' id='word_1_408' title='bbox 3509 2808 3569 2864; x_wconf 89' lang='lat' dir='ltr'><strong>in</strong></span> <span class='ocrx_word' id='word_1_409' title='bbox 3605 2809 3738 2866; x_wconf 88' lang='lat' dir='ltr'><strong>suis</strong></span> 
     </span>
    </p>
   </div>
   <div class='ocr_carea' id='block_1_29' title="bbox 326 2900 3738 2980">
    <p class='ocr_par' dir='ltr' id='par_1_29' title="bbox 326 2900 3738 2980">
     <span class='ocr_line' id='line_1_29' title="bbox 326 2900 3738 2980; baseline -0.001 -24"><span class='ocrx_word' id='word_1_410' title='bbox 326 2905 392 2957; x_wconf 92' lang='lat' dir='ltr'><strong>ut</strong></span> <span class='ocrx_word' id='word_1_411' title='bbox 421 2903 468 2958; x_wconf 93' lang='lat' dir='ltr'><strong>si</strong></span> <span class='ocrx_word' id='word_1_412' title='bbox 502 2907 738 2975; x_wconf 87' lang='lat' dir='ltr'><strong>quando</strong></span> <span class='ocrx_word' id='word_1_413' title='bbox 769 2903 1021 2978; x_wconf 67' lang='lat' dir='ltr'><strong>alicujus</strong></span> <span class='ocrx_word' id='word_1_414' title='bbox 1049 2905 1301 2962; x_wconf 89' lang='lat' dir='ltr'><strong>civitatis</strong></span> <span class='ocrx_word' id='word_1_415' title='bbox 1331 2907 1643 2980; x_wconf 90' lang='lat' dir='ltr'><strong>episcopus</strong></span> <span class='ocrx_word' id='word_1_416' title='bbox 1671 2906 1972 2963; x_wconf 89' lang='lat' dir='ltr'><strong>vocatione</strong></span> <span class='ocrx_word' id='word_1_417' title='bbox 2079 2903 2598 2963; x_wconf 88' lang='lat' dir='ltr'><strong>constitutionibus</strong></span> <span class='ocrx_word' id='word_1_418' title='bbox 2629 2901 2996 2975; x_wconf 89' lang='lat' dir='ltr'><strong>vivunt,quia</strong></span> <span class='ocrx_word' id='word_1_419' title='bbox 3026 2919 3142 2957; x_wconf 89' lang='lat' dir='ltr'><strong>non</strong></span> <span class='ocrx_word' id='word_1_420' title='bbox 3173 2905 3264 2957; x_wconf 90' lang='lat' dir='ltr'><strong>est</strong></span> <span class='ocrx_word' id='word_1_421' title='bbox 3291 2900 3446 2956; x_wconf 91' lang='lat' dir='ltr'><strong>Deus</strong></span> <span class='ocrx_word' id='word_1_422' title='bbox 3474 2904 3738 2954; x_wconf 84' lang='lat' dir='ltr'><strong>mortuo-</strong></span> 
     </span>
    </p>
   </div>
   <div class='ocr_carea' id='block_1_30' title="bbox 325 2990 3736 3069">
    <p class='ocr_par' dir='ltr' id='par_1_30' title="bbox 325 2990 3736 3069">
     <span class='ocr_line' id='line_1_30' title="bbox 325 2990 3736 3069; baseline -0.001 -22"><span class='ocrx_word' id='word_1_423' title='bbox 325 2991 558 3048; x_wconf 90' lang='lat' dir='ltr'><strong>Domini</strong></span> <span class='ocrx_word' id='word_1_424' title='bbox 591 2993 964 3065; x_wconf 89' lang='lat' dir='ltr'><strong>decesserit,a</strong></span> <span class='ocrx_word' id='word_1_425' title='bbox 984 2995 1428 3069; x_wconf 88' lang='lat' dir='ltr'><strong>gloriosissimis</strong></span> <span class='ocrx_word' id='word_1_426' title='bbox 1458 2995 1823 3069; x_wconf 88' lang='lat' dir='ltr'><strong>principibus</strong></span> <span class='ocrx_word' id='word_1_427' title='bbox 1839 3012 1974 3068; x_wconf 89' lang='lat' dir='ltr'><strong>sup-</strong></span> <span class='ocrx_word' id='word_1_428' title='bbox 2079 3012 2234 3063; x_wconf 92' lang='lat' dir='ltr'><strong>rum,</strong></span> <span class='ocrx_word' id='word_1_429' title='bbox 2268 2994 2368 3051; x_wconf 88' lang='lat' dir='ltr'><strong>sed</strong></span> <span class='ocrx_word' id='word_1_430' title='bbox 2400 2991 2739 3049; x_wconf 85' lang='lat' dir='ltr'><strong>viventium.</strong></span> <span class='ocrx_word' id='word_1_431' title='bbox 2770 2992 2920 3064; x_wconf 86' lang='lat' dir='ltr'><strong>Ergo</strong></span> <span class='ocrx_word' id='word_1_432' title='bbox 2953 2990 3052 3064; x_wconf 89' lang='lat' dir='ltr'><strong>qui</strong></span> <span class='ocrx_word' id='word_1_433' title='bbox 3083 2994 3285 3046; x_wconf 91' lang='lat' dir='ltr'><strong>contra</strong></span> <span class='ocrx_word' id='word_1_434' title='bbox 3328 3005 3526 3046; x_wconf 86' lang='lat' dir='ltr'><strong>sacros</strong></span> <span class='ocrx_word' id='word_1_435' title='bbox 3555 3002 3736 3044; x_wconf 86' lang='lat' dir='ltr'><strong>cano-</strong></span> 
     </span>
    </p>
   </div>
   <div class='ocr_carea' id='block_1_31' title="bbox 325 3075 3738 3156">
    <p class='ocr_par' dir='ltr' id='par_1_31' title="bbox 325 3075 3738 3156">
     <span class='ocr_line' id='line_1_31' title="bbox 325 3075 3738 3156; baseline -0.001 -20"><span class='ocrx_word' id='word_1_436' title='bbox 325 3079 598 3154; x_wconf 91' lang='lat' dir='ltr'><strong>plicando</strong></span> <span class='ocrx_word' id='word_1_437' title='bbox 618 3083 970 3155; x_wconf 86' lang='lat' dir='ltr'><strong>postuletur,</strong></span> <span class='ocrx_word' id='word_1_438' title='bbox 994 3089 1059 3140; x_wconf 89' lang='lat' dir='ltr'><strong>ut</strong></span> <span class='ocrx_word' id='word_1_439' title='bbox 1079 3086 1420 3142; x_wconf 88' lang='lat' dir='ltr'><strong>canonicam</strong></span> <span class='ocrx_word' id='word_1_440' title='bbox 1445 3085 1784 3142; x_wconf 89' lang='lat' dir='ltr'><strong>electionem</strong></span> <span class='ocrx_word' id='word_1_441' title='bbox 1818 3084 1970 3141; x_wconf 90' lang='lat' dir='ltr'><strong>clero</strong></span> <span class='ocrx_word' id='word_1_442' title='bbox 2080 3101 2205 3151; x_wconf 92' lang='lat' dir='ltr'><strong>nes,</strong></span> <span class='ocrx_word' id='word_1_443' title='bbox 2238 3083 2458 3156; x_wconf 91' lang='lat' dir='ltr'><strong>Spiritu</strong></span> <span class='ocrx_word' id='word_1_444' title='bbox 2491 3080 2590 3137; x_wconf 90' lang='lat' dir='ltr'><strong>Dei</strong></span> <span class='ocrx_word' id='word_1_445' title='bbox 2621 3097 2725 3152; x_wconf 86' lang='lat' dir='ltr'><strong>per</strong></span> <span class='ocrx_word' id='word_1_446' title='bbox 2751 3096 2970 3153; x_wconf 87' lang='lat' dir='ltr'><strong>organa</strong></span> <span class='ocrx_word' id='word_1_447' title='bbox 3007 3095 3117 3135; x_wconf 90' lang='lat' dir='ltr'><strong>sua</strong></span> <span class='ocrx_word' id='word_1_448' title='bbox 3145 3077 3432 3145; x_wconf 85' lang='lat' dir='ltr'><strong>conditos,</strong></span> <span class='ocrx_word' id='word_1_449' title='bbox 3459 3080 3518 3133; x_wconf 89' lang='lat' dir='ltr'><strong>et</strong></span> <span class='ocrx_word' id='word_1_450' title='bbox 3546 3075 3738 3132; x_wconf 81' lang='lat' dir='ltr'><strong>totius</strong></span> 
     </span>
    </p>
   </div>
   <div class='ocr_carea' id='block_1_32' title="bbox 324 3158 3736 3247">
    <p class='ocr_par' dir='ltr' id='par_1_32' title="bbox 324 3158 3736 3247">
     <span class='ocr_line' id='line_1_32' title="bbox 324 3158 3736 3247; baseline -0.001 -22"><span class='ocrx_word' id='word_1_451' title='bbox 324 3170 628 3247; x_wconf 33' lang='lat' dir='ltr'><strong>etopopulo</strong></span> <span class='ocrx_word' id='word_1_452' title='bbox 687 3171 874 3244; x_wconf 90' lang='lat' dir='ltr'><strong>ipsius</strong></span> <span class='ocrx_word' id='word_1_453' title='bbox 930 3174 1184 3230; x_wconf 91' lang='lat' dir='ltr'><strong>civitatis</strong></span> <span class='ocrx_word' id='word_1_454' title='bbox 1239 3173 1572 3246; x_wconf 90' lang='lat' dir='ltr'><strong>permittere</strong></span> <span class='ocrx_word' id='word_1_455' title='bbox 1631 3173 1966 3247; x_wconf 89' lang='lat' dir='ltr'><strong>dignentur,</strong></span> <span class='ocrx_word' id='word_1_456' title='bbox 2009 3238 2041 3247; x_wconf 80' lang='lat'>_</span> <span class='ocrx_word' id='word_1_457' title='bbox 2081 3173 2287 3229; x_wconf 90' lang='lat' dir='ltr'><strong>mundi</strong></span> <span class='ocrx_word' id='word_1_458' title='bbox 2319 3169 2642 3228; x_wconf 90' lang='lat' dir='ltr'><strong>reverentia</strong></span> <span class='ocrx_word' id='word_1_459' title='bbox 2669 3168 3138 3234; x_wconf 89' lang='lat' dir='ltr'><strong>consecratos,ad</strong></span> <span class='ocrx_word' id='word_1_460' title='bbox 3169 3165 3440 3223; x_wconf 64' lang='lat' dir='ltr'><strong>Ecclesiae</strong></span> <span class='ocrx_word' id='word_1_461' title='bbox 3470 3158 3736 3239; x_wconf 83' lang='lat' dir='ltr'><strong>regimen</strong></span> 
     </span>
    </p>
   </div>
   <div class='ocr_carea' id='block_1_33' title="bbox 326 3238 3736 3336">
    <p class='ocr_par' dir='ltr' id='par_1_33' title="bbox 326 3238 3736 3336">
     <span class='ocr_line' id='line_1_33' title="bbox 326 3238 3736 3336; baseline -0.001 -22"><span class='ocrx_word' id='word_1_462' title='bbox 326 3238 508 3330; x_wconf 68' lang='lat' dir='ltr'><strong>atque</strong></span> <span class='ocrx_word' id='word_1_463' title='bbox 530 3259 610 3314; x_wconf 89' lang='lat' dir='ltr'><strong>ita</strong></span> <span class='ocrx_word' id='word_1_464' title='bbox 638 3238 823 3315; x_wconf 78' lang='lat' dir='ltr'><strong>autin</strong></span> <span class='ocrx_word' id='word_1_465' title='bbox 855 3260 1028 3333; x_wconf 90' lang='lat' dir='ltr'><strong>clero,</strong></span> <span class='ocrx_word' id='word_1_466' title='bbox 1061 3266 1166 3318; x_wconf 87' lang='lat' dir='ltr'><strong>aut</strong></span> <span class='ocrx_word' id='word_1_467' title='bbox 1208 3238 1267 3316; x_wconf 75' lang='lat' dir='ltr'><strong>in</strong></span> <span class='ocrx_word' id='word_1_468' title='bbox 1319 3261 1554 3335; x_wconf 91' lang='lat' dir='ltr'><strong>populo,</strong></span> <span class='ocrx_word' id='word_1_469' title='bbox 1587 3238 1969 3318; x_wconf 51' lang='lat' dir='ltr'><strong>autvdiuacesi</strong></span> <span class='ocrx_word' id='word_1_470' title='bbox 2001 3238 2044 3304; x_wconf 78' lang='lat' dir='ltr'><strong>C</strong></span> <span class='ocrx_word' id='word_1_471' title='bbox 2069 3260 2438 3336; x_wconf 76' lang='lat' dir='ltr'><strong>provehitur,</strong></span> <span class='ocrx_word' id='word_1_472' title='bbox 2475 3277 2589 3315; x_wconf 91' lang='lat' dir='ltr'><strong>non</strong></span> <span class='ocrx_word' id='word_1_473' title='bbox 2645 3259 2830 3314; x_wconf 83' lang='lat' dir='ltr'><strong>intrat</strong></span> <span class='ocrx_word' id='word_1_474' title='bbox 2880 3273 2985 3330; x_wconf 90' lang='lat' dir='ltr'><strong>per</strong></span> <span class='ocrx_word' id='word_1_475' title='bbox 3043 3256 3260 3313; x_wconf 87' lang='lat' dir='ltr'><strong>ostium</strong></span> <span class='ocrx_word' id='word_1_476' title='bbox 3315 3256 3376 3311; x_wconf 89' lang='lat' dir='ltr'><strong>in</strong></span> <span class='ocrx_word' id='word_1_477' title='bbox 3427 3238 3594 3323; x_wconf 87' lang='lat' dir='ltr'><strong>ovile,</strong></span> <span class='ocrx_word' id='word_1_478' title='bbox 3627 3254 3736 3310; x_wconf 80' lang='lat' dir='ltr'><strong>sed</strong></span> 
     </span>
    </p>
   </div>
   <div class='ocr_carea' id='block_1_34' title="bbox 325 3343 3736 3422">
    <p class='ocr_par' dir='ltr' id='par_1_34' title="bbox 325 3343 3736 3422">
     <span class='ocr_line' id='line_1_34' title="bbox 325 3343 3736 3422; baseline -0.001 -19"><span class='ocrx_word' id='word_1_479' title='bbox 325 3350 478 3403; x_wconf 92' lang='lat' dir='ltr'><strong>certe</strong></span> <span class='ocrx_word' id='word_1_480' title='bbox 499 3345 646 3418; x_wconf 90' lang='lat' dir='ltr'><strong>ipsa,</strong></span> <span class='ocrx_word' id='word_1_481' title='bbox 668 3347 756 3404; x_wconf 90' lang='lat' dir='ltr'><strong>vel</strong></span> <span class='ocrx_word' id='word_1_482' title='bbox 779 3347 828 3404; x_wconf 89' lang='lat' dir='ltr'><strong>si</strong></span> <span class='ocrx_word' id='word_1_483' title='bbox 849 3365 998 3421; x_wconf 89' lang='lat' dir='ltr'><strong>opus</strong></span> <span class='ocrx_word' id='word_1_484' title='bbox 1032 3350 1110 3405; x_wconf 91' lang='lat' dir='ltr'><strong>sit</strong></span> <span class='ocrx_word' id='word_1_485' title='bbox 1148 3350 1209 3405; x_wconf 91' lang='lat' dir='ltr'><strong>in</strong></span> <span class='ocrx_word' id='word_1_486' title='bbox 1247 3349 1460 3406; x_wconf 90' lang='lat' dir='ltr'><strong>vicinia</strong></span> <span class='ocrx_word' id='word_1_487' title='bbox 1486 3350 1694 3422; x_wconf 86' lang='lat' dir='ltr'><strong>ipsius,</strong></span> <span class='ocrx_word' id='word_1_488' title='bbox 1728 3349 1972 3422; x_wconf 89' lang='lat' dir='ltr'><strong>probata</strong></span> <span class='ocrx_word' id='word_1_489' title='bbox 2079 3349 2341 3407; x_wconf 86' lang='lat' dir='ltr'><strong>ascendit</strong></span> <span class='ocrx_word' id='word_1_490' title='bbox 2369 3348 2627 3414; x_wconf 91' lang='lat' dir='ltr'><strong>aliunde,</strong></span> <span class='ocrx_word' id='word_1_491' title='bbox 2663 3364 2730 3403; x_wconf 91' lang='lat' dir='ltr'><strong>ac</strong></span> <span class='ocrx_word' id='word_1_492' title='bbox 2777 3363 2880 3419; x_wconf 89' lang='lat' dir='ltr'><strong>per</strong></span> <span class='ocrx_word' id='word_1_493' title='bbox 2927 3345 3037 3402; x_wconf 88' lang='lat' dir='ltr'><strong>hoc</strong></span> <span class='ocrx_word' id='word_1_494' title='bbox 3080 3346 3176 3401; x_wconf 89' lang='lat' dir='ltr'><strong>fur</strong></span> <span class='ocrx_word' id='word_1_495' title='bbox 3225 3348 3314 3400; x_wconf 89' lang='lat' dir='ltr'><strong>est</strong></span> <span class='ocrx_word' id='word_1_496' title='bbox 3342 3348 3401 3400; x_wconf 89' lang='lat' dir='ltr'><strong>et</strong></span> <span class='ocrx_word' id='word_1_497' title='bbox 3429 3343 3578 3398; x_wconf 84' lang='lat' dir='ltr'><strong>latro</strong></span> <span class='ocrx_word' id='word_1_498' title='bbox 3609 3360 3623 3399; x_wconf 89' lang='lat'>:</span> <span class='ocrx_word' id='word_1_499' title='bbox 3659 3343 3736 3398; x_wconf 91' lang='lat' dir='ltr'><strong>de</strong></span> 
     </span>
    </p>
   </div>
   <div class='ocr_carea' id='block_1_35' title="bbox 327 3432 3734 3512">
    <p class='ocr_par' dir='ltr' id='par_1_35' title="bbox 327 3432 3734 3512">
     <span class='ocr_line' id='line_1_35' title="bbox 327 3432 3734 3512; baseline -0.001 -24"><span class='ocrx_word' id='word_1_500' title='bbox 327 3437 385 3488; x_wconf 88' lang='lat' dir='ltr'><strong>et</strong></span> <span class='ocrx_word' id='word_1_501' title='bbox 404 3434 596 3490; x_wconf 78' lang='lat' dir='ltr'><strong>ofﬁcio</strong></span> <span class='ocrx_word' id='word_1_502' title='bbox 618 3435 796 3510; x_wconf 87' lang='lat' dir='ltr'><strong>digna</strong></span> <span class='ocrx_word' id='word_1_503' title='bbox 816 3453 1066 3510; x_wconf 87' lang='lat' dir='ltr'><strong>persona</strong></span> <span class='ocrx_word' id='word_1_504' title='bbox 1087 3442 1400 3510; x_wconf 66' lang='lat' dir='ltr'><strong>quaeratur,</strong></span> <span class='ocrx_word' id='word_1_505' title='bbox 1424 3455 1552 3511; x_wconf 64' lang='lat' dir='ltr'><strong>qua:</strong></span> <span class='ocrx_word' id='word_1_506' title='bbox 1573 3439 1810 3494; x_wconf 87' lang='lat' dir='ltr'><strong>inventa</strong></span> <span class='ocrx_word' id='word_1_507' title='bbox 1841 3455 1971 3494; x_wconf 89' lang='lat' dir='ltr'><strong>con-</strong></span> <span class='ocrx_word' id='word_1_508' title='bbox 2079 3437 2352 3512; x_wconf 90' lang='lat' dir='ltr'><strong>qualibus</strong></span> <span class='ocrx_word' id='word_1_509' title='bbox 2375 3437 2518 3494; x_wconf 90' lang='lat' dir='ltr'><strong>dicit</strong></span> <span class='ocrx_word' id='word_1_510' title='bbox 2541 3435 2853 3492; x_wconf 88' lang='lat' dir='ltr'><strong>Psalmista</strong></span> <span class='ocrx_word' id='word_1_511' title='bbox 2873 3435 3123 3491; x_wconf 90' lang='lat' dir='ltr'><strong>Domino</strong></span> <span class='ocrx_word' id='word_1_512' title='bbox 3146 3451 3160 3491; x_wconf 91' lang='lat'><strong>:</strong></span> <span class='ocrx_word' id='word_1_513' title='bbox 3184 3433 3568 3507; x_wconf 74' lang='lat' dir='ltr'><strong>Dejecistico:</strong></span> <span class='ocrx_word' id='word_1_514' title='bbox 3583 3432 3734 3488; x_wconf 63' lang='lat' dir='ltr'><strong>dun:</strong></span> 
     </span>
    </p>
   </div>
   <div class='ocr_carea' id='block_1_36' title="bbox 327 3519 3735 3600">
    <p class='ocr_par' dir='ltr' id='par_1_36' title="bbox 327 3519 3735 3600">
     <span class='ocr_line' id='line_1_36' title="bbox 327 3519 3735 3600; baseline -0.001 -22"><span class='ocrx_word' id='word_1_515' title='bbox 327 3539 502 3579; x_wconf 91' lang='lat' dir='ltr'><strong>sensu</strong></span> <span class='ocrx_word' id='word_1_516' title='bbox 529 3523 710 3581; x_wconf 90' lang='lat' dir='ltr'><strong>totius</strong></span> <span class='ocrx_word' id='word_1_517' title='bbox 731 3524 867 3582; x_wconf 91' lang='lat' dir='ltr'><strong>cleri</strong></span> <span class='ocrx_word' id='word_1_518' title='bbox 890 3531 948 3582; x_wconf 91' lang='lat' dir='ltr'><strong>et</strong></span> <span class='ocrx_word' id='word_1_519' title='bbox 967 3527 1163 3600; x_wconf 91' lang='lat' dir='ltr'><strong>populi</strong></span> <span class='ocrx_word' id='word_1_520' title='bbox 1191 3528 1261 3582; x_wconf 91' lang='lat' dir='ltr'><strong>ad</strong></span> <span class='ocrx_word' id='word_1_521' title='bbox 1284 3527 1566 3584; x_wconf 91' lang='lat' dir='ltr'><strong>honorem</strong></span> <span class='ocrx_word' id='word_1_522' title='bbox 1607 3527 1706 3583; x_wconf 90' lang='lat' dir='ltr'><strong>Dei</strong></span> <span class='ocrx_word' id='word_1_523' title='bbox 1750 3525 1970 3584; x_wconf 86' lang='lat' dir='ltr'><strong>civitati</strong></span> <span class='ocrx_word' id='word_1_524' title='bbox 2077 3527 2494 3585; x_wconf 81' lang='lat' dir='ltr'><strong>allevarcnlur</strong></span> <span class='ocrx_word' id='word_1_525' title='bbox 2523 3524 2702 3594; x_wconf 83' lang='lat' dir='ltr'><strong>(Psal.</strong></span> <span class='ocrx_word' id='word_1_526' title='bbox 2731 3541 2902 3591; x_wconf 79' lang='lat' dir='ltr'><strong>Lxxu,</strong></span> <span class='ocrx_word' id='word_1_527' title='bbox 2926 3524 3036 3592; x_wconf 88' lang='grc'>18).</span> <span class='ocrx_word' id='word_1_528' title='bbox 3070 3524 3216 3579; x_wconf 88' lang='lat' dir='ltr'><strong>Cum</strong></span> <span class='ocrx_word' id='word_1_529' title='bbox 3250 3521 3536 3578; x_wconf 83' lang='lat' dir='ltr'><strong>allevatur</strong></span> <span class='ocrx_word' id='word_1_530' title='bbox 3569 3519 3735 3576; x_wconf 87' lang='lat' dir='ltr'><strong>enim</strong></span> 
     </span>
    </p>
   </div>
   <div class='ocr_carea' id='block_1_37' title="bbox 326 3609 3736 3690">
    <p class='ocr_par' dir='ltr' id='par_1_37' title="bbox 326 3609 3736 3690">
     <span class='ocr_line' id='line_1_37' title="bbox 326 3609 3736 3690; baseline -0.001 -23"><span class='ocrx_word' id='word_1_531' title='bbox 326 3612 698 3685; x_wconf 62' lang='lat' dir='ltr'><strong>praeﬁciatur.</strong></span> <span class='ocrx_word' id='word_1_532' title='bbox 733 3616 844 3672; x_wconf 90' lang='lat' dir='ltr'><strong>Sed</strong></span> <span class='ocrx_word' id='word_1_533' title='bbox 874 3620 932 3671; x_wconf 92' lang='lat' dir='ltr'><strong>et</strong></span> <span class='ocrx_word' id='word_1_534' title='bbox 959 3616 1008 3672; x_wconf 93' lang='lat' dir='ltr'><strong>si</strong></span> <span class='ocrx_word' id='word_1_535' title='bbox 1040 3634 1074 3672; x_wconf 90' lang='lat' dir='ltr'><strong>a</strong></span> <span class='ocrx_word' id='word_1_536' title='bbox 1103 3615 1334 3673; x_wconf 90' lang='lat' dir='ltr'><strong>servitio</strong></span> <span class='ocrx_word' id='word_1_537' title='bbox 1375 3616 1604 3690; x_wconf 90' lang='lat' dir='ltr'><strong>piorum</strong></span> <span class='ocrx_word' id='word_1_538' title='bbox 1636 3617 1969 3690; x_wconf 89' lang='lat' dir='ltr'><strong>principum</strong></span> <span class='ocrx_word' id='word_1_539' title='bbox 2078 3617 2371 3689; x_wconf 89' lang='lat' dir='ltr'><strong>dejicitur,</strong></span> <span class='ocrx_word' id='word_1_540' title='bbox 2397 3614 2498 3688; x_wconf 90' lang='lat' dir='ltr'><strong>qui</strong></span> <span class='ocrx_word' id='word_1_541' title='bbox 2529 3613 2852 3671; x_wconf 91' lang='lat' dir='ltr'><strong>honoribus</strong></span> <span class='ocrx_word' id='word_1_542' title='bbox 2881 3611 3113 3685; x_wconf 80' lang='lat' dir='ltr'><strong>proficit</strong></span> <span class='ocrx_word' id='word_1_543' title='bbox 3132 3617 3189 3668; x_wconf 91' lang='lat' dir='ltr'><strong>et</strong></span> <span class='ocrx_word' id='word_1_544' title='bbox 3217 3611 3482 3668; x_wconf 90' lang='lat' dir='ltr'><strong>moribus</strong></span> <span class='ocrx_word' id='word_1_545' title='bbox 3507 3609 3736 3666; x_wconf 80' lang='lat' dir='ltr'><strong>deﬁcit.</strong></span> 
     </span>
    </p>
   </div>
   <div class='ocr_carea' id='block_1_38' title="bbox 327 3697 3737 3778">
    <p class='ocr_par' dir='ltr' id='par_1_38' title="bbox 327 3697 3737 3778">
     <span class='ocr_line' id='line_1_38' title="bbox 327 3697 3737 3778; baseline -0.001 -22"><span class='ocrx_word' id='word_1_546' title='bbox 327 3706 663 3758; x_wconf 87' lang='lat' dir='ltr'><strong>nostrorum</strong></span> <span class='ocrx_word' id='word_1_547' title='bbox 693 3703 909 3777; x_wconf 91' lang='lat' dir='ltr'><strong>aliquis</strong></span> <span class='ocrx_word' id='word_1_548' title='bbox 937 3703 1282 3761; x_wconf 89' lang='lat' dir='ltr'><strong>clericorum</strong></span> <span class='ocrx_word' id='word_1_549' title='bbox 1312 3705 1554 3774; x_wconf 87' lang='lat' dir='ltr'><strong>venerit,</strong></span> <span class='ocrx_word' id='word_1_550' title='bbox 1587 3710 1653 3762; x_wconf 89' lang='lat' dir='ltr'><strong>ut</strong></span> <span class='ocrx_word' id='word_1_551' title='bbox 1679 3705 1852 3762; x_wconf 91' lang='lat' dir='ltr'><strong>alicui</strong></span> <span class='ocrx_word' id='word_1_552' title='bbox 1885 3704 1971 3762; x_wconf 92' lang='lat' dir='ltr'><strong>ci-</strong></span> <span class='ocrx_word' id='word_1_553' title='bbox 2080 3704 2160 3762; x_wconf 93' lang='lat' dir='ltr'><strong>De</strong></span> <span class='ocrx_word' id='word_1_554' title='bbox 2176 3705 2392 3778; x_wconf 89' lang='lat' dir='ltr'><strong>quibus</strong></span> <span class='ocrx_word' id='word_1_555' title='bbox 2415 3703 2697 3760; x_wconf 88' lang='lat' dir='ltr'><strong>Dominus</strong></span> <span class='ocrx_word' id='word_1_556' title='bbox 2719 3719 2822 3776; x_wconf 88' lang='lat' dir='ltr'><strong>per</strong></span> <span class='ocrx_word' id='word_1_557' title='bbox 2843 3702 3190 3776; x_wconf 89' lang='lat' dir='ltr'><strong>prophetam</strong></span> <span class='ocrx_word' id='word_1_558' title='bbox 3211 3700 3479 3774; x_wconf 86' lang='lat' dir='ltr'><strong>queritur</strong></span> <span class='ocrx_word' id='word_1_559' title='bbox 3495 3697 3737 3754; x_wconf 84' lang='lat' dir='ltr'><strong>dicens:</strong></span> 
     </span>
    </p>
   </div>
   <div class='ocr_carea' id='block_1_39' title="bbox 324 3789 3738 3869">
    <p class='ocr_par' dir='ltr' id='par_1_39' title="bbox 324 3789 3738 3869">
     <span class='ocr_line' id='line_1_39' title="bbox 324 3789 3738 3869; baseline -0.001 -23"><span class='ocrx_word' id='word_1_560' title='bbox 324 3789 486 3846; x_wconf 86' lang='lat' dir='ltr'><strong>vitati</strong></span> <span class='ocrx_word' id='word_1_561' title='bbox 523 3797 894 3864; x_wconf 81' lang='lat' dir='ltr'><strong>praeponatur</strong></span> <span class='ocrx_word' id='word_1_562' title='bbox 922 3795 1253 3866; x_wconf 90' lang='lat' dir='ltr'><strong>episcopus,</strong></span> <span class='ocrx_word' id='word_1_563' title='bbox 1289 3795 1498 3851; x_wconf 89' lang='lat' dir='ltr'><strong>timore</strong></span> <span class='ocrx_word' id='word_1_564' title='bbox 1536 3799 1696 3852; x_wconf 91' lang='lat' dir='ltr'><strong>casto</strong></span> <span class='ocrx_word' id='word_1_565' title='bbox 1726 3793 1972 3852; x_wconf 90' lang='lat' dir='ltr'><strong>sollicite</strong></span> <span class='ocrx_word' id='word_1_566' title='bbox 2067 3795 2192 3869; x_wconf 81' lang='lat' dir='ltr'><strong>‘Ipsi</strong></span> <span class='ocrx_word' id='word_1_567' title='bbox 2210 3799 2660 3866; x_wconf 83' lang='lat' dir='ltr'><strong>rcgnavcrunt,et</strong></span> <span class='ocrx_word' id='word_1_568' title='bbox 2685 3809 2796 3849; x_wconf 84' lang='lat' dir='ltr'><strong>non</strong></span> <span class='ocrx_word' id='word_1_569' title='bbox 2823 3808 2894 3848; x_wconf 70' lang='lat' dir='ltr'><strong>ea:</strong></span> <span class='ocrx_word' id='word_1_570' title='bbox 2921 3807 3008 3846; x_wconf 83' lang='lat' dir='ltr'><strong>mc</strong></span> <span class='ocrx_word' id='word_1_571' title='bbox 3033 3809 3052 3846; x_wconf 92' lang='lat'><strong><em>:</em></strong></span> <span class='ocrx_word' id='word_1_572' title='bbox 3080 3791 3357 3864; x_wconf 79' lang='lat' dir='ltr'><strong>principes</strong></span> <span class='ocrx_word' id='word_1_573' title='bbox 3384 3789 3738 3854; x_wconf 64' lang='lat' dir='ltr'><strong>mmmam,</strong></span> 
     </span>
    </p>
   </div>
   <div class='ocr_carea' id='block_1_40' title="bbox 325 3878 3744 3956">
    <p class='ocr_par' dir='ltr' id='par_1_40' title="bbox 325 3878 3744 3956">
     <span class='ocr_line' id='line_1_40' title="bbox 325 3878 3744 3956; baseline -0.001 -22"><span class='ocrx_word' id='word_1_574' title='bbox 325 3878 711 3948; x_wconf 86' lang='lat' dir='ltr'><strong>examinetur,</strong></span> <span class='ocrx_word' id='word_1_575' title='bbox 745 3881 1004 3953; x_wconf 91' lang='lat' dir='ltr'><strong>primum</strong></span> <span class='ocrx_word' id='word_1_576' title='bbox 1054 3885 1226 3954; x_wconf 89' lang='lat' dir='ltr'><strong>cujus</strong></span> <span class='ocrx_word' id='word_1_577' title='bbox 1270 3883 1402 3939; x_wconf 71' lang='lat' dir='ltr'><strong>vitae</strong></span> <span class='ocrx_word' id='word_1_578' title='bbox 1432 3884 1530 3950; x_wconf 90' lang='lat' dir='ltr'><strong>sit,</strong></span> <span class='ocrx_word' id='word_1_579' title='bbox 1561 3883 1771 3939; x_wconf 90' lang='lat' dir='ltr'><strong>deinde</strong></span> <span class='ocrx_word' id='word_1_580' title='bbox 1801 3884 1972 3954; x_wconf 88' lang='lat' dir='ltr'><strong>cujus</strong></span> <span class='ocrx_word' id='word_1_581' title='bbox 2078 3891 2265 3941; x_wconf 80' lang='lat' dir='ltr'><strong>etnon</strong></span> <span class='ocrx_word' id='word_1_582' title='bbox 2295 3883 2519 3956; x_wconf 84' lang='lat' dir='ltr'><strong>cognovi</strong></span> <span class='ocrx_word' id='word_1_583' title='bbox 2548 3881 2688 3955; x_wconf 81' lang='lat' dir='ltr'><strong>(Ose.</strong></span> <span class='ocrx_word' id='word_1_584' title='bbox 2720 3896 2842 3950; x_wconf 83' lang='lat' dir='ltr'><strong>vm,</strong></span> <span class='ocrx_word' id='word_1_585' title='bbox 2872 3882 2952 3952; x_wconf 79' lang='grc'><strong>4).</strong></span> <span class='ocrx_word' id='word_1_586' title='bbox 2984 3882 3031 3935; x_wconf 81' lang='grc' dir='ltr'><strong>Α</strong></span> <span class='ocrx_word' id='word_1_587' title='bbox 3062 3893 3126 3936; x_wconf 86' lang='lat' dir='ltr'><strong>se</strong></span> <span class='ocrx_word' id='word_1_588' title='bbox 3156 3893 3410 3950; x_wconf 88' lang='lat' dir='ltr'><strong>namque</strong></span> <span class='ocrx_word' id='word_1_589' title='bbox 3437 3881 3496 3934; x_wconf 88' lang='lat' dir='ltr'><strong>et</strong></span> <span class='ocrx_word' id='word_1_590' title='bbox 3525 3889 3646 3932; x_wconf 87' lang='lat' dir='ltr'><strong>non</strong></span> <span class='ocrx_word' id='word_1_591' title='bbox 3668 3889 3744 3932; x_wconf 79' lang='lat' dir='ltr'><strong>ex</strong></span> 
     </span>
    </p>
   </div>
   <div class='ocr_carea' id='block_1_41' title="bbox 329 3964 3742 4043">
    <p class='ocr_par' dir='ltr' id='par_1_41' title="bbox 329 3964 3742 4043">
     <span class='ocr_line' id='line_1_41' title="bbox 329 3964 3742 4043; baseline -0 -23"><span class='ocrx_word' id='word_1_592' title='bbox 329 3964 671 4034; x_wconf 70' lang='lat' dir='ltr'><strong>scicntiaz,ct</strong></span> <span class='ocrx_word' id='word_1_593' title='bbox 698 3967 894 4043; x_wconf 86' lang='lat' dir='ltr'><strong>vigore</strong></span> <span class='ocrx_word' id='word_1_594' title='bbox 924 3969 1316 4028; x_wconf 90' lang='lat' dir='ltr'><strong>ecclesiastico</strong></span> <span class='ocrx_word' id='word_1_595' title='bbox 1347 3972 1458 4028; x_wconf 90' lang='lat' dir='ltr'><strong>sub</strong></span> <span class='ocrx_word' id='word_1_596' title='bbox 1491 3971 1678 4028; x_wconf 91' lang='lat' dir='ltr'><strong>oculis</strong></span> <span class='ocrx_word' id='word_1_597' title='bbox 1706 3972 1972 4043; x_wconf 92' lang='lat' dir='ltr'><strong>omnipo-</strong></span> <span class='ocrx_word' id='word_1_598' title='bbox 2083 3971 2320 4030; x_wconf 86' lang='lat' dir='ltr'><strong>arbitrio</strong></span> <span class='ocrx_word' id='word_1_599' title='bbox 2351 3971 2569 4028; x_wconf 89' lang='lat' dir='ltr'><strong>summi</strong></span> <span class='ocrx_word' id='word_1_600' title='bbox 2601 3971 2844 4027; x_wconf 91' lang='lat' dir='ltr'><strong>rectoris</strong></span> <span class='ocrx_word' id='word_1_601' title='bbox 2875 3967 3250 4042; x_wconf 88' lang='lat' dir='ltr'><strong>regnant,qui</strong></span> <span class='ocrx_word' id='word_1_602' title='bbox 3273 3982 3381 4023; x_wconf 86' lang='lat' dir='ltr'><strong>sua</strong></span> <span class='ocrx_word' id='word_1_603' title='bbox 3409 3964 3742 4038; x_wconf 74' lang='lat' dir='ltr'><strong>cupiditate</strong></span> 
     </span>
    </p>
   </div>
   <div class='ocr_carea' id='block_1_42' title="bbox 327 4055 3741 4134">
    <p class='ocr_par' dir='ltr' id='par_1_42' title="bbox 327 4055 3741 4134">
     <span class='ocr_line' id='line_1_42' title="bbox 327 4055 3741 4134; baseline 0 -24"><span class='ocrx_word' id='word_1_604' title='bbox 327 4055 507 4111; x_wconf 78' lang='lat' dir='ltr'><strong>tentis</strong></span> <span class='ocrx_word' id='word_1_605' title='bbox 528 4056 630 4112; x_wconf 89' lang='lat' dir='ltr'><strong>Dei</strong></span> <span class='ocrx_word' id='word_1_606' title='bbox 655 4062 793 4130; x_wconf 87' lang='lat' dir='ltr'><strong>agat</strong></span> <span class='ocrx_word' id='word_1_607' title='bbox 813 4058 1322 4132; x_wconf 87' lang='lat' dir='ltr'><strong>metropolitanus,</strong></span> <span class='ocrx_word' id='word_1_608' title='bbox 1345 4059 1406 4115; x_wconf 90' lang='lat' dir='ltr'><strong>in</strong></span> <span class='ocrx_word' id='word_1_609' title='bbox 1425 4060 1536 4116; x_wconf 90' lang='lat' dir='ltr'><strong>hac</strong></span> <span class='ocrx_word' id='word_1_610' title='bbox 1558 4065 1720 4134; x_wconf 88' lang='lat' dir='ltr'><strong>parte</strong></span> <span class='ocrx_word' id='word_1_611' title='bbox 1749 4060 1974 4116; x_wconf 71' lang='lat' dir='ltr'><strong>caeteris</strong></span> <span class='ocrx_word' id='word_1_612' title='bbox 2081 4060 2573 4129; x_wconf 87' lang='lat' dir='ltr'><strong>accensi,culmen</strong></span> <span class='ocrx_word' id='word_1_613' title='bbox 2590 4058 2895 4133; x_wconf 86' lang='lat' dir='ltr'><strong>regiminis</strong></span> <span class='ocrx_word' id='word_1_614' title='bbox 2911 4058 3149 4131; x_wconf 88' lang='lat' dir='ltr'><strong>rapiunt</strong></span> <span class='ocrx_word' id='word_1_615' title='bbox 3165 4057 3359 4130; x_wconf 88' lang='lat' dir='ltr'><strong>potius</strong></span> <span class='ocrx_word' id='word_1_616' title='bbox 3371 4069 3549 4128; x_wconf 87' lang='lat' dir='ltr'><strong>quam</strong></span> <span class='ocrx_word' id='word_1_617' title='bbox 3572 4069 3741 4110; x_wconf 84' lang='lat' dir='ltr'><strong>asse-</strong></span> 
     </span>
    </p>
   </div>
   <div class='ocr_carea' id='block_1_43' title="bbox 327 4141 3744 4224">
    <p class='ocr_par' dir='ltr' id='par_1_43' title="bbox 327 4141 3744 4224">
     <span class='ocr_line' id='line_1_43' title="bbox 327 4141 3744 4224; baseline -0 -26"><span class='ocrx_word' id='word_1_618' title='bbox 327 4141 617 4218; x_wconf 90' lang='lat' dir='ltr'><strong>cpiscopis</strong></span> <span class='ocrx_word' id='word_1_619' title='bbox 638 4145 792 4202; x_wconf 88' lang='lat' dir='ltr'><strong>sicut</strong></span> <span class='ocrx_word' id='word_1_620' title='bbox 813 4147 912 4202; x_wconf 93' lang='lat' dir='ltr'><strong>Dei</strong></span> <span class='ocrx_word' id='word_1_621' title='bbox 937 4146 1227 4204; x_wconf 90' lang='lat' dir='ltr'><strong>ministris</strong></span> <span class='ocrx_word' id='word_1_622' title='bbox 1249 4149 1607 4221; x_wconf 87' lang='lat' dir='ltr'><strong>adjutorium</strong></span> <span class='ocrx_word' id='word_1_623' title='bbox 1631 4149 1970 4220; x_wconf 84' lang='lat' dir='ltr'><strong>ferentibus,</strong></span> <span class='ocrx_word' id='word_1_624' title='bbox 2083 4155 2347 4224; x_wconf 90' lang='lat' dir='ltr'><strong>quuntur</strong></span> <span class='ocrx_word' id='word_1_625' title='bbox 2369 4168 2384 4206; x_wconf 89' lang='lat'><strong>:</strong></span> <span class='ocrx_word' id='word_1_626' title='bbox 2410 4165 2558 4222; x_wconf 90' lang='lat' dir='ltr'><strong>quos</strong></span> <span class='ocrx_word' id='word_1_627' title='bbox 2585 4154 2785 4204; x_wconf 91' lang='lat' dir='ltr'><strong>tamen</strong></span> <span class='ocrx_word' id='word_1_628' title='bbox 2814 4147 3086 4204; x_wconf 89' lang='lat' dir='ltr'><strong>internus</strong></span> <span class='ocrx_word' id='word_1_629' title='bbox 3108 4147 3292 4218; x_wconf 78' lang='lat' dir='ltr'><strong>judex</strong></span> <span class='ocrx_word' id='word_1_630' title='bbox 3313 4149 3379 4202; x_wconf 85' lang='lat' dir='ltr'><strong>et</strong></span> <span class='ocrx_word' id='word_1_631' title='bbox 3397 4142 3744 4217; x_wconf 82' lang='lat' dir='ltr'><strong>provehitet</strong></span> 
     </span>
    </p>
   </div>
   <div class='ocr_carea' id='block_1_44' title="bbox 327 4233 3746 4313">
    <p class='ocr_par' dir='ltr' id='par_1_44' title="bbox 327 4233 3746 4313">
     <span class='ocr_line' id='line_1_44' title="bbox 327 4233 3746 4313; baseline -0 -25"><span class='ocrx_word' id='word_1_632' title='bbox 327 4249 400 4288; x_wconf 91' lang='lat' dir='ltr'><strong>ne</strong></span> <span class='ocrx_word' id='word_1_633' title='bbox 430 4233 734 4290; x_wconf 59' lang='lat' dir='ltr'><strong>maculata;</strong></span> <span class='ocrx_word' id='word_1_634' title='bbox 771 4235 922 4304; x_wconf 68' lang='lat' dir='ltr'><strong>vitae,</strong></span> <span class='ocrx_word' id='word_1_635' title='bbox 957 4241 1015 4292; x_wconf 91' lang='lat' dir='ltr'><strong>et</strong></span> <span class='ocrx_word' id='word_1_636' title='bbox 1070 4254 1286 4310; x_wconf 89' lang='lat' dir='ltr'><strong>pompa</strong></span> <span class='ocrx_word' id='word_1_637' title='bbox 1341 4237 1538 4294; x_wconf 68' lang='lat' dir='ltr'><strong>saeculi</strong></span> <span class='ocrx_word' id='word_1_638' title='bbox 1593 4239 1888 4313; x_wconf 87' lang='lat' dir='ltr'><strong>turgidus,</strong></span> <span class='ocrx_word' id='word_1_639' title='bbox 1919 4243 1978 4295; x_wconf 85' lang='lat' dir='ltr'><strong>et</strong></span> <span class='ocrx_word' id='word_1_640' title='bbox 2083 4257 2199 4296; x_wconf 91' lang='lat' dir='ltr'><strong>non</strong></span> <span class='ocrx_word' id='word_1_641' title='bbox 2231 4238 2550 4313; x_wconf 91' lang='lat' dir='ltr'><strong>cognoscit,</strong></span> <span class='ocrx_word' id='word_1_642' title='bbox 2586 4236 2724 4310; x_wconf 89' lang='lat' dir='ltr'><strong>quia</strong></span> <span class='ocrx_word' id='word_1_643' title='bbox 2754 4253 2902 4309; x_wconf 90' lang='lat' dir='ltr'><strong>quos</strong></span> <span class='ocrx_word' id='word_1_644' title='bbox 2925 4235 3316 4310; x_wconf 89' lang='lat' dir='ltr'><strong>permittendo</strong></span> <span class='ocrx_word' id='word_1_645' title='bbox 3345 4233 3573 4298; x_wconf 84' lang='lat' dir='ltr'><strong>tolerat,</strong></span> <span class='ocrx_word' id='word_1_646' title='bbox 3605 4247 3746 4304; x_wconf 84' lang='lat' dir='ltr'><strong>pro-</strong></span> 
     </span>
    </p>
   </div>
   <div class='ocr_carea' id='block_1_45' title="bbox 328 4321 3742 4400">
    <p class='ocr_par' dir='ltr' id='par_1_45' title="bbox 328 4321 3742 4400">
     <span class='ocr_line' id='line_1_45' title="bbox 328 4321 3742 4400; baseline -0 -22"><span class='ocrx_word' id='word_1_647' title='bbox 328 4321 664 4380; x_wconf 89' lang='lat' dir='ltr'><strong>Simoniaca</strong></span> <span class='ocrx_word' id='word_1_648' title='bbox 720 4323 928 4382; x_wconf 65' lang='lat' dir='ltr'><strong>haeresi</strong></span> <span class='ocrx_word' id='word_1_649' title='bbox 981 4324 1262 4398; x_wconf 90' lang='lat' dir='ltr'><strong>pollutus,</strong></span> <span class='ocrx_word' id='word_1_650' title='bbox 1297 4325 1622 4384; x_wconf 90' lang='lat' dir='ltr'><strong>humilibus</strong></span> <span class='ocrx_word' id='word_1_651' title='bbox 1652 4333 1709 4383; x_wconf 93' lang='lat' dir='ltr'><strong>et</strong></span> <span class='ocrx_word' id='word_1_652' title='bbox 1739 4327 1976 4384; x_wconf 89' lang='lat' dir='ltr'><strong>mundis</strong></span> <span class='ocrx_word' id='word_1_653' title='bbox 2084 4330 2232 4386; x_wconf 86' lang='lat' dir='ltr'><strong>fecto</strong></span> <span class='ocrx_word' id='word_1_654' title='bbox 2263 4345 2367 4400; x_wconf 91' lang='lat' dir='ltr'><strong>per</strong></span> <span class='ocrx_word' id='word_1_655' title='bbox 2386 4327 2684 4400; x_wconf 87' lang='lat' dir='ltr'><strong>judicium</strong></span> <span class='ocrx_word' id='word_1_656' title='bbox 2726 4325 3150 4400; x_wconf 89' lang='lat' dir='ltr'><strong>reprobationis</strong></span> <span class='ocrx_word' id='word_1_657' title='bbox 3176 4325 3430 4398; x_wconf 86' lang='lat' dir='ltr'><strong>ignorat,</strong></span> <span class='ocrx_word' id='word_1_658' title='bbox 3461 4326 3520 4378; x_wconf 88' lang='lat' dir='ltr'><strong>et</strong></span> <span class='ocrx_word' id='word_1_659' title='bbox 3549 4321 3610 4377; x_wconf 88' lang='lat' dir='ltr'><strong>in</strong></span> <span class='ocrx_word' id='word_1_660' title='bbox 3647 4325 3742 4378; x_wconf 86' lang='lat' dir='ltr'><strong>ta-</strong></span> 
     </span>
    </p>
   </div>
   <div class='ocr_carea' id='block_1_46' title="bbox 329 4410 3748 4490">
    <p class='ocr_par' dir='ltr' id='par_1_46' title="bbox 329 4410 3748 4490">
     <span class='ocr_line' id='line_1_46' title="bbox 329 4410 3748 4490; baseline 0 -24"><span class='ocrx_word' id='word_1_661' title='bbox 329 4412 1238 4488; x_wconf 84' lang='lat' dir='ltr'><strong>membrisChristiEcclesiaeque</strong></span> <span class='ocrx_word' id='word_1_662' title='bbox 1258 4419 1625 4488; x_wconf 87' lang='lat' dir='ltr'><strong>supponatur</strong></span> <span class='ocrx_word' id='word_1_663' title='bbox 1643 4415 1972 4490; x_wconf 87' lang='lat' dir='ltr'><strong>episcopus.</strong></span> <span class='ocrx_word' id='word_1_664' title='bbox 2067 4418 2230 4475; x_wconf 83' lang='lat' dir='ltr'><strong>’lium</strong></span> <span class='ocrx_word' id='word_1_665' title='bbox 2288 4415 2656 4490; x_wconf 89' lang='lat' dir='ltr'><strong>provectione</strong></span> <span class='ocrx_word' id='word_1_666' title='bbox 2712 4433 2830 4472; x_wconf 90' lang='lat' dir='ltr'><strong>non</strong></span> <span class='ocrx_word' id='word_1_667' title='bbox 2889 4420 2998 4482; x_wconf 88' lang='lat' dir='ltr'><strong>est,</strong></span> <span class='ocrx_word' id='word_1_668' title='bbox 3031 4419 3096 4471; x_wconf 92' lang='lat' dir='ltr'><strong>ut</strong></span> <span class='ocrx_word' id='word_1_669' title='bbox 3145 4415 3256 4470; x_wconf 89' lang='lat' dir='ltr'><strong>Leo</strong></span> <span class='ocrx_word' id='word_1_670' title='bbox 3301 4413 3466 4481; x_wconf 87' lang='lat' dir='ltr'><strong>dicit,</strong></span> <span class='ocrx_word' id='word_1_671' title='bbox 3496 4410 3748 4484; x_wconf 81' lang='lat' dir='ltr'><strong>populis</strong></span> 
     </span>
    </p>
   </div>
   <div class='ocr_carea' id='block_1_47' title="bbox 327 4498 3746 4577">
    <p class='ocr_par' dir='ltr' id='par_1_47' title="bbox 327 4498 3746 4577">
     <span class='ocr_line' id='line_1_47' title="bbox 327 4498 3746 4577; baseline 0.001 -24"><span class='ocrx_word' id='word_1_672' title='bbox 327 4498 444 4554; x_wconf 90' lang='lat' dir='ltr'><strong>Nec</strong></span> <span class='ocrx_word' id='word_1_673' title='bbox 466 4507 783 4570; x_wconf 67' lang='lat' dir='ltr'><strong>praesumat</strong></span> <span class='ocrx_word' id='word_1_674' title='bbox 804 4502 1192 4573; x_wconf 90' lang='lat' dir='ltr'><strong>illitteratum,</strong></span> <span class='ocrx_word' id='word_1_675' title='bbox 1225 4509 1282 4560; x_wconf 90' lang='lat' dir='ltr'><strong>et</strong></span> <span class='ocrx_word' id='word_1_676' title='bbox 1302 4504 1617 4577; x_wconf 87' lang='lat' dir='ltr'><strong>cupiditate</strong></span> <span class='ocrx_word' id='word_1_677' title='bbox 1647 4505 1849 4562; x_wconf 88' lang='lat' dir='ltr'><strong>illicita</strong></span> <span class='ocrx_word' id='word_1_678' title='bbox 1869 4523 1976 4560; x_wconf 72' lang='lat' dir='ltr'><strong>cae-</strong></span> <span class='ocrx_word' id='word_1_679' title='bbox 2086 4505 2390 4564; x_wconf 90' lang='lat' dir='ltr'><strong>consulere</strong></span> <span class='ocrx_word' id='word_1_680' title='bbox 2419 4505 2520 4562; x_wconf 83' lang='lat' dir='ltr'><strong>scrl</strong></span> <span class='ocrx_word' id='word_1_681' title='bbox 2551 4521 2784 4572; x_wconf 88' lang='lat' dir='ltr'><strong>nocere,</strong></span> <span class='ocrx_word' id='word_1_682' title='bbox 2813 4520 2919 4560; x_wconf 90' lang='lat' dir='ltr'><strong>nec</strong></span> <span class='ocrx_word' id='word_1_683' title='bbox 2977 4508 3252 4576; x_wconf 63' lang='lat' dir='ltr'><strong>praestare</strong></span> <span class='ocrx_word' id='word_1_684' title='bbox 3310 4501 3569 4575; x_wconf 86' lang='lat' dir='ltr'><strong>regimen</strong></span> <span class='ocrx_word' id='word_1_685' title='bbox 3631 4500 3746 4556; x_wconf 84' lang='lat' dir='ltr'><strong>sed</strong></span> 
     </span>
    </p>
   </div>
   <div class='ocr_carea' id='block_1_48' title="bbox 331 4590 3752 4674">
    <p class='ocr_par' dir='ltr' id='par_1_48' title="bbox 331 4590 3752 4674">
     <span class='ocr_line' id='line_1_48' title="bbox 331 4590 3752 4674; baseline 0.001 -34"><span class='ocrx_word' id='word_1_686' title='bbox 331 4591 549 4656; x_wconf 89' lang='lat' dir='ltr'><strong>catum,</strong></span> <span class='ocrx_word' id='word_1_687' title='bbox 584 4591 922 4648; x_wconf 86' lang='lat' dir='ltr'><strong>redditurus</strong></span> <span class='ocrx_word' id='word_1_688' title='bbox 969 4592 1104 4649; x_wconf 87' lang='lat' dir='ltr'><strong>facti</strong></span> <span class='ocrx_word' id='word_1_689' title='bbox 1149 4593 1239 4649; x_wconf 89' lang='lat' dir='ltr'><strong>sui</strong></span> <span class='ocrx_word' id='word_1_690' title='bbox 1272 4594 1389 4650; x_wconf 89' lang='lat' dir='ltr'><strong>Deo</strong></span> <span class='ocrx_word' id='word_1_691' title='bbox 1419 4593 1727 4664; x_wconf 89' lang='lat' dir='ltr'><strong>rationem,</strong></span> <span class='ocrx_word' id='word_1_692' title='bbox 1763 4595 1978 4668; x_wconf 87' lang='lat' dir='ltr'><strong>pepulo</strong></span> <span class='ocrx_word' id='word_1_693' title='bbox 2008 4608 2054 4674; x_wconf 77' lang='grc' dir='ltr'><strong>ι)</strong></span> <span class='ocrx_word' id='word_1_694' title='bbox 2087 4613 2300 4671; x_wconf 86' lang='lat' dir='ltr'><strong>augere</strong></span> <span class='ocrx_word' id='word_1_695' title='bbox 2329 4594 2666 4652; x_wconf 88' lang='lat' dir='ltr'><strong>discrimen.</strong></span> <span class='ocrx_word' id='word_1_696' title='bbox 2699 4595 3045 4651; x_wconf 82' lang='lat' dir='ltr'><strong>Revertatur</strong></span> <span class='ocrx_word' id='word_1_697' title='bbox 3089 4592 3270 4666; x_wconf 89' lang='lat' dir='ltr'><strong>igitur</strong></span> <span class='ocrx_word' id='word_1_698' title='bbox 3297 4590 3394 4646; x_wconf 89' lang='lat' dir='ltr'><strong>hic</strong></span> <span class='ocrx_word' id='word_1_699' title='bbox 3423 4591 3752 4662; x_wconf 86' lang='lat' dir='ltr'><strong>derogator</strong></span> 
     </span>
    </p>
   </div>
   <div class='ocr_carea' id='block_1_49' title="bbox 331 4675 3752 4757">
    <p class='ocr_par' dir='ltr' id='par_1_49' title="bbox 331 4675 3752 4757">
     <span class='ocr_line' id='line_1_49' title="bbox 331 4675 3752 4757; baseline 0.002 -27"><span class='ocrx_word' id='word_1_700' title='bbox 331 4675 641 4747; x_wconf 67' lang='lat' dir='ltr'><strong>praeficere.</strong></span> <span class='ocrx_word' id='word_1_701' title='bbox 675 4678 734 4734; x_wconf 93' lang='lat' dir='ltr'><strong>Si</strong></span> <span class='ocrx_word' id='word_1_702' title='bbox 760 4695 892 4735; x_wconf 89' lang='lat' dir='ltr'><strong>vero</strong></span> <span class='ocrx_word' id='word_1_703' title='bbox 925 4682 1320 4738; x_wconf 90' lang='lat' dir='ltr'><strong>necessarium</strong></span> <span class='ocrx_word' id='word_1_704' title='bbox 1349 4681 1538 4740; x_wconf 90' lang='lat' dir='ltr'><strong>isdem</strong></span> <span class='ocrx_word' id='word_1_705' title='bbox 1587 4683 1976 4757; x_wconf 90' lang='lat' dir='ltr'><strong>metropolita-</strong></span> <span class='ocrx_word' id='word_1_706' title='bbox 2085 4691 2285 4743; x_wconf 89' lang='lat' dir='ltr'><strong>noster</strong></span> <span class='ocrx_word' id='word_1_707' title='bbox 2330 4685 2399 4742; x_wconf 91' lang='lat' dir='ltr'><strong>ad</strong></span> <span class='ocrx_word' id='word_1_708' title='bbox 2461 4700 2631 4740; x_wconf 88' lang='lat' dir='ltr'><strong>suam</strong></span> <span class='ocrx_word' id='word_1_709' title='bbox 2689 4683 3128 4751; x_wconf 87' lang='lat' dir='ltr'><strong>conscientiam,</strong></span> <span class='ocrx_word' id='word_1_710' title='bbox 3158 4681 3260 4754; x_wconf 86' lang='lat' dir='ltr'><strong>qui</strong></span> <span class='ocrx_word' id='word_1_711' title='bbox 3300 4684 3506 4737; x_wconf 89' lang='lat' dir='ltr'><strong>contra</strong></span> <span class='ocrx_word' id='word_1_712' title='bbox 3535 4695 3752 4736; x_wconf 78' lang='lat' dir='ltr'><strong>sacras</strong></span> 
     </span>
    </p>
   </div>
   <div class='ocr_carea' id='block_1_50' title="bbox 331 4765 3753 4848">
    <p class='ocr_par' dir='ltr' id='par_1_50' title="bbox 331 4765 3753 4848">
     <span class='ocr_line' id='line_1_50' title="bbox 331 4765 3753 4848; baseline 0.001 -29"><span class='ocrx_word' id='word_1_713' title='bbox 331 4781 444 4820; x_wconf 92' lang='lat' dir='ltr'><strong>nus</strong></span> <span class='ocrx_word' id='word_1_714' title='bbox 475 4765 700 4835; x_wconf 89' lang='lat' dir='ltr'><strong>viderit,</strong></span> <span class='ocrx_word' id='word_1_715' title='bbox 735 4785 807 4824; x_wconf 90' lang='lat' dir='ltr'><strong>ne</strong></span> <span class='ocrx_word' id='word_1_716' title='bbox 837 4772 1067 4826; x_wconf 87' lang='lat' dir='ltr'><strong>tantum</strong></span> <span class='ocrx_word' id='word_1_717' title='bbox 1125 4771 1348 4827; x_wconf 91' lang='lat' dir='ltr'><strong>malum</strong></span> <span class='ocrx_word' id='word_1_718' title='bbox 1407 4777 1648 4848; x_wconf 89' lang='lat' dir='ltr'><strong>cogatur</strong></span> <span class='ocrx_word' id='word_1_719' title='bbox 1691 4789 1881 4846; x_wconf 86' lang='lat' dir='ltr'><strong>agere,</strong></span> <span class='ocrx_word' id='word_1_720' title='bbox 1916 4779 1981 4830; x_wconf 89' lang='lat' dir='ltr'><strong>ut</strong></span> <span class='ocrx_word' id='word_1_721' title='bbox 2088 4773 2322 4848; x_wconf 87' lang='lat' dir='ltr'><strong>regulas</strong></span> <span class='ocrx_word' id='word_1_722' title='bbox 2343 4773 2417 4830; x_wconf 86' lang='lat' dir='ltr'><strong>ab</strong></span> <span class='ocrx_word' id='word_1_723' title='bbox 2437 4771 2698 4829; x_wconf 88' lang='lat' dir='ltr'><strong>Ecclesia</strong></span> <span class='ocrx_word' id='word_1_724' title='bbox 2714 4771 2776 4827; x_wconf 90' lang='lat' dir='ltr'><strong>in</strong></span> <span class='ocrx_word' id='word_1_725' title='bbox 2820 4789 2936 4844; x_wconf 91' lang='lat' dir='ltr'><strong>qua</strong></span> <span class='ocrx_word' id='word_1_726' title='bbox 2967 4771 3077 4826; x_wconf 88' lang='lat' dir='ltr'><strong>fuit</strong></span> <span class='ocrx_word' id='word_1_727' title='bbox 3104 4773 3312 4826; x_wconf 88' lang='lat' dir='ltr'><strong>tonsus</strong></span> <span class='ocrx_word' id='word_1_728' title='bbox 3341 4773 3399 4826; x_wconf 89' lang='lat' dir='ltr'><strong>et</strong></span> <span class='ocrx_word' id='word_1_729' title='bbox 3427 4767 3753 4824; x_wconf 83' lang='lat' dir='ltr'><strong>ordinatus</strong></span> 
     </span>
    </p>
   </div>
   <div class='ocr_carea' id='block_1_51' title="bbox 329 4851 3758 4934">
    <p class='ocr_par' dir='ltr' id='par_1_51' title="bbox 329 4851 3758 4934">
     <span class='ocr_line' id='line_1_51' title="bbox 329 4851 3758 4934; baseline 0.001 -26"><span class='ocrx_word' id='word_1_730' title='bbox 329 4851 588 4910; x_wconf 76' lang='lat' dir='ltr'><strong>indebita</strong></span> <span class='ocrx_word' id='word_1_731' title='bbox 618 4854 898 4913; x_wconf 87' lang='lat' dir='ltr'><strong>honorem</strong></span> <span class='ocrx_word' id='word_1_732' title='bbox 932 4859 1102 4915; x_wconf 92' lang='lat' dir='ltr'><strong>bonis</strong></span> <span class='ocrx_word' id='word_1_733' title='bbox 1149 4863 1379 4915; x_wconf 87' lang='lat' dir='ltr'><strong>tantum</strong></span> <span class='ocrx_word' id='word_1_734' title='bbox 1438 4861 1702 4917; x_wconf 90' lang='lat' dir='ltr'><strong>debitum</strong></span> <span class='ocrx_word' id='word_1_735' title='bbox 1761 4863 1977 4928; x_wconf 90' lang='lat' dir='ltr'><strong>tradat,</strong></span> <span class='ocrx_word' id='word_1_736' title='bbox 2087 4864 2417 4932; x_wconf 91' lang='lat' dir='ltr'><strong>discedens,</strong></span> <span class='ocrx_word' id='word_1_737' title='bbox 2468 4863 2540 4918; x_wconf 91' lang='lat' dir='ltr'><strong>ad</strong></span> <span class='ocrx_word' id='word_1_738' title='bbox 2573 4861 2720 4918; x_wconf 88' lang='lat' dir='ltr'><strong>alias</strong></span> <span class='ocrx_word' id='word_1_739' title='bbox 2749 4860 3076 4934; x_wconf 89' lang='lat' dir='ltr'><strong>provincias</strong></span> <span class='ocrx_word' id='word_1_740' title='bbox 3105 4859 3451 4928; x_wconf 89' lang='lat' dir='ltr'><strong>convolavit,</strong></span> <span class='ocrx_word' id='word_1_741' title='bbox 3480 4862 3538 4914; x_wconf 87' lang='lat' dir='ltr'><strong>et</strong></span> <span class='ocrx_word' id='word_1_742' title='bbox 3565 4873 3758 4913; x_wconf 84' lang='lat' dir='ltr'><strong>cano-</strong></span> 
     </span>
    </p>
   </div>
   <div class='ocr_carea' id='block_1_52' title="bbox 331 4939 3756 5023">
    <p class='ocr_par' dir='ltr' id='par_1_52' title="bbox 331 4939 3756 5023">
     <span class='ocr_line' id='line_1_52' title="bbox 331 4939 3756 5023; baseline 0.001 -26"><span class='ocrx_word' id='word_1_743' title='bbox 331 4939 587 4998; x_wconf 89' lang='lat' dir='ltr'><strong>instruat</strong></span> <span class='ocrx_word' id='word_1_744' title='bbox 607 4945 912 5017; x_wconf 89' lang='lat' dir='ltr'><strong>populum,</strong></span> <span class='ocrx_word' id='word_1_745' title='bbox 936 4947 1210 5004; x_wconf 79' lang='lat' dir='ltr'><strong>informet</strong></span> <span class='ocrx_word' id='word_1_746' title='bbox 1229 4948 1567 5017; x_wconf 78' lang='lat' dir='ltr'><strong>Ecclesium,</strong></span> <span class='ocrx_word' id='word_1_747' title='bbox 1595 4950 1790 5023; x_wconf 90' lang='lat' dir='ltr'><strong>potius</strong></span> <span class='ocrx_word' id='word_1_748' title='bbox 1820 4950 1978 5006; x_wconf 90' lang='lat' dir='ltr'><strong>adire</strong></span> <span class='ocrx_word' id='word_1_749' title='bbox 2085 4953 2218 5010; x_wconf 90' lang='lat' dir='ltr'><strong>nica</strong></span> <span class='ocrx_word' id='word_1_750' title='bbox 2237 4950 2837 5009; x_wconf 86' lang='lat' dir='ltr'><strong>excommunicatione</strong></span> <span class='ocrx_word' id='word_1_751' title='bbox 2855 4950 3182 5016; x_wconf 83' lang='lat' dir='ltr'><strong>devinctus,</strong></span> <span class='ocrx_word' id='word_1_752' title='bbox 3203 4947 3343 5022; x_wconf 88' lang='lat' dir='ltr'><strong>quia</strong></span> <span class='ocrx_word' id='word_1_753' title='bbox 3368 4947 3608 5004; x_wconf 89' lang='lat' dir='ltr'><strong>verbum</strong></span> <span class='ocrx_word' id='word_1_754' title='bbox 3639 4951 3756 5002; x_wconf 85' lang='lat' dir='ltr'><strong>Do-</strong></span> 
     </span>
    </p>
   </div>
   <div class='ocr_carea' id='block_1_53' title="bbox 331 5031 3756 5113">
    <p class='ocr_par' dir='ltr' id='par_1_53' title="bbox 331 5031 3756 5113">
     <span class='ocr_line' id='line_1_53' title="bbox 331 5031 3756 5113; baseline 0.001 -25"><span class='ocrx_word' id='word_1_755' title='bbox 331 5031 704 5088; x_wconf 88' lang='lat' dir='ltr'><strong>clementiam</strong></span> <span class='ocrx_word' id='word_1_756' title='bbox 735 5051 960 5109; x_wconf 90' lang='lat' dir='ltr'><strong>regum,</strong></span> <span class='ocrx_word' id='word_1_757' title='bbox 991 5040 1049 5092; x_wconf 91' lang='lat' dir='ltr'><strong>et</strong></span> <span class='ocrx_word' id='word_1_758' title='bbox 1076 5035 1202 5108; x_wconf 83' lang='lat' dir='ltr'><strong>ipse</strong></span> <span class='ocrx_word' id='word_1_759' title='bbox 1249 5055 1385 5093; x_wconf 92' lang='lat' dir='ltr'><strong>cum</strong></span> <span class='ocrx_word' id='word_1_760' title='bbox 1445 5037 1806 5112; x_wconf 83' lang='lat' dir='ltr'><strong>coepiscOpis</strong></span> <span class='ocrx_word' id='word_1_761' title='bbox 1855 5039 1980 5094; x_wconf 88' lang='lat' dir='ltr'><strong>suis</strong></span> <span class='ocrx_word' id='word_1_762' title='bbox 2087 5041 2234 5098; x_wconf 89' lang='lat' dir='ltr'><strong>mini</strong></span> <span class='ocrx_word' id='word_1_763' title='bbox 2256 5058 2370 5096; x_wconf 91' lang='lat' dir='ltr'><strong>non</strong></span> <span class='ocrx_word' id='word_1_764' title='bbox 2395 5044 2485 5096; x_wconf 89' lang='lat' dir='ltr'><strong>est</strong></span> <span class='ocrx_word' id='word_1_765' title='bbox 2521 5039 2848 5113; x_wconf 89' lang='lat' dir='ltr'><strong>alligatum,</strong></span> <span class='ocrx_word' id='word_1_766' title='bbox 2883 5037 3282 5112; x_wconf 87' lang='lat' dir='ltr'><strong>irregulariter</strong></span> <span class='ocrx_word' id='word_1_767' title='bbox 3311 5034 3615 5108; x_wconf 86' lang='lat' dir='ltr'><strong>usurpavit</strong></span> <span class='ocrx_word' id='word_1_768' title='bbox 3650 5053 3756 5092; x_wconf 85' lang='lat' dir='ltr'><strong>re-</strong></span> 
     </span>
    </p>
   </div>
   <div class='ocr_carea' id='block_1_54' title="bbox 331 5121 3754 5204">
    <p class='ocr_par' dir='ltr' id='par_1_54' title="bbox 331 5121 3754 5204">
     <span class='ocr_line' id='line_1_54' title="bbox 331 5121 3754 5204; baseline 0.001 -27"><span class='ocrx_word' id='word_1_769' title='bbox 331 5121 550 5193; x_wconf 91' lang='lat' dir='ltr'><strong>quibus</strong></span> <span class='ocrx_word' id='word_1_770' title='bbox 579 5121 826 5179; x_wconf 86' lang='lat' dir='ltr'><strong>valuerit</strong></span> <span class='ocrx_word' id='word_1_771' title='bbox 856 5124 1048 5182; x_wconf 90' lang='lat' dir='ltr'><strong>modis</strong></span> <span class='ocrx_word' id='word_1_772' title='bbox 1077 5127 1266 5194; x_wconf 88' lang='lat' dir='ltr'><strong>adeat,</strong></span> <span class='ocrx_word' id='word_1_773' title='bbox 1285 5131 1351 5183; x_wconf 91' lang='lat' dir='ltr'><strong>ut</strong></span> <span class='ocrx_word' id='word_1_774' title='bbox 1381 5127 1700 5184; x_wconf 75' lang='lat' dir='ltr'><strong>Ecclesium</strong></span> <span class='ocrx_word' id='word_1_775' title='bbox 1731 5128 1829 5184; x_wconf 94' lang='lat' dir='ltr'><strong>Dei</strong></span> <span class='ocrx_word' id='word_1_776' title='bbox 1862 5127 1980 5201; x_wconf 89' lang='lat' dir='ltr'><strong>glo-</strong></span> <span class='ocrx_word' id='word_1_777' title='bbox 2087 5131 2307 5204; x_wconf 88' lang='lat' dir='ltr'><strong>gimcn,</strong></span> <span class='ocrx_word' id='word_1_778' title='bbox 2330 5133 2387 5186; x_wconf 92' lang='lat' dir='ltr'><strong>et</strong></span> <span class='ocrx_word' id='word_1_779' title='bbox 2407 5128 2519 5186; x_wconf 89' lang='lat' dir='ltr'><strong>sibi</strong></span> <span class='ocrx_word' id='word_1_780' title='bbox 2541 5146 2608 5184; x_wconf 89' lang='lat' dir='ltr'><strong>ac</strong></span> <span class='ocrx_word' id='word_1_781' title='bbox 2630 5127 3066 5184; x_wconf 90' lang='lat' dir='ltr'><strong>ordinatoribus</strong></span> <span class='ocrx_word' id='word_1_782' title='bbox 3089 5125 3236 5192; x_wconf 91' lang='lat' dir='ltr'><strong>suis,</strong></span> <span class='ocrx_word' id='word_1_783' title='bbox 3260 5142 3486 5182; x_wconf 84' lang='lat' dir='ltr'><strong>necnon</strong></span> <span class='ocrx_word' id='word_1_784' title='bbox 3503 5128 3566 5180; x_wconf 89' lang='lat' dir='ltr'><strong>et</strong></span> <span class='ocrx_word' id='word_1_785' title='bbox 3593 5125 3754 5180; x_wconf 86' lang='lat' dir='ltr'><strong>sub-</strong></span> 
     </span>
    </p>
   </div>
   <div class='ocr_carea' id='block_1_55' title="bbox 330 5211 3754 5289">
    <p class='ocr_par' dir='ltr' id='par_1_55' title="bbox 330 5211 3754 5289">
     <span class='ocr_line' id='line_1_55' title="bbox 330 5211 3754 5289; baseline 0.001 -23"><span class='ocrx_word' id='word_1_786' title='bbox 330 5211 470 5268; x_wconf 90' lang='lat' dir='ltr'><strong>riosi</strong></span> <span class='ocrx_word' id='word_1_787' title='bbox 504 5229 670 5285; x_wconf 87' lang='lat' dir='ltr'><strong>reges</strong></span> <span class='ocrx_word' id='word_1_788' title='bbox 694 5213 870 5287; x_wconf 88' lang='lat' dir='ltr'><strong>digno</strong></span> <span class='ocrx_word' id='word_1_789' title='bbox 899 5214 1186 5272; x_wconf 90' lang='lat' dir='ltr'><strong>honorent</strong></span> <span class='ocrx_word' id='word_1_790' title='bbox 1215 5216 1506 5273; x_wconf 90' lang='lat' dir='ltr'><strong>ministro.</strong></span> <span class='ocrx_word' id='word_1_791' title='bbox 1530 5217 1588 5274; x_wconf 89' lang='lat' dir='ltr'><strong>Si</strong></span> <span class='ocrx_word' id='word_1_792' title='bbox 1621 5221 1817 5272; x_wconf 89' lang='lat' dir='ltr'><strong>autem</strong></span> <span class='ocrx_word' id='word_1_793' title='bbox 1848 5222 1976 5272; x_wconf 89' lang='lat' dir='ltr'><strong>tur-</strong></span> <span class='ocrx_word' id='word_1_794' title='bbox 2087 5219 2227 5276; x_wconf 90' lang='lat' dir='ltr'><strong>ditis</strong></span> <span class='ocrx_word' id='word_1_795' title='bbox 2252 5218 2491 5275; x_wconf 86' lang='lat' dir='ltr'><strong>adauxit</strong></span> <span class='ocrx_word' id='word_1_796' title='bbox 2511 5217 3010 5283; x_wconf 90' lang='lat' dir='ltr'><strong>discrimen,sicut</strong></span> <span class='ocrx_word' id='word_1_797' title='bbox 3031 5217 3142 5272; x_wconf 89' lang='lat' dir='ltr'><strong>Leo</strong></span> <span class='ocrx_word' id='word_1_798' title='bbox 3164 5232 3316 5289; x_wconf 91' lang='lat' dir='ltr'><strong>papa</strong></span> <span class='ocrx_word' id='word_1_799' title='bbox 3344 5215 3754 5270; x_wconf 81' lang='lat' dir='ltr'><strong>demonstrat.</strong></span> 
     </span>
    </p>
   </div>
   <div class='ocr_carea' id='block_1_56' title="bbox 329 5301 3758 5378">
    <p class='ocr_par' dir='ltr' id='par_1_56' title="bbox 329 5301 3758 5378">
     <span class='ocr_line' id='line_1_56' title="bbox 329 5301 3758 5378; baseline 0.001 -23"><span class='ocrx_word' id='word_1_800' title='bbox 329 5301 482 5373; x_wconf 89' lang='lat' dir='ltr'><strong>piter</strong></span> <span class='ocrx_word' id='word_1_801' title='bbox 507 5301 825 5374; x_wconf 88' lang='lat' dir='ltr'><strong>cupiditate</strong></span> <span class='ocrx_word' id='word_1_802' title='bbox 855 5321 1204 5378; x_wconf 89' lang='lat' dir='ltr'><strong>quacunque</strong></span> <span class='ocrx_word' id='word_1_803' title='bbox 1253 5305 1735 5378; x_wconf 86' lang='lat' dir='ltr'><strong>metropolitanus</strong></span> <span class='ocrx_word' id='word_1_804' title='bbox 1765 5306 1975 5378; x_wconf 91' lang='lat' dir='ltr'><strong>victus,</strong></span> <span class='ocrx_word' id='word_1_805' title='bbox 2158 5309 2270 5365; x_wconf 92' lang='lat' dir='ltr'><strong>Sed</strong></span> <span class='ocrx_word' id='word_1_806' title='bbox 2301 5313 2358 5364; x_wconf 91' lang='lat' dir='ltr'><strong>et</strong></span> <span class='ocrx_word' id='word_1_807' title='bbox 2385 5306 2711 5363; x_wconf 88' lang='lat' dir='ltr'><strong>notandum</strong></span> <span class='ocrx_word' id='word_1_808' title='bbox 2771 5305 2910 5378; x_wconf 90' lang='lat' dir='ltr'><strong>quia</strong></span> <span class='ocrx_word' id='word_1_809' title='bbox 2967 5305 3234 5378; x_wconf 78' lang='lat' dir='ltr'><strong>quaedam</strong></span> <span class='ocrx_word' id='word_1_810' title='bbox 3266 5304 3340 5360; x_wconf 91' lang='lat' dir='ltr'><strong>de</strong></span> <span class='ocrx_word' id='word_1_811' title='bbox 3364 5301 3758 5377; x_wconf 65' lang='lat' dir='ltr'><strong>praeficiendo</strong></span> 
     </span>
    </p>
   </div>
   <div class='ocr_carea' id='block_1_57' title="bbox 331 5388 3761 5470">
    <p class='ocr_par' dir='ltr' id='par_1_57' title="bbox 331 5388 3761 5470">
     <span class='ocr_line' id='line_1_57' title="bbox 331 5388 3761 5470; baseline 0.001 -26"><span class='ocrx_word' id='word_1_812' title='bbox 331 5393 436 5445; x_wconf 88' lang='lat' dir='ltr'><strong>aut</strong></span> <span class='ocrx_word' id='word_1_813' title='bbox 463 5388 659 5463; x_wconf 88' lang='lat' dir='ltr'><strong>aliquo</strong></span> <span class='ocrx_word' id='word_1_814' title='bbox 690 5410 932 5449; x_wconf 86' lang='lat' dir='ltr'><strong>munere</strong></span> <span class='ocrx_word' id='word_1_815' title='bbox 965 5394 1504 5466; x_wconf 87' lang='lat' dir='ltr'><strong>deceptus,tantum</strong></span> <span class='ocrx_word' id='word_1_816' title='bbox 1521 5411 1670 5466; x_wconf 91' lang='lat' dir='ltr'><strong>opus</strong></span> <span class='ocrx_word' id='word_1_817' title='bbox 1687 5394 1980 5468; x_wconf 88' lang='lat' dir='ltr'><strong>negligen-</strong></span> <span class='ocrx_word' id='word_1_818' title='bbox 2087 5397 2305 5453; x_wconf 87' lang='lat' dir='ltr'><strong>civitati</strong></span> <span class='ocrx_word' id='word_1_819' title='bbox 2336 5395 2606 5470; x_wconf 90' lang='lat' dir='ltr'><strong>episcopo</strong></span> <span class='ocrx_word' id='word_1_820' title='bbox 2638 5395 2868 5452; x_wconf 88' lang='lat' dir='ltr'><strong>decreta</strong></span> <span class='ocrx_word' id='word_1_821' title='bbox 2896 5393 3287 5460; x_wconf 88' lang='lat' dir='ltr'><strong>omiserit,aut</strong></span> <span class='ocrx_word' id='word_1_822' title='bbox 3301 5390 3761 5466; x_wconf 84' lang='lat' dir='ltr'><strong>oblivionecap-</strong></span> 
     </span>
    </p>
   </div>
   <div class='ocr_carea' id='block_1_58' title="bbox 331 5479 3758 5556">
    <p class='ocr_par' dir='ltr' id='par_1_58' title="bbox 331 5479 3758 5556">
     <span class='ocr_line' id='line_1_58' title="bbox 331 5479 3758 5556; baseline 0.001 -24"><span class='ocrx_word' id='word_1_823' title='bbox 331 5483 421 5534; x_wconf 90' lang='lat' dir='ltr'><strong>ter</strong></span> <span class='ocrx_word' id='word_1_824' title='bbox 449 5484 506 5534; x_wconf 90' lang='lat' dir='ltr'><strong>et</strong></span> <span class='ocrx_word' id='word_1_825' title='bbox 532 5496 680 5551; x_wconf 62' lang='grc' dir='ltr'>ωερε</span> <span class='ocrx_word' id='word_1_826' title='bbox 713 5482 885 5538; x_wconf 81' lang='lat' dir='ltr'><strong>fuerit</strong></span> <span class='ocrx_word' id='word_1_827' title='bbox 914 5487 1243 5550; x_wconf 82' lang='lat' dir='ltr'><strong>exsecutus,</strong></span> <span class='ocrx_word' id='word_1_828' title='bbox 1269 5480 1561 5553; x_wconf 87' lang='lat' dir='ltr'><strong>judicium</strong></span> <span class='ocrx_word' id='word_1_829' title='bbox 1614 5483 1814 5538; x_wconf 90' lang='lat' dir='ltr'><strong>omnia</strong></span> <span class='ocrx_word' id='word_1_830' title='bbox 1861 5499 1979 5538; x_wconf 85' lang='lat' dir='ltr'><strong>cer—</strong></span> <span class='ocrx_word' id='word_1_831' title='bbox 2084 5490 2202 5556; x_wconf 86' lang='lat' dir='ltr'><strong>tus,</strong></span> <span class='ocrx_word' id='word_1_832' title='bbox 2238 5491 2340 5542; x_wconf 90' lang='lat' dir='ltr'><strong>aut</strong></span> <span class='ocrx_word' id='word_1_833' title='bbox 2379 5483 2735 5542; x_wconf 83' lang='lat' dir='ltr'><strong>conscientia</strong></span> <span class='ocrx_word' id='word_1_834' title='bbox 2764 5483 3128 5541; x_wconf 90' lang='lat' dir='ltr'><strong>stimulatus.</strong></span> <span class='ocrx_word' id='word_1_835' title='bbox 3160 5485 3407 5538; x_wconf 87' lang='lat' dir='ltr'><strong>Cautum</strong></span> <span class='ocrx_word' id='word_1_836' title='bbox 3439 5479 3758 5552; x_wconf 85' lang='lat' dir='ltr'><strong>siquidem</strong></span> 
     </span>
    </p>
   </div>
   <div class='ocr_carea' id='block_1_59' title="bbox 332 5568 3763 5638">
    <p class='ocr_par' dir='ltr' id='par_1_59' title="bbox 332 5568 3763 5638">
     <span class='ocr_line' id='line_1_59' title="bbox 332 5568 3763 5638; baseline 0.001 -17"><span class='ocrx_word' id='word_1_837' title='bbox 332 5568 528 5623; x_wconf 89' lang='lat' dir='ltr'><strong>nentis</strong></span> <span class='ocrx_word' id='word_1_838' title='bbox 549 5569 646 5625; x_wconf 87' lang='lat' dir='ltr'><strong>Dei</strong></span> <span class='ocrx_word' id='word_1_839' title='bbox 669 5588 729 5626; x_wconf 91' lang='lat' dir='ltr'><strong>se</strong></span> <span class='ocrx_word' id='word_1_840' title='bbox 752 5572 1046 5628; x_wconf 90' lang='lat' dir='ltr'><strong>incurrere</strong></span> <span class='ocrx_word' id='word_1_841' title='bbox 1068 5589 1182 5627; x_wconf 91' lang='lat' dir='ltr'><strong>non</strong></span> <span class='ocrx_word' id='word_1_842' title='bbox 1225 5571 1487 5626; x_wconf 86' lang='lat' dir='ltr'><strong>dubitet:</strong></span> <span class='ocrx_word' id='word_1_843' title='bbox 1523 5571 1622 5626; x_wconf 91' lang='lat' dir='ltr'><strong>sed</strong></span> <span class='ocrx_word' id='word_1_844' title='bbox 1655 5575 1711 5627; x_wconf 90' lang='lat' dir='ltr'><strong>et</strong></span> <span class='ocrx_word' id='word_1_845' title='bbox 1743 5576 1975 5628; x_wconf 89' lang='lat' dir='ltr'><strong>senten-</strong></span> <span class='ocrx_word' id='word_1_846' title='bbox 2087 5575 2239 5631; x_wconf 89' lang='lat' dir='ltr'><strong>inter</strong></span> <span class='ocrx_word' id='word_1_847' title='bbox 2258 5575 2372 5630; x_wconf 90' lang='lat' dir='ltr'><strong>alia</strong></span> <span class='ocrx_word' id='word_1_848' title='bbox 2393 5573 2542 5630; x_wconf 90' lang='lat' dir='ltr'><strong>sacri</strong></span> <span class='ocrx_word' id='word_1_849' title='bbox 2574 5589 2826 5630; x_wconf 81' lang='lat' dir='ltr'><strong>canones</strong></span> <span class='ocrx_word' id='word_1_850' title='bbox 2856 5573 3255 5638; x_wconf 89' lang='lat' dir='ltr'><strong>decreverunt,</strong></span> <span class='ocrx_word' id='word_1_851' title='bbox 3287 5575 3353 5627; x_wconf 92' lang='lat' dir='ltr'><strong>ut</strong></span> <span class='ocrx_word' id='word_1_852' title='bbox 3381 5571 3452 5626; x_wconf 87' lang='lat' dir='ltr'><strong>de</strong></span> <span class='ocrx_word' id='word_1_853' title='bbox 3484 5568 3601 5625; x_wconf 87' lang='lat' dir='ltr'><strong>alia</strong></span> <span class='ocrx_word' id='word_1_854' title='bbox 3629 5569 3763 5626; x_wconf 85' lang='lat' dir='ltr'><strong>Ec-</strong></span> 
     </span>
    </p>
   </div>
   <div class='ocr_carea' id='block_1_60' title="bbox 332 5653 3765 5735">
    <p class='ocr_par' dir='ltr' id='par_1_60' title="bbox 332 5653 3765 5735">
     <span class='ocr_line' id='line_1_60' title="bbox 332 5653 3765 5735; baseline 0.001 -23"><span class='ocrx_word' id='word_1_855' title='bbox 332 5653 414 5720; x_wconf 71' lang='lat' dir='ltr'><strong>tia</strong></span> <span class='ocrx_word' id='word_1_856' title='bbox 442 5655 846 5719; x_wconf 85' lang='lat' dir='ltr'><strong>Ecclesiastica</strong></span> <span class='ocrx_word' id='word_1_857' title='bbox 876 5659 1097 5718; x_wconf 90' lang='lat' dir='ltr'><strong>noverit</strong></span> <span class='ocrx_word' id='word_1_858' title='bbox 1125 5677 1187 5717; x_wconf 86' lang='lat' dir='ltr'><strong>se</strong></span> <span class='ocrx_word' id='word_1_859' title='bbox 1217 5659 1598 5733; x_wconf 90' lang='lat' dir='ltr'><strong>culpandum.</strong></span> <span class='ocrx_word' id='word_1_860' title='bbox 1634 5683 1663 5710; x_wconf 84' lang='grc'><strong>››</strong></span> <span class='ocrx_word' id='word_1_861' title='bbox 2089 5663 2266 5720; x_wconf 89' lang='lat' dir='ltr'><strong>clesia</strong></span> <span class='ocrx_word' id='word_1_862' title='bbox 2285 5663 2504 5734; x_wconf 89' lang='lat' dir='ltr'><strong>petitus</strong></span> <span class='ocrx_word' id='word_1_863' title='bbox 2537 5662 2623 5718; x_wconf 87' lang='lat' dir='ltr'><strong>vel</strong></span> <span class='ocrx_word' id='word_1_864' title='bbox 2655 5665 2930 5735; x_wconf 88' lang='lat' dir='ltr'><strong>sumptus</strong></span> <span class='ocrx_word' id='word_1_865' title='bbox 2949 5661 3001 5718; x_wconf 92' lang='lat' dir='ltr'><strong>is</strong></span> <span class='ocrx_word' id='word_1_866' title='bbox 3035 5660 3135 5734; x_wconf 88' lang='lat' dir='ltr'><strong>qui</strong></span> <span class='ocrx_word' id='word_1_867' title='bbox 3166 5659 3342 5718; x_wconf 81' lang='lat' dir='ltr'><strong>fuerit</strong></span> <span class='ocrx_word' id='word_1_868' title='bbox 3369 5658 3765 5716; x_wconf 83' lang='lat' dir='ltr'><strong>ordinandus</strong></span> 
     </span>
    </p>
   </div>
  </div>
