3930 6178
215 346 326 409 385

927 343 1029 404 DE
1072 342 1836 410 PB/EDESTINATIONE
1880 341 2404 405 DISSERTATIO
2447 343 2912 409 POSTERIOR.

3503 349 3624 416 386

214 478 554 553 episcopus,
583 493 702 536 nan
723 476 852 534 sine
881 475 1094 550 placito
1112 474 1204 532 vel
1223 474 1433 533 litteris
1453 477 1582 548 ejus
1610 475 1867 549 episcopi
1896 476 1950 544 Α
1979 493 2102 543 xm,
2133 477 2250 545 26),
2281 477 2522 534 audient
2554 495 2568 534 :
2604 479 2897 536 Discedite
2921 498 2960 537 a
2986 498 3096 551 me,
3125 485 3315 542 nescio
3351 487 3452 559 qui
3474 487 3621 548 sitis.

219 568 382 640 cujus
402 567 604 625 fuerat
622 565 872 622 clericus
892 565 1213 632 ordinetur,
1237 564 1874 638 concessaspccialiter

219 655 667 728 Carthaginensi
687 653 958 711 Ecclesiae
981 657 1118 710 nota
1139 652 1486 710 necessitate
1506 652 1873 711 licentia.Re—

127 813 130 816 ,
218 747 366 820 legat
392 744 656 818 denique
686 747 893 800 sancta.
919 742 1254 799 fraternitas
1283 742 1531 799 concilia
1557 748 1615 799 et
1641 743 1876 800 decreta

219 853 254 892 a
279 833 568 890 Romanis
628 831 1006 906 pontiﬁcibus
1065 831 1356 888 celebrata
1393 836 1451 888 et
1478 831 1873 905 promulgata,

217 921 470 980 revolvat
491 922 554 978 in
577 921 796 980 Graecis
816 919 1153 994 regionibus
1185 921 1417 977 decreta
1444 920 1711 986 concilia,
1744 938 1873 994 per-

217 1017 517 1070 scrutatur
543 1012 607 1067 in
647 1010 892 1078 Italicis,
923 1009 1182 1077 Gallicis,
1214 1009 1594 1078 Germanicis,
1627 1008 1874 1082 Belgicis

218 1101 543 1178 provinciis
593 1103 758 1157 actas
805 1099 1091 1172 synodos,
1113 1103 1172 1155 et
1213 1099 1406 1156 videat
1435 1099 1485 1156 si
1517 1099 1590 1155 de
1619 1099 1730 1156 sub
1761 1098 1875 1156 isto

215 1191 352 1248 calo
383 1188 740 1262 hujusmodi
770 1186 1098 1261 capitulum
1127 1185 1634 1259 comprovincialis
1653 1189 1874 1259 quanto

215 1279 404 1354 magis
413 1277 714 1352 generalis
729 1277 938 1352 synodi
950 1277 1254 1335 obtutibus
1269 1291 1532 1348 unquam
1545 1275 1874 1348 apostolicae

215 1369 372 1425 sedis
391 1367 665 1441 pontifex
694 1366 920 1424 dederit
938 1365 1029 1423 vel
1049 1365 1299 1434 miserit,
1331 1371 1432 1421 aut
1451 1365 1609 1423 320
1628 1365 1877 1438 quilibet

217 1459 648 1530 imperatorum
679 1473 790 1512 sua
817 1454 1118 1513 sanctione
1144 1454 1364 1528 synodo
1394 1458 1758 1527 congregatae
1787 1453 1874 1509 di-

218 1545 552 1617 rexerit,vel
569 1545 624 1602 si
642 1542 920 1618 quaelibet
939 1544 1201 1618 synodus
1221 1543 1491 1611 ediderit,
1517 1547 1620 1600 aut
1641 1543 1690 1599 si
1715 1542 1874 1616 quis-

218 1650 402 1707 quam
431 1632 848 1707 episcoporum
870 1631 1092 1704 synodo
1123 1634 1475 1704 praesentare
1505 1648 1768 1704 unquam
1786 1631 1876 1688 vel

219 1739 476 1796 usquam
529 1721 993 1795 praesumpserit.
1026 1721 1142 1778 Nos
1189 1737 1295 1794 pro
1339 1725 1514 1789 certo,
1546 1721 1607 1780 in
1636 1721 1876 1778 veritate

219 1813 364 1868 sciat
639 1811 998 1912 fraternitas,
1019 1827 1122 1914 pro
1160 1815 1360 1914 nostra
1389 1811 1654 1914 speciali“
1661 1812 1878 1912 injuria
1907 1847 1955 1914 Β

217 1903 332 1962 ista
348 1917 476 1960 non
499 1899 912 1973 dieimus,,qui
937 1917 977 1956 a.
1015 1899 1296 1957 fratribus
1342 1899 1580 1968 nostris,
1615 1900 1876 1974 Remigio

220 1989 446 2046 scilicet
491 1987 810 2047 venerabili
859 1989 1318 2062 archiepiscopo,
1351 1994 1410 2046 et
1437 1990 1878 2051 honorabilibus

220 2079 748 2136 consacerdotibus
804 2079 1020 2134 nostris
1077 2079 1385 2151 provincias
1445 2079 1876 2151 Lugdunensis,

221 2167 364 2224 illud
386 2166 800 2240 conscriptum
820 2184 1194 2240 nequaquam
1218 2168 1398 2224 fuisse
1419 2167 1746 2224 certissime
1767 2167 1877 2224 sci-

223 2276 357 2314 mus
385 2262 450 2313 et
481 2256 808 2324 credimus,
837 2257 950 2330 qui.
989 2273 1194 2314 omnes
1243 2256 1330 2312 illi
1361 2273 1508 2329 pene
1539 2274 1645 2313 nos
1675 2273 1881 2314 omnes

222 2349 293 2402 ab
315 2347 470 2420 ipsis
491 2345 668 2402 annis
690 2345 1056 2418 juvenilibus
1085 2350 1502 2418 cognoverunt,
1529 2351 1587 2402 et
1617 2347 1883 2402 scientio-

223 2438 340 2490 lam
373 2439 648 2492 nostram
699 2453 765 2492 ac
811 2435 1308 2492 conversationem
1359 2435 1514 2492 sicut
1561 2435 1882 2490 familiares

225 2524 604 2580 familiariter
623 2524 977 2592 didicerunt,
1003 2529 1060 2581 et
1080 2541 1149 2582 ex
1169 2524 1386 2597 quibus
1413 2523 1688 2581 Ecclesiis
1709 2529 1884 2597 atque

225 2613 562 2682 ordinibus,
577 2618 642 2670 et
669 2612 923 2687 qualiter
949 2614 1023 2670 ad
1057 2630 1360 2670 summum
1393 2614 1784 2670 sacerdotium
1811 2613 1884 2670 si-

229 2719 366 2758 mus
415 2702 618 2776 gratia
663 2702 858 2758 divina
915 2703 1225 2774 assumpti,
1259 2702 1414 2759 sicut
1443 2703 1512 2760 de
1543 2703 1885 2760 domesticis

229 2791 650 2864 ignorarenon
667 2795 1012 2864 potuerunt:
1037 2791 1404 2864 qualiterque
1435 2793 1494 2848 in
1515 2792 1798 2866 regimine
1829 2797 1888 2850 et

227 2881 352 2936 vita
383 2883 445 2936 et
495 2878 935 2939 conversatione
984 2885 1042 2936 et
1088 2880 1333 2937 scientia
1387 2885 1565 2954 atque
1619 2881 1886 2940 doctrina

229 2968 686 3042 degamns,.illis
707 2969 999 3026 occultare
1029 2985 1135 3026 nec
1162 2969 1438 3028 volumus
1465 2987 1570 3028 nec
1598 2971 1882 3029 valemus.

229 3063 296 3114 In
326 3057 550 3131 quibus
599 3057 758 3114 sicut
784 3057 845 3114 in
877 3057 1244 3130 spiritalibus
1284 3059 1424 3116 viris
1467 3061 1783 3116 maximam
1815 3062 1888 3118 de

228 3147 400 3204 nobis
418 3147 714 3217 habemus
750 3147 1048 3216 ﬁduciam,
1077 3165 1328 3221 quorum
1356 3153 1416 3205 et
1438 3149 1618 3206 vitam
1648 3149 1882 3224 religio-

226 3253 378 3305 sam,
400 3241 468 3293 et.
481 3215 818 3296 doctrinam
856 3215 1228 3308 catholicam,
1252 3241 1311 3295 et
1329 3215 1880 3296 ordinationemvca-
1913 3215 1956 3284 (ἶ

227 3326 508 3382 nonicam
539 3341 658 3382 non
689 3324 1052 3399 ignoramus.

291 3415 397 3471 Ait
421 3413 586 3471 enim
614 3413 859 3488 capituli
890 3413 1064 3472 istius
1113 3417 1472 3490 compositor
1503 3433 1516 3474 :
1567 3441 1596 3468 ‹‹
1629 3417 1778 3485 Quia
1801 3418 1883 3474 in-

226 3503 487 3560 discussi
508 3508 569 3560 et
587 3502 1371 3578 inexaminati,scientizeque
1393 3505 1726 3564 litterarum
1739 3525 1886 3580 pene

229 3593 442 3667 ignari,
467 3593 786 3666 minusque
805 3593 1134 3666 apostolicae
1165 3595 1538 3668 praeceptioui
1567 3597 1886 3671 apprOpin-

227 3694 504 3754 quantes,
537 3683 794 3754 peccatis
843 3683 1063 3740 nostris
1119 3683 1451 3757 agentibus,
1485 3703 1589 3758 per
1624 3685 1885 3743 civitates

229 3771 491 3845 episcopi
523 3771 874 3828 ordinantur
905 3789 919 3828 :
953 3789 1072 3844 qua
1108 3773 1413 3830 occasione
1443 3773 1694 3832 maxime
1723 3775 1888 3848 vigor

229 3859 667 3916 ecclesiasticus
697 3860 964 3933 deperiit.
1002 3885 1030 3910 »
1059 3861 1123 3918 In
1170 3863 1354 3920 fronte
1411 3862 1584 3920 istius
1642 3863 1884 3936 capituli

233 3949 402 4006 docet
449 3949 583 4020 ejus
629 3949 1008 4022 compositor,
1041 3966 1157 4007 non
1203 3968 1332 4008 esse
1379 3952 1886 4026 episcopos,.quos

231 4037 539 4110 episcopos
571 4037 892 4111 appellavit
916 4039 1116 4096 dicens
1150 4056 1165 4096 :
1217 4063 1246 4091 α
1280 4039 1426 4107 Quia
1479 4040 1797 4098 indiscussi
1827 4046 1887 4100 et

231 4126 612 4183 inexaminati
643 4127 992 4184 ordinantur
1019 4127 1299 4202 episcopi.
1327 4151 1356 4180 »
1377 4129 1524 4186 Nam
1545 4135 1603 4186 et
1631 4129 1695 4186 in
1723 4131 1886 4204 capi—

231 4215 354 4272 tulo
395 4216 588 4290 primo
637 4215 1119 4289 Garthaginensis
1161 4217 1392 4274 concilii
1452 4219 1738 4291 scriptum
1796 4223 1888 4276 est

230 4309 404 4376 (conc.
437 4304 516 4377 IV)
541 4321 556 4361 :
583 4304 690 4374 Qui
731 4307 1012 4378 episcopus
1056 4307 1398 4363 ordinandus
1432 4315 1532 4376 est,
1561 4315 1723 4364 antea
1752 4324 1884 4365 exe-

228 4397 496 4463 minelur,
517 4397 577 4451 et
597 4393 850 4467 reliqua...
875 4394 1040 4452 Unde
1079 4394 1460 4453 manifestum
1501 4401 1591 4453 est
1618 4415 1755 4458 eum
1782 4398 1884 4471 qui

231 4489 439 4541 contra
465 4499 723 4541 canones
753 4483 1060 4540 ordinatus
1091 4501 1218 4541 esse
1247 4484 1498 4552 videtur,
1530 4503 1646 4542 non
1675 4487 1886 4544 debere

1979 565 2183 620 Adhuc
2241 566 2418 622 etiam
2476 568 2810 624 addamus:
2859 571 3158 637 Quomodo
3215 573 3404 631 dicere
3461 580 3621 649 pote-

1980 659 2136 723 runt,
2171 653 2232 710 in
2287 655 2524 712 nomine
2582 660 2680 712 tuo
2738 657 3216 730 prophetavimus
3245 665 3302 718 et
3330 663 3388 718 in
3416 664 3625 738 plateis

1982 743 2220 811 nostris,
2245 744 2466 800 scilicet
2486 745 2547 800 in
2569 744 2880 803 latitudine
2897 747 3067 805 nobis
3089 751 3621 826 commissipopuli,

1982 849 2084 906 per
2113 851 2220 890 nos
2248 833 2522 902 docuisti,
2552 835 2656 908 qui
2686 835 2943 892 scientiae
2971 836 3196 895 lumine
3223 839 3415 913 ignari
3449 843 3626 900 duces

1983 927 2122 980 sunt
2178 923 2339 991 caeci,
2394 941 2689 996 praecones
2737 925 2934 982 muti?
2975 927 3143 994 Quod
3197 929 3626 1002 subsequitur:

1983 1035 2012 1062 «
2041 1011 2354 1085 minusque
2391 1013 2720 1086 apostolicae
2753 1015 3122 1088 praeceptioni
3152 1017 3628 1092 appropinquan-

1980 1105 2092 1170 tes,
2124 1122 2152 1152 »
2186 1100 2296 1157 hoc
2325 1105 2416 1156 est
2447 1105 2645 1174 aperte
2676 1103 2865 1160 dicere
2900 1121 2914 1160 :
2947 1105 3198 1178 Ideoque
3244 1106 3382 1163 boni
3433 1107 3628 1167 meriti

1982 1189 2180 1258 alieni,
2213 1194 2270 1246 et
2315 1191 2707 1247 ordinattione
2753 1191 3002 1266 indigni.
3037 1195 3202 1263 Quod
3241 1195 3426 1254 dicit:
3463 1221 3490 1248 ‹‹
3528 1197 3632 1254 Per

1981 1278 2246 1334 civitates
2297 1278 2555 1352 episcopi
2612 1280 2980 1348 ordinantur,
3013 1299 3132 1354 qua
3169 1284 3474 1342 occasione
3504 1303 3628 1344 ma-

1982 1366 2136 1424 xime
2155 1367 2320 1440 vigor
2339 1367 2774 1426 ecclesiasticus
2804 1369 3072 1442 deperiit,
3095 1394 3124 1422 ι)
3151 1391 3268 1430 non
3298 1391 3402 1447 per
3431 1375 3628 1432 civita-

1983 1461 2073 1511 tes
2101 1456 2358 1529 episcopi
2391 1457 2759 1526 ordinantur,
2793 1458 2894 1514 sed
2927 1475 3264 1530 pervaseres
3301 1462 3627 1533 civitatum,

1985 1545 2132 1602 321
2187 1549 2244 1600 et
2299 1545 2474 1601 alieni
2535 1545 2846 1602 ministerii
2904 1545 3222 1617 invasores,
3255 1554 3314 1608 et
3359 1553 3518 1609 fures
3562 1569 3631 1611 ac

1982 1632 2260 1700 latrones,
2293 1651 2409 1690 non
2441 1635 2632 1691 dicam
2665 1635 3008 1692 mercenarii
3059 1639 3496 1710 exordinantur,
3527 1659 3633 1716 per

1984 1739 2136 1796 quos
2190 1723 2353 1797 vigor
2407 1723 2838 1782 ecclesiasticus
2893 1727 3136 1798 deperit,
3163 1727 3264 1800 qui
3297 1730 3370 1786 ad
3399 1728 3506 1786 hoc
3531 1732 3630 1788 de~

1985 1811 2234 1868 buerant
2258 1813 2515 1885 praeferri
2558 1818 2620 1868 ut
2664 1813 2828 1888 vigor
2884 1815 3314 1874 ecclesiasticus
3341 1817 3401 1874 in
3433 1817 3629 1892 aliquo

1986 1900 2284 1974 delapsus,
2317 1918 2420 1974 per
2469 1901 2630 1975 ipsos
2675 1903 2966 1975 potuisset
3015 1905 3264 1975 restitui,
3295 1905 3440 1962 etin
3471 1912 3629 1964 statu

1987 2007 2230 2046 manens
2261 1989 2520 2046 valenter
2551 1991 2852 2047 constitui.
2873 1993 2942 2046 Et
2962 1992 3012 2047 si
3044 1998 3286 2050 sanctus
3317 1994 3631 2068 Gregorius

1986 2078 2046 2133 in
2077 2077 2320 2134 homilia
2349 2074 2646 2152 Evangelii
2675 2079 2902 2136 decima
2931 2081 3202 2154 septima,
3235 2099 3298 2138 se
3329 2100 3515 2140 unum
3545 2085 3631 2140 Ῑαρ

1987 2167 2148 2224 ciens
2177 2167 2247 2224 dc
2277 2167 2372 2223 his
2403 2185 2651 2240 quorum
2702 2169 2992 2242 praecipue
3021 2174 3256 2243 peccato
3287 2171 3510 2229 dixerat
3538 2174 3634 2248 agi

1987 2258 2143 2330 quod
2176 2257 2428 2330 populus
2457 2257 2618 2313 illius
2649 2258 2928 2330 temporis
2959 2258 3240 2329 interiret,
3275 2261 3346 2318 de
3375 2264 3632 2335 generali

1989 2351 2224 2419 peccato
2265 2350 2622 2418 conquestus
2651 2350 2758 2410 est.
2795 2365 2909 2404 non
2968 2352 3164 2422 tamen
3221 2350 3306 2406 sic
3359 2353 3635 2424 specialia

1989 2435 2256 2502 crimina,
2291 2439 2348 2490 et
2378 2435 2448 2490 dc
2481 2435 2706 2504 merito,
2740 2441 2798 2490 et
2845 2437 2915 2492 de
2963 2437 3272 2494 inscientia
3301 2443 3357 2494 et
3387 2441 3457 2496 de
3485 2442 3636 2498 ordi-
3697 2439 3704 2444 ’

1991 2524 2224 2580 natione
2255 2523 2477 2593 illicita,
2509 2523 2954 2597 generalitatem
3004 2527 3375 2584 sacerdotum
3433 2531 3634 2587 redar-

1989 2613 2119 2686 guit
2150 2629 2164 2668 :
2197 2617 2254 2669 et
2282 2613 2333 2669 si
2363 2613 2652 2687 quosdam
2710 2601 2906 2669 tacitis
2955 2615 3295 2672 nominibus
3328 2619 3398 2674 de
3430 2619 3634 2678 haeresi

1992 2702 2324 2758 Simoniaca
2357 2701 2637 2774 corripuit
2676 2702 2876 2757 dicens
2901 2719 2914 2757 :
2939 2703 3118 2760 Vobis
3138 2705 3294 2761 enim
3317 2709 3634 2774 sacerdoti-

1991 2791 2104 2846 bus
2131 2790 2342 2864 lugens
2387 2789 2614 2862 loquor,
2646 2791 2786 2863 quia
2839 2791 3150 2850 nonnullos
3191 2799 3450 2852 vestrum
3498 2815 3634 2858 cum

1993 2879 2250 2952 praemiis
2272 2880 2461 2935 facere
2481 2879 2878 2936 ordinationes
2917 2881 3284 2954 agnovimus.
3307 2884 3453 2941 Cum
3482 2891 3638 2944 esset

1992 2967 2250 3041 pontifex
2307 2967 2506 3040 primae
2556 2967 2714 3024 sedis
2763 2967 2824 3022 in
2853 2972 2972 3025 toto
3006 2972 3292 3027 terrarum
3325 2973 3484 3042 orbe,
3518 2991 3634 3030 non

1992 3073 2197 3112 omnes
2229 3055 2485 3128 generali
2513 3055 2858 3124 invectione,
2890 3056 3266 3130 interponens
3296 3061 3633 3132 nonnullos,

1994 3145 2146 3201 sicut
2167 3145 2276 3202 iste
2295 3145 2484 3201 ferula
2501 3145 2828 3219 magistrali
2847 3144 2974 3202 sine
2997 3145 3118 3216 ulla
3146 3149 3477 3222 exceptione
3507 3169 3638 3225 per-

1993 3235 2256 3308 ceptione
2286 3234 2596 3307 percussit.
2630 3235 2694 3290 In
2749 3235 2924 3292 istius
2977 3240 3174 3294 autem
3229 3240 3638 3312 compositoris

1992 3323 2248 3398 capitulo
2280 3324 2472 3380 videat
2499 3323 2702 3392 lector,
2734 3341 2862 3397 quae
2893 3324 3058 3399 plebs
3088 3325 3394 3386 Dominica
3422 3346 3538 3386 non
3560 3330 3640 3388 sit

1991 3413 2352 3481 conculcata,
2381 3430 2510 3486 quae
2561 3413 2764 3470 civitas
2815 3431 2930 3470 non
2979 3413 3056 3470 sit
3093 3415 3471 3484 dehonorata,
3504 3419 3638 3491 quis

1993 3504 2302 3576 episcopus
2324 3519 2440 3558 non
2462 3501 2560 3574 sit,
2585 3519 2700 3558 non
2722 3503 2914 3559 dicam
2951 3521 3205 3574 morsus,
3238 3507 3340 3562 sed
3369 3507 3638 3569 annulla-

1993 3597 2114 3662 tus,
2136 3592 2272 3665 quis
2291 3591 2566 3664 princeps
2596 3609 2713 3648 non
2745 3592 3160 3665 reprehensus,
3194 3594 3330 3667 quis
3360 3595 3641 3672 archiepi-

1992 3699 2206 3755 sc0pus
2261 3698 2377 3736 non
2427 3682 2786 3738 confutatus.
2815 3681 2913 3737 Ait
2937 3682 3096 3739 enim
3123 3700 3138 3739 :
3172 3705 3200 3733 «
3231 3684 3554 3744 Indiscussi
3581 3689 3641 3746 et

1993 3769 2392 3839 inexaminati,
2425 3769 2800 3843 scientiaeque
2855 3770 3184 3828 litterarum
3232 3790 3378 3846 pene
3425 3772 3636 3846 ignari,

1994 3860 2306 3932 minusque
2323 3858 2650 3931 apostolicae
2673 3861 3046 3934 praeceptioni
3077 3861 3638 3935 appropinquantes,

1992 3967 2096 4022 per
2149 3949 2412 4006 civitates
2467 3949 2818 4005 ordinantur
2873 3949 3150 4022 episcopi.
3200 3949 3426 4008 Placuit
3473 3955 3540 4008 ut
3588 3953 3639 4010 si

1992 4037 2225 4110 quando
2257 4035 2508 4110 alicujus
2537 4037 2789 4092 civitatis
2847 4038 3158 4111 episcopus
3207 4039 3504 4096 vocatione
3533 4040 3639 4097 Do-

1992 4125 2136 4182 mini
2169 4125 2500 4194 decesserit,
2525 4143 2558 4182 a
2577 4125 3018 4198 gloriosissimis
3034 4127 3401 4200 principibus
3421 4127 3641 4200 suppli-

1993 4215 2177 4270 cando
2209 4213 2558 4287 postuletur,
2583 4236 2613 4264 »
2635 4223 2693 4270 et
2711 4213 2936 4286 reliqua
2977 4232 3104 4287 quin
3141 4215 3536 4288 prosequitur.
3558 4218 3639 4272 Ac

1992 4303 2043 4360 si
2065 4303 2240 4372 dicat,
2265 4302 2403 4376 quia
2442 4301 2728 4358 hactenus
2753 4302 2896 4358 talia
2929 4302 3222 4374 principes
3255 4320 3371 4360 non
3401 4320 3639 4362 conces-

1991 4397 2215 4449 serunt.
2247 4391 2466 4448 Deinde
2491 4392 2561 4448 de
2592 4390 3048 4464 archiepiscOpis
3079 4390 3248 4448 dicit:
3270 4393 3376 4448 «Si
3405 4398 3506 4448 aut
3521 4397 3640 4452 tur-

1993 4481 2145 4555 piter
2184 4481 2503 4553 cupiditate
2533 4497 2884 4553 quacunque
2916 4479 3398 4552 metropolitanus
3428 4481 3638 4553 victus,

233 4573 460 4630 censeri
490 4571 864 4646 episcopum,
895 4571 1050 4630 sicut
1092 4573 1248 4630 inter
1292 4573 1438 4631 alios
1486 4575 1883 4649 Innocentius,
1912 4589 1961 4658 D
1991 4575 2094 4627 aut
2113 4570 2312 4642 aliquo
2347 4585 2587 4624 munere
2613 4568 3150 4640 ἀθοεριυε,ιαηῐιιω
3171 4585 3320 4643 opus
3349 4571 3641 4646 negligen-

234 4659 604 4730 Caelestinus,
638 4665 696 4718 et
725 4662 838 4718 Leo
868 4662 1294 4719 demonstrant.
1327 4663 1490 4730 Quod
1539 4663 1700 4720 enim
1741 4665 1884 4722 dicit,
1991 4664 2080 4715 ter
2109 4663 2167 4714 et
2195 4675 2344 4732 aegre
2377 4657 2552 4714 fuerit
2581 4661 2911 4727 exsecutus,
2935 4659 3235 4730 judicium
3281 4661 3481 4718 omnia
3519 4679 3640 4724 cer-

233 4750 378 4823 quia
397 4750 742 4818 indiscussi,
765 4767 902 4825 ergo
941 4751 1189 4808 dubium
1219 4768 1292 4808 an
1313 4751 1433 4808 sint
1453 4752 1566 4808 fide
1594 4753 1885 4823 catholici,

233 4839 328 4896 vel
348 4839 510 4897 circa
524 4839 704 4896 ﬁdem
725 4839 845 4896 sint
865 4840 1114 4912 reprobi.
1137 4841 1301 4908 Quod
1321 4840 1462 4897 dicit
1483 4841 1884 4912 inexaminati,

233 4927 422 5002 igitur
457 4929 579 4985 vita
615 4932 674 4985 et
702 4929 1139 4986 conversatione
1167 4945 1283 4985 non
1314 4929 1482 5002 probi
1515 4945 1530 4986 :
1565 4931 1718 5003 quod
1747 4931 1890 4987 dicit

237 5017 494 5074 scientiae
515 5017 848 5074 litterarum
868 5035 1016 5090 pene
1040 5018 1250 5092 ignari,
1287 5018 1440 5074 sicut
1472 5023 1713 5076 sanctus
1745 5019 1889 5078 dicit

241 5104 662 5179 Hieronymus:
695 5103 982 5178 lgnoratio
1007 5105 1442 5178 Scripturarum
1465 5105 1754 5180 ignoratio
1784 5105 1888 5164 Dei

216 5197 350 5249 est.
370 5193 444 5250 Et
467 5193 812 5266 Apostolus:
839 5193 946 5262 Qui
965 5195 1182 5266 ignora:
1198 5195 1546 5265 ignorabitur
1560 5195 1610 5264 (Ι
1628 5195 1748 5252 Cor.
1770 5213 1888 5264 xxv,

235 5282 660 5353 38).Quomodo
683 5299 820 5356 ergo
847 5283 1200 5340 mediatores
1224 5283 1312 5341 vel
1331 5283 1752 5342 interventores
1783 5301 1887 5358 pro

237 5370 370 5426 mis
385 5387 453 5427 ac
472 5369 677 5444 populi
702 5371 954 5446 peccatis
975 5373 1132 5444 apud
1153 5373 1338 5429 Deum
1376 5373 1758 5430 habebuntur
1785 5375 1888 5448 qui

234 5458 549 5531 ignorantu
555 5461 625 5516 r?
635 5461 738 5534 qui
746 5460 881 5521 licet
893 5461 1430 5531 dicant,Domine,in
1436 5464 1661 5520 nomine
1670 5471 1760 5520 tuo
1767 5480 1891 5537 pro-

229 5547 588 5619 phawimus
604 5549 818 5620 (Manli.
839 5567 942 5620 vn,
971 5553 1064 5621 22)
1088 5568 1103 5620 ;
1125 5555 1203 5619 et,
1231 5550 1678 5610 Manducavimus
1707 5569 1890 5612 coram

236 5643 323 5706 is,
341 5645 400 5698 σι·
438 5639 703 5710 bibinm,
747 5647 804 5700 et
855 5642 920 5700 in
967 5641 1168 5718 plateis
1219 5643 1420 5704 nostris
1473 5641 1706 5704 docuisti
1733 5645 1885 5717 (Luc.

1996 4748 2190 4805 uentis
2220 4747 2321 4803 Dei
2368 4764 2430 4803 se
2479 4747 2776 4804 incurrere
2829 4765 2946 4804 non
2995 4747 3244 4806 dubitet.
3279 4750 3392 4807 Sed
3421 4755 3478 4808 et
3507 4768 3640 4810 scn-

1995 4838 2181 4894 tentia
2209 4836 2606 4894 ecclesiastica
2633 4836 2858 4893 noverit
2889 4854 2950 4894 se
2979 4837 3362 4912 culpandum.
3399 4863 3428 4891 ››

2065 4929 2209 4983 Ecce
2231 4925 2431 5000 quales
2463 4943 2592 4983 esse
2621 4925 2914 5000 principes
2945 4928 3409 4999 denotavit,ecce
3439 4929 3642 5003 quales

1995 5016 2464 5089 archiepiscopos
2493 5015 2812 5089 cupiditate
2854 5016 3078 5074 scilicet
3103 5018 3284 5076 victos
3315 5024 3372 5076 et
3403 5034 3642 5074 munere

1995 5107 2266 5180 deceptos
2287 5105 2620 5178 descripsit,
2643 5123 2776 5162 ecce
2801 5106 3006 5179 quales
3035 5107 3338 5180 episcopos
3369 5125 3473 5180 per
3501 5105 3640 5161 civi-

1997 5200 2150 5254 tates
2205 5196 2504 5253 ordinatos
2561 5195 2834 5252 asseruit.
2870 5197 3146 5269 Legimus
3191 5197 3250 5250 in
3295 5194 3638 5266 canonibus,

1996 5291 2053 5343 et
2083 5291 2283 5343 sancto
2330 5286 2606 5359 Gregorio
2653 5287 2894 5343 docente
2953 5285 3287 5353 didicimus,
3323 5285 3460 5358 quia
3489 5284 3641 5362 sacri

1997 5392 2250 5442 canones
2279 5374 2673 5432 Simoniacam
2705 5375 2974 5431 haeresim
3004 5375 3306 5441 damnant,
3339 5379 3397 5430 et
3425 5391 3524 5430 eos
3555 5392 3644 5432 sa-

1997 5465 2252 5522 cerdotio
2273 5464 2488 5537 privari
2522 5463 2886 5537 praecipiunt,
2908 5463 3008 5535 qui
3039 5463 3110 5519 de
3139 5460 3456 5536 largiendis
3486 5464 3642 5520 ordi-

1997 5555 2174 5615 nibus
2203 5554 2457 5629 pretium
2480 5557 2768 5628 quzerunt,
2793 5568 3046 5625 quorum
3067 5551 3376 5612 cathedras
3402 5553 3646 5612 Redem-

1995 5651 2131 5725 ptor
2158 5650 2356 5706 noster
2385 5643 2612 5714 evertit,
2641 5649 2700 5702 et
2727 5639 3120 5704 sacerdotium
3149 5641 3435 5717 destruit,
3453 5647 3516 5707 et
3541 5643 3645 5724 qui
