3962 6178
383 313 502 400 '387

1315 335 1699 399 HlNCMAltl
1746 335 2194 398 ltHEMENSlS
2237 335 2857 399 AltCHIEPISCOPI.

3668 341 3774 404 388

382 483 486 540 pro
517 483 732 524 manus
757 466 1136 552 impositione
1183 483 1400 524 munus
1450 469 1630 526 donat
1677 469 1766 527 vel
1797 469 2031 542 accipit,
2059 471 2114 537 Α
2143 469 2419 526 dentibus
2448 469 2510 526 in
2539 471 2760 542 synodo
2785 469 3218 528 venerabilibus
3260 471 3548 546 episcopis
3598 473 3656 528 in
3687 490 3774 530 no-

379 559 507 630 ipse
539 573 600 612 se
645 555 962 612 anathema
1018 555 1215 612 efﬁcit.
1249 557 1482 614 Scimus
1541 559 1698 614 enim
1756 559 1910 632 quod
1969 558 2028 614 in

379 644 745 718 spiritalibus
765 645 1021 701 devitarc
1041 646 1346 714 debemus,
1373 663 1592 702 munus
1613 664 1741 703 esse
1762 665 1796 703 a
1825 665 2025 716 manu,

379 751 600 790 munus
617 752 650 790 a
666 731 888 807 lingua,
907 750 1127 789 munus
1148 735 1220 790 ab
1243 735 1543 807 obsequio.
1559 735 1722 792 Unde
1743 737 2026 792 Dominus

376 839 482 896 per
509 822 852 896 prophetam
881 821 1024 876 dicit
1052 837 1065 876 :
1101 824 1220 894 Qui
1271 824 1490 879 excutit
1540 841 1750 880 manus
1785 825 2025 880 suas.ch

375 913 535 968 omni
556 927 819 978 munere,
843 911 954 966 isle
974 911 1036 966 in
1057 910 1296 967 excelsis
1337 913 1624 968 habilabil
1656 915 1796 984 (Isa.
1828 931 2022 982 xxxm,

377 1001 486 1074 15).
519 1001 832 1073 Propterea
863 1000 1381 1069 considerandum,
1407 1004 1734 1058 secundum
1765 1005 2025 1060 admoni-

373 1089 593 1146 tionem
634 1089 823 1144 sancti
854 1089 1134 1162 Gregorii,
1158 1089 1352 1162 qualis
1376 1090 1437 1146 in
1467 1092 1750 1166 regimine
1781 1093 1890 1148 erit
1919 1095 2021 1167 qui

375 1177 449 1234 ad
487 1177 598 1235 hoc
637 1181 1010 1250 promovetur
1031 1183 1097 1234 ut
1126 1178 1432 1236 haereticus
1471 1181 1594 1236 flat.
1617 1181 1675 1238 Si
1707 1181 1853 1238 tales
1885 1187 2024 1238 sunt

373 1265 688 1340 principes,
707 1265 913 1322 sitales
935 1266 1376 1340 archiepiscopi,
1401 1269 1450 1324 si
1471 1269 1618 1326 tales
1640 1285 1743 1342 per
1761 1269 2021 1328 civitates

373 1361 514 1412 sunt
568 1355 820 1412 ordinati
878 1354 1160 1428 episcopi,
1185 1373 1266 1411 vas
1298 1357 1416 1414 illis
1444 1358 1638 1424 terris,
1673 1375 1822 1431 quas
1869 1360 2020 1416 tales

373 1463 490 1501 non
547 1444 736 1501 solum
795 1445 949 1500 822
1005 1443 1403 1514 infructuosae,
1453 1463 1657 1504 verum
1715 1453 1775 1504 et
1834 1449 2016 1504 noxiis

371 1533 630 1590 ﬁculneae
652 1551 766 1589 non
809 1533 981 1589 modo
1022 1539 1330 1606 occupant,
1355 1539 1508 1592 certe
1529 1537 1631 1592 sed
1653 1537 2014 1610 Opprimunt.

371 1623 464 1678 Vae
495 1622 918 1696 peccatricibus
947 1622 1302 1691 civitatibus,
1333 1625 1552 1697 quibus
1584 1632 1776 1698 pestes
1807 1626 2014 1698 hujus-

369 1713 528 1768 modi
566 1711 842 1780 insident,
873 1727 955 1766 van
1013 1712 1248 1768 miseris
1307 1713 1598 1786 plebibus,
1629 1715 1728 1786 qui
1761 1731 2014 1771 errones;

367 1805 426 1857 et
454 1799 580 1856 sine
611 1805 842 1873 pastore
872 1815 987 1856 non
1019 1799 1211 1856 solum
1243 1801 1542 1868 dentibus,
1569 1819 1770 1860 verum
1803 1807 1860 1860 et
1887 1809 2014 1877 gut-

366 1888 601 1946 turibus
639 1888 913 1961 luporum
949 1888 1251 1946 hiantibus
1281 1890 1408 1946 sine
1434 1890 1553 1948 ullo
1586 1897 1785 1964 patent
1815 1893 2008 1948 obsta-

366 1979 520 2045 culo,
553 1978 680 2034 sine
709 1977 828 2034 ullo
857 1978 1014 2034 verbi
1042 1979 1139 2034 Dei
1194 1979 1418 2036 lumine
1465 1982 1736 2038 sedentes
1769 1982 1827 2037 in
1859 1987 2012 2038 tene-

364 2068 510 2134 bris,
543 2067 667 2123 sine
693 2085 840 2138 pane
867 2069 1026 2123 verbi
1049 2069 1150 2124 Dei
1171 2072 1228 2124 et
1248 2067 1374 2124 sine
1397 2069 1706 2126 refectione
1735 2071 2008 2143 spiritali,

364 2155 560 2212 inedia
583 2157 948 2212 tabescentes
979 2157 1152 2212 morti
1183 2158 1602 2230 propinquant,
1633 2163 1709 2228 et,
1733 2161 1888 2231 quod
1919 2166 2010 2216 est

363 2244 1112 2318 lugubrius,sempitcrn:e:
1139 2249 1401 2318 petentes
1432 2264 1641 2318 panem
1673 2248 1918 2320 parvuli,
1951 2253 2008 2304 et

365 2353 476 2390 non
501 2340 591 2390 est
612 2335 712 2408 qui
735 2335 967 2408 frangat
985 2335 1090 2403 eis,
1117 2351 1232 2407 quo
1255 2337 1749 2392 abundantetiam
1786 2354 2004 2392 merce-

361 2425 508 2482 narii
544 2425 602 2480 in
637 2426 810 2481 domo
843 2425 1014 2480 istius
1047 2424 1193 2478 tanti
1225 2425 1412 2480 Patri
1457 2425 1558 2496 qui
1607 2443 1713 2481 nos
1761 2427 2005 2484 miseros

360 2513 668 2586 descripsit
693 2513 1034 2586 episcopos:
1059 2512 1141 2568 ita
1167 2520 1230 2568 ut
1257 2514 1328 2568 de
1349 2513 1474 2568 seta
1503 2514 1671 2586 plebe
1695 2515 1814 2570 illis
1845 2531 2002 2570 com-

357 2603 542 2660 missa
571 2601 941 2676 possimus,si
965 2607 1158 2657 tamen
1192 2620 1510 2675 possumus
1541 2603 2002 2671 dicere,Bca/um

357 2692 634 2748 dixerunt
675 2693 962 2764 populum
1019 2693 1119 2746 cui
1145 2696 1266 2749 haec
1293 2699 1422 2746 sunt
1449 2691 1632 2760 (Psal.
1665 2709 1852 2760 cxuu,
1889 2695 1997 2762 15),

357 2780 580 2838 scilicet
617 2797 742 2852 qua:
791 2778 885 2835 ille
932 2779 1224 2854 largitur:
1254 2781 1461 2837 beatus
1519 2781 1773 2854 populus
1831 2785 2000 2854 cujus

355 2876 545 2929 rector
573 2871 698 2928 sine
726 2869 1160 2944 comparatione
1210 2871 1322 2926 iste
1366 2875 1456 2926 est
1503 2871 1686 2927 solus.
1715 2871 1822 2938 Qui
1847 2873 2002 2928 sicut

355 2962 428 3016 de
442 2960 554 3016 Job
575 2959 798 3016 nuntiis
819 2959 1034 3015 dicitur
1052 2959 1334 3015 remansit
1354 2959 1451 3015 ille
1473 2959 1655 3028 solus,
1678 2968 1744 3015 ut
1763 2960 2000 3016 nuntia-

355 3055 442 3108 ret
469 3049 736 3106 Ecclesize
767 3049 970 3121 quales
1003 3065 1116 3104 non
1163 3053 1415 3106 rectores
1464 3050 1565 3106 sed
1623 3050 1998 3106 subversores

353 3140 664 3197 sustineat.
699 3139 809 3194 Sed
861 3138 1062 3194 audiat
1107 3137 1423 3193 Dominum
1469 3137 1578 3194 sibi
1637 3139 1990 3211 responden-

2141 557 2296 614 mine
2319 558 2566 625 Domini,
2593 559 2903 614 Hincmaro
2936 559 3285 616 Rhemensis
3315 560 3580 617 Ecclesiae
3602 561 3776 618 archi-

2137 644 2432 716 episcopo,
2451 645 2759 702 Wenilone
2784 647 3082 702 Sennense
3111 646 3568 722 archiepiscopo,
3593 649 3774 706 Amal-

2136 733 2254 789 rico
2287 735 2628 791 Turonense
2655 733 3488 808 archiepiscopo,Theodorico
3517 737 3775 796 Camars.-

2135 837 2306 878 cense
2322 822 2921 894 episcOpo,Hrothade
2937 823 3298 881 Suessonicaa
3311 824 3474 882 urbis
3485 825 3769 900 episcopo,

2134 911 2298 984 Lupo
2309 911 2734 968 Catalaunense
2747 912 3308 984 episeopo,lmmone
3323 913 3770 987 Noviomagense

2132 1000 2426 1073 episcopo,
2445 1001 2703 1074 Erpuino
2724 1001 3153 1058 Silvanectennc
3169 1001 3464 1075 episcOpo,
3477 1002 3770 1060 Yrminfri-

2131 1087 2205 1142 do
2223 1087 2568 1144 Belvacense
2593 1089 3141 1165 epise0po,Pardulo
3159 1091 3546 1156 Laudunense
3560 1091 3776 1165 episco-

2129 1192 2224 1248 po,
2258 1176 2592 1233 Hilmerado
2619 1158 3014 1234 Ambianense
3043 1177 3333 1252 episcopo,
3350 1158 3616 1236 Hubertc
3635 1180 3770 1238 Mel-

2127 1265 2239 1320 den
2247 1281 2308 1320 se
2319 1265 2722 1339 episcopo,Aio
2731 1267 2816 1322 Au
2824 1265 3147 1324 relianense
3163 1267 3769 1341 episcopo,Prudentio

2129 1354 2284 1410 823
2340 1356 2700 1412 Trecassinm
2753 1355 3006 1412 civitatis
3076 1357 3370 1430 episcopo,
3421 1358 3772 1416 Herimanno

2125 1441 2934 1517 Nivernenseepiscopo,Jona
2954 1445 3468 1518 Augustidunense
3479 1447 3769 1522 episcopo.

2125 1531 2450 1588 Godelsado
2479 1533 2882 1590 Cavillonense
2933 1534 3227 1608 episcopo,
3259 1533 3493 1592 Dodone
3515 1536 3774 1610 Andega.

2122 1637 2298 1677 vense
2349 1622 2642 1694 episcopo,
2702 1623 3026 1680 Guntherto
3084 1624 3410 1680 Ebrocense
3471 1625 3764 1699 episcOpo,

2123 1709 2518 1768 Hildebranno
2555 1712 2808 1786 Sagense
2829 1712 3124 1785 episcopo,
3155 1713 3388 1770 Erloino
3417 1713 3768 1771 Constantia

2121 1798 2286 1854 urbis
2315 1799 2609 1872 episcopo,
2644 1800 2926 1856 Baltt'rido
2975 1801 3309 1859 Baiocensis
3356 1802 3624 1860 Ecclesiae
3654 1804 3768 1877 epi-

2119 1904 2315 1960 scopo,
2381 1887 2652 1944 Heirardo
2713 1889 3082 1946 Lexoviensis
3141 1889 3412 1947 Ecclesia:
3467 1891 3764 1966 episcopo,

2117 1978 2464 2050 Ansegaudo
2493 1978 2880 2034 Abrincatinze
2919 1979 3084 2036 urbis
3111 1979 3406 2053 episcopo,
3439 1981 3766 2039 Teutboldo

2119 2065 2448 2139 Lingonicaa
2480 2067 2644 2124 urbis
2669 2068 2964 2141 episcopo,
2986 2067 3294 2142 Breidingo
3327 2069 3765 2126 Matiscentium

2117 2154 2382 2210 Ecclesize
2439 2157 2732 2228 episcopo,
2797 2157 2994 2212 Launo
3065 2157 3444 2229 quuolesinaz
3509 2157 3763 2216 civitatis

2115 2243 2704 2316 episcopo,Ricboldo
2727 2244 3102 2302 Remensium
3133 2245 3568 2319 chorepiscopo.
3604 2248 3764 2304 Resi-

2115 2335 2390 2390 dentibus
2437 2335 2616 2392 etiam
2666 2336 3023 2408 presbyteris
3069 2341 3128 2392 et
3157 2336 3489 2404 abbatibus,
3526 2339 3764 2394 Dodona

2113 2423 2323 2478 abbate
2377 2425 2712 2480 monasterii
2791 2423 2981 2480 sancti
3047 2424 3269 2494 Sabini,
3332 2427 3492 2498 Lupo
3545 2427 3762 2484 abbate

2113 2513 2451 2568 monasterii
2489 2513 2783 2568 Bethleem
2838 2517 2996 2586 quod
3039 2516 3331 2572 Ferrarius
3361 2515 3602 2584 dicitur,
3636 2517 3767 2572 Ber-

2113 2601 2296 2656 nardo
2337 2603 2548 2657 abbate
2605 2603 2947 2660 monasterii
3004 2603 3193 2660 sancti
3250 2603 3542 2661 Benedicti
3603 2605 3760 2677 quod

2109 2689 2438 2763 appellatur
2467 2691 2783 2760 Floriacus,
2809 2693 3046 2749 Hodone
3066 2694 3275 2750 abbate
3303 2710 3371 2749 ex
3401 2695 3763 2750 monasterio

2109 2779 2380 2847 Corbeiae,
2415 2781 2660 2836 Henrico
2705 2781 2914 2838 abbate
2945 2798 3014 2837 ex
3042 2782 3400 2838 monasterio
3429 2783 3760 2854 Corbionis,

2109 2868 2334 2924 Bavone
2365 2869 2573 2924 abbate
2601 2887 2670 2925 ex
2695 2870 3048 2926 monasterio
3079 2870 3423 2940 Orbacense,
3459 2875 3516 2927 et
3545 2887 3762 2944 quam-

2108 2956 2380 3028 plurimis
2413 2956 2544 3014 aliis
2573 2959 2974 3016 sacerdotibus
3005 2965 3062 3015 et
3089 2959 3422 3016 abbatibus.
3455 2960 3526 3016 Et
3551 2965 3762 3016 astan-

2104 3045 2265 3102 tibus
2306 3046 2668 3115 diaconibus,
2705 3053 2932 3104 astante
2989 3065 3222 3120 quoque
3277 3053 3335 3104 et
3391 3047 3763 3122 reliquorum

2104 3135 2396 3207 graduum
2427 3135 2602 3192 clero.
2637 3135 2948 3193 Residente
3004 3138 3180 3194 etiam
3227 3137 3286 3194 in
3347 3138 3539 3194 medio
3599 3143 3762 3195 coetu

353 3233 470 3285 tem
505 3227 658 3299 quod
711 3225 856 3280 dixit
903 3226 1040 3281 Elia:
1089 3225 1202 3280 alio
1250 3227 1458 3281 all'cctu
1508 3243 1685 3298 quam
1735 3227 1845 3282 istc
1878 3227 1998 3282 haec
2027 3212 2069 3278 C
2107 3224 2514 3297 episcoporum
2553 3225 2806 3298 glorioso
2838 3243 2972 3299 rege
2991 3226 3218 3296 Carolo,
3241 3227 3338 3299 qui
3361 3227 3551 3284 eidem
3575 3245 3762 3284 sacrae

353 3315 564 3372 dixerit
592 3315 968 3386 conquerenti
999 3331 1013 3368 :
1050 3313 1323 3369 Remansi
1374 3331 1480 3385 ego
1529 3313 1710 3370 solus.
1745 3314 1992 3388 Reliqui,

293 3387 300 3394 ’
352 3403 639 3460 Dominus
669 3401 882 3474 inquit,
913 3403 1064 3456 mihi
1106 3411 1321 3474 septem
1352 3401 1557 3458 millia
1587 3403 1866 3471 virorum,
1886 3387 1998 3477 ίῳιί

347 3508 464 3548 non
511 3495 898 3548 curravemnt
951 3506 1106 3564 genu
1161 3497 1296 3548 ante
1352 3489 1510 3548 Baal
1537 3492 1640 3560 (III
1668 3493 1799 3564 Reg.
1831 3509 1990 3562 xvm,

353 3581 459 3655 19).
493 3580 775 3649 Quocirca
801 3585 859 3636 et
880 3580 1184 3648 Dominus,
1217 3580 1398 3652 gratis
1431 3599 1547 3637 suae
1581 3581 1991 3637 misericordiae

349 3671 737 3744 sempiternae,
753 3669 950 3742 plures
971 3673 1028 3724 et
1049 3668 1213 3724 aliter
1233 3673 1288 3723 et
1306 3669 1451 3724 alios
1472 3686 1574 3740 pcr
1593 3669 1854 3726 civitates
1885 3671 1991 3725 ha-

348 3761 446 3816 bet
465 3759 763 3817 ordinatos
783 3757 1334 3830 episeoposetaliter
1355 3758 1691 3815 ordinantes
1713 3759 1991 3831 archiepi-

347 3866 574 3922 scopos,
607 3847 868 3918 talesque
901 3846 1214 3918 principes,
1249 3845 1350 3918 qui
1397 3864 1505 3902 sua
1552 3847 1925 3904 concessione
1955 3865 1990 3903 a

347 3936 558 3993 divinis
589 3934 808 4007 regulis
837 3953 941 4007 per
970 3940 1370 4008 contemptum
1420 3935 1648 3992 deviare
1680 3953 1794 3992 non
1828 3941 1986 3992 sata-

345 4027 512 4097 gunt.
529 4023 774 4078 Istorum
798 4021 1152 4094 compositor
1170 4022 1581 4095 capitulorum,
1606 4024 1778 4096 primi
1801 4025 1984 4081 Adam

344 4112 524 4181 illius,
545 4111 738 4170 sciens
759 4127 822 4167 se
843 4128 1113 4183 perversa
1143 4111 1521 4184 scripturum,
1557 4113 1616 4168 in
1648 4114 1984 4186 praefatione

265 4181 284 4195 ’
341 4219 476 4260 eoru
487 4202 680 4258 mdem
695 4199 1082 4272 capitulorum
1097 4199 1337 4255 nomina
1351 4201 1758 4274 episcoporum
1771 4219 1986 4258 connu-

341 4289 604 4359 meravit,
635 4289 834 4346 volens
865 4306 928 4346 se
955 4289 1108 4344 inter
1135 4289 1296 4363 ligna
1325 4290 1581 4362 paradisi
1613 4308 1686 4347 ne
1717 4298 1985 4364 peccator

339 4383 754 4454 agnosceretur
800 4378 1180 4446 abscondere,
1209 4383 1268 4434 et
1309 4378 1478 4451 quasi
1523 4385 1762 4452 opertus
1792 4381 1982 4453 operi-

339 4473 536 4525 mento
557 4468 945 4542 pretiosorum
975 4467 1258 4540 lapidum,
1272 4471 1331 4523 et
1349 4469 1659 4524 condensis
1676 4469 1982 4528 frondibus

337 4557 636 4630 palliatus,
670 4561 736 4612 ut
764 4553 1072 4629 gloriosior
1125 4557 1350 4613 caeteris
1409 4562 1714 4630 appareret
1760 4559 1817 4614 in
1869 4559 1982 4616 isto
2013 4581 2058 4644 D

337 4645 592 4718 capitulo
611 4662 674 4701 se
687 4645 1053 4716 monstravit,
1077 4646 1231 4702 sicut
1251 4651 1309 4702 et
1329 4646 1388 4701 in
1409 4645 1528 4702 illis
1549 4647 1838 4720 capitulis,
1854 4666 1981 4721 quae

336 4733 574 4791 nomine
599 4733 920 4790 Valentius:
951 4735 1155 4807 synodi
1187 4736 1550 4807 praenotavit,
1582 4736 1640 4790 in
1672 4735 1886 4808 quibus
1917 4755 1980 4794 se

334 4841 405 4881 ex
431 4823 668 4880 nomine
699 4839 875 4896 quam
906 4823 1160 4879 maxime
1207 4824 1597 4880 collaborasse
1645 4825 1974 4898 descripsit.

403 4912 464 4970 Si
519 4915 714 4968 autem
773 4911 1105 4985 generalem
1163 4913 1539 4981 calumniam,
1574 4908 1648 4969 ne
1693 4931 1800 4970 nos
1843 4915 1977 4972 inde

331 5002 782 5076 perciperemus,
818 5002 986 5057 nobis
1019 5001 1348 5072 specialiter
1395 5003 1651 5075 irrogare
1701 5003 1974 5072 decrevit,

330 5109 446 5149 non
471 5109 575 5164 pro
597 5090 758 5147 illius
781 5091 1324 5165 redargutione,sed
1347 5107 1450 5162 pro
1472 5107 1675 5147 eorum
1698 5091 1797 5164 qui
1829 5093 1976 5148 forte

329 5185 560 5238 nostros
591 5181 787 5237 aditus
819 5181 889 5236 ad
921 5179 1154 5235 ordines
1187 5197 1384 5236 sacros
1416 5180 1687 5253 ignorant
1740 5182 1972 5237 satisfa-

327 5270 538 5339 ctione,
557 5270 848 5343 quomodo
870 5286 930 5324 se
952 5269 1032 5324 rei
1053 5269 1266 5324 veritas
1288 5267 1500 5325 habeat
1520 5270 1746 5325 cunctis
1779 5269 1972 5342 legen-

303 5359 486 5417 tibus
515 5376 581 5416 ac
610 5360 758 5416 scire
788 5357 1116 5433 volentibus
1163 5357 1522 5414 innotescere
1565 5375 1969 5430 procuramus.

330 5449 406 5505 De
431 5447 883 5520 metropolitano
909 5446 1200 5520 siquidem
1241 5445 1581 5518 metropolis
1613 5447 1970 5504 Rhemorum

299 5540 312 5547 ’
327 5536 592 5594 Ecclesiae
606 5538 734 5610 jam
757 5535 1001 5610 quaestio
1040 5536 1246 5604 fuerat,
1273 5534 1426 5591 sicut
1444 5534 1505 5590 in
1526 5534 1707 5608 gestis
1729 5535 1970 5610 synoda-

324 5625 439 5691 bus
481 5625 586 5702 qui
630 5625 880 5688 voluerit
933 5624 1168 5706 plenius
1221 5623 1480 5687 invenire
1527 5623 1763 5689 valebit.
1803 5625 1968 5694 Resi-

2105 3314 2325 3384 synodo
2357 3331 2524 3370 suam
2559 3319 2648 3371 est
2694 3315 2971 3388 dignatus
3029 3315 3298 3372 exhibere
3355 3315 3760 3388 praesentiam,

2103 3402 2258 3474 apud
2320 3403 2655 3460 Suessionis
2711 3404 3030 3473 civitatem,
3059 3403 3119 3460 in
3151 3404 3509 3460 monasterio
3559 3405 3761 3461 sancti

2101 3490 2362 3546 Medardi
2385 3492 2738 3550 confessoris
2759 3492 2996 3560 Christi,
3019 3493 3173 3565 quod
3199 3491 3377 3550 situm
3407 3493 3577 3549 estin
3611 3494 3763 3550 sub-

2102 3579 2471 3653 urbioipsius
2507 3580 2778 3650 civitatis,
2803 3582 2862 3638 in
2883 3581 3128 3639 ecclesia
3155 3599 3286 3655 qua:
3317 3586 3406 3639 est
3436 3582 3496 3638 in
3527 3581 3762 3639 honore

2099 3675 2314 3724 sanctae
2338 3669 2641 3726 Trinitatis
2660 3676 3066 3740 sacrata,anno
3083 3671 3502 3728 [ncarnationis
3513 3671 3763 3728 Domini

2101 3758 2282 3812 nostri
2327 3759 2467 3814 Jesu
2520 3759 2735 3816 Christi
2769 3775 3028 3827 ncccuu,
3062 3777 3214 3816 anno
3245 3759 3419 3816 etiam
3442 3761 3573 3832 jam
3608 3760 3760 3816 dicti

2097 3846 2379 3918 principis
2429 3847 2626 3903 Karoli
2671 3865 2775 3903 xm
2807 3848 3128 3905 Indictione
3175 3849 3388 3921 prima,
3418 3866 3476 3904 v1
3499 3847 3760 3905 Kalend.

2097 3935 2252 3990 Maii.
2287 3935 2438 3990 Dum
2487 3937 2752 4008 quaedam
2797 3937 3193 3994 ecclesiastica
3221 3941 3280 3992 et
3310 3936 3764 4010 pernecessaria

2095 4023 2326 4095 negotia
2352 4024 2410 4080 in
2433 4025 2636 4080 eadem
2659 4026 2880 4098 synodo
2903 4026 3324 4082 ventilarentur
3343 4030 3402 4082 et
3422 4026 3766 4083 diffiniren-

2091 4116 2207 4179 tur,
2233 4111 2432 4168 habita
2460 4118 2551 4168 est
2572 4113 2716 4169 ratio
2739 4113 2810 4168 de
2830 4113 3196 4170 ordinatione
3224 4114 3412 4187 ipsius
3444 4113 3764 4172 Hincmari

2092 4201 2522 4274 metropolitani
2543 4201 2896 4259 Rhemorum
2916 4203 3172 4276 episcopi
3185 4203 3285 4276 qui
3303 4203 3584 4276 quoniam
3600 4205 3761 4272 Eho,

2091 4289 2192 4361 qui
2203 4291 2467 4361 ejusdem
2482 4291 2639 4347 sedis
2652 4291 3128 4364 archiepiscopus
3139 4293 3346 4361 fuerat,
3361 4291 3554 4348 adhuc
3589 4293 3762 4350 vive-

2089 4378 2208 4446 bat,
2234 4379 2540 4435 dicebatur
2559 4396 2593 4434 a
2614 4379 2968 4451 quibusdam
3009 4385 3211 4437 contra
3235 4379 3468 4454 regulas
3497 4382 3762 4438 canoni-

2089 4485 2188 4524 cas
2209 4467 2704 4524 ordinatus.Unde
2723 4468 3088 4524 ordinatores
3107 4468 3420 4542 ipsiustale
3431 4469 3765 4528 reddidere

2089 4556 2860 4630 responsum.Theodericus
2880 4558 3038 4612 enim
3061 4557 3500 4615 Cameracensis
3517 4561 3766 4631 episco-

2091 4663 2204 4718 pus
2225 4645 2346 4700 haec
2368 4662 2494 4718 qua:
2517 4643 2847 4718 sequuntur
2865 4645 3129 4702 libellum
3151 4646 3456 4720 porrigens
3467 4648 3762 4720 protulit.

2087 4735 2220 4803 Leo,
2253 4734 2465 4806 inquit,
2498 4751 2649 4806 papa
2679 4735 2738 4789 in
2760 4733 3007 4790 decretis
3037 4736 3162 4792 suis
3191 4735 3264 4791 ad
3296 4734 3611 4809 episcopos
3646 4753 3767 4810 per

2086 4823 2499 4879 Caesariensem
2525 4823 2934 4879 Mauritaniam
2963 4823 3446 4891 constitutos,aut
3473 4825 3770 4883 confuta-

2084 4917 2343 4979 tum,aut
2371 4917 2524 4968 certe
2551 4913 2884 4969 confessum
2907 4913 3079 4984 jubet
3103 4913 3409 4986 subiacere
3429 4915 3767 4972 sententia

2083 5000 2166 5056 ita
2209 5001 2410 5057 dicens
2461 5003 2654 5073 (epist.
2684 5004 2777 5070 87,
2807 5018 2936 5072 cap.
2969 5005 3026 5071 2)
3058 5019 3072 5057 :
3134 5026 3162 5053 «
3194 5003 3503 5074 Adjectum
3550 5003 3770 5062 etiam

2082 5089 2228 5144 illud
2260 5094 2368 5158 est,
2419 5091 2574 5161 quod
2616 5090 2753 5146 huic
2781 5096 2996 5147 temere
3025 5091 3444 5148 subordinatus
3473 5107 3615 5149 esse
3651 5109 3768 5152 co-

2081 5177 2400 5251 gnoscitur,
2417 5178 2516 5250 qui
2547 5197 2662 5234 non
2693 5179 2895 5237 debuit
2923 5180 3182 5236 ordinari
3211 5185 3530 5254 antequam
3559 5181 3775 5258 Lupi-

2081 5266 2250 5323 cinus
2271 5267 2328 5322 in
2353 5268 2621 5340 praesenti
2655 5269 2902 5342 positus,
2926 5274 3031 5326 aut
3059 5271 3418 5339 confutatus,
3441 5274 3545 5326 aut
3574 5278 3772 5330 certe

2082 5360 2404 5424 confessus,
2457 5359 2618 5428 juste
2676 5363 2874 5430 posset
2929 5359 3235 5431 subjacere
3291 5357 3638 5426 sententia,
3692 5367 3775 5420 ut.

2078 5450 2380 5502 vacantem
2404 5445 3126 5519 locum,quemadmodum
3138 5445 3450 5520 disciplina
3459 5445 3776 5509 ecclesia-

2079 5536 2226 5592 stica
2254 5533 2450 5610 exigit,
2483 5533 2534 5591 is
2563 5535 2664 5608 qui
2694 5537 3147 5594 consecrabatur
3187 5535 3490 5610 acciperet.
3528 5557 3560 5586 »
3599 5537 3773 5601 Jam

2077 5625 2150 5689 de
2161 5623 2552 5688 convincenda
2573 5623 2826 5706 qualiter
2850 5625 3114 5694 accusari
3130 5628 3188 5687 et
3201 5622 3466 5692 convinci
3488 5623 3772 5716 debeat,
