3962 6178
331 326 444 390 391

1265 318 1562 383 IIINCMA
1575 320 1650 380 ll]
1699 318 1918 380 BHEM
1925 317 2025 380 EN
2033 317 2146 378 SIS
2194 319 2807 382 ARCHIEPISGOPI.

3610 320 3720 388 κθ

331 445 508 502 scopo
546 427 907 494 Treverensi,
941 425 1178 484 Fulconi
1227 427 1328 499 qui
1379 443 1682 484 successor
1729 426 1790 484 in
1838 426 1975 484 sede
2003 426 2059 494 Α
2089 425 2482 499 postulabant,
2517 431 2582 482 ut
2610 443 2708 484 eos
2739 424 3112 495 reconciliare
3141 441 3207 482 ac
3235 423 3481 500 pallium
3511 423 3596 481 eis
3625 426 3722 481 tri-

331 517 647 574 Rhemensi
678 515 894 572 Ebonis
925 515 1116 572 fuerat
1145 509 1510 589 designatus.

401 606 520 662 Hoc
547 611 741 662 autem
775 605 856 661 ita
882 621 1082 661 verum
1116 621 1244 660 esse
1272 609 1338 660 ut
1367 605 1639 672 dicimus,
1664 603 1842 660 etiam
1874 603 1976 676 qui

327 695 612 766 Annalem
645 694 864 751 domini
890 693 1164 750 Ludovici
1183 693 1556 768 imperatoris
1576 693 1882 749 historiam
1905 693 1975 748 de

330 801 482 839 anno
513 800 801 840 ncccxxxv
827 783 1142 840 Dominicze
1159 783 1314 840 826
1336 781 1760 838 Incarnationis
1792 780 1973 837 revol-

326 873 495 940 verit,
546 871 860 928 manifesta
903 870 1150 928 lectione
1201 871 1534 943 comperiet.
1571 870 1878 937 Caeterum,
1909 874 1975 926 ut

329 959 745 1035 praemisimus,
769 961 839 1016 de
861 959 1198 1032 hujusmodi
1223 959 1400 1018 unius
1420 959 1849 1033 subscriptione
1870 977 1972 1032 pro

329 1049 624 1118 omnibus,
649 1049 802 1106 sicut
822 1048 917 1104 hic
937 1049 1118 1105 Jonas
1140 1048 1449 1122 episcopus
1471 1053 1676 1122 rogatu
1707 1049 1973 1104 omnium

329 1155 524 1196 coram
556 1139 832 1194 omnibus
861 1143 919 1195 et
938 1155 1041 1211 pro
1071 1137 1346 1194 omnibus
1369 1155 1548 1194 manu
1575 1137 1788 1194 notarii
1809 1155 1977 1212 syno-

329 1225 480 1284 dalis
509 1227 646 1301 egit,
679 1225 780 1300 qui
809 1225 1011 1300 legerit
1047 1227 1105 1281 in
1137 1225 1382 1282 concilio
1419 1225 1709 1295 Africano,
1744 1243 1871 1299 cap.
1903 1227 1975 1281 52

328 1321 385 1372 et
413 1333 542 1389 cap.
572 1318 644 1372 60
673 1315 1034 1373 sufficienter
1059 1315 1326 1388 reperiet.
1359 1315 1506 1382 Quia
1537 1320 1732 1372 autem
1765 1314 1972 1387 hujus-

328 1405 487 1461 modi
504 1403 753 1461 libellari
769 1405 1335 1476 confessione,quam
1354 1404 1520 1476 sequi
1539 1404 1708 1460 debet
1725 1403 1971 1476 propria;

329 1511 541 1550 manus
573 1493 950 1566 subscriptio,
985 1492 1292 1566 episcopus
1325 1493 1583 1564 corporis
1613 1492 1732 1548 sive
1762 1493 1971 1549 animae

327 1581 668 1636 inﬁrmitate
688 1583 982 1652 gravatus,
998 1585 1062 1634 ut
1079 1597 1194 1635 non
1217 1581 1423 1636 debeat
1442 1579 1528 1636 vel
1552 1598 1666 1637 non
1691 1581 1879 1652 possit
1898 1581 1970 1636 ad

327 1669 720 1726 ministerium
753 1687 984 1748 sacrum
1017 1687 1384 1744 consurgere,
1417 1687 1452 1726 a
1481 1671 1616 1726 sede
1653 1669 1970 1744 episcopali

325 1764 378 1816 et
410 1759 732 1816 sacerdotio
765 1759 974 1814 debeat
1004 1759 1304 1827 removeri,
1330 1765 1387 1815 et
1417 1759 1477 1814 in
1506 1759 1632 1816 loco
1663 1761 1790 1830 ejus
1821 1759 1972 1817 alius
1999 1801 2046 1868 Β

333 1867 343 1868 κ
401 1849 415 1868 ι
446 1867 449 1868 ν
483 1849 630 1868 κμκηο
675 1854 710 1868 γι
751 1866 787 1868 _,
820 1848 882 1868 .19,
919 1847 993 1868 _,!
1043 1848 1094 1868 ΞΛ
1137 1847 1507 1868 jA-_,-n_lfI.,,_
1557 1847 1803 1868 -,,9.A,l!,
1857 1866 1940 1868 γέ--

327 1849 630 1922 subrogari
663 1854 718 1905 et
741 1847 1018 1916 ordinari,
1043 1848 1102 1903 in
1130 1847 1518 1905 decretalibus
1549 1847 1811 1922 epistolis
1841 1866 1973 1922 apo-

326 1939 542 1995 stolica:
563 1937 722 1993 sedis
739 1937 1082 2010 pontiﬁcum
1099 1936 1574 2009 frequentissime
1597 1937 1976 2006 invenitur,ct

327 2027 534 2082 beatus
551 2026 862 2098 Gregorius
873 2026 934 2081 in
947 2025 1072 2082 suis
1085 2025 1384 2082 multoties
1397 2026 1665 2099 designat
1685 2027 1968 2100 epistolis,

328 2115 564 2171 sicutad
577 2114 605 2169 .l
617 2131 864 2170 oannem
878 2114 1451 2172 l’rimm-Justinianaa
1467 2115 1971 2188 archiepiscopum

328 2205 399 2259 de
421 2203 690 2275 Paulo,et
712 2203 784 2258 ad
808 2203 1134 2260 Marianum
1159 2204 1498 2276 episcopum
1521 2205 1968 2274 Ravennatium,

327 2299 384 2348 et
406 2293 478 2347 ad
501 2291 720 2348 clerum
746 2310 812 2348 ac
831 2291 1878 2364 plebem,Ariminensiummecnonct
1899 2295 1971 2350 ad

325 2382 660 2438 Anatolium
693 2382 1026 2452 diaconum,
1060 2387 1118 2438 et
1145 2383 1218 2438 ad
1251 2381 1574 2438 zEtherium
1607 2383 1967 2455 episcopum,

326 2475 501 2544 atque
519 2471 591 2527 ad
613 2471 1060 2527 Brunechildem
1075 2470 1335 2545 reginam
1350 2472 1418 2526 de
1433 2472 1664 2528 inﬁrmo
1676 2473 1967 2545 episcopo,

325 2565 382 2617 et
409 2559 674 2616 Zosimus
703 2561 774 2616 de
807 2557 1069 2616 Proculo.
1093 2561 1157 2616 1n
1188 2560 1452 2632 epistolis
1475 2578 1707 2633 quoque
1727 2561 1970 2616 Joannis

325 2667 486 2724 papa:
508 2649 578 2706 de
608 2645 1028 2704 contumelioso
1059 2649 1472 2722 cpiscopo.Sod
1494 2655 1552 2705 et
1573 2650 1631 2704 in
1658 2649 1971 2706 Gallicanis

326 2739 650 2796 canonibus
683 2740 752 2795 de
784 2739 1044 2794 Potamio
1075 2739 1460 2795 Braccarense
1509 2739 1966 2812 archiepiscopo,

325 2833 382 2885 et
409 2829 630 2902 synodo
659 2827 970 2892 Valentius
999 2827 1296 2884 evidenter
1324 2829 1754 2902 agnoscitur.Et
1775 2829 1846 2885 de
1868 2828 1972 2884 hu-

315 2917 581 2990 jusmodi
640 2917 1003 2974 confessione
1062 2918 1172 2973 Leo
1230 2917 1290 2972 in
1354 2917 1627 2974 decretali
1679 2920 1854 2991 (epist.
1917 2920 1970 2989 1)

325 3007 395 3062 ad
427 3007 729 3064 universos
759 3007 1062 3080 episcopos
1087 3024 1188 3079 per
1210 3005 1610 3078 Campaniam,
1637 3007 1965 3077 Samnium,

323 3101 384 3152 et
412 3096 686 3152 Picenum
717 3097 1014 3153 evidenter
1030 3083 1583 3166 demonstrat,sicut
1602 3095 1702 3168 qui
1724 3095 1971 3151 voluerit

2087 517 2262 572 buerc
2295 515 2652 588 dignaretur.
2680 539 2708 566 »
2733 518 2888 582 Quos
2916 517 3092 572 etiam
3123 515 3277 570 idem
3307 515 3455 572 327
3493 513 3722 588 praesul,

2086 623 2191 662 nec
2222 604 2696 662 communionem
2727 605 2878 662 inter
2907 604 3147 660 clericos
3174 603 3381 678 dignos
3400 619 3535 662 esse
3550 604 3725 662 susci-

2084 712 2218 768 pere
2249 695 2494 763 dicebat,
2529 695 2631 752 sed
2663 694 2814 750 inter
2841 710 3213 750 communem
3241 696 3523 766 populum
3568 709 3720 752 com-

2085 783 2423 840 municandi
2455 783 2749 840 licentiam
2781 782 3186 838 tantummodo
3216 779 3518 838 haberent.

2155 875 2472 930 Transacto
2491 877 2685 928 autem
2707 871 2968 928 decennii
2991 876 3250 944 tempore
3270 875 3402 950 post
3421 869 3723 944 depositio.-

2083 981 2216 1020 nem
2238 961 2426 1036 ipsius
2446 961 3081 1030 Ebonis,convenerunt
3097 959 3354 1033 episcopi
3369 959 3719 1037 Rhemorum

2083 1053 2396 1110 dioeceseos
2427 1051 2500 1107 ad
2541 1050 2830 1125 synodum
2879 1049 3316 1108 Belvacensium
3363 1047 3633 1118 civitatis,
3667 1054 3723 1105 et

2082 1141 2462 1199 obtinuerunt
2489 1155 2780 1196 consensu
2811 1139 3010 1196 domni
3051 1136 3240 1194 Caroli
3287 1137 3443 1212 regis
3486 1135 3731 1212 gloriosi"

2081 1228 2396 1300 quemdam
2415 1244 2483 1282 ex
2501 1226 2735 1282 dioecesi
2753 1227 2862 1284 Sen
2872 1225 3059 1296 nensi,
3073 1229 3129 1282 et
3149 1225 3394 1298 parzecia
3410 1225 3720 1295 Parisiaca,

2081 1317 2238 1389 apud
2269 1306 2776 1390 archiepiscopum
2805 1320 2864 1372 et
2883 1313 3132 1370 civitatis
3151 1313 3340 1388 ipsius
3361 1314 3722 1388 episcopum,

2081 1411 2434 1480 caeterosque
2465 1405 2772 1478 provinciae
2812 1405 3075 1478 ejusdem
3126 1405 3518 1480 coepiscopos,
3551 1403 3724 1461 Hinc-

2080 1512 2312 1552 marum
2329 1494 2675 1552 venerabilis
2693 1493 3028 1550 monasterii
3049 1498 3386 1552 sanctorum
3400 1497 3724 1568 martyrum

2079 1583 2339 1658 Dionysii
2371 1584 2779 1656 sociorumque
2807 1583 2936 1656 ejus
2969 1582 3340 1652 monachum,
3374 1599 3549 1656 quem
3587 1600 3726 1640 cum

2079 1673 2309 1730 decreto
2331 1673 2610 1730 canonico
2631 1671 2768 1731 cieri
2789 1678 2846 1729 et
2864 1671 3050 1746 plebis
3071 1671 3429 1728 Rbemornm
3454 1671 3725 1728 Ecclesia:

2079 1763 2268 1819 eidem
2291 1762 2598 1836 metropoli
2619 1761 3036 1818 ordinaverunt
3051 1760 3574 1834 episcopum,sicut
3586 1760 3726 1816 dia:-

2079 1865 2276 1908 ccseos
2293 1852 2648 1908 Rhemorum
2665 1837 2922 1924 episcopi
2936 1849 2994 1906 in
3013 1851 3252 1924 praefata
3268 1849 3488 1924 synodo
3498 1849 3728 1910 eviden-

2079 1940 2326 1997 tissimis
2355 1946 2413 1996 et
2434 1939 2803 2014 regularibus
2833 1939 3188 1996 studuerunt
3212 1938 3516 1996 ostendere
3543 1938 3726 1994 docu-

2081 2029 2294 2086 mentis
2328 2047 2341 2086 :
2377 2030 2516 2102 quia
2547 2035 2610 2085 ut
2637 2028 2697 2084 in
2728 2027 2976 2102 epistola
3005 2029 3076 2085 ad
3119 2027 3342 2084 clerum
3393 2032 3450 2085 et
3493 2027 3727 2100 plebem

2079 2119 2496 2174 consistentem
2532 2117 2768 2190 Neapoli
2801 2123 3060 2185 sanctus,
3087 2116 3231 2173 dicit
3257 2115 3569 2190 Gregorius
3599 2116 3726 2189 (lib.

2079 2209 2294 2280 Epist.),
2328 2207 2626 2263 canonicis
2666 2211 2756 2264 est
2799 2206 3018 2280 regulis
3066 2206 3474 2274 constitutum,
3508 2209 3591 2273 ut,
3623 2206 3728 2262 de-

2079 2297 2278 2352 functo
2318 2296 2404 2352 vel
2450 2295 2684 2352 sublato
2733 2301 2984 2369 pastore,
3020 2295 3121 2350 diu
3169 2295 3466 2364 sacerdote
3519 2295 3732 2351 civitas

2079 2385 2292 2458 privari
2323 2403 2439 2441 non
2461 2387 2686 2441 debeat.
2712 2385 2913 2440 Castori
2939 2389 3133 2440 autem
3156 2384 3343 2456 ipsius
3365 2384 3728 2440 Rhemorum

2078 2475 2391 2531 dioeceseos
2423 2474 2702 2547 episcopi,
2737 2473 2788 2528 si
2819 2474 2889 2530 de
2919 2475 3198 2530 canonico
3229 2473 3432 2530 habitu
3462 2479 3614 2534 nutu
3637 2473 3724 2530 di-

2077 2563 2208 2620 vino
2241 2565 2313 2620 ad
2345 2563 2732 2636 episcopalem
2764 2563 3027 2619 ordinem
3060 2580 3268 2619 sumus
3306 2563 3621 2634 assumpti,
3655 2563 3725 2620 de

2078 2654 2234 2709 notis
2274 2652 2930 2732 Ecclesiishsecundum
2978 2652 3162 2707 sacris
3209 2651 3427 2724 regulis
3477 2653 3728 2710 modum

2077 2744 2400 2814 praeﬁxum,
2434 2741 2560 2798 sine
2591 2741 3011 2798 interventione
3057 2740 3302 2797 indebiti
3333 2740 3597 2800 muneris
3627 2759 3730 2798 or-

2077 2830 2263 2887 dinati
2294 2830 2600 2887 existimus
2634 2847 2646 2888 :
2681 2835 2738 2886 et
2767 2829 2817 2887 si
2848 2831 2919 2886 de
2969 2829 3314 2887 monachica
3354 2829 3728 2892 institutione

2077 2936 2286 2976 sumus
2315 2919 2571 2992 expetiti,
2596 2919 2917 2976 secundum
2953 2917 3276 2975 doctrinam
3303 2919 3611 2975 beatorum
3635 2918 3728 2975 Si-

2076 2995 2202 3064 ricii
2234 3015 2408 3082 atque
2438 3008 2670 3077 Gelasii,
2697 3009 2982 3081 juxtaque
3012 3007 3243 3080 regulas
3273 3011 3474 3064 sancto
3496 3006 3728 3080 Spiritu

2075 3098 2500 3172 promulgatas,
2527 3099 2600 3154 ad
2619 3098 2884 3155 ordinem
2915 3097 3286 3170 episcopatus
3311 3113 3444 3152 cum
3467 3114 3730 3170 praesen-

323 3182 512 3257 legere
543 3183 892 3258 praevalebit.
925 3186 996 3240 Et
1027 3190 1155 3256 post
1202 3184 1323 3240 haec
1371 3185 1571 3240 omnia
1621 3185 1805 3240 isdem
1846 3186 1964 3241 Ebo
1996 3174 2038 3240 C
2077 3186 2158 3242 tia
2185 3191 2242 3242 et
2270 3187 2638 3244 ordinatione
2663 3186 3084 3260 archiepiscopi
3105 3185 3294 3260 gratia
3313 3186 3510 3242 divina
3528 3203 3734 3260 perue-

323 3273 622 3344 quondam
653 3269 964 3344 episcopus
993 3271 1258 3332 libellum
1293 3272 1648 3344 pmnitentia:
1678 3273 1878 3339 edidit,
1907 3273 1966 3328 in

323 3377 440 3431 quo
472 3361 720 3416 crimina
747 3377 876 3430 qua:
907 3362 1210 3417 confessus
1243 3365 1414 3416 antea
1435 3360 1876 3432 suisjudicibus
1901 3377 1968 3417 ac

321 3447 574 3504 testibus
607 3449 791 3504 fuerat
811 3448 1026 3521 scripto
1045 3450 1333 3522 exposuit,
1349 3467 1452 3522 pro
1474 3451 1689 3522 quibus
1710 3468 1771 3506 se
1793 3452 1968 3523 pomi-

322 3537 569 3593 tentiam
597 3542 940 3614 septenncm
965 3537 1152 3612 egisse
1184 3539 1550 3611 conscripsit,
1578 3543 1636 3595 et
1667 3540 1823 3594 hunc
1874 3557 1965 3596 sa-

321 3625 671 3684 tisfactionis
701 3626 965 3683 libellum
997 3625 1058 3680 in
1088 3627 1345 3684 Ecclesia
1374 3627 1688 3684 Rhcmcnsi
1735 3627 1966 3700 publice

323 3716 601 3785 recitavit,
626 3734 799 3788 quem
823 3717 1106 3772 hactenus
1137 3715 1438 3789 diligentia
1463 3717 1809 3774 lthcmensis
1831 3719 1968 3773 scri-

323 3804 407 3861 nii
435 3805 589 3861 inter
617 3805 730 3860 alia
761 3810 928 3878 gesta
957 3806 1232 3860 custodit.
1256 3807 1324 3862 Et
1343 3806 1452 3861 hoc
1476 3807 1646 3862 modo
1667 3807 1968 3880 depositus

323 3893 707 3966 apostolicam
737 3895 934 3950 sedem
964 3899 1020 3948 et
1050 3911 1261 3968 papam
1294 3895 1560 3970 Sergium
1599 3896 1764 3952 adiit.
1797 3897 1965 3968 Apud

322 3999 520 4055 quem,
552 3983 706 4038 sient
733 3981 791 4037 in
821 3983 1012 4039 Gestis
1043 3984 1476 4056 poutiticalibus
1507 3985 1689 4041 lector
1717 3987 1967 4058 quisque

245 4051 260 4071 ’
321 4051 594 4144 praevalet
623 4071 900 4140 invenire,
931 4051 1350 4128 ista—obtinuit.
1377 4073 1466 4130 .lta
1495 4073 1652 4128 enim
1683 4051 1766 4128 ib-i
1796 4051 1968 4129 ad-lo-

323 4177 458 4216 cum
487 4160 774 4234 scriptum
808 4165 934 4216 est:
965 4184 985 4211 α
1018 4161 1120 4218 llis
1141 4162 1322 4234 igitur
1343 4162 1965 4235 peractis,prazdictum

319 4251 760 4324 postulaverunt
771 4251 1414 4324 pontiﬁcem,utomncs
1425 4253 1706 4325 primates
1719 4253 1966 4308 Romani

322 4339 660 4397 ﬁdelitatem
684 4339 796 4413 ipsi
819 4340 1110 4396 Ludovico
1127 4340 1246 4414 regi
1266 4357 1370 4413 per
1385 4345 1818 4397 sacramentum
1841 4359 1968 4414 pro-

322 4427 651 4499 mitterent;
675 4429 830 4502 quod
855 4429 1354 4501 prudentissimus
1373 4428 1587 4502 praesul
1608 4429 1732 4486 ﬁeri
1753 4447 1966 4503 nequa-

2078 3275 2296 3332 nimus.
2331 3277 2512 3332 Sicuti
2543 3294 2663 3332 una
2681 3293 2820 3336 cum.
2839 3277 3040 3333 eodem
3064 3275 3498 3348 archiepiscopo
3519 3280 3734 3332 nostro

2077 3365 2170 3420 cui
2203 3366 2529 3422 secundum
2562 3371 2840 3438 quartum
2871 3363 3194 3438 capitulum
3225 3362 3442 3420 Μειωηί
3487 3363 3733 3421 concilii

2076 3451 2322 3508 firmitas
2347 3469 2550 3508 eorum
2582 3469 2710 3526 quae
2759 3456 3044 3526 geruntur
3091 3467 3194 3523 per
3239 3466 3735 3530 unamquamque

2075 3539 2431 3614 provinciam
2463 3546 2528 3598 ut
2557 3541 3003 3616 metropolitano
3033 3544 3125 3596 est
3152 3539 3376 3598 tributa
3422 3539 3730 3613 episcopo,

2076 3630 2310 3704 scriptis
2331 3629 2627 3686 canonicis
2648 3631 3048 3686 demonstrare
3067 3627 3348 3685 velcmus.
3364 3629 3543 3686 Sedet
3564 3629 3736 3702 prin-

2075 3737 2210 3793 ceps
2241 3725 2458 3789 noster,
2491 3718 2902 3776 ecclesiasticis
2929 3718 3148 3791 regulis
3179 3717 3479 3773 humiliter
3508 3717 3732 3774 subdi-

2074 3813 2190 3875 tus,
2207 3809 2388 3881 justis
2405 3813 2460 3864 et
2476 3807 2920 3864 rationabilibus
2942 3807 3310 3864 sacerdotum
3340 3805 3736 3879 petitionibus

2074 3897 2449 3954 devotissime
2477 3897 2703 3966 annuit,
2736 3902 2794 3953 et
2823 3901 2888 3952 ut
2922 3895 3220 3970 regulares
3265 3913 3333 3952 ac
3379 3893 3739 3968 regulariter

2075 3989 2419 4044 ordinentur
2445 3985 2723 4060 episcopi,
2757 3991 2814 4042 et
2833 3985 3226 4042 ministerium
3259 4001 3433 4040 suum
3464 3983 3584 4040 Deo
3606 3983 3739 4056 pla-

2075 4077 2186 4133 cite
2246 4080 2544 4150 peragant,
2597 4075 2860 4144 favendo,
2914 4073 3226 4143 monendo,
3277 4078 3334 4130 et
3389 4073 3739 4146 adjuvando

2075 4165 2196 4240 agit
2224 4171 2282 4222 et
2311 4165 2436 4239 ipse
2467 4163 2630 4220 satis.

2146 4255 2291 4324 Quia
2319 4270 2451 4310 vero
2482 4252 2767 4326 scriptum
2799 4253 2999 4321 est,Nc
3027 4251 3348 4325 respondeas
3375 4251 3538 4309 stulto
3556 4253 3746 4324 juxta

2073 4345 2575 4411 stultitiam‘suam,
2605 4359 2675 4399 ne
2701 4343 2905 4398 similis
2934 4343 2988 4398 ei
3015 4343 3302 4415 efﬁciaris,
3331 4346 3392 4400 et
3418 4357 3553 4396 mox
3585 4341 3743 4398 sub-

2075 4433 2361 4506 scriptum
2391 4436 2500 4500 est,
2534 4431 2808 4504 Responde
2833 4432 2994 4488 stulto
3012 4433 3181 4504 juxta
3219 4431 3512 4488 stultitiam
3539 4446 3743 4496 suam,

323 4534 501 4590 quam
531 4517 840 4588 concessit,
863 4521 920 4574 et
941 4518 1032 4574 sic‘
1055 4535 1224 4575 orsus
1258 4523 1348 4575 est
1371 4518 1489 4575 illis
1513 4535 1526 4574 :
1553 4519 1699 4586 Quia
1719 4519 1767 4574 si
1789 4519 1966 4576 vultis
1997 4547 2042 4612 Β
2072 4539 2142 4579 ne
2187 4523 2297 4578 sibi
2350 4523 2568 4596 sapiens
2619 4537 2733 4577 esse
2784 4520 3034 4578 videatur
3085 4522 3266 4593 (Prov.
3307 4537 3422 4593 XVI,
3454 4519 3531 4593 4),
3565 4520 3743 4593 quod

323 4607 538 4662 domno
567 4605 840 4662 Lothario
867 4624 1082 4681 magno
1112 4607 1448 4680 imperatori
1481 4608 1589 4664 hoc
1632 4625 1966 4665 sacramen-

321 4698 452 4752 tum
469 4699 536 4750 ut
547 4695 760 4752 faciant
772 4693 1468 4765 solummodo,conscntio
1481 4702 1654 4770 atque
1665 4699 1960 4770 permitto.

321 4785 468 4841 Nam
500 4784 792 4840 Ludovico
822 4785 950 4854 ejus
981 4784 1099 4840 lilio
1133 4792 1195 4839 ut
1222 4785 1331 4840 hoc
1360 4791 1804 4860 peragatur,nec
1834 4805 1961 4860 ego,

322 4890 429 4930 nec
459 4871 738 4930 nobilitas
767 4873 1164 4930 Romanorum
1195 4874 1502 4931 consentit.
1529 4877 1692 4931 Tunc
1722 4877 1962 4934 demum

321 4962 383 5020 in
413 4964 617 5020 eadem
638 4961 896 5019 Ecclesia
919 4963 1186 5020 sedentes
1207 4962 1424 5036 pariter
1443 4969 1562 5020 tam
1587 4965 1964 5026 beatissimus

321 5053 600 5128 pontifex,
625 5069 802 5125 quam
826 5069 1076 5125 magnus
1101 5070 1214 5122 rex,
1239 5058 1296 5108 et
1318 5069 1522 5110 omnes
1540 5053 1962 5128 archiepiscopi

323 5146 499 5216 atque
529 5141 808 5214 episcopi,
842 5142 1136 5199 stantibus
1167 5141 1409 5214 reliquis
1457 5142 1878 5213 sacerdotibus,
1911 5148 1968 5200 et

322 5232 722 5288 Romanorum
743 5248 809 5287 ac
825 5231 1182 5287 Francorum
1207 5231 1612 5304 optimatibus,
1627 5231 1966 5288 ﬁdelitatem

321 5321 595 5378 Lothario
625 5337 838 5393 magno
861 5320 1195 5392 imperatori
1215 5338 1448 5394 semper
1466 5323 1726 5395 Augusto
1749 5322 1966 5394 promi-

324 5426 454 5470 seru
464 5415 548 5468 nt.
573 5411 708 5467 Post
729 5409 851 5467 haec
871 5427 1025 5478 vero,
1041 5411 1159 5466 Ebo
1177 5411 1418 5483 quidam
1436 5415 1493 5467 et
1509 5410 1967 5468 Bartholomaeus

323 5499 871 5574 archiepiscopi,qui
889 5516 993 5573 pro
1009 5499 1356 5556 criminibus
1374 5499 1498 5556 suis
1520 5499 1729 5572 privati
1750 5499 1968 5558 honore

325 5589 396 5652 ab
427 5587 686 5649 Ecclesia
722 5590 956 5651 fuerant
1003 5589 1253 5668 expulsi,
1286 5587 1658 5648 sanctissimo
1704 5590 1968 5667 pontiﬁci

2078 4618 2396 4685 utrumque
2450 4611 2757 4668 observare
2802 4609 3034 4679 valebit,
3066 4609 3168 4682 qui
3210 4615 3467 4683 tempus,
3500 4607 3744 4681 locum,

2073 4715 2768 4776 personam,causamque
2785 4700 3110 4757 secundum
3129 4699 3416 4756 rationem
3440 4699 3750 4757 discreve-

2073 4792 2170 4860 rit,
2203 4789 2570 4862 quiscunque
2599 4787 2760 4857 talia,
2792 4788 2946 4844 sicut
2987 4787 3409 4845 catholicorum
3453 4787 3750 4847 doctrina

2073 4881 2486 4953 redarguentcs
2503 4894 2682 4950 supra
2692 4877 3079 4946 ostendimus,
3095 4881 3300 4934 contra
3309 4880 3531 4934 rectam
3541 4877 3749 4941 ﬁdem

2073 4969 2330 5042 scripsit,
2349 4972 2554 5024 contra
2569 4965 2958 5040 episcopalem
2974 4965 3382 5023 auctoritatem
3398 4969 3566 5022 tanta
3585 4983 3752 5039 prae-

2074 5057 2350 5131 sumpsit,
2370 5057 2441 5113 de
2457 5056 2762 5130 principali
2783 5055 3318 5130 dignitateindigna
3347 5053 3749 5128 signiﬁcavit,

2073 5151 2254 5220 ponat
2269 5163 2332 5203 se
2349 5151 2482 5201 ante
2500 5163 2582 5213 se,
2600 5150 2658 5204 et
2675 5145 2746 5201 ab
2767 5145 2912 5219 ipsis
2943 5144 3293 5201 rudimentis
3323 5143 3585 5201 infantis:
3605 5143 3756 5204 vias

2075 5252 2387 5310 gressuum
2419 5251 2662 5292 suorum
2701 5235 2936 5308 cogitet,
2969 5239 3026 5290 et
3055 5251 3170 5306 quo
3220 5233 3428 5290 itinere
3476 5233 3552 5288 ad
3607 5232 3756 5292 haec

2076 5342 2202 5398 qua:
2227 5327 2386 5380 tenet
2415 5323 2739 5398 pervenerit
2777 5322 3020 5380 solerter
3067 5322 3362 5397 inspiciat,
3392 5320 3637 5393 sibique
3668 5321 3758 5378 ad

2075 5420 2310 5486 tempus
2327 5413 2596 5470 consulat
2613 5414 2754 5469 dum
2771 5417 2980 5486 potest,
2996 5430 3069 5470 ne
3087 5411 3391 5468 commode
3406 5427 3526 5468 non
3535 5412 3761 5482 possit

2075 5502 2592 5559 cumincommode
2603 5501 3079 5560 fortassisvolens
3090 5501 3411 5574 nolensque
3421 5501 3758 5574 sategerit.

2075 5592 2194 5654 Nos
2219 5595 2422 5655 autem
2447 5607 2736 5652 memores
2765 5591 3079 5670 Scriptura:
3109 5589 3388 5662 dicentis,
3413 5588 3599 5650 ηε.
3645 5592 3762 5652 To-
