3962 6178
234 357 359 422 303

945 359 1047 418 DE
1093 358 1853 420 PRIEDESTINATIONE
1891 357 2412 433 MSERT'ATIO
2453 360 2919 423 POSTERIOR.

3524 369 3646 430 39‘

234 495 350 543 tum
376 488 640 559 spiritum
667 503 830 544 suum
855 490 1066 560 profert
1092 490 1311 557 stultus,
1337 491 1557 562 sapiens
1575 497 1758 545 autem
1776 489 1886 560 dif-
1915 491 1969 569 Α
2001 489 2138 545 stini
2172 494 2328 550 mota
2357 495 2444 544 est
2474 491 2733 557 haeresis,
2765 509 2892 563 quae
2923 493 3137 552 revicta
3185 500 3358 568 atque
3406 498 3644 571 repulsa

230 577 340 645 fert
364 582 418 630 et
443 582 684 630 reservat
723 576 783 629 in
820 583 1098 646 posterum
1127 576 1306 647 (Prov.
1341 594 1492 641 xxxx,
1528 578 1636 644 11),
1670 595 1879 649 quem-

231 679 408 735 quam
439 679 508 718 ex
537 662 775 732 nomine
803 668 862 719 et
890 663 1204 734 manifesta
1244 664 1694 736 reprehensione
1726 666 1879 732 desi-

228 767 409 824 gnare
430 768 544 808 non
565 751 840 807 volumus
863 768 875 808 :
899 753 1153 808 scientes
1171 753 1485 809 Dominum
1509 754 1882 827 signiﬁcatio-

226 841 402 896 nibus
431 839 626 912 potius
657 857 838 913 quam
875 841 1096 913 apertis
1143 842 1569 912 invectionibus
1616 843 1884 915 prodito-.

225 945 350 984 mm
381 928 755 1001 corripuisse,
791 933 857 998 ut
893 931 1166 986 conscius
1208 935 1406 1003 ageret
1453 932 1874 1004 paenitentiam.

223 1019 499 1092 Ideoque,
532 1024 597 1074 ut
625 1018 770 1076 dicit
797 1020 1113 1092 Apostolus
1138 1038 1150 1076 :
1176 1022 1252 1078 Ne
1270 1023 1408 1091 forte
1433 1027 1494 1080 et
1512 1021 1646 1077 huic
1671 1024 1742 1078 de
1762 1039 1886 1094 quo.

221 1105 631 1182 signiﬁcamus
660 1107 749 1164 det
775 1109 1038 1174 Dominus
1071 1113 1447 1182 paenitentiam
1494 1119 1555 1176 ut
1598 1113 1884 1184 resipiscat

221 1197 295 1272 (tl
326 1199 463 1270 Tim.
496 1214 558 1264 ιι,
589 1197 702 1268 24),
737 1200 796 1253 et
825 1203 1027 1271 postea
1058 1200 1323 1271 mordeat
1354 1217 1460 1256 nos
1498 1201 1876 1273 conscientia,

220 1287 551 1341 secundum
570 1285 901 1344 Salomonis
922 1287 1177 1358 edictum
1201 1305 1317 1360 quo
1340 1289 1602 1362 praecipit
1617 1306 1630 1344 :
1647 1289 1782 1358 Quae
1802 1292 1879 1347 υίυ

215 1375 436 1442 derunt,
471 1374 768 1447 inquiens,
799 1377 947 1431 oculi
975 1379 1058 1432 tui
1085 1393 1156 1433 ne
1181 1379 1429 1450 proferas
1460 1379 1521 1433 in
1530 1380 1722 1450 jurgio
1747 1380 1874 1446 cito,

213 1480 283 1520 ne
319 1473 505 1536 postea
550 1465 839 1521 emendare
884 1481 996 1522 non
1043 1470 1238 1538 possit,
1271 1484 1396 1522 cum
1445 1467 1880 1536 dehonestavera

209 1555 458 1628 amicum
505 1562 665 1609 tuum
710 1555 892 1626 (Prov.
921 1571 1051 1620 xxv,
1084 1557 1161 1625 8),
1194 1555 1543 1616 nominatim
1595 1557 1877 1614 denotare

209 1641 384 1702 illum
405 1659 523 1700 non
537 1641 1248 1715 volumus,quem'secund
1259 1661 1359 1700 um
1376 1645 1873 1716 Dominicamjus~

211 1731 444 1787 sionem
477 1736 700 1787 secreto
729 1735 788 1788 et
825 1749 961 1786 cum
1010 1733 1293 1789 adhibitis
1341 1733 1788 1806 corriperemus,
1823 1734 1874 1804 si

210 1837 330 1883 non
367 1820 658 1920 tantisper
687 1825 743 1876 et
772 1819 952 1919 tantis
982 1838 1108 1893 qum
1143 1820 1483 1894 depingitur
1510 1823 1656 1922 foret
1693 1839 1874 1880 causa
1904 1861 1950 1928 Β

209 1907 632 1980 notissima.Dc
654 1926 774 1982 qua
793 1908 1085 1981 siquidem
1109 1915 1447 1982 poteramus
1470 1910 1695 1968 divinas
1717 1911 1872 1983 leges

211 1997 300 2052 sic
328 1998 643 2054 subdendo
675 2002 916 2071 excepta
955 1999 1088 2056 ﬁdei
1141 2016 1321 2057 causa
1367 2006 1728 2056 connectere.
1763 2001 1873 2057 Sed

212 2086 583 2159 superﬂuum
612 2091 701 2144 est
744 2086 904 2159 leges
950 2086 1243 2160 colligere,
1276 2107 1411 2144 cum
1463 2090 1654 2146 adhuc
1705 2107 1874 2147 nemo

210 2191 528 2250 personam
558 2177 758 2232 studet
787 2176 1078 2249 signatius
1101 2178 1525 2234 demonstrare.
1542 2178 1672 2233 Hzec
1693 2178 1762 2233 de
1783 2195 1872 2234 se-

211 2265 401 2335 ptimo
417 2265 529 2320 isto
549 2264 806 2338 capitulo
825 2265 1010 2321 coacti
1033 2265 1416 2337 nolentesque
1437 2267 1870 2338 respondimus,

209 2370 330 2408 non
354 2354 639 2425 jactando
672 2371 779 2409 nos
813 2354 984 2426 quasi
1016 2371 1164 2410 vana
1187 2355 1375 2427 gloria
1397 2355 1695 2427 capti,nec
1718 2355 1874 2414 velut

207 2441 653 2498 stomachantes
682 2447 750 2498 ut
780 2442 920 2498 bilis
949 2442 1426 2516 amaritudinem,
1459 2445 1540 2499 ita
1569 2462 1870 2504 runcarem

207 2530 398 2586 animi
423 2536 630 2606 contra
645 2531 969 2604 quemlibet
991 2533 1467 2604 digerentes.Nec
1489 2534 1644 2589 enim
1669 2539 1758 2590 est
1777 2535 1872 2591 cui

207 2619 537 2684 debeamus
569 2619 767 2687 irasci,
793 2621 934 2694 quia
963 2621 1184 2678 sufﬁcit
1203 2621 1376 2690 nobis
1399 2621 1458 2676 in
1481 2622 1590 2677 hoc
1614 2624 1869 2696 negotio,

209 2723 333 2762 non
356 2706 548 2763 solum
571 2707 812 2765 sincerae
835 2709 1200 2781 conscientiae
1228 2710 1653 2782 testimonium,
1668 2729 1871 2768 verum

209 2800 273 2852 et
289 2795 498 2851 notitia
513 2801 671 2852 certa
690 2796 1075 2870 plurimorum
1100 2797 1590 2854 ﬁdelium.Potius
1605 2805 1694 2855 est
1713 2801 1870 2856 enim

208 2885 672 2963 presumptiosa
687 2884 951 2958 loquenti
968 2887 1470 2959 compatiendum,
1486 2905 1662 2960 quam
1681 2889 1752 2944 de
1769 2889 1874 2944 im-

209 2973 487 3045 paetione
502 2973 848 3047 hujusmodi
866 2974 1115 3044 innoxiis
1134 2976 1643 3034 irascendum.Sed
1665 2977 1784 3044 zelo
1806 2993 1872 3049 ac

205 3063 566 3118 necessitate
595 3063 860 3120 veritatis
889 3068 948 3118 et
969 3064 1101 3120 ﬁdei
1124 3065 1194 3120 ad
1221 3065 1332 3122 ista
1361 3066 1871 3138 respondimusme

207 3153 366 3205 forte
397 3167 530 3218 cum
563 3150 839 3226 quisquis
867 3152 976 3207 hoc
998 3153 1324 3225 capitulum
1357 3154 1650 3228 legerit,ut
1671 3156 1742 3210 de
1774 3172 1872 3210 no-

1992 579 2111 632 sive
2143 596 2479 650 compressa
2507 584 2596 635 est
2626 581 2970 636 auctoritate
3000 583 3188 637 sancti
3230 601 3388 658 papae
3421 586 3638 643 lees-

1991 667 2119 735 tini,
2155 667 2436 728 instantia
2483 669 2637 724 beati
2699 669 2984 742 Prosperi,
3031 689 3101 726 ex.
3154 672 3325 730 dictis
3373 675 3647 749 ejusdem.

1989 756 2144 812 beati
2175 757 2510 829 Augustini,
2543 763 2600 813 et
2631 764 2967 827 czeterorum
2998 760 3418 831 catholicorum
3451 767 3635 837 magi-

1991 849 2248 902 strorum
2280 846 2564 912 doctrina,
2599 848 2737 919 quid
2772 865 2807 903 a
2834 849 2971 904 sede
3014 849 3335 921 apostolica
3380 851 3642 926 virisque

1989 934 2326 1006 apostolicis
2359 936 2659 995 decretum
2691 935 2767 992 sit
2796 937 2865 994 de
2895 937 3101 994 haeresi
3132 939 3312 998 semel
3337 940 3550 996 revicta
3571 959 3642 997 ac.

1988 1022 2348 1092 conculcata,
2382 1024 2454 1079 de
2484 1024 2576 1082 his
2601 1025 2777 1080 etiam
2809 1024 2912 1098 qui
2940 1042 3069 1084 eam
3098 1028 3445 1099 resuscitare
3465 1029 3552 1084 vel
3578 1031 3635 1085 in

1988 1127 2056 1166 ea
2068 1128 2410 1182 permanere
2431 1111 3099 1186 delegerint,praemissis
3119 1115 3482 1188 capitulatim
3506 1119 3640 1186 sub-

1988 1205 2217 1256 nectere
2248 1201 2646 1258 necessarium
2676 1201 3038 1276 dignumque
3060 1205 3421 1276 censuimus.

2059 1289 2102 1345 Ι.
2135 1289 2320 1356 Quod,
2348 1291 2626 1360 damnata
2649 1291 2826 1360 semel
2859 1291 3086 1360 hieresi,
3123 1298 3328 1351 contra
3356 1312 3486 1362 eam
3509 1315 3640 1372 non

1985 1377 2065 1432 sit
2095 1382 2296 1448 postea
2326 1377 2775 1451 disputandum,
2809 1378 3079 1447 Gelasius
3105 1380 3331 1452 (Getasii
3377 1385 3534 1455 epist.
3572 1387 3638 1460 tt,

1984 1468 2046 1521 in
2067 1467 2336 1538 princip.)
2365 1467 2422 1520 in
2454 1470 2612 1522 tomo
2652 1468 2957 1536 reddenda-3
3009 1469 3252 1524 rationis
3297 1471 3572 1542 Acacium
3604 1491 3637 1534 ιι

1983 1554 2121 1624 sede
2178 1553 2500 1626 apostolica
2553 1560 2948 1627 competenter
3001 1555 3183 1612 fuisse
3239 1557 3633 1631 damnatum:

1984 1664 2012 1692 ι(
2044 1641 2455 1698 Dilectissimis
2478 1643 2758 1697 fratribus
2785 1643 3072 1700 universis
3085 1645 3375 1719 episcopis
3386 1647 3632 1720 perDar-

1983 1731 2220 1786 daniam
2253 1731 2590 1787 constitutis
2621 1731 2946 1788 Gelasius.»
2977 1734 3046 1788 Et
3067 1735 3139 1789 ad
3173 1733 3365 1790 locum
3392 1751 3407 1790 :
3432 1759 3458 1785 «
3485 1735 3634 1809 Stul-

1983 1820 2197 1886 titiam,
2246 1819 2460 1892 inquit,
2513 1826 2858 1892 respuentes
2913 1821 3178 1877 inanium
3237 1823 3632 1896 querelarum,

1985 1925 2320 1978 percurrere
2347 1925 2447 1964 vos
2478 1913 2703 1980 Oportet
2731 1910 2803 1964 ab
2834 1909 2982 1981 ipsis
3028 1911 3211 1966 beatis
3244 1911 3542 1983 apostolis,
3576 1916 3634 1976 et

1984 1997 2355 2052 considerare
2370 1999 2996 2070 prudenter,quoniam
3015 1999 3213 2054 Patres
3231 1999 3634 2072 nostri,cathoe

1982 2086 2078 2141 lici
2112 2084 2380 2158 videlicet
2406 2087 2678 2159 doctique
2710 2087 3108 2159 pontiﬁces,in
3127 2103 3480 2163 unaquaque
3510 2088 3633 2143 bae-

1983 2175 2098 2231 resi
2131 2174 2392 2248 quolibet
2424 2179 2683 2247 tempore
2714 2176 3020 2247 suscitata,
3046 2175 3332 2250 quidquid
3361 2193 3466 2249 pro
3496 2177 3631 2249 ﬁde,

1986 2281 2087 2335 pro
2117 2262 2378 2332 veritate,
2400 2281 2504 2336 pro
2535 2265 2949 2321 communione
2979 2264 3269 2330 catholica
3289 2270 3466 2338 atque
3487 2283 3631 2338 apo-

1982 2353 2542 2423 stolica,secundum
2566 2354 3003 2426 Scripturarum
3028 2354 3325 2410 tramitem
3348 2356 3631 2428 praedica-

1983 2441 2318 2514 tionemque
2340 2441 2631 2512 majorum
2654 2442 2809 2496 facta
2829 2441 3010 2497 semel
3036 2441 3483 2514 congregatione
3503 2459 3632 2500 san-

1981 2528 2626 2596 xerunt,inconvulsum
2649 2528 2958 2584 voluerunt
2978 2529 3254 2602 deinceps
3275 2529 3630 2605 ﬁrmumque

1981 2623 2270 2684 constare,
2304 2633 2410 2673 nec
2442 2617 2500 2670 in
2532 2617 2735 2672 eadem
2768 2633 2949 2672 causa
2978 2618 3169 2673 denuo
3223 2635 3349 2690 qua:
3398 2618 3632 2690 praeﬁxa

1981 2708 2214 2760 inerant
2251 2705 2554 2760 retractari
2602 2704 2863 2777 qualibet
2909 2704 3124 2760 recenti
3175 2705 3630 2778 praesumptione

1983 2793 2397 2864 permiserunt.
2431 2792 2876 2864 Sapientissime
2908 2792 3276 2865 pervidentes
3325 2793 3626 2864 quoniam,

1981 2881 2034 2937 si
2049 2882 2283 2936 decreta
2310 2880 2624 2936 salubriter
2644 2881 2921 2953 cuiquam
2943 2879 3142 2936 liceret
3162 2880 3627 2958 iterare,nullum

1981 2974 2183 3025 contra
2204 2967 2470 3043 singulos
2489 2985 2756 3040 quosque
2778 2985 3018 3040 prorsus
3039 2984 3262 3024 errores
3279 2968 3487 3044 stabile
3505 2986 3632 3041 per.-

1981 3058 2214 3114 sisteret
2231 3057 2496 3114 Eeclesize
2514 3057 2996 3125 constitutum,ae
3008 3073 3130 3112 sem
3137 3056 3456 3129 periisdem
3469 3058 3626 3113 luro-

1982 3147 2146 3204 ribus
2177 3147 2444 3202 recidivis
2474 3145 2668 3202 omnis
2714 3145 2943 3219 integra
2968 3145 3228 3202 definitio
3270 3146 3624 3220 turbaretur.

206 3239 313 3294 bis
342 3239 586 3305 dictum,
617 3240 697 3295 ita
727 3239 869 3296 illud
892 3241 951 3296 in
971 3241 1140 3297 nobis
1161 3247 1326 3314 putet
1343 3259 1471 3304 esse
1490 3243 1867 3320 completum,
1899 3227 1943 3294 C
1983 3237 2128 3292 Nam
2147 3237 2194 3292 si
2215 3236 2643 3307 limitibusjam
2662 3235 2910 3308 praeﬁxis
2927 3234 3251 3311 positarum
3265 3234 3627 3308 semelsyno-

201 3334 269 3384 et
306 3329 460 3384 sicut
485 3329 817 3385 inordinate
837 3331 1135 3387 ordinatos
1158 3331 1240 3388 ita
1262 3350 1368 3388 nos
1389 3334 1586 3389 credat
1609 3334 1665 3388 in
1690 3335 1873 3390 since-

205 3418 390 3473 ritate
423 3417 555 3474 ﬁdei
585 3418 834 3476 dubiosa
863 3424 921 3476 et
951 3420 1221 3477 haaretica
1261 3423 1542 3494 pravitate
1589 3424 1867 3497 pollutos.

201 3508 581 3580 Quapropter
603 3507 1084 3579 reprehensibilis
1107 3512 1490 3583 reprehensor
1510 3518 1868 3581 noster,eum

202 3595 485 3651 fortassis
514 3612 576 3651 se
607 3614 643 3654 a
670 3597 840 3654 nobis
868 3597 1652 3672 legeritreprehensum,non
1679 3620 1870 3675 repre-

204 3683 502 3740 hensione
526 3702 636 3741 sua
655 3690 860 3742 contra
881 3704 988 3745 nos
1010 3687 1317 3760 irascatur,
1335 3695 1393 3745 et
1407 3691 1712 3747 veritatem
1737 3692 1871 3748 ﬁdei

204 3789 323 3846 pro
353 3776 549 3834 nostro
581 3774 821 3832 nomine
851 3782 1564 3850 aspernetur,memorans
1586 3780 1874 3852 apostolo-

205 3851 356 3916 rum
405 3860 751 3934 principem,
790 3863 933 3935 quia
981 3865 1066 3921 sic
1113 3867 1434 3922 necessitas
1482 3885 1585 3939 pro
1629 3851 1872 3924 veritate

203 3949 518 4022 Evangelii
547 3949 835 4023 exigebat,
870 3971 914 4009 a.
933 3954 1102 4011 beato
1135 3953 1312 4010 Paulo
1334 3956 1506 4010 etiam
1533 3973 1730 4012 coram
1754 3974 1872 4012 om-

201 4038 403 4093 nibus
433 4038 875 4111 reprehensum,
900 4045 958 4097 et
980 4059 1016 4096 a
1035 4043 1286 4116 benigno
1313 4044 1479 4113 Petro
1501 4044 1874 4116 reprehenso-

197 4127 297 4183 ris
334 4127 429 4182 sui
462 4128 737 4198 epistolas
770 4129 829 4186 in
863 4131 1078 4203 quibus
1110 4133 1529 4204 reprehensum
1563 4151 1624 4189 se
1655 4133 1874 4206 legerat

196 4215 606 4283 collaudatas,
616 4220 987 4292 probansque
1001 4221 1079 4277 sei
1090 4239 1260 4294 psum
1281 4221 1329 4277 si
1346 4221 1593 4278 voluerit
1608 4239 1871 4289 concors,

193 4306 316 4378 qui
355 4321 516 4360 nunc
545 4306 762 4362 dicitur
792 4308 1017 4364 discors
1042 4309 1348 4380 noster,sie
1372 4311 1430 4365 in
1455 4311 1647 4384 seipso
1668 4310 1876 4383 gloria-

191 4394 404 4459 bitur,
437 4397 496 4450 et
524 4411 640 4450 non
671 4395 727 4450 in
757 4394 962 4466 altero,
997 4414 1130 4453 cum
1161 4415 1341 4454 causa
1371 4417 1479 4455 sua
1508 4418 1571 4456 se
1602 4400 1870 4456 metiens.

682 4529 836 4586 ιιι)
874 4528 1107 4587 CAPUT
1154 4531 1420 4588 XXXVII.

191 4623 280 4673 Et
310 4624 568 4688 quoniam
595 4640 756 4691 nuper
781 4630 979 4678 remota
1017 4628 1237 4689 heresis,
1270 4629 1391 4678 olim
1440 4632 1494 4679 ut
1540 4631 1872 4690 ostendimus,
1908 4599 1952 4664 Β

263 4695 329 4744 in
365 4695 621 4745 veteribus
647 4698 898 4748 heretici:
939 4701 1013 4749 est
1057 4701 1267 4760 revicta,
1298 4701 1430 4765 quid
1469 4701 1532 4750 (te
1576 4700 1876 4765 hujusmodi

257 4779 446 4832 prave
499 4767 830 4818 sentientibus
884 4769 1223 4820 ecclesiastica
1277 4771 1518 4820 decernat
1574 4774 1872 4831 auctoritas,

249 4852 373 4902 per
405 4835 665 4886 duodecim
706 4840 934 4904 capitula
957 4843 1238 4915 praemissis
1264 4843 1555 4893 subnectere
1575 4845 1873 4908 procuravi-

259 4920 420 4956 mus.

269 5015 374 5071 De
407 5011 518 5071 hoc
540 5020 734 5073 autem
756 5019 910 5075 unde
931 5020 1072 5078 certi
1096 5025 1399 5085 sumus,et
1415 5040 1542 5092 quae
1565 5022 1692 5077 sine
1719 5023 1874 5094 peri-

1979 3326 2199 3382 dalium
2222 3324 2702 3398 regularum,non
2724 3329 2959 3380 cessant
2979 3323 3133 3379 elisae
3146 3328 3341 3396 pestes
3353 3341 3626 3396 resump-

1977 3415 2054 3472 tis
2074 3414 2494 3470 certaminibus
2519 3418 2722 3469 contra
2743 3413 3192 3468 fundamentum
3215 3429 3342 3469 sese
3363 3412 3624 3490 veritatis

1979 3503 2262 3570 attollere,
2283 3507 2340 3558 et
2352 3502 2644 3575 simplicia
2675 3519 2921 3575 quaeque
2943 3502 3117 3557 corda
3158 3503 3629 3581 percutere,quid

1978 3598 2140 3652 fieret
2169 3595 2219 3650 si
2251 3593 2503 3652 subinde
2533 3594 2621 3649 fas
2652 3599 2808 3649 esset
2836 3592 3074 3665 perﬁdis
3105 3593 3253 3651 inire
3276 3595 3631 3666 concilium?

1980 3702 2115 3741 eum
2147 3684 2422 3758 quaelibet
2453 3682 2553 3738 illa
2602 3682 2919 3740 manifesta
2950 3682 3030 3738 sit
3057 3683 3292 3751 veritas,
3327 3701 3631 3758 nunquam

1979 3775 2132 3830 desit
2163 3774 2319 3846 quod
2350 3773 2679 3846 perniciosa
2717 3777 2947 3844 promat
2993 3771 3238 3841 falsitas,
3272 3773 3377 3829 etsi
3411 3773 3632 3829 ratione

1978 3863 2066 3920 vel
2098 3863 2446 3919 auctoritate
2470 3861 2771 3928 deﬁciens,
2799 3861 2924 3916 sola
2953 3867 3146 3918 tamen
3170 3862 3491 3919 intentione
3515 3880 3630 3932 non

1981 3953 2214 4008 cedens.
2247 3953 2381 4018 Quae
2425 3951 2678 4023 majores
2707 3952 2862 4006 330
2893 3951 3076 4006 nostri
3127 3951 3324 4008 divina
3371 3951 3628 4024 inspira-

1981 4041 2137 4097 tione
2167 4045 2474 4096 eernentes
2519 4040 2848 4096 necessario
2903 4045 3302 4112 praecaverunt
3333 4045 3399 4096 ut
3429 4047 3632 4096 contra

1983 4145 2463 4200 unamquamque
2493 4128 2760 4183 hmresim
2793 4128 2947 4199 quod
2980 4133 3110 4182 acta
3141 4127 3321 4183 semel
3369 4129 3629 4200 synodus

1982 4236 2086 4291 pro
2117 4219 2249 4286 ﬁde,
2271 4234 2372 4290 pro
2389 4215 2802 4272 communione
2818 4221 2876 4272 et
2891 4214 3129 4271 veritate
3148 4215 3434 4272 catholica
3453 4222 3630 4288 atque

1983 4305 2304 4380 apostolica
2314 4305 2890 4378 promulgasset,non
2910 4304 3168 4360 sinerent
3185 4304 3347 4360 novis
3363 4309 3494 4376 post
3507 4303 3629 4375 hanc

1984 4395 2494 4454 retractationibus
2522 4393 2804 4462 mutilari,
2824 4411 2895 4449 ne
2924 4394 3118 4466 pravis
3149 4393 3375 4465 occasio
3404 4394 3631 4466 praebe-

1984 4491 2145 4542 retur
2173 4502 2298 4558 quze
2329 4483 2755 4540 medicinaliter
2777 4484 3010 4538 luerant
3037 4486 3258 4538 statuta
3288 4481 3627 4554 pulsandi.»

1985 4576 2130 4631 Hinc
2163 4590 2416 4647 magnus
2450 4573 2562 4628 Leo
2587 4590 2739 4645 papa
2768 4572 2826 4626 in
2858 4571 3104 4644 epistola
3123 4588 3226 4644 per
3248 4571 3629 4644 Philoxcnum

1984 4669 2250 4737 agentem
2273 4663 2332 4717 in
2355 4663 2530 4717 rebus
2551 4661 2725 4716 Leoni
2747 4663 3008 4734 Augusto
3032 4661 3252 4716 directa
3279 4663 3455 4733 (epist.
3487 4662 3580 4730 84)
3613 4679 3627 4718 :

1984 4777 2012 4804 ‹‹
2047 4753 2373 4807 Ριιδεῐιοεοαι
2394 4750 2593 4824 igitur,
2627 4749 2920 4823 inquiens,
2953 4750 3136 4822 pietas
3156 4751 3633 4818 tua,venerabilis

1983 4843 2322 4916 imperator,
2356 4840 2464 4896 hos
2511 4857 2660 4913 quos
2711 4839 2968 4912 spondeo
3019 4839 3378 4912 dirigendos,
3410 4858 3525 4896 non
3558 4842 3628 4897 ad

1983 4929 2418 5004 conﬂigendum
2438 4947 2573 4984 cum
2596 4929 2865 4985 hostibus
2887 4928 3165 4996 ﬁdei,nec
3189 4931 3259 4986 ad
3284 4930 3629 4997 certandum

1985 5024 2190 5075 contra
2222 5019 2370 5084 ixlos,
2404 5035 2436 5074 a
2467 5020 2603 5074 sede
2633 5017 2954 5091 apostolica
2983 5019 3369 5090 profecturos,
3391 5020 3532 5089 quia
3561 5018 3632 5072 de

170 5103 346 5161 culo
373 5100 514 5157 licet
537 5104 737 5161 multis
765 5106 886 5163 sint
907 5109 1140 5183 cognita
1165 5114 1355 5182 tegere
1383 5109 1614 5164 silentio
1636 5128 1749 5165 non
1777 5129 1874 5166 va-

171 5194 441 5256 lemus,
476 5207 718 5265 quasque
750 5212 854 5268 pro
893 5195 1222 5254 ministerio
1271 5198 1438 5254 nobis
1481 5198 1755 5271 imposito
1786 5199 1878 5254 his

165 5300 339 5357 qua
377 5281 780 5352 praemisimus
812 5285 1169 5358 subjungere
1193 5305 1262 5342 ex
1305 5288 1650 5343 auctoritate
1699 5288 1878 5343 eccle-

163 5368 464 5432 siastica
495 5385 961 5440 commonemur,
987 5381 1314 5449 opportune
1339 5376 1672 5449 importune
1693 5377 1882 5433 volen-

163 5463 376 5519 tibus
414 5461 474 5512 et
514 5457 849 5520 nolentibus
898 5463 1162 5540 ingerere
1211 5483 1617 5539 procuramus.
1651 5467 1883 5523 Scilicet

160 5551 348 5627 quia
383 5545 465 5600 de
496 5544 591 5602 his
612 5555 867 5620 quatuor
886 5553 1475 5627 capitulis,sicutjam
1495 5573 1677 5628 supra
1693 5565 1880 5612 osten-
1990 5554 2148 5611 niam
2174 5555 2303 5611 cibo
2326 5554 2659 5611 desiderant
2679 5551 2950 5610 solidiore
2972 5549 3510 5617 satiari,ministerii
3538 5568 3636 5608 no-

161 5641 320 5700 dim
335 5651 444 5703 ua,
467 5632 626 5692 circa
651 5640 993 5714 temporalis
1012 5642 1144 5702 vitae
1164 5644 1486 5702 terminum
1509 5644 1662 5720 beati
1681 5647 1878 5721 Augu-y
1989 5647 2097 5720 stri
2129 5645 2470 5722 prasidium
2501 5661 2615 5700 non
2648 5658 2953 5716 negamus,
2976 5646 3033 5698 et
3062 5641 3216 5698 sicut
3245 5640 3635 5717 simpliciores

549 5762 822 5834 PATROL.
868 5769 1097 5837 CXXV.

2152 5842 2157 5847 l
3238 5772 3314 5837 13

1985 5110 2160 5165 rebus
2191 5113 2248 5163 et
2273 5109 2427 5180 apud
2461 5109 2736 5177 Nicaeam,
2762 5113 2819 5164 et
2844 5109 2997 5180 apud
3028 5106 3634 5177 Chalcedonam,sieut

1987 5199 2102 5254 Deo
2135 5197 2374 5271 placuit,
2399 5197 2925 5263 difﬁnitis,nullum
2949 5197 3236 5253 audemus
3258 5194 3402 5250 inire
3424 5198 3632 5251 tracta-

1987 5292 2424 5359 tum,tanquam
2457 5286 2636 5341 dubia
2664 5285 2750 5342 vel
2780 5286 3016 5341 inﬁrma
3038 5285 3174 5352 sint,
3198 5301 3325 5356 qua:
3349 5287 3510 5338 tanta
3531 5299 3634 5354 per

1990 5382 2262 5432 sanctum
2287 5376 2568 5448 Spiritum
2602 5375 2727 5429 ﬁxit
2757 5374 3096 5430 auctoritas.
3123 5369 3492 5428 Instructioni
3522 5388 3632 5428 au-

1990 5471 2106 5520 tem
2141 5466 2513 5538 parvulorum
2548 5469 2904 5533 nostrorum,
2937 5462 3036 5535 qui
3067 5467 3198 5533 post
3226 5460 3395 5528 lactis
3426 5460 3632 5517 alimo-
