3962 6178
195 387 311 447 397

841 427 856 434 ι
921 384 1024 444 DE
1066 353 1822 444 PII/EDESTINATIONE
1866 381 2389 444 DISSERTATIO
2434 383 2895 446 POSTERIOR.

3488 389 3607 450 398

194 519 440 576 sccban't
463 517 523 571 in
548 516 752 571 eadem
793 515 1262 587 praevaricatione
1297 517 1625 581 damnatos,
1651 514 1707 568 in
1741 532 1856 585 qua
1884 518 1937 581 Α
1971 514 2306 585 perstiterit.
2342 515 2447 581 Qui
2483 515 2530 569 si
2565 532 2764 570 errans
2815 532 2941 570 esse
2983 517 3236 583 desierit,
3268 537 3437 590 poma
3480 539 3606 592 quae

192 606 484 677 hodieque
517 608 824 660 manentes
854 603 1204 658 consistunt.
1240 605 1348 659 Sed
1386 604 1540 658 sicut
1578 604 1632 656 hi
1675 602 1851 658 simili

192 695 534 751 conditione
565 692 867 749 constricti
899 693 1244 764 compticem
1269 711 1442 748 suum
1468 710 1581 747 non
1608 696 1856 763 possunt

185 783 455 856 judicare
470 783 732 854 nonjure
747 783 1309 853 damnatum,neque
1323 781 1397 836 rei
1420 798 1583 836 reum
1609 784 1855 852 possunt

192 876 597 944 competenter
617 870 914 927 absolvere
939 888 952 925 :
979 869 1181 926 sicillo
1217 872 1376 942 juste
1417 870 1854 942 praevaricatore

193 962 501 1028 damnato,
537 959 634 1014 isti
668 975 903 1031 quoque
934 958 1057 1030 pari
1082 959 1283 1029 jacent
1313 956 1686 1013 damnatione
1717 975 1852 1029 pro-

193 1049 585 1120 strati,neque
605 1047 718 1103 nisi
742 1047 1152 1119 resipiscentes
1173 1046 1305 1102 inde
1327 1051 1598 1118 poterunt
1612 1064 1852 1120 prorsus

192 1137 437 1204 absolvi,
473 1137 615 1209 quia
663 1135 816 1192 sicut
864 1153 967 1208 per
1014 1153 1202 1191 unum
1248 1135 1598 1192 scribentem
1647 1153 1851 1191 eorum

191 1226 460 1283 omnium
473 1225 709 1299 vulgata
729 1224 1120 1297 transgressio
1137 1229 1224 1280 est
1237 1225 1335 1296 qui
1361 1225 1418 1278 in
1441 1224 1707 1280 eamdem
1730 1241 1856 1296 per-

191 1315 337 1371 ﬁdia:
361 1314 698 1370 reciderant
721 1311 1032 1378 actionem,
1052 1312 1136 1366 sic
1162 1311 1217 1366 in
1242 1328 1358 1366 uno
1381 1311 1722 1382 eodemque,
1751 1309 1852 1382 qui

192 1422 291 1478 pro
323 1403 609 1460 omnibus
641 1399 1076 1474 scripserat,vel
1109 1399 1417 1456 scribendo
1438 1399 1703 1454 omnium
1727 1417 1854 1472 pro-

191 1494 418 1550 diderat
447 1492 798 1559 voluntates,
834 1489 1226 1562 transgressio
1256 1493 1344 1544 est
1377 1480 1582 1560 punita
1611 1493 1850 1544 cuncto-

192 1600 341 1638 rum.
368 1606 397 1632 n
427 1581 499 1637 Et
528 1582 667 1637 item
692 1579 941 1644 idem,in
965 1578 1212 1650 cpistola
1233 1578 1305 1633 ad
1337 1577 1712 1633 Anastasium
1741 1577 1850 1632 im-

192 1677 521 1745 peratorem
545 1672 722 1742 (epist.
741 1671 828 1738 10)
846 1685 859 1724 :
883 1690 910 1718 «
931 1668 1197 1723 Proinde.
1215 1665 1427 1739 inquit,
1445 1666 1597 1721 sicut
1621 1683 1734 1722 non
1758 1683 1854 1738 po-

192 1767 302 1818 test
317 1759 722 1833 perversitatis
745 1757 1246 1814 communicatore
1268 1761 1683 1827 suscepto,non
1706 1755 1854 1828 pari-

193 1857 277 1908 ter
295 1848 648 1924 perversitas
670 1845 999 1919 approbari,
1017 1846 1100 1901 sic
1124 1863 1238 1902 non
1266 1849 1455 1918 potest
1475 1845 1711 1900 refutari
1730 1862 1851 1918 per-

195 1935 757 2008 vcrsitas,complice
801 1939 1085 1990 scctatore
1121 1933 1518 2007 perversitatis
1567 1934 1847 1990 admisso.

202 2027 446 2100 Legibus
467 2031 624 2082 certe
642 2025 852 2081 vestris
873 2023 1190 2080 criminum
1214 2022 1480 2078 conscios
1509 2026 1850 2081 sectatores-

199 2134 302 2189 quc
333 2115 815 2172 latrocinantium
846 2130 948 2187 per
969 2113 1331 2185 judiciorum
1366 2128 1535 2183 poma
1557 2111 1852 2166 constrin-

196 2207 275 2278 git
308 2223 322 2262 :
357 2221 463 2260 nec
485 2221 692 2276 expers
724 2202 1001 2258 facinoris
1032 2203 1361 2257 aestimatur
1391 2201 1513 2272 qui,
1547 2199 1682 2255 licet
1727 2200 1852 2273 ipse

199 2311 307 2350 non
323 2292 834 2360 fecerit,facientes
856 2295 1052 2347 tamen
1075 2291 1135 2345 in
1159 2289 1616 2346 familiaritatem
1641 2288 1854 2344 fcedus-

196 2401 307 2455 que
335 2381 642 2454 receperit.
659 2380 906 2436 Proinde
927 2384 1198 2435 sanctum
1221 2378 1690 2437 Chalcedonense
1711 2394 1848 2432 con-

193 2469 412 2536 cilium,
447 2467 605 2541 quod
639 2484 744 2540 pro
779 2467 912 2523 fidei
942 2466 1242 2522 catholicae
1291 2473 1465 2538 atque
1517 2465 1847 2536 apostolicae

191 2558 453 2614 veritatis
483 2556 902 2612 communione
925 2555 1309 2626 celebratum,
1335 2554 1634 2610 damnavit
1672 2555 1848 2626 Euty-

190 2646 415 2702 cbetem
432 2645 764 2701 detestandi
785 2643 996 2700 furoris
1020 2649 1461 2709 auctorem,non
1485 2642 1848 2698 satishabuit

190 2735 301 2790 nisi
330 2740 396 2790 ut
426 2735 648 2806 pariter
687 2735 736 2805 ej
751 2752 817 2790 us
858 2750 1089 2807 quoque
1119 2736 1450 2787 consortem
1502 2732 1846 2788 Dioscorum

190 2830 544 2896 caeterosque
572 2822 928 2896 percelleret.
967 2823 1082 2878 Hoc
1129 2821 1309 2894 igitur
1353 2821 1546 2891 modo,
1583 2819 1736 2875 sicut
1785 2820 1844 2876 in

190 2930 544 2986 unaquaque
577 2912 782 2968 haeresi
803 2910 892 2967 vcl
925 2912 1142 2967 factum
1179 2927 1429 2982 semper,
1453 2909 1539 2964 vel
1572 2909 1695 2963 tieri
1729 2926 1842 2965 non

191 3001 1193 3074 habeturambiguum,successores
1214 2999 1841 3068 eorum,’l‘imotheum,

188 3091 446 3158 Petrum,
479 3095 658 3163 atque
689 3089 938 3146 alterum
967 3088 1392 3144 Antiochenum
1436 3087 1694 3153 Petrum,
1727 3105 1841 3144 non

185 3179 400 3235 viritim
425 3184 666 3253 propter
686 3177 952 3252 singulos
980 3194 1214 3250 quoque
1246 3194 1451 3232 rursus
1478 3176 1627 3232 tacto
1648 3176 1840 3233 conci-

1961 603 2179 657 crranti
2241 609 2329 658 est
2376 606 2608 675 przetlxa
2658 608 2954 675 perpetua,
2990 621 3102 659 non
3151 609 3387 674 erranti,
3419 609 3475 663 id
3521 615 3610 666 est

1963 692 2125 747 alteri
2157 693 2359 748 etI‘ccto
2393 710 2569 766 quam
2601 694 2692 748 cui
2725 698 2959 764 praeﬁxa
2990 697 3098 759 est,
3135 711 3250 748 non
3281 695 3471 751 solum
3493 715 3606 753 non

1964 785 2153 852 potest
2183 799 2310 838 esse
2338 786 2634 853 perpetua,
2653 783 2751 837 sed
2787 799 2890 838 nec
2922 799 3048 838 esse
3088 783 3214 853 jam
3264 801 3449 856 pcena.
3484 787 3607 841 Non

1962 870 2226 926 estenim
2261 871 2384 943 ipse
2415 871 2506 926 cui
2543 873 2775 944 praefixa
2805 875 2912 926 est.
2950 894 2977 920 ››
3013 872 3155 926 Item
3190 872 3299 926 Leo
3349 872 3406 926 in
3459 873 3609 945 epis-

1963 961 2080 1014 tola
2111 961 2180 1014 ad
2215 959 2576 1034 Pulcheriaip
2606 963 2929 1032 Augustam
2960 961 3030 1015 de
3063 959 3320 1032 Eutyche
3345 961 3447 1033 (ep.
3484 964 3567 1032 18)
3594 979 3607 1016 :

1962 1071 1989 1096 «
2025 1048 2130 1113 Qui
2165 1066 2322 1114 cum,
2356 1048 2566 1121 inquit,
2599 1048 3183 1119 videretinsipientize
3221 1066 3338 1104 sua:
3370 1068 3610 1106 sensum

1962 1136 2263 1192 catholicis
2294 1137 2538 1192 auribus
2559 1137 2888 1208 displicero,
2913 1153 3177 1192 revocare
3209 1155 3269 1193 se
3301 1156 3334 1193 a
3356 1155 3464 1194 sua
3495 1139 3614 1211 epi-

1961 1225 2133 1281 nione
2163 1227 2462 1294 debuerat,
2480 1242 2583 1281 nec
2606 1225 2686 1280 ita
2707 1225 2974 1281 Ecclesia:
2995 1225 3270 1297 prmsules
3293 1244 3614 1284 commove-

1962 1320 2124 1383 re,ut
2154 1315 2551 1371 damnationis
2580 1315 2931 1370 sententiam
2964 1320 3288 1372 mereretur
3327 1317 3610 1390 excipere.

1961 1406 2148 1470 Quam
2183 1404 2383 1476 utique
2414 1404 2463 1460 si
2515 1404 2574 1458 in
2622 1421 2727 1459 suo
2781 1421 2956 1460 sensu
2989 1404 3234 1460 voluerit
3273 1422 3614 1478 permanere

1962 1492 2161 1548 nullus
2191 1492 2401 1565 poterit
2435 1491 2710 1548 relaxare.
2736 1515 2762 1541 »
2798 1493 2867 1546 Et
2891 1492 3027 1548 item
3053 1493 3111 1548 in
3141 1493 3344 1550 eadem
3369 1511 3380 1550 :
3403 1495 3612 1550 «Sedis

1962 1581 2116 1636 enim
2169 1579 2498 1653 apostolica:
2560 1581 2878 1637 moderatio
2938 1581 3089 1637 hanc
3161 1583 3610 1654 temperantiam

1961 1675 2171 1738 servat,
2207 1674 2271 1725 ut
2300 1668 2558 1726 severius
2589 1673 2724 1742 agat
2753 1686 2887 1724 cum
2919 1669 3241 1743 obduratis,
3275 1675 3333 1726 et
3381 1671 3610 1727 veniam

1961 1761 2159 1831 cupiat
2191 1763 2464 1831 praestare
2496 1758 2790 1814 correctis.
2824 1781 2852 1808 »

2035 1849 2124 1904 IV.
2147 1849 2316 1914 Quod-
2331 1847 2378 1903 si
2405 1847 2660 1919 episcopi
2685 1846 2889 1902 haeresi
2907 1845 3046 1902 olim
3062 1847 3349 1903 damnatae
3367 1864 3611 1904 consen-

1961 1937 2255 2004 serint,vel
2280 1937 2516 1992 haeresis
2535 1935 3016 1991 communicatori
3032 1936 3613 2005 communieaverint,

1961 2044 2093 2082 cum
2127 2026 2210 2082 eis
2235 2044 2268 2081 a
2301 2023 2607 2081 catholicis
2633 2024 2890 2097 synodus
2914 2023 3194 2080 celebrari
3226 2042 3341 2081 non
3384 2025 3610 2092 debeat,

1959 2116 2114 2171 idem
2130 2100 2395 2171 Gclasius
2409 2113 2465 2169 in
2483 2114 2719 2186 praefato
2733 2117 2891 2169 tomo
2905 2114 2976 2168 ad
2993 2113 3295 2170 universos
3309 2114 3614 2186 episcopos

1959 2222 2062 2276 per
2092 2203 2442 2260 Dardaniam
2495 2202 2844 2259 constitutos
2876 2204 3054 2274 (epist.
3090 2203 3177 2272 11)
3210 2219 3223 2258 :
3259 2226 3286 2252 ‹‹
3324 2203 3614 2258 Ponamus

1960 2298 2176 2360 tamen,
2209 2291 2420 2364 inquit,
2437 2293 2610 2348 etiam
2643 2293 2690 2348 si
2717 2290 2880 2346 nulla
2909 2293 3168 2363 synodus
3199 2291 3614 2364 praecessisset,

1959 2385 2128 2453 cujus
2160 2381 2478 2454 apostolica
2508 2381 2676 2436 sedes
2709 2385 2863 2435 recte
2895 2381 3059 2435 fieret
3099 2379 3448 2446 exsecutrix,
3480 2396 3615 2436 cum

1958 2472 2176 2544 quibus
2208 2475 2332 2526 erat
2362 2470 2432 2526 de
2461 2470 2669 2526 Acacio
2702 2469 2961 2542 synodus
3003 2467 3298 2525 ineunda?
3339 2468 3614 2541 Nunquid

1958 2578 2090 2616 cum
2126 2560 2220 2615 his
2243 2560 2341 2631 qui
2359 2561 2484 2632 jam
2508 2559 2822 2630 participes
2844 2558 3498 2627 tenebanturAcacio,et
3516 2575 3617 2631 per

1956 2650 2251 2706 Orientem
2304 2652 2494 2703 totum
2536 2646 2840 2702 catholicis
2892 2646 3295 2702 sacerdotibus
3337 2645 3618 2702 violenter

1955 2737 2228 2806 exclusis,
2263 2741 2321 2792 et
2352 2754 2452 2808 per
2482 2735 2685 2792 exsilia
2716 2735 2944 2790 diversa
2975 2734 3268 2807 relegatis,
3303 2735 3445 2791 socii
3499 2735 3614 2790 evi-

1955 2829 2157 2883 denter
2187 2826 2535 2889 existebant,
2571 2823 3003 2880 communionis
3035 2829 3304 2891 externae,
3343 2825 3506 2896 prius
3553 2841 3615 2879 se

1954 2919 2024 2972 ad
2058 2917 2178 2971 haec
2209 2913 2503 2970 consortia
2536 2914 2969 2979 transferentes,
3005 2929 3180 2982 quam
3213 2912 3369 2967 sedis
3391 2917 3616 2984 aposto-

1952 3005 2074 3070 lica:
2099 3005 2246 3060 scita
2266 2993 2682 3059 consulerent?
2708 3001 2853 3056 Cum
2881 2998 3096 3072 quibus
3126 3015 3262 3072 ergo
3287 3005 3412 3056 erat
3437 3016 3614 3072 syno-

1951 3096 2064 3151 dus
2109 3093 2403 3148 ineunda?
2450 3090 2728 3147 Catholici
2778 3090 3082 3164 pontifices
3141 3094 3306 3146 erant
3357 3089 3616 3160 undique

1946 3185 2072 3256 jam
2105 3179 2600 3254 depulsi,solique
2631 3182 3034 3235 remanserant
3060 3178 3201 3234 socii
3233 3179 3614 3251 perfidorum,

187 3269 393 3337 lio,sed
417 3269 626 3342 synodi
648 3268 830 3325 semel
851 3272 981 3324 aeta
1003 3267 1202 3340 regula
1223 3271 1646 3338 consequenter
1664 3265 1839 3321 elisit.
1873 3257 1916 3324 C
1955 3289 2091 3328 cum
2146 3271 2364 3343 quibus
2387 3270 2517 3340 jam
2568 3285 2674 3324 nec
2724 3268 2934 3324 licebat
2981 3269 3195 3324 habere
3241 3271 3614 3337 conventum,

185 3358 697 3424 Quemadmodum
727 3373 866 3429 ergo
899 3374 1013 3412 non
1047 3355 1343 3412 evidenter
1373 3359 1632 3427 apparet,
1667 3354 1842 3410 etiam

182 3453 426 3504 cunctos
452 3446 636 3503 simili
659 3451 857 3502 tenore
879 3444 1222 3518 constringi,
1239 3444 1340 3516 qui
1362 3461 1564 3500 eorum
1589 3460 1848 3500 commu-

183 3537 477 3592 nicatores
531 3539 588 3591 et
644 3533 960 3606 complices
1010 3534 1378 3601 exstiterunt,
1413 3539 1586 3605 atque
1643 3549 1850 3590 omnes

182 3625 423 3681 omnino
457 3643 490 3680 a
521 3624 812 3681 catholica
843 3629 1021 3696 atque
1067 3623 1388 3696 apostolica
1433 3623 1641 3678 merito
1689 3639 1847 3678 com-

187 3716 467 3770 munione
500 3713 798 3770 discerni?
831 3737 858 3763 »
896 3715 1040 3768 Item
1071 3712 1224 3768 idem
1281 3711 1342 3766 in
1392 3716 1550 3767 tome
1601 3713 1671 3767 de
1711 3729 1848 3767 ana-

187 3804 468 3860 thematis
529 3801 764 3858 vinculo
826 3821 859 3858 a
916 3819 1067 3874 papa
1118 3800 1304 3856 Felice
1354 3800 1562 3856 innexo
1620 3800 1846 3868 Acacio,

193 3894 348 3949 888
382 3916 409 3942 ‹‹
447 3893 613 3948 Sicut
645 3890 823 3959 enim,
852 3890 1145 3963 inquiens,
1180 3890 1239 3944 in
1272 3893 1558 3962 quantum
1606 3895 1693 3946 est
1727 3889 1852 3961 ipse

191 3999 374 4047 error,
409 3998 714 4054 nunquam
748 3997 909 4036 error
942 3997 1070 4035 esse
1100 3979 1349 4045 desistit,
1385 3979 1468 4034 sic
1499 3996 1532 4034 a
1564 3977 1854 4034 sententia

195 4087 501 4143 nunquam
536 4069 770 4142 praefixa
800 4067 1144 4134 resolvetur,
1176 4068 1314 4139 quia
1342 4085 1504 4123 error
1531 4067 1629 4139 qui
1673 4083 1853 4139 agno-

193 4160 382 4214 scitur
409 4175 538 4215 esse
570 4159 908 4224 damnatus,
945 4157 1148 4212 eadem
1181 4156 1445 4227 quandiu
1477 4161 1675 4210 manet
1696 4172 1857 4210 error

192 4248 483 4321 probatur
511 4245 854 4302 adstrictus.
883 4245 1084 4317 Itaque
1115 4245 1211 4317 qui
1247 4244 1305 4299 in
1354 4261 1420 4300 eo
1463 4261 1654 4300 errore
1695 4249 1852 4312 sunt,

193 4337 492 4392 sententia
521 4335 738 4391 erroris
769 4334 1034 4391 obstricti
1078 4341 1237 4402 sunt,
1274 4338 1330 4389 et
1374 4333 1636 4405 quandiu
1685 4333 1742 4389 in
1790 4350 1856 4390 eo

193 4430 441 4482 manent
471 4423 812 4481 nullatenus
844 4422 1096 4480 absoluti
1129 4427 1287 4491 sunt,
1320 4423 1474 4478 sicut
1506 4439 1610 4478 nec
1641 4422 1764 4496 ipse
1798 4424 1856 4479 in

194 4531 318 4588 quo
351 4518 489 4570 sunt
537 4530 700 4570 error
747 4512 1088 4570 absolvitur.
1122 4513 1296 4568 Error
1343 4513 1498 4566 enim
1537 4511 1661 4584 ipse
1707 4529 1858 4567 nun-

193 4620 380 4676 quam
411 4601 640 4658 veniam
673 4605 1058 4675 promeretur,
1092 4601 1190 4656 sed
1224 4600 1323 4672 qui
1357 4617 1423 4656 eo
1453 4601 1735 4657 veraciter
1763 4618 1857 4656 ca-

195 4691 408 4759 ruerit,
441 4696 616 4764 atque
638 4691 712 4747 ab
743 4692 872 4764 ejus
911 4689 1355 4764 participatione
1392 4689 1867 4756 discedit.Quan-

195 4782 299 4836 diu
330 4796 468 4853 ergo
488 4780 548 4836 in
574 4781 660 4836 eis
683 4785 773 4836 est
795 4795 977 4847 error,
996 4779 1432 4835 damnationem
1466 4796 1634 4834 suam
1681 4783 1860 4844 tenet,

197 4886 630 4942 nunquamque
662 4869 1153 4941 resolvitur,quia
1181 4885 1342 4924 error
1372 4885 1602 4940 semper
1631 4885 1861 4940 pomam

195 4963 484 5016 meretur.
517 4958 838 5032 Participes
867 4974 1002 5014 vero
1035 4959 1186 5030 ejus,
1219 4963 1319 5013 aut
1351 4975 1583 5030 semper
1631 4963 1772 5012 sunt
1809 4961 1865 5014 et

196 5048 336 5118 ejus
372 5062 548 5118 pcenae
573 5045 911 5118 participes,
930 5045 979 5101 si
1006 5045 1063 5101 in
1086 5045 1287 5101 eodem
1313 5051 1570 5116 perstare
1594 5045 1868 5101 nondesi-

197 5137 488 5202 nant,ant
516 5135 563 5190 si
601 5135 673 5190 ab
697 5135 902 5191 eodem
928 5135 1298 5198 recesserint,
1319 5151 1493 5206 quam
1517 5132 1692 5189 alieni
1732 5134 1866 5188 facti

197 5228 349 5280 sunt
384 5223 454 5279 ab
483 5241 698 5290 errore,
732 5228 789 5280 et
830 5224 904 5280 ab
946 5225 1074 5296 ejus
1114 5223 1558 5297 participatione
1607 5224 1864 5292 discreti,

196 5318 328 5370 tam
363 5317 423 5367 et
450 5329 484 5368 a
514 5329 684 5386 pcena
712 5314 842 5386 ejns
873 5317 1045 5370 erunt
1067 5316 1488 5384 consequenter
1507 5310 1702 5368 alieni.
1723 5315 1866 5368 Cum

193 5401 426 5460 erranti
484 5419 657 5474 paena
701 5402 1042 5476 praeﬁgitur,
1077 5401 1337 5474 quandiu
1397 5405 1596 5456 manet
1642 5419 1863 5472 errans,

191 5491 415 5549 eadem
448 5508 620 5564 pcena
662 5490 1110 5564 constringitur,
1142 5489 1282 5562 quia
1331 5506 1534 5546 errans
1577 5508 1705 5547 esse
1750 5509 1865 5548 non

192 5584 404 5656 potest
427 5579 556 5638 sine
588 5597 758 5654 poena
790 5581 988 5638 errati.
1023 5581 1151 5636 llaec
1174 5579 1376 5636 eadem
1396 5595 1567 5651 poena
1589 5586 1869 5654 perpetua

193 5676 311 5747 est,
345 5686 779 5750 nunquamque
829 5668 1110 5732 solvenda
1168 5667 1433 5748 quandiu
1490 5684 1692 5730 errans
1739 5687 1868 5732 esse

1955 3360 2182 3417 dicente
2213 3357 2452 3430 psalmo
2488 3376 2501 3414 :
2536 3359 2652 3414 Non
2697 3357 2813 3413 sedi
2858 3359 2920 3413 in
2966 3358 3198 3413 concilio
3245 3357 3525 3422 vanitatis,
3569 3357 3622 3410 et

1955 3467 2079 3506 cum
2105 3449 2301 3520 iniqua
2327 3446 2641 3518 gerentibus
2663 3463 2773 3502 non
2798 3445 3214 3518 introibo(Psal.
3233 3448 3290 3514 ι).
3306 3444 3423 3500 Nec
3444 3443 3620 3500 eccle-

1957 3537 2178 3594 siastici
2211 3537 2393 3591 moris
2443 3540 2551 3602 est,
2587 3552 2718 3590 cum
2770 3535 2864 3590 his
2911 3533 3012 3607 qui
3064 3533 3348 3606 pollutam
3396 3533 3616 3588 habent

1958 3625 2436 3682 communionem
2469 3625 2930 3696 permistamque
2952 3640 3087 3679 cum
3112 3621 3349 3695 perﬁdis
3374 3621 3617 3676 miscere

1959 3717 2294 3776 concilium.
2329 3717 2502 3772 Recte
2535 3715 2714 3787 igitur
2744 3731 2848 3787 per
2880 3711 3372 3770 Chalcedonensis
3411 3710 3618 3784 synodi

1962 3809 2231 3871 formam,
2265 3804 2603 3876 hujusmodi
2628 3805 2782 3860 384
2804 3802 3197 3876 przevaricatio
3239 3799 3475 3874 repulsa
3504 3803 3614 3867 est,

1962 3896 2306 3968 priusquam
2341 3895 2413 3950 ad
2444 3893 2757 3950 concilium
2789 3893 2944 3964 quod
2977 3909 3082 3948 nec
3121 3908 3269 3964 opus
3312 3893 3436 3945 erat
3486 3892 3618 3961 post

1963 3986 2214 4057 primam
2248 3985 2556 4056 synodum,
2579 3999 2683 4038 nec
2715 4000 2846 4037 cum
2881 3981 3098 4037 talibus
3127 3979 3326 4035 haberi
3351 3979 3619 4034 licebat.»

1962 4074 2030 4128 V.
2065 4076 2132 4128 Et
2161 4072 2300 4145 quia
2329 4072 2450 4128 hazc
2482 4072 2721 4127 haeresis
2766 4072 2837 4126 ab
2891 4069 3211 4143 apostolica
3261 4069 3418 4134 sede,
3461 4065 3618 4122 beati

1964 4180 2125 4236 papae
2139 4161 2432 4232 leestini
2452 4161 2814 4225 auctoritate,
2832 4158 3116 4214 instantia
3130 4156 3314 4212 sancti
3332 4155 3617 4226 Prosperi,

1967 4269 2267 4308 sacrarum
2291 4250 2728 4322 Scripturarum
2752 4251 2808 4303 et
2830 4246 3284 4302 orthodoxorum
3309 4243 3620 4314 magistro-

1968 4358 2099 4396 rum
2137 4341 2484 4396 documento
2521 4337 2659 4394 olim
2687 4335 3003 4402 devicta,et
3032 4335 3310 4389 moderno
3338 4336 3618 4403 tempore,

1968 4428 2398 4486 levissimorum
2429 4432 2487 4482 et
2518 4443 2662 4498 pene
2695 4423 2914 4480 nullius
2947 4421 3225 4478 momenti
3252 4421 3337 4495 vel
3363 4418 3621 4476 scientia:

1970 4536 2084 4575 non
2107 4517 2299 4573 dicam
2321 4515 2687 4571 auctoritatis
2707 4514 2964 4570 virorum
2989 4517 3076 4567 est
3108 4515 3350 4578 remota,
3381 4509 3520 4582 quid
3553 4508 3624 4563 de

1895 4627 1940 4690 Ι)
1976 4607 2407 4663 removentibus
2425 4609 2481 4660 et
2502 4603 2668 4676 quasi
2694 4603 2937 4676 frigidos
2949 4602 3172 4658 cineres
3191 4601 3247 4654 in
3268 4617 3406 4654 suos
3424 4597 3624 4654 oculos

1977 4694 2420 4751 resufﬂantibus
2450 4692 2540 4765 agi
2571 4691 3067 4761 conveniat,idem
3101 4692 3340 4745 sanctus
3362 4687 3627 4744 Celasius

1974 4785 2035 4840 in
2069 4783 2308 4856 praefato
2339 4781 2795 4838 Commonitorio
2840 4779 3047 4854 legatis
3095 4778 3426 4852 apostolicae
3469 4775 3626 4832 sedis

1972 4871 2536 4944 Constantinopolim
2569 4868 2876 4925 destinatis
2905 4870 3119 4924 tradito
3151 4868 3233 4924 ita
3264 4867 3404 4923 dicit
3436 4883 3451 4921 :
3481 4890 3505 4914 ‹‹
3534 4866 3628 4920 Se-

1974 4963 2233 5020 cundum
2270 4963 2536 5026 formam,
2573 4959 2865 5032 inquiens,
2898 4957 3104 5033 synodi
3138 4953 3626 5013 Chalcedonensis

1975 5051 2249 5108 Acacium
2274 5055 2504 5105 constat
2527 5049 2706 5105 fuisse
2733 5049 3100 5115 damnatum,
3118 5047 3268 5103 sicut
3290 5046 3348 5100 in
3373 5057 3630 5112 unaqua-

1979 5159 2090 5215 que
2141 5139 2368 5205 hzeresi,
2404 5157 2437 5194 a
2490 5137 2774 5210 principio
2830 5137 3172 5193 Christiana:
3224 5129 3539 5205 religionis,
3573 5131 3630 5183 et

1977 5232 2199 5286 factum
2227 5229 2496 5295 fuisse,et
2519 5228 2640 5282 fieri
2668 5227 2979 5282 manit'esta
3002 5225 3224 5280 ratione
3245 5221 3625 5284 monstratur,

1977 5321 2463 5389 deccssoremque
2515 5333 2710 5372 meum
2760 5319 3155 5370 exsecutorem
3207 5310 3387 5364 fuisse
3416 5304 3630 5360 veteris

1977 5408 2301 5473 constituti,
2326 5425 2439 5462 non
2473 5422 2630 5460 nova:
2663 5401 3099 5460 constitutionis
3131 5393 3627 5460 auctorem.Quod

1977 5517 2092 5554 non
2124 5497 2313 5554 solum
2368 5493 2601 5569 przesuli
2633 5492 2950 5566 apostolico
2994 5491 3179 5546 facere
3227 5487 3381 5555 licet,
3417 5486 3518 5542 sed
3573 5488 3633 5541 et

1979 5587 2310 5660 cuicunque
2339 5585 2624 5660 pontiﬁci,
2660 5600 2774 5656 quo
2806 5580 3025 5636 scilicet
3055 5577 3377 5650 quemlibet
3420 5592 3629 5632 secun-

1977 5679 2119 5737 dum
2143 5677 2405 5754 regulam
2427 5675 2679 5734 haereses
2701 5670 2888 5749 ipsius
2909 5673 3043 5728 ante
3057 5668 3347 5726 damnatae
3377 5684 3412 5726 a
3430 5665 3630 5725 catho-
