3962 6178
339 338 456 399 399

1278 334 1657 397 HINCMARI
1706 332 2158 396 RHEMENSIS
2200 331 2818 395 ARCHIEPISGOPI.

3600 340 3702 403 ιω

339 467 453 524 lica
484 466 895 523 communione
916 466 1229 524 discernat.
1244 466 1491 523 Aeacius
1513 467 1730 539 quippe
1751 483 1868 522 non
1892 464 2004 521 fuit
2029 466 2085 531 Α
2114 464 2274 520 tione
2289 463 2545 533 movisti,
2561 464 2661 536 qui
2682 468 2739 520 te
2762 480 2941 537 super
2960 463 3240 521 familiam
3261 482 3420 523 suam
3439 467 3710 529 velutﬁde-

340 556 472 612 novi
502 556 591 612 vel
622 555 841 629 proprii
890 555 1158 611 inventor
1204 554 1437 623 erroris,
1471 560 1535 610 ut
1563 555 1623 610 in
1662 573 1797 612 eum
1845 572 1994 611 nova

339 644 488 701 scita
509 644 942 717 prodirent,sed
965 643 1153 700 alieno
1173 644 1413 700 facinori
1444 662 1553 700 sua
1579 644 1992 701 communione

339 751 402 790 se
431 733 692 790 miscuit.
717 734 919 805 Itaque
950 749 1187 789 necesse
1215 738 1304 790 est
1331 738 1398 788 ut
1426 734 1485 788 in
1517 733 1679 789 illam
1710 734 1992 789 recideret

330 823 670 894 justalance
686 822 1246 895 sententiam,quam
1260 839 1394 878 cum
1409 823 1533 879 suis
1549 822 1991 878 successoribus

337 927 440 983 per
460 909 923 967 convenientiam
947 910 1286 983 synodalem
1311 915 1648 983 susceperat
1669 916 1872 967 auctor
1900 927 1989 967 er-

338 1000 509 1056 roris.
545 1021 573 1048 »
606 999 752 1054 Hinc
773 1003 830 1056 et
851 1002 1091 1056 sanctus
1114 1000 1227 1055 Leo
1248 1000 1538 1056 universis
1571 999 1863 1073 episcopis
1887 1017 2001 1073 per

337 1087 598 1144 diversas
644 1087 974 1161 provincias
1033 1088 1368 1152 castitutis
1426 1088 1684 1145 inculcat
1721 1089 1897 1161 (epist.
1929 1092 1986 1157 2,

336 1179 599 1250 episcopis
650 1177 848 1250 Italia?)
879 1178 1080 1233 dicens
1127 1178 1197 1232 ad
1248 1177 1441 1233 locum
1479 1196 1491 1234 :
1528 1201 1557 1228 «
1588 1177 1771 1233 Aliter
1807 1177 1984 1244 enim,

336 1265 548 1338 inquit,
571 1266 740 1322 nobis
771 1266 1119 1322 commissos
1150 1283 1348 1339 regere
1381 1283 1494 1321 non
1518 1264 1988 1339 possumus,nisi

336 1354 444 1411 hos
475 1353 575 1428 qui
606 1357 745 1411 sunt
774 1354 1098 1426 perditores
1128 1358 1185 1410 et
1213 1354 1423 1426 perditi
1454 1353 1574 1411 zelo
1623 1355 1757 1411 ﬁdei
1795 1353 1987 1411 Domi-

335 1444 477 1500 nicas
521 1459 960 1516 persequamur,
993 1447 1050 1498 et
1094 1461 1128 1499 a
1167 1442 1328 1500 sanis
1359 1444 1678 1511 mentibus,
1712 1460 1785 1499 ne
1805 1443 1987 1516 pestis

334 1532 457 1588 hac
476 1531 654 1588 latius
679 1530 1030 1604 divulgetur,
1052 1532 1355 1589 severitate
1386 1550 1503 1605 qua
1531 1549 1851 1606 possumus
1878 1533 1985 1588 ab-

333 1621 556 1678 scidam
567 1619 824 1677 us.Unde
846 1620 1049 1677 hortor
1064 1620 1436 1678 dilectionem
1448 1622 1989 1690 vestram,obtestor

333 1713 391 1765 et
419 1726 649 1777 moneo,
685 1712 749 1764 ut
780 1726 897 1781 qua
927 1708 1150 1766 debetis
1198 1714 1255 1767 et
1296 1711 1542 1783 potestis
1592 1710 1985 1767 sollicitudine

330 1798 583 1873 vigiletis
607 1798 678 1853 ad
703 1797 1140 1871 investigandos
1160 1816 1278 1868 eos,
1304 1816 1410 1854 nec
1444 1800 1543 1855 ubi
1576 1798 1905 1856 occultandi
1925 1816 1987 1856 se
2016 1836 2064 1902 Β

331 1886 626 1958 reperiant
655 1886 1013 1942 facultatem.
1039 1886 1110 1942 Ut
1129 1887 1285 1942 enim
1310 1888 1551 1944 habebit
1570 1906 1605 1944 a
1631 1889 1747 1945 Deo
1779 1889 1988 1962 ingens

333 1973 825 2030 remunerationis
856 1975 1184 2045 praemium,
1219 1976 1319 2047 qui
1353 1976 1695 2049 diligentius
1726 1978 1881 2050 quod
1915 1977 1986 2032 ad

333 2062 583 2119 salutem
615 2063 944 2119 commissae
975 2063 1087 2119 sibi
1119 2064 1308 2136 plebis
1338 2067 1605 2138 proﬁciat
1629 2068 1806 2123 fuerit
1825 2084 1986 2123 exse-

332 2154 524 2219 cutus,
548 2150 629 2206 ita
649 2155 783 2207 ante
810 2153 1070 2208 tribunal
1094 2153 1325 2209 Domini
1348 2155 1418 2209 de
1440 2160 1601 2211 reatu
1623 2155 1986 2229 negligentiae

331 2255 394 2296 se
424 2256 539 2295 non
572 2240 785 2312 poterit
822 2258 1119 2310 excusare,
1153 2241 1490 2315 quicunque
1536 2242 1763 2316 plebem
1814 2260 1983 2300 suam

330 2332 534 2384 contra
562 2327 858 2401 sacrilega:
884 2330 1288 2402 persuasionis
1309 2335 1578 2387 auctores
1610 2331 1865 2388 noluerit
1883 2351 1983 2388 cu-

327 2416 566 2472 s'todire.
599 2439 628 2468 »
662 2415 807 2472 Hinc
839 2422 1078 2474 sanctus
1099 2419 1445 2477 Ambrosius
1477 2420 1535 2475 in
1568 2424 1819 2476 tractatu
1861 2421 1988 2494 epi-

326 2504 488 2561 stolae
521 2506 591 2560 ad
615 2505 849 2562 Galatas
880 2510 1022 2579 (cap.
1056 2511 1099 2577 ι)
1132 2525 1146 2563 :
1182 2532 1209 2559 ‹‹
1243 2510 1412 2577 Tam,
1437 2509 1903 2582 inquit,ﬁrmum
1927 2516 1986 2567 et

322 2610 525 2649 verum
540 2595 918 2668 Evangelium
952 2598 1106 2668 quod
1138 2597 1219 2654 eis
1241 2599 1415 2669 praedi
1424 2604 1653 2655 caverat
1669 2600 1898 2668 asserit,
1918 2605 1984 2656 ut

325 2682 500 2739 etiam
514 2683 823 2756 seipsos,id
842 2689 932 2741 est
948 2685 1319 2757 apostolos,si
1343 2688 1636 2743 immutati
1659 2689 1801 2744 forte
1815 2688 1987 2744 aliter

324 2772 848 2845 prazdiearentmon
864 2774 1054 2829 audiri
1067 2776 1577 2848 doceret,quorum
1588 2776 1789 2850 utique
1804 2778 1979 2850 fama,

325 2861 482 2932 quod
527 2865 724 2917 essent
754 2862 1001 2935 apostoli
1033 2863 1267 2933 Christi,
1291 2869 1698 2937 peragraverat
1743 2881 1981 2921 omnem

324 2947 541 3005 locum.
561 2951 675 3005 Aut
704 2951 751 3006 si
778 2951 923 3007 forte
943 2951 1232 3021 diabolus,
1250 2954 1522 3027 angelum
1545 2954 1644 3011 Dei
1668 2972 1730 3011 se
1752 2954 1980 3027 ﬁngens

324 3041 390 3093 ut
419 3038 586 3095 facile
615 3040 802 3112 possit
821 3041 1032 3109 audiri,
1047 3043 1116 3097 de
1133 3042 1295 3099 caelis
1315 3049 1620 3116 appareret
1640 3048 1841 3100 contra
1858 3044 1979 3099 haec

324 3127 667 3199 praedicans,
699 3128 948 3185 sciretur
975 3147 1103 3187 esse
1133 3132 1589 3199 contrarium,et
1619 3132 1978 3189 abominatio

323 3213 655 3272 haberetur.
690 3216 748 3272 Si
781 3234 917 3290 ergo
949 3218 1244 3290 apostolos
1294 3219 1530 3287 Christi,
1564 3237 1812 3292 quorum
1854 3223 1975 3275 tam
2007 3210 2049 3276 C

322 3303 601 3375 praeclara
616 3304 812 3376 opinio
836 3306 894 3360 in
915 3306 1101 3379 signis
1115 3312 1170 3363 et
1183 3307 1463 3380 prodigiis
1476 3314 1599 3363 erat
1612 3308 1976 3376 faciendis,et

321 3392 593 3465 angelum
626 3393 697 3448 de
722 3393 885 3461 coelo,
910 3411 1083 3467 quem
1117 3396 1303 3468 possit
1333 3395 1613 3469 spiritalis
1640 3398 1788 3452 ratio
1810 3415 1972 3454 com-

319 3482 617 3549 mendare,
631 3482 783 3539 335
799 3482 966 3539 aliter
977 3485 1250 3541 docentes
1263 3502 1441 3558 quam
1456 3486 1529 3541 ab
1550 3485 1813 3559 apostolo
1826 3485 1974 3543 Pau-

316 3567 372 3625 lo
394 3570 547 3626 docti
570 3575 736 3627 erant
756 3571 1236 3629 anathematizari
1250 3573 1767 3647 prmcepit,quanto
1783 3575 1974 3649 magis

317 3675 466 3730 quos
492 3659 724 3715 nullum
774 3660 1180 3717 testimonium
1235 3663 1306 3718 ad
1351 3664 1751 3720 seducendum
1782 3668 1974 3737 potest

317 3747 769 3803 commendare?
792 3770 820 3797 »
843 3748 987 3803 Item
1009 3748 1068 3804 in
1091 3749 1338 3821 epistola
1356 3750 1650 3807 leestini
1671 3753 1744 3808 ad
1767 3753 1969 3809 Nesto-

316 3832 471 3889 rium
493 3837 550 3903 (ζ
564 3836 798 3891 wlestini
815 3838 971 3909 epist.
998 3838 1054 3906 5)
1084 3856 1097 3894 :
1124 3862 1150 3889 «
1179 3839 1237 3895 Si
1264 3841 1431 3913 quasi
1460 3844 1599 3896 nota
1619 3841 1968 3910 contemnis,

317 3919 579 3995 intellige
622 3926 677 3979 te
699 3923 1153 3982 inexcusabilem
1179 3928 1319 3998 fore,
1353 3946 1488 3984 cum
1519 3947 1553 3985 a
1581 3934 1637 3985 te
1667 3930 1969 3987 commissi

316 4009 423 4066 tibi
451 4011 655 4068 talenti
688 4014 983 4086 quaesierit
1011 4015 1108 4073 ille
1139 4018 1444 4088 rationem,
1478 4018 1579 4091 qui
1609 4036 1713 4093 per
1759 4036 1865 4076 nos
1896 4022 1968 4078 de

315 4099 424 4156 hoc
455 4105 655 4159 sancto
687 4103 905 4161 femore
933 4122 1109 4161 suum
1140 4107 1371 4164 lucrum
1397 4125 1628 4182 semper
1648 4113 1963 4181 exspectat.

311 4189 520 4263 Aspice
550 4208 677 4264 qua:
704 4210 875 4266 pruna
904 4193 1073 4251 illum
1106 4201 1340 4253 maneat
1362 4197 1461 4270 qui
1480 4198 1790 4254 abscondit
1812 4215 1967 4256 acce-

309 4282 501 4350 ptum,
535 4282 633 4354 qui
664 4282 961 4357 integrum
1009 4289 1162 4341 certe
1209 4285 1467 4341 restituit
1511 4288 1666 4359 quod
1718 4289 1960 4360 accepit.

310 4367 474 4425 Unde
495 4370 791 4429 evidenter
820 4374 1072 4443 adverte,
1089 4375 1245 4447 quod
1269 4375 1347 4431 sit
1368 4379 1425 4432 et
1443 4375 1617 4447 quale
1636 4376 1962 4449 periculum

309 4470 414 4510 nec
445 4454 555 4512 hoc
585 4460 737 4530 quod
770 4461 1063 4535 acceperis
1091 4463 1434 4532 reddidisse,
1468 4465 1554 4519 An
1603 4468 1668 4520 tu
1714 4464 1961 4521 Domino

308 4541 573 4642 dicturus
603 4562 665 4601 es
693 4549 888 4642 :Quos
920 4549 1132 4642 dedisti
1164 4551 1309 4642 mihi
1341 4553 1672 4642 custodivi?
1700 4554 1845 4610 Cum
1877 4555 1962 4611 sic
1989 4575 2038 4642 ι)

309 4629 500 4687 scindi
528 4630 588 4687 in
611 4638 806 4705 partes
839 4637 1149 4695 audiamus
1180 4641 1309 4712 ejus
1330 4640 1805 4716 Ecclesiam,qua
1832 4659 1964 4699 con-

309 4717 555 4776 scientia
570 4721 715 4779 vivis
737 4741 884 4796 pene
904 4726 976 4782 ab
1006 4727 1284 4786 omnibus
1304 4729 1362 4785 in
1385 4730 1494 4787 hac
1516 4731 1745 4788 civitate
1766 4732 1961 4791 deser-

309 4807 444 4863 tus?
474 4812 777 4881 optaveras
806 4830 905 4869 eos
954 4818 1093 4871 tunc
1141 4817 1321 4874 fuisse
1369 4823 1492 4875 tam
1525 4825 1747 4889 cautos,
1781 4838 1961 4894 quam

307 4913 465 4954 nunc
494 4902 636 4955 sunt
666 4917 801 4956 cum
823 4902 934 4958 sibi
957 4904 1292 4963 desiderant
1314 4909 1669 4965 subveniri.»
1693 4911 1762 4966 Et
1782 4912 1956 4967 item:

309 5008 338 5038 «
368 4987 572 5061 Itaque
602 4991 872 5062 quamvis
902 4993 1080 5049 etiam
1111 4996 1290 5052 frater
1318 4997 1567 5071 Cyrillus
1597 5000 1873 5056 secundis
1902 5005 1958 5058 te

304 5076 570 5149 epistolis
590 5080 716 5136 suis
738 5085 962 5138 asserat
982 5100 1110 5140 esse
1121 5086 1791 5161 conventum,intelligas
1801 5088 1951 5159 volo,

302 5170 436 5237 post
456 5166 707 5239 primam
731 5174 788 5224 et
817 5173 1136 5228 secundam
1165 5171 1328 5229 illius
1359 5177 1416 5229 et
1443 5174 1595 5231 hanc
1637 5176 1951 5249 correptio-

301 5270 435 5311 nem
466 5261 749 5325 nostram,
781 5276 961 5331 quam
992 5264 1223 5317 constat
1251 5278 1380 5318 esse
1420 5263 1545 5335 jam
1590 5264 1843 5334 tertiam,
1876 5267 1949 5323 ab

298 5343 677 5403 universitate
705 5346 934 5422 collegii
964 5352 1021 5405 et
1066 5354 1352 5405 conventu
1399 5351 1863 5410 Christianorum
1893 5359 1949 5412 te

296 5447 540 5501 prorsus
570 5452 698 5493 esse
729 5438 1084 5509 sejunctum,
1118 5437 1232 5494 nisi
1266 5456 1403 5495 mox
1431 5457 1558 5512 qua:
1592 5441 1744 5499 male
1793 5443 1951 5500 dicta

296 5523 437 5576 sunt
467 5522 854 5596 corrigantur,
879 5526 993 5583 nisi
1022 5525 1084 5582 in
1114 5543 1243 5583 eam
1272 5526 1426 5584 viam
1453 5529 1656 5586 redeas
1687 5546 1865 5603 quam
1887 5549 1949 5589 se

296 5604 566 5669 Christus
595 5628 723 5670 esse
751 5616 1017 5674 testatur.
1044 5614 1195 5674 Male
1214 5613 1275 5673 in
1304 5615 1462 5675 hunc
1492 5622 1657 5676 arma
1675 5618 1948 5696 despera-

2100 553 2215 608 lem
2228 554 2694 626 prudentemque
2708 570 2937 609 servum
2953 553 3296 626 permiserat
3305 560 3433 612 ante
3445 558 3706 617 constitui.

2101 640 2280 697 Periit
2307 641 2415 697 tibi
2448 640 2628 713 hujus
2656 641 2779 698 vice
2809 642 2987 698 ofﬁcii
3014 642 3307 700 beatitudo
3327 645 3710 720 promissa,qui

2098 746 2216 785 non
2247 729 2439 785 solum
2471 747 2587 785 non
2621 730 2726 786 das
2747 729 2943 786 cibum
2974 729 3033 785 in
3065 734 3542 803 tempore,verum
3558 735 3710 797 etiam

2095 834 2316 875 veneno
2347 817 2541 875 inﬁcis
2570 835 2719 891 quos
2748 818 2844 876 ille
2875 836 2981 876 suo
3012 820 3300 893 sanguine
3318 825 3377 877 et
3404 838 3506 878 sua
3550 829 3710 881 morte

2098 905 2384 979 quaesivit.
2419 928 2448 956 »
2478 908 2549 963 Et
2576 906 2716 963 item
2748 907 2810 963 in
2842 907 3088 980 epistola
3114 908 3187 964 ad
3219 907 3714 984 Constantinopolis

2097 999 2268 1051 tanos
2299 995 2476 1068 (epist.
2505 996 2557 1065 4,
2591 994 2909 1067 Ceclestini)
2940 1012 2954 1051 :
2992 1019 3021 1047 «
3053 995 3269 1053 Audiat
3290 997 3716 1067 Ezechielem,et

2098 1083 2238 1155 quid
2272 1084 2383 1141 sibi
2416 1084 2724 1140 immineat
2755 1090 3169 1159 recognoscat:
3202 1085 3514 1158 Extendam,
3529 1086 3719 1160 inquit,

2094 1190 2322 1229 manum
2350 1190 2531 1230 meam
2548 1190 2713 1245 super
2735 1174 3068 1247 prophetias,
3102 1177 3198 1247 qui
3224 1174 3406 1231 vident
3441 1174 3715 1245 maidacia,

2095 1268 2149 1316 et
2174 1261 2473 1334 loquuntur
2499 1262 2788 1318 vana.Non
2822 1263 2880 1317 in
2906 1263 3102 1334 populi
3127 1265 3237 1318 mei
3254 1271 3415 1319 erunt
3429 1262 3719 1336 disciplina,

2093 1366 2267 1422 neque
2295 1352 2357 1406 in
2382 1351 2658 1422 scriptura
2679 1348 2871 1407 domus
2900 1351 3069 1407 Israel
3095 1351 3420 1419 scribentur,
3451 1359 3503 1408 et
3544 1354 3598 1407 in
3632 1360 3722 1409 ler-

2097 1455 2217 1494 ram
2245 1439 2418 1494 Israel
2444 1455 2557 1496 non
2586 1439 2890 1507 intrabunt,
2922 1441 3054 1512 quia
3078 1440 3346 1512 populum
3372 1457 3554 1496 meum
3577 1440 3722 1497 sedeo

2092 1536 2296 1584 xerunt
2308 1528 2523 1598 (Ezech.
2549 1543 2674 1596 XIII,
2705 1528 2783 1601 9).
2800 1550 2829 1578 ››
2851 1528 2922 1584 Et
2938 1528 3081 1584 item
3113 1544 3127 1584 :
3161 1550 3191 1578 ‹‹
3215 1529 3459 1602 Semper
3476 1528 3622 1585 enim
3640 1529 3727 1586 alio

2094 1617 2360 1673 seidendi
2382 1622 2521 1673 sunt
2541 1615 2907 1689 hujusmodi,
2930 1617 3031 1689 qui
3050 1617 3470 1674 conturbantes
3485 1616 3724 1683 animum

2094 1705 2293 1778 populi
2307 1705 2642 1774 Christiani,
2666 1710 2723 1762 et
2741 1722 2845 1778 pro
2867 1706 3108 1762 arbitrio
3130 1723 3240 1763 suo
3264 1705 3571 1780 Evangelia
3586 1721 3727 1763 ever,

2093 1798 2306 1863 tentes,
2323 1795 2438 1850 Deo
2465 1794 2818 1850 fructiﬁcare
2838 1811 2955 1850 non
2997 1799 3278 1868 possunt;
3298 1800 3357 1852 et
3393 1794 3628 1852 colenda
3651 1798 3729 1851 est

2096 1883 2264 1939 vinea
2285 1900 2411 1956 quae
2426 1884 2528 1956 jus
2550 1882 2906 1955 possessoris
2936 1889 3239 1957 agnoscat.
3260 1906 3291 1935 ››
3320 1884 3395 1940 Et
3419 1884 3593 1941 item:
3617 1907 3645 1935 «
3670 1882 3730 1940 Hi

2097 1988 2301 2029 omnes
2322 1972 2382 2028 in
2405 1977 2604 2028 nostra
2618 1972 3030 2029 communione
3050 1977 3110 2028 et
3126 1972 3439 2029 fueruntet
3450 1972 3730 2044 hucusque

2095 2062 2435 2133 perdurant,
2449 2060 2589 2133 quia
2617 2060 2913 2117 neminem
2933 2059 3023 2117 vel
3061 2061 3318 2135 dejicere
3334 2060 3434 2118 vel
3464 2075 3736 2118 removere

2093 2153 2342 2222 poterat,
2375 2148 2476 2222 qui
2505 2149 2831 2222 praedicans
2858 2146 2999 2206 talia
3027 2149 3351 2206 titubabat.
3387 2172 3418 2200 »
3447 2151 3519 2206 Et
3562 2149 3733 2207 item:

2095 2262 2123 2288 ‹‹
2156 2239 2261 2296 Est
2288 2239 2422 2295 talis
2452 2240 2788 2313 frequenter
2816 2238 3023 2311 pietas,
3038 2255 3107 2296 ex
3126 2256 3252 2312 qua
3274 2238 3543 2297 nascitur
3555 2236 3764 2313 impie-~

2092 2332 2203 2397 tas,
2239 2345 2372 2384 cum
2404 2328 2669 2385 vincente
2701 2328 2898 2385 carnis
2927 2328 3136 2385 aﬂ‘ectu
3168 2328 3453 2386 charitati
3500 2327 3583 2385 illi
3627 2343 3739 2401 qua

2093 2417 2249 2472 Deus
2280 2422 2369 2473 est
2400 2416 2654 2473 charitas
2684 2419 3058 2490 praeponatur
3086 2416 3439 2491 corporalis.
3474 2439 3503 2468 ››

2166 2506 2313 2561 Hinc
2335 2510 2392 2562 et
2413 2510 2653 2563 sanctus
2673 2506 3018 2563 Ambrosius
3043 2506 3102 2562 in
3130 2506 3374 2580 psalmo
3391 2505 3702 2564 cxvmdicit
3728 2520 3742 2561 ι

2097 2617 2124 2645 ‹‹
2159 2595 2263 2650 Est
2291 2610 2427 2667 ergo
2449 2595 2474 2666 j
2484 2599 2617 2650 usta
2635 2593 3057 2665 misericordia,
3082 2596 3187 2652 sed
3222 2600 3321 2653 est
3338 2595 3522 2653 etiam
3542 2594 3747 2666 injuste

2092 2682 2515 2739 misericordia.
2540 2682 2802 2755 Denique
2830 2682 2890 2738 in
2922 2682 3047 2757 lege
3076 2684 3379 2758 scriptum
3410 2689 3502 2742 est
3529 2685 3600 2741 de
3625 2699 3749 2756 quo-

2091 2772 2227 2827 dam
2253 2788 2266 2826 :
2289 2772 2412 2828 Non
2437 2772 2784 2829 misereberis
2812 2772 2970 2828 illius
3000 2773 3186 2845 (Deut.
3222 2774 3371 2847 nx).
3395 2774 3469 2830 Et
3496 2772 3557 2830 in
3596 2770 3751 2827 libris

2090 2860 2430 2933 Regnorum
2488 2859 2707 2933 legitur
2754 2861 2895 2933 quia
2938 2860 3077 2918 Saul
3126 2866 3454 2935 propterea
3482 2859 3751 2919 contraxit

2088 2950 2394 3018 offensam,
2421 2948 2559 3021 quia
2587 2949 2903 3006 miseratus
2931 2953 3024 3007 est
3048 2951 3219 3025 Agag
3250 2951 3523 3008 hostium
3546 2964 3747 3023 regem

2088 3054 2263 3110 quem
2294 3038 2675 3111 prohibuerat
2720 3038 3008 3095 sententia
3054 3039 3263 3097 divina
3315 3040 3540 3098 servari
3572 3040 3617 3114 (1
3639 3040 3755 3110 Reg.

2084 3127 2199 3199 xv).
2234 3127 2308 3183 Ut
2339 3127 2387 3184 si
2421 3127 2555 3199 quis
2577 3128 2822 3184 latronis
2853 3127 2991 3184 ﬁliis
3021 3128 3501 3200 deprecantibus
3548 3131 3749 3193 motus,

2087 3220 2146 3270 et
2171 3215 2445 3289 lacrymis
2466 3216 2736 3290 conjugis
2759 3219 2890 3290 ejus
2911 3216 3183 3286 inﬂexus,
3208 3217 3649 3276 absolvendum
3668 3231 3762 3290 pu-

2084 3307 2184 3373 tet,
2217 3305 2311 3359 cui
2343 3305 2536 3360 adhuc
2562 3305 2948 3362 latrocinandi
2997 3306 3226 3380 aspiret
3276 3308 3757 3375 aﬂ‘ectus,nonne

2083 3392 2422 3450 innocentes
2448 3394 2641 3451 tradet
2659 3394 2854 3463 exitio,
2870 3394 2971 3467 qui
2991 3394 3208 3452 liberat
3229 3397 3574 3454 multorum
3597 3393 3761 3453 exitia

2083 3481 2237 3539 586
2267 3482 2663 3557 cogitantem?
2683 3483 2851 3540 Certe
2873 3484 2923 3540 si
2953 3483 3227 3558 gladium
3252 3487 3558 3561 reprimit,
3579 3482 3759 3541 vincla

2081 3570 2367 3640 dissolvit,
2384 3571 2541 3628 laxat
2562 3570 2855 3643 exsilium,
2870 3588 2976 3628 cur
3004 3572 3421 3631 latrocinandi
3442 3591 3569 3648 qua
3583 3574 3769 3648 potest

2081 3659 2455 3716 clementiore
2467 3660 2559 3716 via
2571 3675 2687 3715 non
2700 3659 2872 3734 eripit
2882 3659 3261 3729 facultatem,
3274 3663 3386 3736 qui
3403 3663 3759 3720 voluntatem

2080 3753 2421 3822 extorquere
2451 3766 2566 3806 non
2601 3749 2834 3822 potuit?
2863 3750 3085 3807 Deinde
3113 3750 3281 3808 inter
3316 3753 3502 3823 duos,
3526 3752 3643 3809 hoc
3680 3752 3769 3809 est

2078 3841 2477 3894 accusatorem
2509 3841 2568 3894 et
2596 3854 2781 3907 reum,
2798 3838 2923 3911 pari
2948 3838 3213 3911 periculo
3237 3842 3322 3898 de
3350 3841 3553 3916 capite
3572 3843 3765 3898 decer—

2078 3930 2302 3995 nentes,
2337 3925 2585 3982 alterum
2618 3926 2667 3982 si
2701 3944 2817 3983 non
2847 3927 3171 3999 probasset,
3212 3929 3493 3987 alterum
3525 3930 3580 3987 si
3617 3929 3769 3986 esset

2076 4015 2149 4070 ab
2183 4020 2520 4072 accusatore
2567 4014 2887 4084 convictus,
2910 4032 3026 4071 non
3056 4015 3114 4071 id
3145 4020 3326 4090 quod
3375 4019 3639 4092 justiti»
3682 4019 3767 4074 est

2066 4104 2252 4175 judex
2271 4108 2573 4177 sequatur,
2590 4105 2691 4160 sed
2709 4104 2851 4160 dum
2874 4103 3193 4161 miseretur
3225 4106 3343 4177 rei,
3359 4112 3620 4166 damnet
3649 4121 3768 4182 pro-

2074 4192 2335 4262 bantem,
2368 4198 2471 4250 aut
2497 4194 2639 4250 dum
2666 4193 2993 4250 accusatori
3024 4193 3179 4251 favet
3213 4198 3329 4269 qui
3363 4199 3632 4272 probare
3658 4212 3766 4254 non

2074 4283 2280 4356 possit,
2302 4283 2536 4340 addicat
2553 4282 2880 4340 innoxium.
2905 4284 3031 4340 Non
3055 4288 3262 4357 potest
3290 4287 3496 4361 igitur
3515 4289 3644 4345 hac
3661 4284 3775 4343 dici

2064 4374 2231 4445 justa
2255 4372 2676 4429 misericordia.
2696 4374 2759 4428 In
2790 4371 2920 4446 ipsa
2939 4371 3357 4443 Ecelesia,ubi
3382 4379 3661 4435 maxime
3675 4374 3776 4433 mi-

2071 4477 2261 4518 serere
2282 4461 2465 4530 decet,
2480 4462 2665 4518 teneri
2687 4477 2865 4535 quam
2888 4461 3142 4518 maxime
3160 4462 3369 4522 debet
3386 4461 3773 4540 formajusﬂ-

2069 4550 2185 4618 tiae,
2218 4567 2289 4607 ne
2336 4550 2469 4622 quis
2517 4567 2552 4606 a
2597 4550 2888 4608 consortio
2920 4552 3388 4614 communionis
3436 4557 3784 4622 abstentus,

2070 4640 2229 4696 brevi
2258 4638 2581 4713 lacrymula
2610 4643 2786 4712 atque
2822 4641 2896 4696 ad
2927 4643 3165 4713 tempus
3193 4650 3456 4715 parata,
3472 4645 3573 4703 vel
3599 4643 3772 4704 etiam

2071 4728 2439 4785 uberioribus
2466 4728 2701 4785 ﬂetibus
2724 4729 3230 4800 communionem,
3253 4749 3464 4806 quam
3500 4731 3780 4810 plurimis

2069 4817 2242 4875 debet
2261 4816 2557 4890 postulare
2577 4817 2960 4890 temporibus,
2980 4816 3261 4875 facilitati
3304 4823 3668 4882 sacerdotis
3693 4837 3779 4879 ex-

2066 4910 2353 4980 torqueat.
2373 4907 2574 4963 Nonne
2591 4924 2725 4963 cum
2748 4907 2850 4963 uni
2870 4906 3138 4980 indulget
3154 4907 3797 4988 indignemini-imos

2066 4995 2206 5053 facit
2221 4997 2290 5052 ad
2325 4995 2707 5069 prolaptionis
2725 4995 3063 5069 contagium
3082 5005 3478 5070 provocari?
3502 5003 3791 5062 Facilitas

2063 5084 2220 5141 enim
2242 5084 2420 5141 veniae
2450 5085 2807 5142 incentivum
2839 5085 3047 5143 tribuit
3076 5085 3538 5163 delinquendi.
3574 5093 3787 5152 Hocce

2061 5173 2281 5230 dictum
2312 5178 2419 5244 est,
2450 5178 2517 5231 ut
2545 5175 2820 5244 sciamus,
2845 5175 3173 5232 secundum
3207 5182 3502 5239 verbum
3527 5183 3662 5252 Dei,
3693 5198 3784 5239 se-

2059 5264 2318 5320 cundum
2362 5264 2671 5333 rationem,
2724 5264 3181 5338 dispensandam
3231 5283 3389 5327 esse
3437 5270 3788 5331 misericor-

2058 5351 2217 5409 diam
2235 5352 2615 5409 debitoribus.
2642 5353 2902 5409 Medicus
2923 5354 3067 5426 ipse,
3083 5352 3133 5409 si
3153 5361 3504 5431 serpentis
3524 5362 3789 5420 inter-ias

2056 5440 2578 5498 inveniatvulneris
2594 5442 3088 5511 cicatricem,cum
3111 5442 3355 5505 debeat
3377 5464 3681 5510 resecem
3709 5442 3797 5508 ul-

2056 5530 2207 5588 ceris
2220 5529 2426 5587 vitium
2448 5547 2521 5587 ne
2543 5530 2725 5588 latius
2743 5535 2959 5605 serpat,
2976 5535 3171 5588 tamen
3214 5549 3260 5590 ει
3294 5542 3583 5598 secandi
3615 5552 3799 5599 uren-

2056 5619 2232 5696 dique
2261 5619 2560 5698 proposito
2606 5619 2882 5699 laerymis
2924 5621 3170 5681 inﬂexus
3207 5628 3480 5702 aegroti,
3519 5630 3797 5692 mediea-
