3962 6178
243 349 353 412 ιρι

961 350 1064 412 DE
1105 350 1875 414 PR/EDESTINATIONE
1917 348 2437 416 DISSERTATIO
2481 355 2946 419 POSTERIOR.

3538 364 3660 426 402

243 482 460 541 mentis
480 486 644 557 tegat
663 483 817 557 quod
841 484 990 541 ferro
1011 486 1392 558 aperiendum
1418 485 1754 552 fuit,nonne
1785 485 1901 541 ista
1925 483 1983 554 Α
2011 487 2180 544 titulo
2202 504 2317 560 quo
2339 506 2516 561 supra
2539 490 2675 562 (lege
2692 491 2805 563 62).
2831 492 3036 548 «Circa
3056 494 3164 550 hos
3187 499 3379 553 autem
3403 498 3658 556 maxime

241 573 471 630 inutilis
494 574 897 630 misericordia
913 575 1077 642 est,si
1091 578 1326 647 propter
1336 576 1567 632 brevem
1593 576 1896 632 incisionis

237 664 319 721 vel
349 663 682 721 exustionis
713 663 973 720 dolorem
1016 681 1226 735 corpus
1256 681 1427 719 omne
1465 666 1744 731 tabescat,
1769 664 1899 720 vitae

238 772 382 812 usus
404 753 695 810 intereat?
720 754 892 809 Recte
911 752 1091 825 igitur
1109 758 1164 809 et
1180 754 1450 810 sacerdos
1470 753 1683 810 vulnus
1704 771 1897 827 grave,

236 860 306 900 ne
321 843 512 900 latius
535 848 752 915 serpat,
769 861 804 898 a
823 847 941 898 toto
967 859 1205 915 corpore
1226 842 1494 898 Ecclesiae
1517 843 1684 915 quasi
1709 843 1899 899 bonus

235 934 508 990 medicus
540 932 714 988 debet
744 932 1064 1000 abscidere,
1099 937 1156 987 et
1185 932 1426 1003 prodere
1454 932 1614 988 virus
1637 931 1902 988 criminis

235 1023 391 1096 quod
415 1022 587 1089 latet,
614 1039 729 1078 non
763 1022 1062 1086 fovere,ne
1089 1021 1230 1076 dum
1258 1038 1440 1076 unum
1471 1021 1899 1077 excludendum

234 1129 348 1168 non
381 1116 582 1184 putat,
617 1111 816 1183 plures
848 1111 1023 1166 faciat
1071 1110 1280 1182 dignos
1328 1127 1475 1182 quos
1525 1110 1795 1166 excludat
1827 1111 1900 1166 ab

233 1201 514 1258 Ecclesia.
541 1202 574 1256 J
583 1217 686 1256 ure
714 1216 852 1272 ergo
880 1199 1196 1272 Apostolus
1236 1199 1432 1255 divino
1484 1217 1590 1254 nos
1634 1200 1903 1255 hortatur

234 1289 504 1363 exemplo
537 1290 738 1345 dicens
771 1307 784 1344 :
824 1289 949 1345 Vide
976 1305 1100 1359 ergo
1134 1289 1422 1345 bonitatem
1470 1297 1521 1345 et
1563 1291 1901 1345 severitatem

231 1381 329 1437 Dei
363 1381 546 1451 (Rom.
581 1383 682 1448 χι).
718 1379 780 1434 In
814 1394 911 1434 eos
943 1379 1182 1450 quidem
1214 1379 1312 1450 qui
1361 1379 1697 1434 ceciderunt
1744 1396 1899 1434 seve-

233 1469 508 1538 ritatem,
539 1470 598 1524 in
631 1474 686 1524 te
711 1473 909 1524 autem
940 1467 1262 1523 bonitatem
1312 1467 1361 1522 si
1403 1467 1796 1540 permanseris
1839 1467 1899 1522 in

229 1559 521 1616 bonitate.
541 1559 873 1616 Ostendens
903 1557 1238 1613 Judaeorum
1264 1556 1545 1629 populum
1561 1558 1696 1628 jure
1716 1573 1844 1613 esse
1868 1573 1902 1612 a

229 1665 482 1721 corpore
514 1647 788 1704 Ecclesiae
822 1649 1266 1718 separatum,ne
1289 1646 1546 1717 perﬁdia:
1566 1646 1726 1700 virus
1758 1662 1899 1701 con-

232 1737 558 1794 taminaret
584 1735 904 1792 Ecclesiam
931 1753 944 1791 :
969 1735 1252 1807 pepulum
1279 1738 1474 1789 autem
1507 1735 1772 1806 gentium
1807 1735 1900 1788 bo-

229 1827 416 1884 nitate
437 1826 674 1883 Domini
702 1830 1022 1897 receptum,
1042 1828 1098 1880 et
1129 1824 1474 1880 obedientiae
1511 1840 1752 1878 munere
1775 1822 1895 1922 glo:
1927 1854 1974 1918 Β

231 1916 391 1974 ri‘ari.
405 1917 442 1973 J
448 1933 554 1972 ure
573 1915 756 1989 igitur
773 1915 910 1970 huic
932 1913 1129 1968 divina
1147 1912 1380 1968 bonitas
1402 1913 1779 1985 suffragatur,
1794 1912 1895 1984 qui

230 2006 289 2062 in
319 2005 525 2062 divina
549 2005 810 2061 bonitate
832 2007 1173 2076 permaneat
1197 2020 1209 2057 :
1234 2000 1282 2057 si
1305 2019 1439 2057 vero
1461 2005 1517 2056 et
1551 2001 1674 2070 ipse
1715 2001 1896 2056 desci-

232 2100 376 2160 seat,
411 2111 519 2167 pro
569 2091 837 2148 criminis
885 2091 977 2147 sui
1027 2090 1308 2164 qualitate
1341 2089 1736 2146 damnabitur.
1772 2092 1896 2156 Qua

233 2185 420 2256 gratia
449 2184 609 2240 Dens
637 2185 696 2239 et
724 2181 823 2237 lux
871 2185 928 2237 et
976 2180 1128 2254 ignis
1177 2196 1306 2236 esse
1336 2178 1704 2246 describitur,
1741 2183 1803 2234 ut
1833 2179 1892 2234 in

233 2273 491 2330 tenebris
519 2270 851 2327 ambulanti
883 2269 1076 2326 luceat
1100 2269 1269 2342 quasi
1299 2269 1523 2335 lumen,
1549 2285 1621 2323 ne
1668 2268 1894 2324 diutius

235 2363 416 2435 possit
443 2377 643 2418 errare
674 2361 773 2432 qui
805 2358 1016 2432 quaerit
1055 2358 1299 2413 luminis
1333 2357 1679 2412 claritatem.
1700 2357 1764 2412 Ei
1797 2375 1896 2413 au-

235 2454 348 2506 tem
378 2450 481 2523 qui
515 2449 706 2505 multa
735 2448 912 2505 fuerit
939 2451 1235 2520 cperatus,
1257 2464 1382 2518 qua:
1407 2463 1642 2500 manere
1665 2463 1778 2500 non
1803 2447 1896 2502 de-

235 2539 407 2595 beant
435 2539 541 2595 sed
565 2536 951 2610 ardere,ignis
973 2541 1062 2592 est
1083 2536 1390 2601 Dominus,
1411 2540 1474 2590 ut
1495 2535 1686 2606 operis
1711 2534 1893 2590 nostri

237 2627 432 2684 fenum
465 2627 865 2699 stipulamque
888 2629 1219 2691 consumat,
1237 2629 1412 2696 atque
1436 2624 1566 2680 utili
1591 2641 1696 2680 nos
1720 2624 1896 2680 faciat

233 2717 423 2774 salvos
452 2715 822 2773 detrimento.
860 2737 889 2764 »

301 2807 449 2873 Quia
463 2805 643 2861 etiam
656 2805 841 2860 sacris
853 2803 1180 2860 canonibus
1197 2807 1370 2858 cautu
1381 2819 1437 2858 m
1464 2819 1591 2859 esse
1604 2803 1741 2876 dign
1750 2802 1894 2858 osci-

231 2895 599 2965 tur,docente
610 2893 889 2949 Toletano
907 2892 1171 2957 concilio,
1192 2891 1326 2947 utin
1355 2892 1527 2947 rebus
1549 2891 1895 2947 necessariis

230 2985 426 3059 legum
440 2989 500 3039 et
514 3000 807 3040 canonum
829 2983 1214 3054 exquiruntur
1226 2981 1892 3052 sententim,ponendum

230 3079 322 3131 est
332 3073 476 3145 quid
491 3071 550 3128 in
561 3090 656 3128 xv:
668 3071 685 3126 l
696 3071 820 3127 ibro
852 3070 1256 3127 Theodosiano
1270 3071 1379 3126 sub
1393 3069 1564 3125 titulo
1577 3070 1656 3125 De
1673 3071 1784 3125 ﬁde
1807 3087 1896 3125 ca-

231 3163 450 3219 tholica
463 3159 1895 3234 imperatoresGratianus,ValentinianusetTheo-

231 3251 439 3306 dosius
453 3221 702 3323 Augusti
725 3250 913 3305 edicto
929 3249 1000 3304 ad
1015 3221 1294 3321 populum
1313 3248 1476 3303 urbis
1492 3247 1893 3303 Constantino-
1921 3221 1964 3289 α

235 3339 441 3412 poleos
458 3340 606 3395 387
640 3339 1022 3393 decreverunt
1055 3336 1202 3409 (Cod.
1231 3337 1384 3392 Theo.
1409 3337 1473 3392 de
1499 3336 1604 3407 ﬁde
1633 3337 1897 3392 catholica

235 3430 275 3484 l.
287 3431 368 3495 2.)
381 3428 646 3484 dicentes
663 3428 735 3483 ad
750 3426 942 3483 locum
958 3443 972 3480 :
990 3450 1016 3475 «
1033 3426 1194 3481 Hane
1206 3425 1394 3498 legem
1412 3429 1724 3498 sequentes
1739 3425 1898 3480 Chri-

231 3517 567 3574 stianorum
598 3514 1018 3572 catholicorum
1042 3531 1252 3570 nomen
1278 3515 1562 3585 jubemus
1598 3512 1891 3585 amplecti,

232 3606 496 3679 reliquos
517 3622 650 3662 vero
683 3605 985 3660 dementes
1022 3619 1385 3674 vesanosque
1412 3602 1897 3672 judicantes,hze-

231 3695 408 3762 retici
423 3695 720 3768 dogmatis
735 3692 1040 3748 infamiam
1063 3691 1372 3758 sustinere,
1394 3708 1497 3746 nec
1510 3690 1896 3746 conciliabula

235 3799 442 3840 eorum
464 3782 860 3840 Ecclesiarum
883 3797 1094 3836 nomen
1117 3779 1396 3850 accipere,
1412 3779 1609 3834 divina
1637 3778 1893 3851 primum

234 3872 516 3940 vindicta,
551 3873 682 3944 post
711 3869 886 3927 etiam
913 3873 1110 3925 metus
1141 3867 1347 3936 nostri,
1373 3883 1546 3939 quem
1576 3884 1644 3923 ex
1674 3866 1894 3923 caelesti

234 3962 482 4018 arbitrio
515 3958 1201 4033 sumpserimus,ultione
1231 3957 1626 4029 plectendos.»
1660 3957 1803 4012 Item
1834 3956 1894 4011 in

234 4050 442 4106 eodem
492 4050 644 4104 libro
680 4050 786 4118 (tit.
820 4065 897 4116 ιν,
931 4048 1032 4118 leg.
1066 4047 1142 4117 2),
1182 4047 1292 4102 sub
1320 4045 1514 4113 titulo,
1545 4051 1620 4100 De
1650 4045 1744 4100 his
1794 4045 1893 4117 qui

234 4155 418 4211 super
447 4138 728 4209 religione
760 4137 1158 4192 contendunt:
1190 4135 1623 4207 «Imperatores
1645 4133 1898 4189 Valenti-

233 4228 478 4292 nianus,
502 4224 888 4292 Theodosius,
923 4229 980 4279 et
1023 4225 1306 4280 Arcadius
1353 4222 1602 4295 Augusti
1651 4223 1895 4278 Tatiano

229 4316 508 4389 praefecto
536 4313 814 4386 praetorii.
848 4312 1002 4368 Nulli
1037 4330 1307 4385 egressus
1339 4312 1410 4368 ad
1458 4310 1761 4384 publicum
1803 4311 1894 4366 di-

226 4403 540 4476 sceptandi
575 4403 645 4458 de
679 4401 1076 4475 religione,vel
1098 4400 1511 4468 tractandi,vel
1533 4399 1760 4455 consilii
1797 4399 1896 4456 ali-

226 4493 378 4566 tpid
408 4492 707 4548 deferendi
740 4494 1004 4562 patescat
1025 4489 1358 4546 occasio.Et
1389 4489 1438 4544 si
1473 4489 1607 4561 quis
1650 4489 1894 4561 posthac

2011 579 2331 634 exercenda
2360 579 2670 634 commotio
2703 584 2811 649 est,
2851 582 2947 652 qui
2983 584 3174 654 pravis
3218 588 3593 645 suasionibus
3622 607 3658 646 a

2005 667 2353 724 venerabilis
2403 685 2562 741 papae
2612 685 2740 724 sese
2788 671 3198 728 communione
3264 679 3653 748 suspendunt,

2008 771 2257 827 quorum
2291 756 2606 812 schismate
2627 757 2792 829 plebs
2824 759 3000 813 etiam
3033 759 3257 832 reliqua
3283 762 3539 818 vitiatur.
3557 767 3658 822 His

2009 845 2388 901 conventione
2418 846 2720 918 praemissa
2741 847 2945 919 viginti
2977 849 3204 904 dierum
3257 853 3658 910 condonamus

2008 932 2296 999 inducias,
2321 934 2474 989 intra
2507 953 2653 1008 quos
2684 936 2796 992 nisi
2829 937 2898 992 ad
2924 939 3357 995 communionis
3381 940 3658 997 redierint

2009 1021 2316 1089 unitatem,
2350 1023 2576 1095 expulsi
2620 1042 2808 1096 usque
2866 1027 2937 1080 ad
2989 1028 3373 1084 centesimum
3403 1029 3658 1102 lapidem

2010 1111 2324 1167 solitudine
2350 1129 2526 1182 quam
2567 1112 2792 1186 eligunt
2840 1121 3228 1172 macerentur.
3258 1140 3283 1166 ››
3316 1120 3385 1174 Et
3415 1119 3552 1174 item
3597 1119 3657 1174 in

2008 1200 2292 1272 rescripto
2318 1201 2808 1259 Chalcedonensis
2831 1205 3036 1276 synodi
3067 1207 3199 1262 dato
3227 1207 3483 1263 Palladio
3509 1226 3659 1280 pra:-

2008 1289 2156 1345 fecto
2187 1291 2440 1361 praetorii
2470 1307 2483 1346 :
2510 1315 2538 1341 «
2558 1291 2616 1346 Si
2649 1292 2768 1364 qui,
2795 1293 3005 1366 inquit,
3026 1295 3206 1368 hujus
3237 1298 3306 1352 de
3337 1301 3542 1353 ccetero
3575 1316 3663 1355 sa-

2009 1377 2226 1451 crilegii
2261 1385 2575 1436 sectatores
2608 1381 3057 1456 quibuscunque
3100 1385 3208 1440 loci
3242 1388 3540 1458 potuerint
3571 1407 3658 1444 re-

2008 1467 2205 1539 periri,
2241 1473 2342 1524 aut
2372 1469 2442 1523 de
2490 1469 2770 1541 pravitate
2819 1472 3096 1528 damnata
3143 1474 3396 1546 aliquem
3452 1495 3656 1533 rursus

2009 1558 2648 1628 proferre'sermonem,
2683 1578 2718 1616 a
2745 1578 3093 1634 quocunque
3114 1565 3360 1636 correpti
3392 1567 3463 1621 ad
3498 1585 3656 1622 com-

2008 1651 2299 1718 petentem
2324 1648 2584 1716 judieem
2620 1651 3033 1720 pertrahantur
3057 1669 3069 1706 :
3098 1669 3244 1724 quos
3266 1654 3383 1708 sive
3410 1654 3659 1712 clericus

2007 1735 2201 1800 fuerit,
2235 1736 2352 1791 sive
2384 1737 2900 1803 1aicus,deferendi
2941 1740 3155 1796 habeat
3199 1746 3567 1812 potestatem,
3602 1748 3659 1799 et

2008 1823 2132 1879 sine
2156 1825 2588 1896 praseriptione
2619 1827 2815 1899 aliqua
2842 1831 3211 1901 perurgendi.
3237 1832 3352 1886 Hos
3400 1849 3536 1904 ergo
3576 1851 3658 1888 re-

2007 1917 2202 1984 pertos
2217 1931 2249 1968 a
2262 1914 3000 1986 quibuscunquejubemus
3017 1919 3225 1989 corripi
3238 1921 3656 1992 ,deductosque

2005 2003 2076 2057 ad
2097 2003 2451 2058 audientiam
2473 2003 2768 2075 publicam
2793 2007 3123 2076 promiscue
3144 2009 3215 2062 ab
3255 2008 3530 2064 omnibus
3562 2027 3654 2064 ac-

2005 2091 2196 2146 cusari
2223 2109 2234 2146 :
2261 2091 2342 2146 ita
2363 2096 2421 2146 ut
2456 2093 2856 2164 probationem
2897 2095 3140 2150 convicti
3165 2097 3427 2152 criminis
3468 2097 3656 2170 stylus

2004 2180 2276 2252 publicus
2307 2180 2671 2252 insequatur,
2696 2181 2839 2253 ipsis
2871 2184 3149 2239 inexorati
3183 2185 3371 2240 exsilii
3393 2186 3657 2259 deporta-

2001 2268 2160 2325 tione
2209 2270 2584 2326 damnatis.»
2620 2273 2690 2326 Et
2732 2271 2869 2327 item
2927 2274 2983 2328 in
3035 2274 3182 2329 libro
3228 2275 3452 2330 decimo
3493 2281 3654 2331 sexto

2003 2359 2422 2415 Theodosianaz
2469 2359 2614 2433 legis
2655 2362 2842 2432 capite
2899 2369 3105 2434 quarto
3146 2367 3251 2431 (ιίι.
3302 2382 3358 2429 v,
3401 2365 3522 2437 lege
3553 2366 3605 2431 1)
3639 2381 3653 2421 :

2003 2471 2031 2498 «
2068 2447 2372 2519 Privilegia
2405 2466 2530 2520 qua:
2563 2450 3052 2521 contemplatione
3085 2451 3382 2525 religionis
3430 2453 3658 2508 indulta

2002 2543 2162 2604 sunt,
2199 2538 2495 2593 catholica:
2544 2543 2771 2593 tantum
2825 2539 2968 2612 legis
3017 2543 3485 2598 observatoribus
3533 2561 3661 2615 pro-

2003 2627 2171 2682 desse
2193 2630 2438 2698 oportet.
2456 2628 2764 2683 Haareticos
2792 2632 2985 2684 autem
3018 2634 3193 2702 atque
3228 2631 3656 2699 schismaticos,

2004 2733 2119 2771 non
2142 2715 2334 2770 solum
2368 2716 2439 2770 ab
2471 2715 2563 2770 his
2602 2715 2920 2789 privilegiis
2951 2718 3171 2775 alienos
3203 2737 3329 2776 esse
3360 2721 3652 2788 volumus,

2003 2805 2101 2861 sed
2126 2805 2300 2860 etiam
2315 2803 2560 2860 diversis
2585 2806 2930 2861 muneribus
2957 2808 3276 2881 constringi
3297 2814 3354 2864 et
3374 2810 3606 2882 subjici.
3627 2834 3653 2860 n

2003 2894 2071 2948 Et
2090 2892 2231 2948 item
2254 2894 2324 2947 de
2347 2893 2632 2949 haereticis
2653 2895 2928 2949 omnibus
2950 2896 3053 2964 (tit.
3073 2914 3126 2962 ν,
3150 2898 3262 2968 lege
3275 2897 3386 2969 60),
3403 2915 3653 2970 quorum

2002 2986 2058 3038 et
2081 2998 2334 3037 errorem
2366 2997 2738 3037 exsecramur
2768 2987 2825 3036 et
2857 2983 3215 3050 nomen,hoc
3238 2989 3326 3039 est
3356 2987 3425 3040 de
3462 2986 3653 3040 Euno-

2003 3070 2238 3135 mianis,
2262 3070 2983 3136 Arianis,Macedonianis,
3009 3073 3347 3143 caeterisque
3378 3073 3655 3131 omnibus

2003 3175 2252 3231 quorum
2287 3165 2474 3215 sectas
2503 3159 2780 3232 piissimze
2823 3161 3108 3215 sanctioni
3161 3162 3333 3216 taedet
3382 3161 3651 3231 inferere,

2005 3248 2221 3320 quibus
2241 3248 2466 3302 cunctis
2481 3248 2708 3304 diversa
2721 3252 2859 3303 sunt
2875 3249 3242 3317 nomina,sed
3259 3268 3376 3305 una
3388 3251 3652 3322 perﬁdia,

2004 3334 2105 3390 illa
2135 3335 2506 3407 praecipimus
2529 3337 2737 3391 debere
2760 3337 2912 3393 338
2947 3338 3324 3410 servamque:
3356 3340 3472 3394 divi
3515 3357 3656 3397 avus

2005 3427 2063 3478 et
2095 3428 2259 3494 pater
2302 3428 2512 3478 nostrae
2563 3424 2883 3479 clementiae
2933 3426 3386 3494 constituerunt,
3423 3428 3657 3486 scituris

2006 3511 2294 3567 universis
2315 3513 2467 3583 quod
2495 3513 2543 3567 si
2567 3512 2623 3565 in
2647 3514 2849 3568 eodem
2883 3514 3074 3570 furore
3097 3516 3541 3586 permanserint,
3566 3517 3656 3572 in-

2004 3601 2327 3655 terminatae
2359 3618 2538 3671 pmnae
2572 3606 2744 3656 erunt
2765 3603 3019 3662 obnoxii.
3048 3626 3073 3651 ››
3110 3605 3251 3659 item
3281 3605 3340 3659 in
3369 3605 3656 3677 imperiali

2004 3689 2251 3761 epistola
2272 3690 2342 3744 ad
2369 3689 2665 3744 Aurelium
2699 3691 3214 3762 Carthaginensem
3263 3694 3604 3767 episcopum
3640 3712 3653 3751 :

2011 3802 2031 3828 α
2069 3779 2302 3834 Recenti
2336 3795 2569 3850 quoque
2600 3780 2900 3836 sanctione
2931 3781 3312 3849 decrevimus,
3345 3786 3412 3837 ut
3442 3783 3492 3838 si
3524 3783 3657 3855 quis

2004 3883 2103 3922 eos
2122 3868 2177 3922 in
2194 3884 2543 3939 quocunque
2561 3868 2988 3939 provinciarum
3013 3874 3172 3942 parte
3192 3870 3418 3926 latitare
3432 3889 3545 3926 non
3565 3889 3660 3928 ne-

2005 3957 2334 4022 sciens,aut
2364 3955 2684 4028 propellere
2706 3962 2806 4012 aut
2836 3959 3078 4030 prodere
3117 3958 3476 4028 distulisset;
3511 3977 3658 4032 prte-

2006 4046 2234 4116 scriptae
2265 4063 2446 4116 paena:
2477 4045 2636 4100 velut
2672 4045 2963 4118 particeps
2997 4048 3342 4117 subjaceret.
3368 4048 3660 4120 Praecipue

2004 4137 2199 4189 tamen
2233 4134 2625 4204 quorumdam
2656 4134 3061 4206 episcoporum
3087 4135 3464 4206 pertinaciam
3489 4138 3662 4192 corri-

2004 4223 2278 4293 gendam,
2313 4222 2412 4293 qui
2445 4240 2652 4294 pravas
2683 4240 2884 4278 eorum
2917 4223 3342 4295 disputationes
3365 4224 3450 4280 vel
3485 4225 3658 4280 tacito

2005 4327 2295 4366 consensu
2315 4311 2705 4378 astruunt,vel
2730 4311 2966 4383 publica
2987 4311 3420 4384 oppugnatione
3438 4330 3551 4368 non
3567 4315 3660 4367 de-

2005 4404 2262 4456 struunt.
2302 4399 2526 4472 Religio
2553 4400 2749 4471 itaque
2779 4404 2881 4454 tua
2912 4400 3378 4470 competentibus
3427 4400 3660 4472 scriptis

2004 4489 2308 4544 universos
2333 4489 2506 4544 faciat
2538 4488 2858 4553 admoneri,
2885 4488 3134 4543 scituros
3165 4488 3511 4545 difﬁnitione
3533 4507 3664 4545 san-

226 4599 384 4638 ausu
405 4581 568 4653 gravi
589 4585 764 4652 atque
781 4579 1104 4634 damnabili
1121 4583 1325 4634 contra
1343 4579 1679 4650 hujusmodi
1707 4578 1894 4651 legem
1927 4594 1976 4658 ι)
2007 4577 2268 4633 ctimonii
2292 4577 2379 4632 tui
2395 4577 2544 4631 hanc
2567 4575 2680 4631 sibi
2699 4575 3108 4631 difﬁnitionem
3131 4593 3260 4633 esse
3279 4578 3666 4651 scriptam,ut

225 4671 592 4727 veniendum
625 4685 755 4725 esse
786 4668 1116 4734 crediderit,
1137 4667 1222 4723 vel
1267 4668 1538 4723 insistere
1564 4671 1724 4723 motu
1760 4684 1890 4740 pes-

228 4761 419 4816 tiferae
441 4757 925 4831 perseverationis
975 4757 1234 4824 audebit,
1259 4757 1614 4828 competenti
1646 4775 1818 4829 poena
1846 4762 1902 4813 et

228 4846 418 4920 digno
455 4846 747 4919 supplicio
789 4849 1140 4902 coerceatur.
1180 4867 1207 4894 ››
1244 4846 1384 4898 Item
1417 4844 1476 4899 in
1513 4846 1717 4901 eodem
1752 4845 1898 4901 libro

228 4937 348 5004 (tit.
384 4953 436 5002 v,
471 4937 573 5006 leg.
605 4937 661 5003 6)
709 4935 820 4990 sub
867 4933 1060 4999 titulo,
1093 4932 1174 4988 De
1214 4932 1500 4988 haereticis
1536 4950 1548 4988 :
1584 4956 1612 4982 ‹‹
1652 4934 1903 5006 Impera-

232 5031 402 5082 tores
441 5024 776 5095 Gratianus,
809 5021 1354 5087 Valentinianus,et
1382 5021 1747 5078 Theodosius
1791 5025 1902 5077 Au-

231 5113 408 5186 gusti
438 5113 716 5184 Eutr0pio
747 5112 1014 5184 praefecto
1055 5110 1328 5183 praetorii.
1358 5109 1566 5167 Nullus
1609 5109 1899 5166 haereticis

236 5202 663 5275 mysteriorum
697 5200 1057 5268 locus,nulla
1077 5201 1149 5255 ad
1181 5199 1560 5255 exercendam
1593 5199 1774 5255 animi
1805 5199 1900 5254 ob-

235 5289 576 5346 stinatioris
592 5289 947 5344 dementiam
973 5291 1166 5359 pateat
1185 5287 1432 5344 occasio.
1449 5288 1649 5343 Sciant
1673 5305 1897 5356 omnes,

229 5375 480 5434 etiamsi
506 5376 646 5449 quid
667 5375 902 5450 speciali
927 5375 1188 5447 quolibet
1215 5377 1492 5448 rescripto
1515 5393 1616 5447 per
1638 5377 1899 5432 fraudem

236 5465 440 5522 elicite
462 5466 537 5521 ab
569 5464 908 5536 hujusmodi
941 5465 1246 5520 hominum
1279 5482 1486 5538 genere
1523 5466 1899 5538 impetratum

237 5560 355 5621 est,
384 5571 502 5610 non
533 5554 744 5610 valere.
775 5556 1100 5609 Arceantur
1129 5560 1473 5610 cunctorum
1496 5555 1899 5611 haereticorum

233 5645 314 5700 ab
329 5643 560 5701 illicitis
576 5642 1129 5716 congregationibus
1145 5644 1348 5698 turbas.
1371 5666 1399 5692 »
1420 5645 1563 5700 Item
1595 5644 1654 5698 in
1678 5643 1824 5700 libro
1846 5649 1903 5702 et

2008 4666 2344 4739 quicunque
2364 4664 2732 4719 damnationi
2753 4682 2931 4738 supra
2949 4671 3408 4723 memoratorum
3435 4684 3549 4739 quo
3573 4686 3668 4740 pa-

2007 4761 2130 4812 teat
2158 4771 2324 4809 mens
2346 4771 2492 4825 pura
2523 4753 2891 4808 subscribere
2923 4754 3105 4826 impia
3139 4756 3534 4813 obstinatione
3565 4775 3664 4814 ne-

2007 4844 2308 4917 glexerint,
2323 4842 2696 4915 episcopatus
2717 4842 3034 4897 amissione
3055 4844 3342 4912 mulctati,
3358 4846 3666 4902 interdicta

2009 4934 2068 4988 in
2099 4936 2445 5004 perpetuum
2473 4930 2699 5004 expulsi
2730 4930 3065 4987 civitatibus
3095 4935 3510 4991 communione
3540 4935 3664 5006 pri-

2007 5026 2236 5076 ventur.
2265 5043 2291 5069 »
2325 5021 2394 5074 Et
2421 5025 2621 5075 sancta
2639 5021 2899 5092 synodus
2924 5020 3412 5077 Chalcedonensis
3437 5023 3665 5093 (actione

2007 5111 2100 5181 5):
2126 5135 2152 5160 ‹‹
2182 5111 2280 5165 His
2311 5109 2739 5182 igitur,inquit,
2762 5129 2796 5166 a
2827 5112 2996 5167 nobis
3027 5111 3287 5183 undique
3319 5127 3451 5165 cum
3502 5111 3660 5164 omni

2010 5197 2427 5254 deliberatione
2458 5215 2524 5253 ac
2557 5198 2859 5271 diligentia
2889 5200 3104 5271 pariter
3132 5198 3433 5261 ordinatis,
3459 5198 3660 5253 decre-

2008 5288 2091 5343 vit
2120 5291 2323 5342 saucta
2354 5290 2528 5358 atque
2562 5287 2904 5342 universalis
2926 5289 3045 5342 hch
3070 5287 3346 5359 synodus,
3381 5285 3553 5340 aliam
3589 5287 3660 5340 ﬁ-

2013 5378 2140 5433 dem
2197 5375 2412 5432 nemini
2465 5376 2635 5431 licerc
2662 5377 2916 5447 proferre
2960 5377 3077 5430 sive
3128 5373 3510 5439 conscribere,
3562 5379 3665 5429 aut

2012 5471 2288 5533 evertere,
2320 5465 2407 5521 vel
2441 5465 2675 5532 sentire,
2698 5465 2784 5519 vel
2819 5463 2986 5518 aliter
3016 5465 3240 5518 tradere
3269 5479 3281 5515 :
3309 5463 3409 5517 sed
3443 5481 3540 5518 eos
3562 5464 3665 5536 qui

2015 5557 2234 5610 audent
2258 5554 2344 5610 vel
2378 5571 2728 5626 componere
2748 5553 2920 5607 aliam
2955 5550 3250 5616 finem,vcl
3283 5553 3558 5622 proferre,
3577 5554 3665 5610 vel

2015 5645 2242 5714 docere,
2265 5643 2352 5699 vel
2386 5644 2614 5699 tradere
2655 5641 2812 5698 aliud
2861 5640 3193 5711 symbolum
3238 5640 3564 5699 volentibus
3595 5644 3666 5700 ad
