3962 6178
291 269 411 332 403

1223 273 1610 338 HINCMARI
1654 271 2104 339 RHEMENSIS
2145 274 2767 341 ARCHIEPISCOPI.

3575 277 3696 361 404

291 403 756 478 cognoscendam
787 422 849 462 se
879 409 1208 463 convertere
1238 408 1648 478 veritatem,ex
1685 407 1804 465 ritu
1835 425 1938 481 pa-
1966 408 2025 476 Α
2050 407 2205 464 ciose
2231 407 2586 485 indigneque
2615 410 2904 483 praesedit,
2927 409 3279 468 catholicum
3309 409 3584 468 abbatem
3594 412 3694 486 ju-

288 493 596 568 gano,sive
615 494 980 563 Judaico,vel
1025 496 1419 570 qualicunque
1447 497 1737 565 haeretica,
1757 515 1856 554 eos
1886 497 1935 554 si

289 573 525 656 quidem
556 583 810 657 episcopi
845 585 964 641 sive
994 585 1185 642 clerici
1211 591 1368 656 sunt,
1384 586 1604 643 alienos
1633 603 1762 642 esse
1784 585 1938 660 cpis-

289 688 466 744 copos
509 673 580 728 ab
637 674 1000 747 episcopatu,
1034 679 1091 731 et
1129 675 1370 735 clericos
1419 695 1453 732 a
1493 676 1667 733 clero.
1702 677 1866 743 Quod
1889 677 1938 732 si

289 761 562 818 monachi
588 763 678 818 vel
709 763 841 818 laici
873 764 1107 833 fuerint,
1140 765 1642 822 anathematizari.
1677 786 1705 816 »

359 850 610 908 Videant
641 851 756 920 isti,
785 852 884 926 qui
917 870 1031 909 non
1081 853 1272 910 solum
1327 854 1592 928 symbola
1637 853 1724 910 vel
1765 853 1940 920 colla-

289 940 478 996 tiones
509 941 568 997 in
589 943 975 999 conventibus
1001 943 1176 1000 verbo
1206 948 1480 1011 tractant,
1499 945 1602 1000 sed
1647 944 1824 1000 etiam
1874 941 1940 998 li-

291 1031 531 1087 brorum
561 1031 1014 1104 compositiones
1043 1037 1100 1088 et
1128 1033 1386 1105 capitula
1423 1033 1591 1106 quasi
1641 1032 1943 1107 synodalia

289 1121 687 1190 conscribunt,
721 1125 779 1178 et
829 1137 932 1194 pro
979 1122 1219 1178 veritate
1263 1121 1634 1195 simplicibus
1693 1121 1944 1178 tenenda

290 1209 664 1276 contradunt,
697 1214 898 1266 utrum
929 1211 1002 1266 ab
1033 1211 1142 1267 hac
1167 1212 1542 1268 damnatione
1570 1209 1794 1284 excepti
1816 1226 1944 1267 esse

292 1297 660 1370 praevaleant.
694 1299 840 1356 Nam
889 1299 1222 1374 symbolum
1279 1305 1338 1357 et
1385 1300 1632 1374 apostoli
1684 1300 1943 1374 primum

293 1389 674 1462 scripserunt,
693 1393 751 1447 et
771 1389 1004 1446 Nicazna
1029 1391 1370 1465 synodus,et
1389 1393 1702 1466 Ephesina,
1727 1399 1784 1451 et
1805 1395 1948 1451 Con-

293 1477 1423 1550 stantinopolitana,etChalcedonensis,
1447 1486 1505 1538 et
1541 1486 1758 1540 caeteras
1789 1500 1944 1556 quae-

292 1583 406 1640 que
424 1567 782 1625 universales
793 1569 997 1643 synodi
1013 1571 1620 1644 conscripserunt,sed
1633 1591 1747 1630 non
1761 1573 1944 1641 aliud,

292 1655 432 1730 quia
463 1675 580 1714 non
609 1657 804 1715 dicors
836 1675 871 1716 a
897 1658 1140 1716 veritate
1180 1665 1367 1718 exstat
1396 1661 1752 1734 symbolum.
1783 1663 1947 1720 Unde

2045 497 2175 554 bete
2207 499 2601 572 prmponi,qui
2629 499 2792 556 illam
2825 517 3124 557 servorum
3166 499 3268 557 Dei
3292 501 3696 574 congregatio-

2047 603 2202 654 nem,
2225 592 2284 643 et
2311 604 2347 642 a
2368 605 2542 660 pravo
2574 589 2848 662 dogmate
2875 587 3144 657 liberare,
3178 593 3238 646 et
3269 589 3557 646 institutis
3602 607 3697 647 ve-

2047 675 2237 732 ritatis
2259 677 2446 750 possit
2477 676 2758 734 imbuere.
2794 699 2822 728 »
2855 678 2998 734 Item
3045 677 3200 734 idem
3248 677 3310 734 in
3349 678 3597 752 epistola
3623 679 3698 736 ad

2049 765 2300 820 Leonem
2322 767 2652 839 Augustum
2674 766 2779 840 (ep.
2801 768 2895 836 75)
2913 784 2928 822 :
2949 789 2978 817 α
2995 767 3423 825 Sacerdotalem
3445 785 3700 842 namque

2049 857 2107 910 et
2137 853 2526 926 apostolicum
2559 859 2672 910 tua;
2695 855 2934 927 pietatis
2952 854 3218 912 animum
3239 857 3416 912 etiam
3441 855 3552 913 hoc
3572 875 3701 914 ma-

2049 941 2174 1000 lum
2205 944 2278 1000 ad
2319 943 2614 1016 justitiam
2676 943 2916 1000 ultionis
2961 945 3134 1002 debet
3179 947 3515 1016 accendere,
3546 947 3700 1020 quod

2050 1032 2707 1106 Constantinopolitanae
2739 1033 3007 1091 Ecclesia:
3027 1033 3340 1106 puritatem
3363 1035 3706 1108 pestilenter

2051 1121 2329 1178 obscurat
2351 1140 2370 1177 :
2389 1121 2451 1178 in
2472 1138 2592 1194 qua
2609 1121 2990 1178 inveniuntur
3007 1121 3200 1180 clerici
3221 1124 3462 1197 quidam
3483 1123 3710 1182 haereti-

2051 1226 2252 1266 corum
2284 1209 2484 1268 sensui
2515 1215 2924 1282 consonantes,
2943 1216 3002 1269 et
3031 1210 3188 1268 intra
3215 1211 3346 1285 ipsa
3390 1211 3708 1272 catholico-

2053 1316 2186 1356 rum
2207 1299 2426 1356 viscera
2447 1299 2876 1357 assertionibus
2897 1301 3025 1356 suis
3045 1299 3448 1358 haereticorum
3479 1307 3706 1374 partem

2053 1389 2422 1462 adjuvantes.
2451 1389 2514 1445 In
2547 1389 2766 1462 quibus
2796 1389 3200 1458 deturbandis,
3237 1390 3285 1446 si
3333 1391 3511 1447 frater
3539 1407 3712 1448 meus

2051 1477 2356 1534 Anatolius
2367 1477 3049 1551 Constantinopolitanus
3061 1478 3371 1551 episcopus
3381 1497 3516 1535 cum
3531 1479 3714 1538 nimis

2054 1565 2304 1641 benigne
2327 1567 2513 1640 parcit
2541 1565 3439 1640 segniorinvenitur,dignamini
3459 1586 3562 1642 pro
3593 1569 3716 1627 ﬁde

2054 1659 2248 1712 vestra
2273 1656 2451 1712 etiam
2482 1656 2658 1712 istam
2689 1655 2956 1712 Ecclesia:
3005 1660 3281 1728 praestare
3331 1657 3710 1727 medicinam,

291 1746 580 1844 quidquid
611 1747 928 1844 symbolice
948 1750 1338 1844 conscribitur
1356 1753 1646 1810 averitate
1665 1753 1945 1823 alienum,
1976 1776 2026 1844 Β
2059 1750 2123 1844 I1}
2145 1745 2292 1844 ἰαὶςὲεξ
2321 1745 2660 1844 ῐιῼηξξρὶιξξῐι
2695 1745 2766 1801 ab
2795 1745 2999 1844 οξξῘὶορ
3029 1743 3491 1844 clericatusysed
3531 1746 3712 1844 etiam

290 1835 450 1892 aliud
477 1853 655 1908 quam
685 1837 972 1894 catholica
1001 1839 1302 1912 scripserit
1321 1841 1578 1898 Ecclesia
1597 1847 1687 1898 est
1715 1844 1948 1916 symbo-

289 1924 842 1990 lum,‘anathematc
871 1943 1005 1982 cum
1035 1929 1544 1989 conscribentibus
1591 1932 1858 2004 dignum,
1889 1937 1947 1989 et

288 2011 521 2084 legibus
539 2013 792 2086 publicis
814 2015 1267 2086 percellendum.
1288 2017 1452 2076 Unde
1473 2020 1805 2078 Marcianus
1835 2022 1944 2078 im-

287 2103 522 2173 perator
546 2101 606 2156 in
637 2101 826 2158 edicto
848 2103 919 2159 ad
952 2102 1272 2160 Palladium
1305 2105 1448 2161 dicit
1479 2123 1491 2163 :
1525 2130 1554 2158 «
1587 2107 1943 2180 Oportet,in-

290 2189 519 2262 quit,ut
551 2189 630 2248 sit
659 2208 976 2249 numerosa
1005 2194 1284 2250 severitas
1314 2195 1706 2262 sanctionum,
1731 2197 1831 2252 ubi
1857 2202 1947 2254 est

292 2277 528 2336 licentia
549 2281 752 2336 crebra
781 2281 1112 2354 culparum.
1127 2283 1536 2342 Custodiendaa
1557 2291 1836 2358 praeterea
1860 2304 1947 2342 or-

293 2366 558 2424 thodoxae
591 2369 722 2426 ﬁdei
757 2387 900 2426 cura
927 2375 1088 2428 tanto
1121 2390 1155 2429 a
1186 2375 1498 2430 serenitate
1529 2391 1660 2430 mea
1681 2375 1946 2432 adhiberi

295 2455 620 2530 impensior
633 2459 822 2527 debet,
839 2464 1056 2532 quanto
1087 2477 1180 2518 res
1209 2461 1504 2520 humanas
1524 2462 1721 2519 divina
1741 2481 1947 2537 praece-

297 2545 506 2602 dunt.»
527 2549 598 2604 Et
618 2547 690 2604 ad
710 2547 926 2617 locum,
943 2550 1014 2606 de
1031 2549 1318 2607 haereticis
1341 2568 1355 2606 :
1381 2575 1410 2603 «
1435 2552 1559 2607 Non
1581 2552 1836 2608 habeant
1852 2569 1948 2626 po-

297 2637 566 2693 testatem
592 2637 836 2694 faciendi
860 2642 1300 2708 testamentum,
1318 2643 1376 2696 et
1394 2641 1706 2698 condendae
1727 2641 1946 2697 ultimae

293 2723 633 2795 voluntatis,
647 2743 834 2800 neque
857 2727 912 2784 id
937 2729 1170 2800 capiant
1184 2729 1340 2802 quod
1360 2729 1506 2804 ipsis
1515 2747 1584 2787 ex
1598 2734 1946 2788 testamento

295 2815 648 2889 cujusquam
681 2817 854 2875 fuerit
883 2818 1411 2886 derelictum,nihil
1443 2820 1618 2876 etiam
1656 2838 1725 2876 ex
1759 2821 1944 2876 dona-

292 2902 448 2961 tione
468 2904 665 2979 aliqua
693 2913 1146 2980 consequantur.
1179 2910 1292 2966 Sed
1324 2909 1373 2964 si
1406 2909 1547 2983 quid
1577 2909 1637 2966 in
1668 2909 1829 2982 ipsos
1856 2909 1944 2966 vel

288 2991 640 3050 liberalitate
667 2995 934 3065 viventis,
967 2995 1054 3057 vel
1079 2997 1381 3055 morientis
1424 2999 1602 3055 fuerit
1647 2999 1945 3056 voluntate

289 3079 590 3150 collatum,
625 3083 682 3138 id
713 3084 854 3141 ﬁsco
884 3090 1084 3142 nostro
1115 3087 1381 3158 protinus
1432 3087 1758 3144 addicatur.
1789 3090 1942 3145 839

291 3168 408 3242 Ipsi
437 3143 658 3227 vero'in
691 3173 886 3229 nullos
925 3143 1147 3246 aliquid
1178 3191 1247 3230 ex
1277 3175 1656 3232 facultatibus
1687 3143 1823 3232 suis
1843 3143 1944 3232 -
1978 3143 2023 3214 α

291 3258 548 3314 nationis
577 3259 750 3316 titulo
771 3261 976 3332 etjure
996 3262 1433 3319 transfundant.
1455 3264 1773 3336 Episcopos
1798 3281 1946 3338 quo-

292 3362 425 3418 que,
458 3347 544 3403 vel
577 3348 965 3421 presbyteros,
990 3350 1254 3424 aliosque
1298 3351 1562 3418 clericos,
1601 3351 1719 3409 illis
1751 3370 1946 3410 creare

291 3438 350 3491 et
375 3433 590 3492 habere
622 3453 737 3492 non
759 3437 950 3504 liceat,
977 3461 1006 3489 »
1039 3443 1096 3494 ct
1117 3439 1342 3513 reliqua
1370 3458 1498 3514 qua:
1528 3441 1746 3498 ibidem
1779 3443 1944 3499 sufﬁ-

292 3521 513 3580 cienter
541 3524 722 3582 lector
750 3527 962 3599 poterit
991 3527 1268 3584 invenire.
1294 3529 1363 3584 Et
1382 3529 1520 3602 quia
1549 3529 1642 3586 his
1671 3530 1946 3587 Christia-

292 3613 384 3670 nis
413 3614 879 3672 Christianorum
910 3617 1331 3690 imperatorum
1381 3618 1609 3690 legibus
1659 3619 1944 3676 catholica

290 3703 480 3759 faveat
507 3709 693 3762 mater
722 3705 999 3773 Ecclesia,
1015 3711 1072 3762 et
1100 3711 1340 3766 sanctus
1383 3709 1746 3765 demonstrat
1775 3708 1940 3765 Gela-

291 3790 417 3846 sius
464 3791 524 3846 in
575 3792 804 3850 decreto
857 3795 930 3850 ad
961 3794 1294 3853 Sicilienses
1325 3797 1629 3870 episcopos
1649 3797 1938 3868 (Gelasius,

288 3895 370 3950 ep.
397 3881 475 3947 7),
509 3880 592 3936 ita
644 3881 713 3936 ad
774 3881 968 3939 locum
1026 3883 1274 3941 dicens:
1311 3907 1338 3935 ‹‹
1370 3885 1516 3953 Quia
1567 3890 1625 3942 et
1680 3885 1937 3942 ﬁliorum

289 3971 624 4024 nostrorum
657 3969 988 4044 principum
1013 3973 1094 4028 ita
1123 3975 1414 4030 emanavit
1442 3975 1777 4030 auctoritas.
1812 3998 1839 4026 »
1867 3976 1938 4030 Et

289 4060 530 4113 sanctus
561 4057 874 4132 Gregorius
903 4059 1202 4118 multoties
1223 4062 1281 4117 in
1314 4063 1789 4119 Commonitoriis
1809 4064 1930 4132 (lib.

285 4162 364 4209 χι,
395 4147 552 4218 epist.
584 4149 678 4216 54)
708 4149 780 4204 ad
839 4149 1126 4206 Joannem
1176 4151 1539 4208 defensorem
1585 4158 1820 4210 euntem
1873 4153 1931 4209 in

285 4232 792 4310 Hispaniam,quae
822 4239 1267 4296 commonitoria
1297 4258 1365 4296 ex
1394 4241 1620 4316 integro
1650 4243 1723 4298 de
1753 4243 1930 4316 impe-

284 4321 530 4379 rialibus
559 4326 856 4383 contexuit
884 4325 1295 4401 legibus,quas
1313 4329 1738 4392 ecclesiasticas
1767 4331 1928 4404 judi-

282 4410 485 4466 cavit.»
501 4412 570 4467 Et
590 4429 840 4487 magnus
857 4415 968 4472 Leo
992 4433 1142 4490 papa
1158 4417 1215 4472 in
1234 4417 1480 4490 cpistola
1509 4419 1582 4474 ad
1624 4420 1926 4478 universos

2055 1837 2128 1892 ab
2159 1835 2324 1892 urbis
2370 1833 2730 1891 habitatione
2763 1833 3075 1906 pellantur,
3111 1850 3182 1890 ne
3232 1833 3476 1892 ulterius
3521 1837 3718 1894 sancti

2054 1924 2154 1982 Dei
2177 1923 2375 1998 populi
2399 1939 2805 1996 perversorum
2829 1921 3137 1978 hominum
3160 1923 3430 1997 contagio
3451 1923 3718 1996 polluan-

2053 2017 2168 2069 tur.
2204 2035 2234 2064 »
2265 2013 2332 2068 Et
2362 2013 2502 2068 item
2534 2011 2590 2067 in
2623 2010 2871 2084 cpistola
2900 2011 2972 2068 ad
3015 2009 3448 2084 Aquileienscm
3493 2013 3725 2086 episco-

2055 2119 2197 2174 pum
2231 2102 2334 2174 (ep.
2368 2103 2424 2171 3)
2452 2119 2465 2157 :
2494 2123 2522 2151 ‹‹
2543 2101 2670 2156 Non
2692 2103 2891 2157 autem
2931 2099 3160 2156 dubitet
3185 2099 3418 2158 dilectio
3447 2105 3550 2158 tua
3578 2119 3717 2170 nos,

2057 2191 2106 2248 si
2134 2191 2291 2264 quod
2324 2207 2437 2246 non
2471 2189 2829 2245 arbitramur
2866 2187 3132 2263 neglecta
3177 2189 3400 2247 fuerint
3445 2198 3572 2264 quae
3604 2209 3719 2265 pro

2055 2280 2324 2338 custodia
2365 2296 2658 2336 canonum
2698 2281 2756 2336 et
2785 2295 2890 2352 pro
2925 2277 3058 2334 fidei
3089 2277 3424 2353 integritate
3451 2281 3719 2338 decerni-

2054 2387 2208 2437 mus,
2238 2367 2644 2426 vehementius
2695 2367 3166 2436 commovendos,
3191 2367 3332 2441 quia
3369 2368 3720 2428 inferiorum

2053 2459 2326 2516 ordinum
2358 2457 2541 2530 culpa:
2573 2457 2646 2512 ad
2693 2455 2886 2512 nullos
2941 2456 3132 2529 magis
3182 2458 3495 2514 referendas
3547 2464 3717 2528 sunt,

2053 2563 2229 2622 quam
2263 2547 2336 2603 ad
2368 2546 2601 2603 desides
2632 2543 3114 2618 negligentesque
3144 2546 3531 2620 rectores,qui
3563 2547 3725 2604 mul-

2053 2642 2176 2694 tam
2207 2654 2358 2710 saepe
2389 2634 2658 2690 nutriunt
2698 2633 3110 2706 pestilentiam,
3143 2635 3285 2691 dum
3325 2637 3718 2696 austeriorem

2054 2725 2431 2782 dissimulant
2451 2723 2727 2780 adhibere
2745 2721 3118 2780 medicinam.
3137 2745 3166 2774 »
3201 2725 3272 2780 Et
3293 2724 3353 2780 in
3369 2724 3614 2798 epistola
3630 2727 3714 2783 ad

2054 2813 2362 2870 Turibium
2379 2811 2818 2868 Asturicensem
2837 2810 3178 2882 episcopum
3203 2827 3217 2866 :
3247 2835 3274 2862 «
3299 2814 3582 2880 Quoniam
3604 2815 3717 2888 qui

2055 2902 2199 2959 alios
2221 2903 2292 2958 ab
2313 2917 2505 2959 errore
2525 2917 2641 2956 non
2681 2903 2930 2966 revocat,
2945 2899 3208 2972 seipsum
3238 2918 3430 2959 errare
3462 2903 3716 2960 demon-

2052 2997 2203 3050 strat
2231 2993 2335 3066 (ep.
2364 2993 2481 3062 93).
2517 3013 2544 3040 ››
2577 2991 2646 3046 Et
2675 2994 2914 3048 sanctus
2946 2989 3323 3048 Innocentius
3351 2991 3410 3048 in
3458 2994 3718 3068 epistola

2055 3083 2128 3138 ad
2155 3081 2445 3156 synodum
2477 3079 2871 3136 Milevitanam
2904 3080 3010 3152 (ep.
3035 3081 3124 3148 32,
3145 3081 3246 3137 sub
3275 3083 3460 3153 ﬁnem)
3495 3101 3509 3140 :
3546 3107 3575 3134 «
3598 3085 3720 3142 Ab-

2057 3171 2318 3230 scidendi
2348 3169 2506 3226 enim
2528 3173 2669 3225 sunt
2697 3170 2852 3226 340
2877 3168 2978 3242 qui
2999 3187 3107 3226 nos
3137 3171 3510 3240 conturbant,
3530 3177 3590 3230 et
3608 3190 3716 3230 vo-

2055 3261 2182 3316 lunt
2213 3263 2544 3316 convertere
2589 3256 2967 3331 Evangelium
3007 3258 3242 3315 Christi.
3267 3258 3454 3316 Simul
3507 3266 3716 3320 autem

2055 3347 2452 3422 praecipimus,
2486 3350 2551 3402 ut
2579 3346 2917 3419 quicunque
2945 3345 3008 3402 id
3041 3348 3360 3420 pertinacia
3390 3347 3568 3406 simili
3602 3351 3717 3407 de-

2055 3437 2284 3495 fensare
2317 3436 2606 3502 nituntur,
2631 3452 2736 3506 par
2756 3434 2865 3491 hos
2891 3433 3150 3493 vindicta
3179 3439 3563 3512 constringat.
3579 3439 3710 3498 Non

2053 3534 2243 3582 solum
2269 3529 2464 3581 autem
2497 3523 2598 3596 qui
2624 3523 2866 3590 faciunt,
2885 3524 2984 3580 sed
3006 3523 3182 3582 etiam
3205 3525 3305 3598 qui
3325 3526 3718 3584 consentiunt

2051 3613 2402 3671 facientibus
2423 3629 2438 3669 :
2463 3613 2603 3685 quia
2624 3629 2737 3668 non
2765 3611 3016 3668 multum
3046 3612 3328 3672 interesse
3347 3615 3606 3672 arbitror
3623 3616 3716 3674 in-

2049 3709 2139 3761 ter
2167 3701 2587 3760 committentis
2618 3701 2883 3756 animum
2905 3705 2964 3757 et
2981 3703 3402 3760 consentientis
3423 3703 3708 3764 favorem.

2045 3793 2209 3850 Addo
2241 3797 2298 3848 et
2341 3789 2597 3862 amplius
2629 3806 2642 3844 :
2673 3789 3019 3864 Plerumque
3068 3791 3314 3848 dediscit
3357 3810 3576 3861 errare,
3610 3795 3712 3852 cui

2047 3900 2219 3939 nemo
2249 3879 2538 3936 consentit
2571 3895 2584 3932 :
2617 3877 2754 3951 quia
2783 3883 2850 3934 ut
2875 3880 2988 3936 Leo
3018 3879 3080 3935 in
3108 3879 3356 3952 epistola
3379 3881 3452 3938 ad
3481 3885 3710 3940 Anato-

2043 3972 2189 4029 lium
2221 3969 2365 4026 dicit
2396 3984 2410 4024 :
2445 3967 2607 4024 Sicut
2637 3967 2696 4022 in
2730 3967 2885 4024 mala
2906 3967 3180 4026 suasione
3207 3969 3602 4043 delinquitur,
3625 3973 3712 4030 ita

2042 4068 2101 4118 et
2121 4061 2180 4116 in
2212 4057 2369 4116 mala
2399 4056 2783 4113 consensione
2813 4061 3106 4130 peccatur.
3136 4081 3164 4108 »

2109 4151 2205 4207 Vl.
2223 4148 2562 4206 Ponendum
2583 4147 2760 4202 etiam
2785 4146 3031 4219 dignum
3045 4147 3476 4220 duximusquid
3503 4149 3578 4208 de
3601 4151 3712 4210 huc

2031 4238 2297 4316 jusmodi
2335 4252 2506 4310 pravo
2529 4233 2852 4292 scientibus
2881 4235 3039 4310 leges
3067 4237 3384 4293 decernant
3401 4238 3711 4298 ecclesias-

2037 4331 2184 4389 ticae.
2201 4325 2497 4396 Scriptum
2513 4323 2768 4378 cstenim
2785 4323 2844 4379 in
2870 4322 3284 4382 constitutione
3307 4326 3710 4399 SynodiChal.

2033 4413 2383 4478 cedoncnsis
2413 4413 2654 4484 (Actione
2681 4429 2738 4478 ν,
2765 4412 3048 4484 Chalced,)
3067 4411 3185 4468 ita:
3210 4437 3240 4464 «
3265 4413 3466 4470 Actius
3507 4417 3708 4475 archi-

283 4497 587 4571 episcopos
611 4517 714 4572 per
734 4503 994 4560 diversas
1014 4506 1342 4578 provincias
1362 4509 1712 4566 constitutos
1737 4526 1748 4565 :
1777 4511 1938 4585 «LAli-
1967 4515 2011 4581 ι)
2043 4508 2326 4566 diaconus
2353 4499 3034 4574 Constantinopolitanus
3065 4517 3222 4558 nova:
3255 4502 3449 4559 Romae
3496 4506 3708 4564 recita-

283 4587 937 4664 quanti,inquiens,qui
969 4593 1052 4649 ita
1081 4611 1143 4650 se
1173 4595 1598 4664 demerserunt,
1617 4604 1685 4654 ut
1704 4600 1932 4657 nullum

281 4673 722 4732 hisauxiliantis
743 4681 929 4751 possit
949 4683 1271 4739 remedium
1285 4686 1836 4755 subvenire,subditi
1857 4689 1932 4745 lc-

279 4762 805 4837 gibus.secundum
822 4769 1281 4828 Christianorum
1303 4775 1634 4850 principum
1653 4778 1931 4834 constitu-

279 4856 359 4920 ta,
375 4870 446 4908 ne
463 4859 730 4910 sanctum
749 4872 982 4930 gregem
997 4877 1105 4915 sua
1116 4863 1458 4936 contagione
1472 4865 1816 4938 polluerent,
1825 4885 1928 4940 per

277 4940 544 5012 publicos
565 4942 798 5012 judices
845 4952 1121 5018 perpetuo
1171 4956 1312 5006 sunt
1359 4953 1559 5009 exsilio
1599 4955 1858 5027 relegati.
1896 4980 1924 5006 »

273 5029 346 5085 Et
369 5029 506 5086 item
541 5029 693 5088 idem
726 5033 784 5088 in
809 5034 1054 5106 epistola
1087 5038 1158 5092 ad
1193 5038 1556 5096 Pulcheriam
1592 5045 1954 5116 Augustam,

272 5121 378 5190 (ep.
413 5121 505 5187 47)
538 5137 550 5174 :
587 5143 614 5171 «
649 5121 730 5178 De
779 5124 1036 5197 Eutyche
1084 5131 1278 5183 autem
1330 5129 1510 5187 totius
1557 5133 1815 5188 scandali
1865 5138 1922 5190 et

272 5208 574 5280 pravitatis
603 5215 856 5282 auctore,
890 5213 999 5270 hoc
1029 5214 1338 5272 clementia
1365 5224 1555 5274 vestra
1601 5220 1920 5294 praecipiat,

271 5299 336 5350 ut
365 5296 436 5351 ab
459 5313 525 5352 eo
557 5297 682 5354 loco
714 5318 830 5373 quo
875 5302 1530 5377 Constantinopolitanae
1581 5308 1712 5364 urbi
1742 5309 1920 5366 nimis

266 5383 496 5441 vicinus
544 5394 650 5458 est,
692 5389 926 5464 longius
982 5394 1384 5461 transferatur,
1435 5413 1507 5450 ne
1567 5398 1918 5469 frequentio-

270 5470 435 5528 ribus
489 5475 714 5534 solatiis
771 5495 971 5536 eorum
1022 5499 1168 5554 quos
1219 5484 1291 5539 ad
1341 5483 1699 5558 impietatem
1749 5503 1916 5542 suam

267 5559 443 5616 traxit
468 5567 686 5621 utatur.
724 5567 1076 5628 Monasterio
1109 5587 1342 5646 quoque
1369 5573 1576 5646 ipsius,
1599 5574 1692 5632 cui
1727 5574 1916 5648 perni-

2040 4597 2124 4652 vit
2155 4611 2168 4649 :
2204 4593 2420 4649 Sancta
2447 4593 2506 4644 et
2533 4605 2750 4662 magna
2779 4587 3127 4646 universalis
3156 4591 3436 4665 synodus,
3453 4608 3586 4665 quae
3618 4612 3712 4652 se-

2036 4684 2296 4743 cundum
2327 4677 2576 4752 gratiam
2603 4683 2662 4733 et
2690 4678 3022 4735 sanctiones
3053 4679 3284 4752 piorum
3331 4680 3705 4741 Christiano-

2034 4787 2285 4844 rumque
2316 4768 2735 4839 imperatorum
2763 4764 3156 4826 Valentiniani
3186 4774 3246 4825 ct
3276 4769 3558 4826 Marciani
3587 4774 3713 4828 Au-

2035 4866 2366 4936 gustorum,
2383 4859 2738 4928 congregata
2755 4859 2845 4911 est
2865 4857 3020 4929 apud
3041 4857 3464 4915 Chalcedonem
3483 4867 3714 4918 metro-

2035 4950 2218 5024 polim
2249 4943 2530 5017 Bithynia:
2561 4943 2868 5016 provinciae
2899 4945 2958 5001 in
2993 4946 3270 5020 martyrio
3292 4951 3507 5004 sanctae
3531 4965 3707 5006 mar-

2034 5039 2180 5114 tyris
2210 5031 2564 5106 Euphemiaa,
2591 5032 2796 5088 statuit
2826 5033 3030 5090 subter
3059 5035 3302 5092 adnexa.
3321 5036 3612 5094 Dominus
3640 5045 3714 5096 et

2030 5127 2296 5185 Salvator
2322 5125 2520 5176 noster
2548 5119 2817 5178 Christus
2845 5121 3114 5179 notitiam
3145 5123 3280 5180 fidei
3328 5124 3711 5186 confirmans

2029 5212 2340 5287 discipulis
2389 5209 2514 5266 suis
2561 5209 2690 5266 ait:
2725 5212 2920 5267 Pacem
2965 5229 3144 5269 meam
3184 5213 3252 5270 do
3307 5213 3478 5280 vobis,
3501 5232 3716 5288 pacem

2028 5306 2282 5374 relinquo
2325 5297 2474 5354 vobis
2521 5298 2695 5367 (Joan.
2744 5315 2860 5364 xxv,
2883 5300 2996 5372 27),
3023 5316 3094 5354 ne
3144 5299 3300 5356 ullus
3341 5317 3376 5357 a
3422 5303 3716 5374 proximo

2029 5410 2135 5450 suo
2182 5389 2444 5444 dissonet
2491 5384 2551 5438 in
2603 5385 2869 5442 doctrina
2918 5387 3174 5460 pietatis,
3208 5390 3311 5445 sed
3352 5391 3716 5461 aequalitate

2027 5471 2456 5555 praedicationis
2485 5473 2785 5531 veritatem
2817 5478 3104 5534 ostendat.
3129 5500 3157 5528 »
3187 5479 3256 5534 Et
3281 5481 3428 5534 circa
3466 5481 3644 5550 ﬁnem
3677 5503 3712 5538 :

2029 5595 2058 5621 ‹‹
2083 5569 2184 5626 His
2216 5563 2394 5638 igitur
2431 5579 2564 5619 cum
2597 5564 2755 5620 omni
2789 5565 3050 5639 undique
3094 5566 3354 5636 veritate,
3378 5567 3722 5642 diligentia
