3962 6178
229 347 338 410 405

940 349 1043 411 DE
1083 343 1846 414 PRJEDESTINATIONE
1890 347 2404 413 DISSERTATIO
2447 350 2908 450 POS'l‘ERIOll.
2943 387 2948 400 -

3519 359 3638 426 406

231 488 282 542 et
305 482 708 552 sollicitudine
738 501 772 541 a
800 482 973 541 nobis
1001 483 1305 553 defﬁnitis,
1341 485 1549 543 statuit
1589 489 1794 544 sancta
1820 489 1880 542 et
1906 483 1964 551 Α
1993 483 2065 539 ad
2097 481 2462 542 Pulcheriam
2504 487 2830 561 Augustam
2861 489 2930 546 de
2968 491 3226 566 Eutyche
3263 493 3502 556 haeresis
3531 515 3636 556 au-

232 572 576 631 universalis
604 575 888 648 synodus,
906 572 1151 630 alteram
1174 575 1349 631 ﬁdem
1372 574 1520 631 nulli
1550 575 1723 632 licere
1752 593 1879 649 pro-

231 667 388 733 ferre,
424 669 528 720 aut
557 663 944 732 conscribere,
979 669 1082 720 aut
1129 681 1498 738 componere,
1533 669 1636 721 aut
1672 665 1878 722 docere

231 755 407 813 aliter.
422 755 539 811 Eos
561 757 760 810 autem
779 752 880 826 qui
902 753 1028 809 ausi
1063 757 1202 808 sunt
1226 770 1572 826 componere
1595 755 1770 811 ﬁdem
1801 755 1878 811 al-

228 848 550 910 teram,aut
578 842 836 916 proferre
866 847 966 898 aut
995 843 1220 909 docere,
1238 847 1339 898 aut
1367 844 1594 900 tradere
1624 843 1874 900 alterum

228 933 556 1008 symbolum
586 931 915 988 volentibus
934 931 1020 987 vel
1041 931 1318 999 converti,
1341 931 1428 988 vel
1459 949 1527 988 ex
1557 933 1876 1006 gentilibus

230 1023 292 1080 ad
322 1021 725 1095 cognitionem
755 1018 1018 1076 veritatis
1047 1020 1262 1089 venire,
1289 1021 1376 1077 vel
1417 1037 1486 1078 ex
1521 1022 1762 1089 Judaeis,
1785 1023 1872 1079 vel

230 1111 424 1171 haeresi
459 1125 835 1183 quacunque,
868 1107 918 1165 si
956 1108 1194 1181 quidem
1227 1109 1482 1184 epiSCOpi
1525 1112 1742 1168 fuerint
1773 1118 1876 1170 aut

229 1199 434 1268 clerici,
453 1198 680 1256 alienos
707 1214 837 1254 esse
865 1197 1171 1271 episcopos
1199 1200 1272 1256 ab
1300 1200 1659 1273 episcopatu,
1679 1205 1737 1258 et
1766 1202 1876 1258 cle-

231 1291 368 1348 ricos
416 1305 455 1346 a
503 1286 770 1344 clero:si
799 1303 932 1343 vero
990 1287 1262 1343 monachi
1292 1293 1394 1344 aut
1446 1288 1580 1346 laici
1632 1291 1870 1359 fuerint,

230 1377 726 1438 anathematizari.
760 1377 876 1434 Nec
907 1393 968 1434 se
999 1380 1208 1450 putent
1249 1376 1470 1435 alienos
1501 1379 1573 1435 ab
1605 1380 1714 1436 hac
1743 1397 1872 1437 esse

230 1467 535 1536 sententia,
569 1467 672 1540 qui
729 1465 1013 1539 symbolo,
1043 1465 1101 1522 id
1159 1471 1249 1523 est
1305 1467 1600 1524 collationi
1657 1475 1872 1527 sanctae

229 1557 519 1616 catholicae
577 1561 637 1613 et
691 1553 1021 1628 apostolica:
1077 1555 1367 1625 Ecclesiaa,
1409 1573 1479 1612 ex
1533 1563 1870 1616 sanctarum

230 1647 661 1720 Scripturarum
705 1643 1070 1712 auctoritate,
1095 1649 1152 1700 et
1181 1646 1636 1704 orthodoxorum
1685 1649 1869 1722 magi-

229 1741 478 1794 strorum
501 1733 787 1802 doctrina,
807 1733 879 1790 ad
901 1734 1257 1790 credendum
1279 1739 1337 1791 et
1354 1738 1674 1793 tenendum
1696 1742 1870 1812 atque

1987 575 2146 629 ctore
2191 577 2370 646 (epist.
2417 577 2484 632 15
2523 579 2578 633 in
2619 577 2784 651 ﬁne):
2815 599 2837 630 ι
2867 579 2928 634 Si
2981 581 3126 652 ipse,
3179 582 3390 658 inquit,
3424 587 3526 661 qui
3571 587 3634 645 in

1987 661 2139 718 hanc
2172 663 2550 720 tentationem
2584 666 2790 722 incidit
2819 667 3128 740 resipiscit,
3152 671 3234 726 ita
3255 677 3318 729 ut
3339 677 3494 746 quod
3515 694 3636 736 ma-

1987 751 2041 808 le
2072 759 2336 810 senserat
2361 756 2596 828 propria
2624 774 2762 812 voce
2807 762 2864 813 et
2901 759 3330 832 subscriptione
3358 767 3634 824 condem-

1986 846 2108 912 net,
2141 845 2480 900 communio
2529 845 2612 900 illi
2661 847 2752 902 sui
2801 847 3024 904 ordinis
3074 850 3440 910 reformetur.
3472 855 3635 920 Quod

1985 931 2163 988 etiam
2197 933 2362 989 fratri
2411 939 2468 990 et
2511 936 2853 1009 coepiscopo
2885 954 3014 992 meo
3045 937 3338 996 Flaviamo
3389 957 3482 998 me
3521 943 3634 1000 cle-

1987 1022 2211 1078 mentia
2229 1027 2422 1077 vestra
2442 1023 2750 1096 scripsisse
2773 1030 3106 1098 cognoscat,
3123 1032 3180 1082 et
3199 1028 3292 1085 his
3309 1029 3456 1102 quos
3478 1031 3638 1090 misi-

1986 1129 2121 1168 mus
2149 1111 2470 1183 delegasse,
2493 1116 2560 1168 ut
2589 1113 2758 1168 venia
2786 1115 3142 1171 concedatur
3170 1117 3218 1172 si
3250 1134 3411 1174 error
3440 1120 3635 1178 abole-

1983 1204 2100 1256 tur.
2127 1222 2154 1252 »
2179 1202 2250 1256 Et
2280 1199 2339 1254 in
2371 1200 2619 1273 epistola
2650 1202 2721 1257 ad
2754 1205 3430 1279 Constantinopolitanos
3453 1213 3632 1284 (epist.

1979 1290 2170 1358 25):«
2201 1289 2316 1346 Nec
2361 1290 2694 1363 quisquam
2734 1291 2847 1348 sibi
2893 1295 3106 1350 audeat
3162 1297 3234 1352 de
3290 1299 3635 1357 sacerdotali

1982 1377 2184 1434 ordine
2212 1378 2484 1446 blandiri,
2518 1380 2618 1451 qui
2665 1380 2918 1452 potuerit
2947 1381 3006 1436 in
3049 1387 3386 1443 exsecrandi
3423 1405 3635 1446 sensus

1981 1465 2278 1539 impietate
2311 1467 2595 1523 convinci.
2628 1468 2775 1524 Nam
2807 1469 2857 1524 si
2887 1469 2980 1525 vix
3023 1471 3083 1526 in
3120 1471 3284 1530 laicis
3311 1475 3635 1535 tolerabilis

1979 1555 2212 1612 videtur
2241 1553 2494 1626 inscitia,
2519 1562 2737 1629 quanto
2781 1558 2971 1632 magis
3001 1559 3061 1616 in
3093 1561 3178 1618 eis
3226 1565 3327 1636 qui
3375 1571 3636 1638 praesunt

1981 1663 2088 1702 nec
2119 1647 2491 1702 excusatione
2519 1651 2608 1702 est
2638 1648 2834 1722 digna,
2872 1667 2976 1704 nec
3007 1651 3194 1722 venia,
3219 1654 3470 1710 maxime
3499 1673 3633 1712 cum

1981 1735 2158 1792 etiam
2184 1735 2494 1791 defendere
2515 1753 2922 1807 perversurum
2943 1737 3284 1810 Opinionum
3303 1749 3636 1801 commenta

229 1826 553 1882 docendum
612 1823 870 1896 prolatae,
896 1823 1291 1880 contradicere
1351 1842 1466 1882 non
1521 1831 1866 1884 verentur.»
1899 1859 1946 1925 Β
1981 1827 2368 1896 ρΓὶΒΞιΠῙΙΠΠι,
2396 1828 2454 1880 et
2483 1824 2541 1878 in
2572 1841 2926 1882 consensum
2972 1845 3146 1882 suum
3179 1834 3282 1885 aut
3311 1847 3502 1888 errore
3531 1838 3636 1888 aut

219 1915 345 1972 Item
370 1915 436 1970 in
464 1914 707 1988 praefato
727 1911 972 1968 concilio
992 1911 1448 1970 Chalcedonensi
1471 1920 1698 1984 (canone
1725 1920 1756 1972 4
1777 1934 1866 1990 sy-

215 2003 351 2072 nodi)
373 2003 572 2076 capite
599 2001 791 2070 tertio,
824 2001 1110 2074 scriptum
1142 2007 1232 2058 est
1263 2019 1276 2058 :
1305 2026 1332 2054 «
1354 2004 1462 2070 Qui
1492 2022 1624 2062 vere
1654 2010 1711 2062 et
1742 2007 1862 2062 sin-

215 2108 326 2150 cere
345 2089 718 2164 singularem
741 2095 1041 2146 sectantur
1057 2091 1238 2148 vitam
1263 2098 1658 2166 competenter
1681 2095 1862 2152 hono-

215 2187 423 2238 rantur.
438 2179 731 2248 Quoniam
750 2197 884 2237 vero
902 2181 1144 2253 quidam
1166 2187 1400 2239 utentes
1425 2183 1631 2240 habitu
1659 2202 1863 2242 mona-

214 2269 294 2327 chi
312 2269 722 2327 ecclesiastica
755 2269 988 2342 negotia
1016 2269 1324 2344 civiliaque
1361 2273 1772 2329 conturbant.»
1793 2275 1864 2330 Et

209 2364 324 2432 post
348 2375 550 2432 pauca
573 2375 624 2414 :«
650 2358 970 2415 Monachos
987 2374 1122 2415 vero
1144 2377 1248 2432 per
1278 2377 1761 2434 unamquamque
1789 2361 1865 2418 ci-

207 2447 436 2504 vitatem
487 2453 594 2504 aut
643 2446 942 2522 regionem
987 2447 1287 2519 subjectos
1327 2465 1456 2505 esse
1491 2450 1783 2522 episcopo,
1807 2453 1865 2506 et

215 2537 462 2610 quietem
483 2536 751 2610 diligere,
780 2539 836 2592 et
856 2535 1112 2594 intentos
1134 2553 1263 2594 esse
1282 2539 1691 2594 tantummodo
1713 2539 1864 2610 jeju-

208 2624 294 2682 nio
321 2629 378 2682 et
409 2625 689 2693 orationi,
716 2625 777 2680 in
827 2624 972 2681 locis
999 2625 1219 2698 quibus
1249 2627 1731 2682 renuntiaverunt
1757 2644 1862 2683 sae-

206 2714 322 2774 culo
347 2719 796 2788 permanentes.
814 2714 930 2770 Nec
951 2715 1365 2772 ecclesiasticis
1385 2732 1520 2772 vero
1543 2733 1648 2772 nec
1678 2733 1863 2772 saecu-

206 2801 418 2860 laribus
442 2803 698 2877 negotiis
720 2803 1178 2874 communicent,
1194 2804 1284 2860 vel
1308 2804 1368 2860 in
1389 2805 1584 2878 aliquo
1608 2806 1726 2862 sint
1745 2823 1866 2864 mo-

205 2892 346 2961 testi,
386 2892 631 2966 propria
659 2891 1015 2950 monasteria
1045 2893 1414 2962 deserentes,
1445 2894 1558 2951 nisi
1591 2895 1740 2952 forte
1769 2893 1863 2950 his

207 2981 576 3055 praecipiatur
603 2985 841 3055 propter
870 2999 1018 3054 opus
1057 2983 1454 3040 necessarium
1489 2983 1561 3039 ab
1591 2983 1862 3057 episcopo

203 3071 468 3127 civitatis.
501 3071 1055 3144 Transgredientem
1085 3089 1218 3128 vero
1251 3072 1405 3128 hanc
1448 3071 1861 3128 difﬁnitionem

203 3165 460 3217 nostram
491 3159 1070 3216 excommunicatum
1101 3177 1232 3218 8888
1264 3161 1686 3218 decrevimus.»
1715 3163 1860 3218 Item

1976 1913 2164 1984 gratia
2195 1912 2554 1968 insanabiles
2582 1931 2850 1986 quosque
2891 1917 3246 1972 traducunt?
3279 1919 3636 1992 Separentur

1972 2000 2316 2073 hujusmodi
2347 2019 2382 2056 a
2405 2002 2566 2058 sanis
2595 2003 2878 2059 membris
2908 2005 3168 2076 corporis
3187 2006 3421 2075 Christi,
3445 2026 3634 2082 neque

1972 2090 2084 2146 sibi
2101 2089 2388 2146 catholica
2410 2089 2652 2147 libertas
2679 2091 3010 2148 inﬁdelium
3023 2095 3236 2166 jugum
3255 2096 3512 2167 patiatur
3530 2097 3635 2152 im-

1971 2180 2184 2253 poni.»
2209 2181 2280 2236 Et
2327 2179 2388 2234 in
2438 2180 2686 2253 epistola
2737 2181 2807 2238 ad
2858 2181 3255 2239 Theodosium
3287 2185 3624 2260 (epist.,14):

1977 2290 1999 2318 α
2035 2269 2106 2324 Ut
2137 2269 2276 2340 quia
2307 2269 2564 2325 dubitari
2613 2287 2729 2326 non
2778 2275 2971 2342 potest
2999 2289 3128 2344 quae
3179 2273 3256 2329 sit
3287 2273 3630 2332 Christianae

1971 2357 2365 2414 confessionis
2415 2358 2743 2432 integritas,
2777 2363 2836 2414 et
2882 2360 3065 2415 totius
3115 2361 3327 2418 erroris
3379 2365 3636 2436 pravitas

1971 2447 2308 2517 damnetur,
2325 2451 2384 2502 et
2399 2447 2448 2502 si
2473 2447 2824 2520 resipiscens
2842 2448 2978 2520 quia
2995 2449 3324 2506 deviaverat
3344 2469 3446 2524 pro
3466 2453 3635 2510 venia

1971 2535 2282 2608 supplicet,
2317 2536 2698 2592 sacerdotalis
2729 2537 2781 2592 ei
2811 2538 3215 2596 benevolentia
3244 2541 3573 2616 subveniat.
3601 2565 3630 2593 ››

1970 2623 2038 2678 Et
2068 2623 2128 2678 in
2159 2623 2405 2696 epistola
2434 2625 2506 2679 ad
2543 2623 2848 2680 Julianum
2881 2629 3060 2699 (epist.
3093 2629 3183 2701 19)
3209 2646 3258 2684 :«
3283 2629 3356 2687 Ut
3395 2631 3446 2687 si
3489 2649 3628 2690 con-

1972 2712 2286 2767 demnatus
2316 2711 2621 2784 presbyter
2657 2713 2832 2786 plena
2861 2715 3264 2774 satisfactione
3293 2721 3628 2795 corrigitur,

1972 2799 2263 2856 sententia
2293 2817 2410 2872 qua
2457 2801 2778 2858 obstrictus
2827 2809 2918 2858 est
2967 2804 3277 2863 relaxetur.
3311 2807 3370 2864 Si
3401 2827 3534 2867 vero
3567 2811 3628 2868 in

1969 2889 2175 2944 eodem
2199 2887 2312 2944 insi
2319 2888 2550 2961 pientizn
2574 2907 2692 2945 sua:
2715 2890 2836 2946 luto
2851 2893 3050 2964 jacere
3080 2893 3380 2968 delegerit,
3403 2902 3628 2956 statuta

1971 2983 2372 3049 permaneant,
2397 2983 2456 3034 et
2483 2995 2616 3034 cum
2647 2979 2730 3034 eis
2760 2979 2974 3036 habeat
3003 2986 3240 3052 sortem,
3264 3001 3517 3056 quorum
3537 2993 3628 3045 est

1971 3070 2209 3122 secutus
2258 3083 2530 3123 errorem.
2555 3089 2586 3118 »
2609 3069 2679 3124 Et
2725 3068 2784 3122 in
2843 3069 3094 3142 epistola
3149 3073 3222 3127 ad
3283 3059 3623 3133 Flavianum

1973 3157 2153 3227 (epist.
2175 3155 2264 3227 22)
2291 3173 2304 3210 :
2332 3157 2454 3211 «At
2483 3155 2531 3212 si
2563 3157 2832 3230 deposita
2871 3157 3177 3232 imperitiae
3217 3178 3338 3218 suae
3367 3163 3624 3222 vanitate

199 3245 254 3304 in
283 3247 538 3304 concilio
567 3247 890 3321 Agathensi
913 3249 1056 3322 (ean.
1079 3251 1171 3320 38)
1195 3250 1484 3323 capite‘38
1511 3267 1524 3306 :
1549 3253 1694 3308 341
1735 3273 1764 3301 ‹‹
1796 3251 1860 3307 In
1892 3227 1936 3294 α
1974 3243 2348 3316 rcsipiscunt,
2373 3227 2657 3318 omnique
2682 3263 2875 3304 errore
2905 3227 3182 3305 damnato
3221 3251 3398 3308 ﬁdem
3426 3269 3623 3310 veram

93 3360 108 3394 ι
200 3337 504 3394 monachis
535 3353 774 3409 quoque
805 3337 1113 3410 praesentis
1136 3339 1436 3395 sententiae
1467 3340 1657 3396 forma
1676 3355 1861 3396 serve.

196 3429 300 3482 tur.
323 3428 488 3494 Quos
517 3425 570 3482 si
599 3427 912 3482 verborum
944 3427 1264 3500 increpatio
1294 3445 1410 3484 non
1444 3428 1859 3494 emendaverit,

191 3514 359 3571 etiam
383 3513 737 3572 verberibus
772 3515 1093 3572 statuimus
1125 3517 1396 3573 coerceri.
1423 3539 1452 3566 η

259 3603 380 3660 Vll.
399 3604 578 3660 Nunc
609 3603 864 3676 qualiter
904 3604 1313 3676 resipiscentes
1345 3605 1761 3678 suscipiantur,
1785 3625 1856 3663 ex

195 3691 614 3750 ecclesiasticis
631 3692 850 3766 regulis
861 3694 1195 3766 ponendum
1211 3695 1571 3751 censuimus.
1585 3695 1678 3750 Ait
1695 3695 1850 3751 enim

191 3796 441 3855 magnus
473 3781 595 3836 Leo
647 3797 802 3854 papa
850 3781 912 3836 in
960 3781 1209 3855 epistola
1263 3783 1330 3837 ad
1381 3782 1718 3840 Anatolium
1750 3801 1854 3856 per

189 3869 510 3927 Patricium
541 3870 858 3926 diaconum
881 3869 1102 3927 directa
1121 3873 1298 3943 (epist.
1321 3873 1414 3940 83)
1437 3888 1489 3927 :«
1513 3871 1852 3932 Dilectionis

188 3961 296 4014 tua
326 3959 762 4033 inquirendum
787 3959 1010 4030 judicio
1041 3959 1322 4032 delegavi,
1348 3965 1414 4016 ut
1449 3961 1671 4018 scilicet
1702 3963 1849 4018 Atti-

187 4063 288 4103 cus
321 4050 658 4122 presbyter,
683 4064 858 4120 quem
889 4047 1029 4102 talia
1059 4049 1273 4104 audere
1304 4065 1708 4122 cognoveram,
1733 4051 1846 4107 nisi

191 4137 452 4208 perfecta
483 4154 548 4192 se
578 4136 975 4192 satisfactione
1025 4141 1354 4210 purgasset,
1387 4143 1446 4193 et
1493 4155 1608 4194 non
1656 4139 1846 4195 solum

1970 3332 2447 3407 singularemque
2467 3335 2820 3406 suscipiunt,
2838 3336 3242 3396 misericordia
3266 3339 3486 3398 eisdem
3509 3342 3626 3416 epi-

1969 3421 2220 3494 scopalis
2264 3423 2416 3479 342
2459 3423 2860 3479 benevolentia
2902 3441 3015 3480 non
3057 3430 3320 3499 negetur,
3343 3445 3622 3488 mansuro

1957 3511 2185 3583 judicio
2207 3511 2362 3584 quod
2394 3512 2710 3583 praecessit,
2739 3511 2787 3567 si
2819 3512 3094 3584 impietas
3125 3515 3333 3572 merito
3354 3518 3622 3574 condem-

1965 3605 2102 3657 nata
2120 3601 2181 3656 in
2203 3617 2312 3656 sua
2333 3601 2618 3674 pravitate
2639 3601 3020 3674 perstiterit.»
3040 3603 3270 3659 Etenim
3294 3605 3352 3659 in
3375 3605 3624 3678 epistola

1966 3691 2036 3746 ad
2079 3687 2758 3761 Constantinopolitonos
2789 3693 2968 3762 (epist.
3004 3693 3064 3746 41
3100 3692 3172 3748 ad
3198 3694 3575 3766 Pulcheriam)
3604 3713 3618 3752 :

1963 3803 1992 3830 «
2018 3779 2356 3835 Devotionis
2387 3784 2706 3851 utrumque
2727 3785 2818 3836 est
2838 3781 3271 3850 Christianae,ut
3291 3787 3348 3839 et
3366 3784 3622 3856 pertina-

1961 3885 2058 3925 ces
2079 3869 2292 3924 veritas
2317 3868 2482 3940 justa
2511 3872 2791 3936 coerceat,
2807 3874 2865 3925 et
2886 3886 3197 3927 conversos
3221 3871 3483 3929 charitas
3503 3891 3620 3930 non

1959 3955 2260 4029 repellat.»
2283 3957 2351 4011 Et
2383 3956 2442 4010 in
2491 3955 2740 4028 epistola
2783 3957 2856 4012 ad
2902 3958 3241 4015 Anatolium
3275 3960 3453 4033 (epist.
3487 3964 3619 4032 42):

1961 4068 1988 4096 «
2013 4046 2082 4101 lli
2113 4045 2212 4118 qui
2242 4045 2430 4117 plenis
2451 4045 2956 4102 satisfactionibus
2984 4047 3139 4103 male
3162 4055 3331 4120 gesta
3352 4052 3601 4108 condem

1957 4137 2119 4200 nant,
2139 4138 2196 4188 et
2217 4150 2493 4189 accusare
2515 4149 2578 4188 se
2600 4134 2790 4206 magis
2811 4134 3037 4208 eligunt
3059 4152 3239 4208 quam
3265 4138 3441 4208 tueri,
3460 4139 3625 4210 pacis

1955 4227 2012 4278 et
2043 4221 2475 4278 communionis
2509 4226 2720 4277 nostra:
2753 4223 2977 4278 unitate
3008 4223 3298 4292 ltetentur,
3324 4225 3405 4281 ita
3437 4230 3503 4281 ut
3531 4227 3622 4281 di-

1955 4325 2072 4383 gno
2104 4310 2269 4382 prius
2300 4310 2674 4366 anathemate
2696 4327 2822 4382 qum
2845 4315 3050 4366 contra
3072 4313 3248 4367 ﬁdem
3270 4313 3622 4370 catholicam

178 4400 434 4480 alienus.
465 4425 498 4452 »
531 4403 603 4458 Et
644 4405 778 4474 post
832 4419 1020 4474 pauca
1050 4419 1064 4458 :
1095 4426 1116 4452 ι
1152 4401 1470 4459 Ριιεεόίοῐυε
1529 4408 1723 4460 autem
1783 4409 1848 4460 ut
1959 4403 2102 4455 sunt
2133 4402 2363 4470 recepta
2393 4399 2806 4454 damnentur.»
2830 4399 2900 4453 Et
2929 4402 3061 4470 post
3089 4399 3400 4471 paululum
3425 4417 3484 4456 :«
3517 4403 3624 4459 Ne-

177 4489 250 4543 ab
279 4491 452 4546 omni
490 4489 831 4562 suspicione
859 4489 1151 4546 contraria
1187 4489 1336 4546 liber
1374 4495 1670 4564 appareat,
1703 4493 1844 4564 quid
1959 4504 2072 4560 que
2093 4486 2251 4542 enim
2275 4489 2468 4558 potest
2496 4485 2556 4541 in
2589 4485 2784 4558 aliquo
2818 4486 3149 4559 benignitas
3180 4492 3384 4544 nostra
3424 4507 3623 4563 repre-

172 4573 230 4632 in
291 4578 577 4652 Eutyche
635 4577 1098 4634 anathematizet
1145 4596 1213 4635 ac
1273 4580 1516 4636 damnet
1572 4581 1868 4653 evidenter
1892 4597 1940 4662 Β
1971 4577 2319 4642 hendi,cum
2343 4574 2768 4630 satisfacientes
2791 4575 3125 4648 recipimus,
3151 4593 3299 4648 quos
3321 4577 3622 4636 doluimus

183 4667 494 4734 ostendat,
523 4670 582 4722 et
609 4667 668 4721 in
701 4667 1080 4723 damnatione
1103 4669 1315 4724 erroris
1345 4670 1601 4740 expressi
1636 4674 1862 4726 remota
1971 4682 2098 4722 esse
2129 4665 2420 4736 deceptos.
2455 4664 2570 4718 Nec
2602 4681 2805 4736 aspere
2835 4663 3013 4737 igitur
3045 4667 3479 4724 communionis
3518 4686 3621 4725 no-

178 4753 340 4811 omni
401 4754 784 4811 dubitatione
850 4755 1214 4823 subscribat,
1273 4757 1357 4813 ita
1412 4761 1477 4812 ut
1543 4758 1856 4815 Chalcedo-
1966 4758 2100 4810 stris
2129 4752 2320 4826 gratia
2350 4752 2695 4826 deneganda
2737 4757 2846 4823 est,
2872 4770 2975 4809 nec
3023 4758 3238 4812 temere
3267 4755 3618 4830 largienda:

175 4844 376 4900 nensis
410 4843 636 4917 synodi
678 4843 1097 4900 difﬁnitioncm
1129 4846 1201 4901 de
1246 4846 1382 4913 fide,
1413 4847 1508 4902 cui
1540 4848 1717 4903 etiam
1769 4848 1856 4904 di-
1967 4841 2105 4915 quia
2135 4839 2288 4898 sicut
2308 4841 2550 4914 plenum
2581 4841 2816 4914 pietatis
2847 4846 2936 4898 est
2956 4844 3252 4916 oppressis
3274 4845 3621 4904 charitatem

173 4929 346 4988 lectio
375 4937 497 4988 tua
529 4932 961 4988 subscribendo
989 4933 1308 5002 consensit,
1335 4938 1392 4990 et
1415 4952 1594 5007 quam
1620 4942 1856 5008 aposto-
1966 4929 2332 4988 Dominicam
2361 4929 2672 4999 redhiberi,
2701 4931 2782 4986 ita
2803 4931 3036 5003 justum
3063 4937 3152 4988 est
3171 4934 3371 4990 omnia
3401 4939 3625 5006 pertur-

174 5018 296 5076 licaa
358 5021 538 5078 sedis
579 5020 838 5076 ﬁrmavit
881 5020 1220 5090 auctoritas,
1254 5024 1598 5094 profiteatur
1645 5043 1708 5080 se
1755 5043 1859 5097 per
1966 5019 2218 5076 bationis
2249 5017 2587 5074 auctoribus
2617 5019 2918 5092 imputari.
2947 5043 2974 5070 »
3005 5021 3074 5076 Et
3104 5026 3237 5093 post
3266 5021 3574 5094 paululum
3604 5037 3618 5078 :

177 5109 383 5166 omnia
414 5114 826 5176 servaturum,
859 5109 1089 5182 adjecta
1133 5109 1564 5182 subscriptione
1611 5112 1857 5184 propria:
1969 5131 1996 5160 α
2020 5111 2175 5175 Quos
2206 5108 2496 5175 convenit,
2539 5111 2642 5164 aut
2669 5108 2905 5182 percelli
2953 5126 3056 5182 pro
3107 5110 3376 5182 perﬁdia,
3401 5112 3503 5164 aut
3531 5107 3621 5164 la-

172 5213 412 5267 manus,
451 5214 594 5270 quae
649 5197 711 5253 in
765 5196 1021 5254 Ecclesia
1051 5197 1381 5254 Christiano
1438 5198 1654 5272 p0pulo
1705 5217 1849 5272 praa-
1961 5199 2168 5253 borarc
2198 5213 2302 5269 pro
2334 5195 2523 5252 venia.
2555 5219 2585 5246 ››

171 5290 336 5341 sonte
367 5286 690 5354 recitatur,
714 5290 778 5342 ut
807 5303 912 5358 pro
944 5285 1229 5344 catholica
1257 5287 1393 5355 ﬁde,
1415 5305 1604 5360 neque
1625 5305 1732 5345 nos
1751 5305 1852 5344 ne-
2035 5285 2179 5343 Hinc
2201 5289 2260 5342 et
2281 5290 2520 5343 sanctus
2545 5287 2920 5342 Innocentius
2939 5287 2996 5342 in
3014 5286 3264 5360 epistola
3281 5285 3502 5357 synodo
3521 5283 3622 5340 Mi-

169 5371 504 5447 gligentes,
537 5390 728 5446 neque
755 5373 883 5448 ipse
913 5374 1067 5431 ultra
1087 5379 1398 5448 suspectus
1417 5376 1721 5432 habeatur.
1746 5377 1855 5444 Qui
1963 5376 2226 5433 levitanm
2258 5375 2479 5433 directa
2496 5378 2796 5447 (Innocent.
2821 5380 2976 5449 epist.
2999 5379 3088 5443 32,
3113 5377 3214 5432 sub
3237 5375 3422 5446 ﬁnem)
3447 5391 3497 5430 τα
3527 5375 3620 5430 ln-

169 5460 243 5517 sit
267 5461 335 5518 in
381 5463 611 5519 eadem
641 5463 922 5534 pravitate
967 5465 1293 5536 perdurans
1323 5469 1605 5536 praecepto
1637 5465 1858 5521 salubri
1964 5471 2233 5522 vcntores
2251 5483 2459 5522 vocum
2482 5464 3096 5538 novarum,quas,sicut
3119 5463 3264 5518 dixit
3282 5462 3618 5536 Apostolus,

171 5565 372 5623 parere
407 5569 452 5607 ιι
470 5547 716 5620 aluerit,
741 5553 1089 5608 sententiam
1134 5553 1337 5626 synodi
1371 5553 1859 5609 Chalcedonensis
1969 5555 2368 5611 azdiﬁcationis
2393 5554 2670 5624 nihil,scd
2691 5555 2878 5627 magis
2894 5552 3246 5608 vanissimas
3263 5558 3624 5610 consuerunt

173 5641 342 5712 cujus
361 5638 850 5698 diffinitionibus
868 5639 1116 5699 resultat
1131 5640 1518 5714 excipiat.»Et
1538 5641 1598 5697 in
1618 5641 1863 5714 epistola
1971 5661 2178 5716 parare
2215 5645 2588 5716 quaestiones,
2620 5641 3014 5700 ecclesiastica
3043 5641 3456 5700 communione
3496 5642 3620 5716 pri-

185 4241 321 4282 voce
348 4225 690 4292 haereticos,
713 4225 814 4282 sed
845 4225 1021 4280 etiam
1064 4227 1310 4298 propriae
1350 4243 1562 4282 manus
1600 4227 1826 4284 subseri

185 4314 385 4386 ptione
447 4316 816 4380 damnasset,
868 4331 902 4369 a
958 4315 1394 4371 communionis
1451 4315 1640 4388 gratia
1693 4321 1850 4373 esset
