3962 6178
360 344 487 410 Im

1299 342 1683 409 HINCMARI
1728 339 2180 406 RHEMENSIS
2224 338 2843 407 ARCHIEPISCOPI.

368 479 490 537 vari
540 476 843 552 apostolici
890 477 1107 550 vigoris
1145 478 1490 535 auctoritate
1534 475 1865 533 censemus.
1889 496 1917 525 »ι
1949 475 2020 530 Et
2045 472 2304 547 A‘atque
2335 475 2406 531 ad
2428 474 2775 531 catholicam
2797 474 2994 542 ﬁdem,
3016 477 3196 547 quam
3220 474 3348 546 jam
3379 472 3606 547 pridem
3626 473 3768 531 ami-

366 569 503 639 post
532 564 835 638 aliquanta
866 582 915 620 ;‹‹
944 566 1232 622 Jubemus
1263 581 1423 629 sane,
1449 563 1728 637 quoniam
1748 563 2020 620 Christus

371 654 659 712 Dominus
689 658 889 710 noster
916 654 1150 727 propria
1170 671 1308 710 voce
1329 654 1583 727 signavit
1606 654 1760 710 nolle
1783 671 1844 709 se
1868 662 2020 709 mor-

368 748 488 801 tem
520 743 848 809 morientis,
869 747 1101 799 tantum
1126 748 1189 799 ut
1212 747 1533 800 revertatur
1552 749 1611 799 et
1631 744 1803 809 vivat,
1831 743 1879 798 si
1912 760 2019 797 un-

358 844 547 907 ‘quam
580 833 649 888 ad
682 849 892 888 sanum
916 832 1178 903 deposito
1210 832 1369 905 pravi
1391 832 1683 905 dogmatis
1713 848 1907 888 errore
1927 849 2022 887 re-

366 921 676 995 sipuerint,
692 921 1144 993 damnarintque
1165 936 1234 976 ea
1253 937 1505 992 quorum
1529 937 1592 976 se
1614 919 1727 992 ipsi
1749 920 2019 991 praevari-

369 1011 597 1068 catione
626 1011 1002 1073 damnarunt,
1027 1010 1112 1065 eis
1142 1009 1495 1066 medicinam
1535 1008 1792 1076 solitam,
1817 1008 1875 1064 id
1906 1012 2019 1076 est,

370 1098 803 1172 receptaculum
826 1114 1001 1154 suum
1024 1099 1096 1153 ab
1117 1098 1374 1155 Ecclesia
1401 1115 1517 1154 non
1541 1098 1761 1171 negari,
1786 1114 1857 1153 ne
1878 1099 2021 1153 dum

369 1202 470 1246 eos
502 1188 813 1244 redeuntes
843 1187 1084 1242 forsitan
1121 1186 1522 1259 prohibemus,
1544 1204 1676 1243 vere
1695 1192 1856 1243 extra
1876 1187 2023 1243 ovile

369 1280 738 1339 remanentes
763 1275 1153 1347 exspectantis
1183 1275 1371 1333 hostis
1397 1276 1583 1333 rabidi
1609 1276 1879 1333 faucibus
1899 1275 2023 1349 glu-

366 1366 612 1433 tiantur,
645 1382 795 1437 quos
826 1364 885 1420 in
915 1363 1249 1436 semetipsis
1278 1363 1526 1436 spiculis
1555 1364 1721 1421 male
1753 1365 2022 1437 disputa—

370 1455 549 1513 tiOnis
603 1457 928 1510 armarunt.
950 1460 979 1502 ἰ
1006 1454 1078 1509 Et
1133 1458 1374 1509 sanctus
1431 1452 1745 1527 Gregorius
1789 1453 2022 1520 Quirino

362 1548 429 1602 ‘et
459 1543 684 1601 cazteris
722 1541 1013 1615 episcopis
1044 1542 1350 1599 Catholicis
1399 1541 1459 1597 in
1508 1540 1783 1599 Hibernia
1811 1544 1930 1614 (lib.
1961 1561 2018 1609 x,

370 1635 526 1705 epist.
550 1634 643 1700 6t)
666 1647 680 1686 :
706 1654 734 1682 ‹‹
769 1630 1112 1703 Quicunque
1149 1648 1184 1688 a
1231 1640 1500 1703 perverso
1532 1646 1725 1689 errore
1771 1631 2022 1689 Nestorii

370 1724 769 1786 revertuntur,
829 1732 1026 1776 coram
1096 1726 1302 1775 sancta
1370 1719 1752 1778 fraternitatis
1818 1725 2021 1777 vestra:

369 1807 821 1882 congregatione
855 1808 1168 1876 fateantur,
1202 1809 1476 1865 eumdem
1520 1810 1855 1868 Nestorium
1886 1827 2020 1867 cum

370 1899 650 1957 omnibus
682 1898 808 1954 suis
839 1897 1212 1970 seqdacibus,
1234 1915 1301 1954 ac
1325 1897 1585 1971 reliquas
1614 1899 1867 1956 haereses
1892 1917 2027 1956 ana-

370 1988 822 2044 thematizantes
855 2003 869 2043 :
901 1986 1263 2043 venerandae
1299 1994 1534 2059 quoque
1566 1989 1845 2061 synodos,
1873 2002 2023 2060 quas

372 2075 721 2133 universalis
775 2074 1033 2131 Ecclesia
1090 2074 1314 2147 recipit,
1360 2076 1613 2147 recipere
1659 2081 1719 2133 et
1762 2076 2024 2133 venerari

362 2166 739 2238 promittant,
769 2168 826 2220 et
846 2164 1069 2236 absque
1095 2163 1214 2219 ulla
1234 2163 1597 2221 dubitatione
1619 2166 1906 2222 sanctitas
1924 2183 2024 2221 eos

371 2259 585 2319 vestra,
611 2253 857 2310 servatis
905 2253 956 2309 ei
1003 2252 1256 2326 propriis
1296 2253 1622 2310 ordinibus.
1646 2255 1704 2309 in
1734 2272 1841 2311 suo
1871 2260 2023 2311 coetu

373 2342 669 2415 recipiat.»
693 2344 766 2398 Et
812 2342 872 2398 in
920 2342 1244 2398 canonibus
1275 2360 1309 2398 a
1338 2342 1506 2399 beato
1554 2343 1803 2400 Ma'rtin‘o
1848 2343 2022 2399 colle-

372 2431 505 2499 ctis,
539 2431 729 2505 capite
777 2430 1079 2502 trigesimo
1130 2436 1290 2487 sexto
1320 2433 1394 2487 De
1427 2431 1724 2503 purganda
1767 2434 2025 2505 Opinione

371 2521 600 2579 heresis
631 2539 685 2575 :«
714 2519 775 2576 Si
805 2518 940 2592 quis
968 2518 1299 2592 episcopus,
1334 2519 1452 2575 sive
1483 2519 1735 2593 alicujus
1765 2522 2023 2595 episcOpi

364 2596 695 2682 presbyter,
709 2612 810 2665 aut
830 2607 1132 2675 diaconus,
1147 2608 1208 2664 in
1224 2607 1477 2678 alicujuS
1494 2608 1734 2667 haeresis
1750 2610 2024 2683 opinione

371 2698 699 2764 offenderit,
723 2701 782 2753 et
800 2697 875 2754 ob
898 2696 1048 2754 hanc
1069 2714 1308 2755 causam
1344 2697 1520 2754 fuerit
1546 2700 2022 2756 excommunica-

371 2790 490 2854 tus,
524 2786 725 2845 nullus
752 2784 1062 2858 episOOpus
1093 2803 1229 2843 eum
1275 2787 1333 2842 in
1364 2788 1840 2845 communionem
1873 2789 2021 2845 reci-

364 2874 513 2946 rpiat,
535 2873 649 2930 nisi
684 2874 849 2947 prius
887 2873 945 2929 in
979 2873 1277 2930 communi
1309 2874 1576 2943 concilio,
1602 2881 1863 2949 porrecto
1884 2877 2021 2934 fidei

364 2979 488 3023 suae
508 2963 723 3032 libello,
748 2962 1067 3021 satisfaciat
1083 2963 1443 3031 omnibus,et
1462 2963 1543 3021 ita
1560 2964 1804 3022 liberam
1827 2970 2024 3023 teneat

368 3070 538 3111 suam
571 3052 1000 3127 purgationem.
1025 3053 1144 3109 Hoc
1172 3051 1330 3110 idem
1361 3058 1419 3110 et
1450 3054 1523 3110 de
1552 3053 1825 3111 ﬁdelibus
1855 3055 2022 3112 laicis

368 3142 447 3199 sit
465 3143 786 3203 decretum.
812 3143 861 3199 si
883 3142 941 3198 in
964 3142 1226 3213 aliquam
1248 3142 1488 3199 hzeresis
1508 3143 1879 3216 opionionem
1903 3145 2020 3201 fue-

2130 569 2349 631 serant,
2402 569 2642 621 rursum
2698 563 2905 620 reverti
2961 564 3252 636 ambiunt,
3296 563 3464 636 prius
3517 570 3771 620 errorem

2128 669 2305 708 suum
2336 658 2395 709 et
2424 653 2584 725 ipsos
2625 652 2839 709 erroris
2884 657 3150 709 auctores
3196 652 3462 710 damnari
3493 670 3529 709 a
3555 670 3619 709 se
3648 652 3774 709 sine

2130 742 2514 813 ambiguitate
2545 742 2857 808 fateantur,
2889 746 2946 798 et
2991 740 3265 799 sensibus
3310 741 3504 814 pravis
3549 742 3775 798 dudum

2129 829 2639 903 peremptis,nulla
2656 830 2954 902 aspirandi
2975 830 3231 903 supersit
3245 830 3573 896 occasio,ne
3589 829 3775 887 ullum

2128 920 2460 975 membrum
2494 919 2702 975 talium
2735 923 2931 991 posset
2958 918 3235 976 societate
3260 917 3486 987 violari,
3507 928 3642 976 dum
3676 936 3779 992 per

2120 1007 2328 1065 omnia
2356 1008 2475 1064 illis
2506 1008 2790 1083 professio
2815 1007 3050 1080 propria
3078 1008 3320 1080 ceperit
3338 1008 3591 1065 obviare.
3612 1007 3779 1065 Circa

2120 1110 2280 1168 “quos
2300 1096 2459 1153 illam
2484 1106 2775 1153 eanonum
2792 1096 3270 1153 constitutionem
3292 1096 3664 1170 pracipimus
3682 1106 3779 1154 cu-

2130 1185 2356 1252 stodiri,
2382 1192 2449 1242 ut
2478 1187 2538 1241 in
2565 1194 2778 1259 magno
2809 1185 3062 1243 habeant
3086 1185 3483 1257 beneﬁcio,si,
3504 1187 3781 1259 adempta

2129 1274 2242 1334 sibi
2274 1274 2434 1331 omni
2464 1284 2566 1347 ‘spe
2607 1274 3014 1347 promotioais,
3050 1274 3109 1330 in
3136 1282 3254 1346 quo
3281 1274 3659 1333 inveniuntur
3682 1284 3779 1333 or-

2130 1362 2265 1419 dine
2298 1370 2580 1437 pe‘rpetua
2597 1363 2916 1420 stabilitate
2948 1369 3347 1436 permaneant,
3369 1363 3421 1423 si
3450 1369 3648 1422 tamen
3678 1364 3783 1422 ito-

2131 1457 2270 1509 rataa
2301 1452 2340 1509 ti
2350 1453 2604 1509 notiOnis
2624 1451 2933 1525 sacrilegio
2952 1458 3068 1509 non
3092 1452 3627 1510 fuerint‘niaculati.
3651 1454 3779 1511 Non

2130 1539 2314 1598 levem
2346 1540 2501 1599 enim
2533 1542 2685 1614 apud
2711 1541 3028 1598 Demlnum
3050 1554 3260 1599 noxam
3284 1541 3554 1613 incurrit,
3574 1542 3681 1615 qui
3702 1543 3783 1600 de

2128 1629 2348 1686 talibus
2381 1630 2453 1686 ad
2505 1639 2703 1686 sacros
2731 1628 2967 1687 ordines
3010 1631 3473 1702 promovendum
3520 1630 3782 1703 aliquem

2121 1718 2425 1790 judicarit.‘
2449 1719 2613 1786 Quod
2639 1718 2688 1775 si
2719 1734 2853 1775 cum
2886 1718 3093 1791 grandi
3123 1718 3551 1776 examinatibne
3574 1736 3783 1777 conoe-

2053 1842 2102 1910 B
2131 1807 2660 1910 diturine'ulpati‘s,
2683 1806 2875 1910 multo
2905 1807 3096 1881 magis
3117 1823 3232 1907 non
3252 1806 3669 1910 ‘debeatlicerc
3688 1822 3788 1866 su-

2130 1896 2370 1967 spectis.
2405 1895 2653 1952 Proinde
2681 1895 2916 1952 dilectio
2946 1899 3069 1952 tua.
3098 1896 3272 1967 cujus
3302 1896 3609 1953 devotione
3634 1910 3783 1969 gaul-

2132 1986 2366 2051 demus,
2378 1986 2594 2057 jungat
2613 2001 2815 2040 curam
2837 2001 3008 2040 suam
3027 1983 3515 2057 dispositionibus
3540 1986 3783 2053 nostris;

2131 2078 2189 2130 et
2209 2075 2307 2129 det
2327 2091 2562 2146 operam
2584 2078 2650 2130 ut
2671 2072 3095 2145 circumspecte
3113 2089 3181 2130 ac
3201 2072 3472 2131 velociter
3494 2066 3783 2148 implear

2130 2165 2229 2217 tur
2255 2180 2383 2235 quis
2405 2163 2476 2219 ad
2500 2163 2682 2219 totius
2703 2162 2971 2220 Ecclesia
2988 2160 3463 2219 incolumitatem
3491 2168 3551 2220 et
3576 2163 3784 2221 lauds-

2130 2250 2328 2306 biliter
2368 2255 2647 2324 suggesta
2676 2255 2834 2317 sunt,
2868 2255 2927 2308 et
2976 2249 3293 2308 salubriter
3333 2252 3623 2309 ordinata.
3654 2253 3785 2309 Non

2131 2344 2328 2396 autem
2360 2339 2586 2396 dubitet
2607 2339 2837 2396 dilectio
2860 2344 2964 2396 tua
2991 2356 3121 2411 nos,
3144 2338 3373 2412 siquod
3397 2358 3518 2399 non
3540 2340 3785 2398 arbitra.

2128 2446 2268 2485 mur
2296 2429 2559 2501 neglecta
2589 2428 2805 2485 fuerint
2825 2444 2955 2501 quas
2975 2446 3079 2501 pro
3109 2428 3381 2487 custodia
3400 2446 3703 2487 canonum
3726 2434 3786 2488 et

2131 2533 2235 2589 pro
2268 2517 2400 2574 fidei
2430 2517 2763 2589 integritate
2787 2518 3181 2584 decernimus,
3204 2517 3786 2577 vehementiust

2130 2606 2614 2679 movendos,quia
2631 2606 2976 2664 inferiorum
2996 2605 3270 2663 ordinum
3292 2605 3475 2679 o‘ulpaa
3496 2606 3571 2664 ad
3588 2606 3785 2667 notios

2131 2694 2321 2767 magis
2352 2695 2662 2751 referendae
2694 2700 2853 2763 sunt,
2876 2711 3059 2767 quam
3098 2695 3172 2752 ad
3212 2695 3445 2752 desides
3483 2694 3783 2769 negligen-

2130 2786 2336 2855 tesque
2357 2789 2631 2851 rectores,
2650 2783 2750 2856 qui
2774 2782 3021 2840 multam
3044 2799 3196 2857 saape
3218 2783 3490 2839 nutriunt
3510 2784 3785 2856 pesti'leno

2129 2872 2294 2940 tiam,
2318 2872 2461 2928 dum
2492 2872 2883 2928 necessariam
2904 2871 3285 2929 dissimulant
3306 2872 3583 2930 adhibere
3602 2872 3787 2929 medio

2128 2961 2384 3017 cinam.»
2399 2962 2541 3018 Item
2567 2962 2624 3016 in
2649 2960 2897 3032 epistola
2917 2961 2991 3017 ad
3023 2960 3388 3017 Marcianum
3412 2962 3484 3019 de
3507 2960 3786 3035 episcopo

2129 3049 2774 3123 Constantinopolitano
2804 3051 2984 3122 (epist.
3018 3067 3058 3117 ι,
3094 3050 3179 3122 11)
3206 3065 3274 3105 ιι(
3310 3051 3651 3107 Fraternam
3699 3049 3786 3107 illi

2128 3138 2474 3195 charitatem
2498 3155 2620 3195 non
2651 3138 2820 3195 aliter
2851 3138 3173 3211 poterimus
3217 3137 3575 3211 impendere,
3598 3155 3784 3210 quam

367 3230 487 3287 rint
506 3230 852 3291 nominati.»
864 3210 1196 3288 Ostendunt
1210 3230 1388 3287 etiam
1409 3210 1567 3287 hunc
1586 3237 1847 3289 tenorem
1869 3250 2019 3297 rece-
2047 3210 2091 3278 α
2130 3232 2197 3291 ut
2222 3244 2285 3284 se
2302 3226 2587 3285 inimicos
2633 3210 2929 3286 catholica:
2960 3228 3095 3285 ﬁdei
3141 3210 3424 3300 approbet
3466 3227 3783 3296 θιεεονυῖι

365 3316 813 3389 ptionis‘formae
859 3316 1216 3387 libellorum,
1248 3317 1472 3374 scilicet
1517 3317 1693 3375 unius
1723 3336 1900 3391 quem
1930 3320 2019 3375 di-

364 3405 515 3472 rexit
563 3406 719 3476 Papa
767 3405 1055 3461 Damasus
1101 3406 1173 3461 ad
1225 3405 1535 3462 Paulinum
1588 3407 2017 3466 Antiochenum

366 3495 546 3564 (epist.
571 3493 645 3563 4),
668 3493 758 3550 cui
784 3494 939 3550 848
959 3492 1394 3549 subscribentes
1420 3493 1819 3566 reciperentur
1837 3496 2018 3553 Mace-

362 3582 624 3649 doniani,
656 3588 717 3639 et
766 3579 1139 3651 Eunomiani,
1176 3586 1234 3639 et
1273 3581 1721 3657 Apollinaristzn.
1762 3584 2017 3644 Alterius

363 3687 538 3744 quem
568 3670 779 3729 direxit
814 3670 932 3727 Deo
958 3669 1140 3742 (epist.
1165 3671 1252 3741 49)
1276 3671 1348 3727 ad
1380 3672 1672 3744 synodum
1700 3673 2016 3732 Chalcedo-

363 3775 607 3837 nensem
633 3758 728 3815 cui
762 3757 1201 3815 subscribentes
1244 3762 1643 3832 reciperentur
1687 3762 2017 3820 Nestoriani

361 3853 419 3913 et
439 3846 806 3920 Eutychiani.
830 3846 1035 3911 Tertii.
1057 3846 1150 3903 cui
1172 3852 1433 3920 tempore
1452 3848 2019 3921 Coelestinilsubscri-

362 3935 570 3992 bentes
590 3935 986 4017 reciperentur
1009 3935 1528 4005 Praadesti'natiani,
1555 3940 1843 4012 cujusque
1861 3945 2019 3999 teno-

361 4039 507 4090 rem,
541 4023 696 4083 sicut
736 4023 991 4079 Lucidus
1029 4024 1329 4097 presbyter
1356 4040 1492 4082 eum
1524 4028 1780 4098 porrexit
1815 4028 1872 4084 in
1916 4048 2016 4103 sy-

361 4111 515 4175 nodo
546 4111 863 4179 Gallicana,
894 4129 1076 4184 supra
1100 4111 1431 4184 posuimus.
1457 4114 1679 4181 Quarti,
1703 4132 1879 4187 quem
1899 4119 1966 4175 ed
1978 4118 2017 4172 i-

360 4200 447 4255 dit
476 4205 718 4257 sanctus
745 4200 1060 4273 Gregorius
1080 4201 1201 4267 (tib.
1228 4220 1285 4269 x,
1308 4203 1465 4274 epist.
1497 4203 1609 4275 30),
1635 4204 1732 4260 eui
1759 4206 2021 4265 subscri-

359 4288 566 4347 bentes
594 4289 994 4361 reciperentur
1023 4290 1407 4347 schismatici.

430 4378 732 4444 Vlll.Qua
785 4378 1119 4437 conditione
1176 4379 1605 4450 resipiscentes,
1652 4385 1709 4437 et
1765 4381 2013 4440 libellari

362 4466 760 4523 satisfactione
791 4484 853 4523 se
892 4466 1160 4525 Ecclesiae
1208 4467 1420 4524 unitati
1470 4469 1800 4537 reddentes,
1834 4473 2012 4543 recipi

358 4554 629 4645 debeant,
652 4553 790 4610 item
824 4556 1031 4613 beatus
1064 4557 1175 4645 Leo
1208 4555 1267 4610 in
1298 4555 1545 4628 epistola
1565 4558 1637 4614 ad
1664 4558 2012 4617 Januarium
2042 4577 2089 4645 θ

357 4642 700 4713 episcOpum
742 4644 921 4715 (epist.
963 4645 998 4699 3
1035 4644 1104 4699 ad
1141 4647 1307 4715 episc.
1340 4645 1696 4717 Aquileia“),
1729 4647 1803 4705 de
1831 4648 2010 4705 haere-

358 4729 493 4788 ticis
519 4736 576 4787 et
606 4730 1001 4789 schismaticis
1028 4731 1110 4789 ita
1139 4732 1399 4789 decernit
1428 4734 1631 4791 dicens
1656 4751 1704 4789 :«
1739 4735 2012 4797 Dilectio-

358 4835 517 4885 nem,
549 4818 766 4891 inquit,
797 4824 962 4876 tuam
1002 4819 1280 4877 duximus
1321 4824 1829 4891 commonendum,
1863 4824 2012 4882 insi-

358 4911 611 4965 nuantes
632 4908 702 4964 ad
726 4906 933 4964 anima:
959 4908 1282 4980 periculum
1303 4910 1667 4982 pertinere,si
1692 4912 2008 4984 quisquam

359 4995 429 5055 de
450 4995 542 5051 his
563 4995 721 5067 quia
742 4996 909 5052 nobis
940 4997 999 5051 in
1031 4996 1436 5054 hznreticorum
1468 5002 1641 5071 atque
1667 4999 2006 5058 schismati-

355 5101 560 5141 corum
582 5089 799 5140 sectam
822 5084 1100 5157 delapsus
1121 5090 1303 5152 est,et
1323 5103 1384 5141 se
1406 5090 1702 5159 utcunque
1724 5087 2008 5146 haareticaa

355 5172 790 5228 communionis
822 5174 1164 5245 contagione
1200 5174 1532 5242 macularit,
1568 5175 1917 5247 resipiscens
1947 5178 2007 5235 in

354 5260 772 5317 communione
815 5262 1105 5319 catholica
1151 5263 1279 5318 sine
1325 5262 1685 5334 professione
1731 5265 2007 5337 legitima:

355 5349 775 5406 satisfactionis
805 5350 1108 5406 habeatur.
1142 5350 1607 5407 Saluberrimum
1637 5353 1795 5410 enim
1825 5361 1936 5422 est,
1950 5361 2009 5412 et

353 5437 639 5508 spiritalis
682 5438 986 5495 medicinae
1036 5437 1287 5494 utilitate
1334 5438 1857 5511 pleuissimum,ut
1884 5443 2006 5500 sive

355 5526 694 5597 presbyteri,
719 5526 841 5582 sive
871 5526 1122 5595 diaconi,
1152 5525 1272 5583 sive
1301 5527 1768 5597 subdiaconi,vel
1799 5531 2005 5602 cujus-

352 5609 496 5668 libet
526 5613 751 5673 ordinis
777 5614 990 5687 clerici,
1018 5614 1118 5687 qui
1150 5631 1215 5672 se
1250 5618 1540 5673 correctos
1567 5616 1748 5674 videri
1778 5618 2002 5687 volunt,

2114 3317 2375 3397 ejusque
2403 3334 2438 3373 a
2466 3334 2531 3373 se
2569 3317 2931 3374 consortium
2957 3333 3136 3390 quem
3177 3316 3384 3373 merito
3421 3316 3641 3388 abjecit
3676 3319 3785 3374 ab-

2128 3404 2317 3461 scidat
2343 3421 2357 3459 :
2381 3405 2481 3477 qui
2503 3406 2736 3461 etiamsi
2760 3422 2975 3479 magna
2999 3406 3211 3462 fuisset
3227 3403 3626 3463 satisfactione
3648 3423 3787 3479 pur~

2127 3500 2321 3565 gatus,
2346 3496 2501 3550 344
2531 3500 2663 3566 post
2692 3494 2940 3551 dubium
2970 3500 3167 3550 tamen
3195 3509 3451 3550 errorem
3481 3510 3782 3564 reversus,

2127 3581 2430 3649 catholicis
2453 3582 2717 3639 diacouis
2744 3583 3018 3656 postponi
3047 3583 3271 3651 debuit,
3294 3599 3413 3639 non
3439 3583 3727 3654 praeponi.
3752 3606 3779 3635 ιι

2125 3672 2196 3728 Et
2224 3670 2284 3728 in
2315 3671 2562 3744 epistola
2591 3673 2662 3729 ad
2695 3671 3060 3729 Pulcheriam
3079 3673 3403 3745 Augustam
3430 3672 3610 3744 (epist.
3643 3673 3783 3746 53):

2126 3783 2154 3811 ι(
2189 3760 2248 3815 Si
2280 3776 2416 3835 ergo
2444 3760 2757 3818 clementia
2783 3767 2975 3818 vestra
3014 3759 3377 3833 propositum
3409 3774 3608 3817 meum
3637 3778 3785 3818 eon—

2125 3847 2382 3905 siderare
2410 3848 2707 3922 dignetur,
2731 3848 3000 3922 probabit
3045 3862 3141 3905 me
3168 3864 3241 3904 eo
3272 3846 3516 3905 consilio
3558 3852 3786 3907 cuncta

2124 3937 2399 4010 gessisse,
2414 3942 2489 3993 ‘ut
2518 3937 2644 3994 sine
2665 3940 3019 4010 cujusquam
3037 3937 3249 3994 animai
3266 3936 3643 4004 detrimento,
3668 3937 3788 3993 ba-

2125 4042 2321 4082 reseos
2345 4031 2575 4082 tantum
2597 4027 2961 4083 obtineretur
2975 4025 3464 4093 exstinctie,etob
3486 4024 3599 4081 hoc
3618 4025 3787 4083 circa

2123 4119 2392 4171 auctores
2422 4115 2876 4171 saevissimorum
2901 4115 3205 4170 turbinum
3225 4114 3507 4186 quiddam
3530 4130 3786 4171 consue-

2122 4203 2347 4261 tudinis
2375 4204 2684 4270 miuuisse,
2708 4210 2773 4260 ut
2794 4204 2867 4261 ad
2897 4203 3327 4276 indulgentiam
3355 4201 3785 4275 postulanda!!!

2122 4293 2571 4364 compunctione
2592 4293 2793 4365 aliqua
2811 4291 2997 4365 possit
3012 4308 3218 4348 eorum
3238 4290 3487 4348 tarditas
3505 4290 3783 4349 excitari.

2123 4380 2229 4446 Qui
2248 4380 2353 4437 etsi
2374 4386 2506 4453 post
2523 4380 2666 4437 illud
2681 4380 3171 4452 judiciumsuum
3189 4383 3309 4437 tam
3325 4378 3580 4452 impium
3591 4396 3782 4453 quam

2123 4468 2432 4539 injustam,
2459 4487 2572 4525 non
2604 4475 2744 4526 sunt
2771 4469 3071 4527 catholicae
3101 4468 3450 4525 fraternitati
3479 4468 3567 4524 ita
3593 4468 3785 4527 hono-

2121 4556 2335 4614 rabiles
2360 4563 2422 4613 ut
2442 4558 2843 4623 foerunt,suas
2861 4563 3059 4616 tamen
3075 4556 3268 4615 adhuc
3287 4557 3458 4614 sedes
3476 4557 3780 4625 obtinent,

2120 4649 2177 4701 et
2202 4647 2576 4719 episcOpatus
2605 4647 2697 4705 sui
2727 4648 2946 4704 honore
2975 4647 3302 4720 potiuntur,
3318 4650 3427 4702 aut
3450 4662 3555 4718 per
3572 4660 3787 4704 verum

2120 4738 2179 4790 et
2196 4735 2587 4792 necessariam
2616 4736 3078 4793 satisfactionem
3110 4751 3316 4808 pacem
3346 4735 3543 4808 potius
3573 4735 3783 4793 Eccle-

2119 4822 2219 4879 siae
2249 4824 2560 4897 recepturi,
2584 4829 2685 4879 aut
2713 4824 2763 4881 si
2793 4824 3083 4893 haeresim,
3106 4823 3264 4896 quod
3306 4823 3481 4892 absit,
3504 4826 3781 4892 tuentur,

2120 4912 2498 4983 professionis
2536 4930 2656 4969 suae
2697 4912 2817 4968 sint
2853 4913 3060 4971 merito
3090 4911 3421 4983 judicandi.
3445 4933 3474 4962 ι»
3498 4911 3602 4968 His
3632 4928 3781 4969 sen-

2116 5001 2315 5057 tentiis
2338 5002 2781 5069 attendendum,
2803 5002 2944 5075 quia
2963 5002 3033 5058 ab
3066 5000 3272 5058 haeresi
3303 5004 3683 5067 revertentes,
3717 5006 3791 5059 et

2117 5106 2219 5161 per
2247 5088 2567 5147 libellai-em
2618 5090 3079 5148 satisfactionem
3106 5106 3247 5147 cum
3292 5088 3587 5145 catholica
3630 5106 3783 5162 pro-

2117 5177 2369 5234 fossione
2399 5178 2650 5234 debeant
2698 5177 2897 5251 recipi,
2927 5183 2989 5235 et
3036 5178 3111 5236 ab
3150 5177 3354 5237 ordine
3383 5194 3502 5249 quo
3540 5176 3780 5236 inventi

2116 5265 2335 5322 fuerint
2365 5283 2480 5322 non
2511 5268 2759 5337 debeant
2787 5267 3134 5340 promoveri,
3157 5268 3258 5325 sed
3279 5271 3337 5322 et
3358 5266 3557 5323 minus
3588 5266 3789 5325 hono-

2115 5354 2330 5411 rabiles
2355 5372 2532 5427 quam
2562 5355 2621 5411 in
2652 5356 2937 5413 catholica
2966 5356 3346 5428 persistentes
3370 5355 3787 5415 ostenduntur

2114 5442 2338 5498 haberi.

2186 5530 2272 5586 IX.
2308 5532 2451 5587 Item
2495 5531 2567 5587 de
2608 5531 2702 5588 bis
2749 5532 2851 5606 qui
2897 5534 3033 5591 ﬁdei
3081 5531 3379 5591 catholica
3426 5530 3518 5589 vel
3564 5531 3782 5591 libello

2113 5623 2375 5690 porrecto
2415 5618 2476 5675 in
2523 5622 2744 5693 synodo
2804 5623 3302 5696 subscripserunt,
3344 5626 3403 5678 et
3450 5624 3783 5694 posteaad
