3930 6178
220 331 335 403 109

935 343 1036 404 DE
1082 342 1838 406 PB/EDESTINATIONE
1881 341 2396 404 DISSERTATIO
2442 341 2904 404 POSTERIOR.

3501 331 3626 400 410
3647 404 3652 411 ,

219 491 431 549 pravos
462 474 717 532 devoluti
750 477 888 531 sunt
917 493 1147 545 sensus,
1179 475 1268 533 vel
1299 475 1750 533 diffinitionibus
1771 493 1872 533 seu
1903 478 1958 545 Α
1987 478 2200 536 ειοὶἱοω
2219 480 2374 536 sedis
2397 497 2698 552 nunquam
2713 479 2924 552 poterit
2939 479 3198 538 obtinere
3215 497 3623 540 consensum.»

218 565 609 638 dogmatibus
639 565 936 622 catholica:
985 570 1043 622 et
1088 565 1417 638 apostolica:
1469 565 1735 622 Ecclesia:
1777 567 1876 621 do-

224 654 425 709 ctrinae
457 654 771 711 contrariis
809 655 1307 727 subscripserunt,
1355 655 1412 710 in
1463 655 1878 727 Cathaginensi

221 743 634 817 concilio,cap.
667 745 736 800 13
767 744 1052 816 scriptum
1081 751 1170 800 est
1199 749 1387 812 (Cone.
1425 747 1761 817 ('arlhugin.
1814 764 1876 816 ιι,

216 846 378 889 tunc.
417 833 508 900 13)
547 850 560 888 :
596 858 616 881 ι
651 831 712 888 Si
743 831 873 905 quis
903 837 1102 889 contra
1141 851 1309 889 suam
1343 835 1760 906 professionem
1792 836 1877 891 vel

216 920 722 993 subscriptionem
753 921 973 977 venerit
1019 921 1077 977 in
1130 922 1348 996 aliquo,
1405 924 1528 996 ipse
1559 942 1621 980 se
1661 925 1880 982 honore

219 1011 506 1084 privabit.
544 1034 573 1060 ››

293 1101 361 1155 Χ.
395 1101 468 1155 Et
499 1100 640 1172 quia
679 1101 834 1156 sicut
873 1102 1120 1158 decretis
1169 1103 1322 1159 beati
1372 1103 1668 1160 lecstini
1713 1122 1871 1161 mon-

220 1193 475 1255 stratu‘r,
511 1189 635 1244 haec
687 1190 1204 1248 Praedestinatiana
1251 1193 1490 1250 haeresis
1539 1190 1699 1251 illius
1745 1213 1881 1250 auc-

219 1279 464 1334 toritate
493 1277 724 1337 devicta
751 1284 842 1336 est
871 1284 1044 1354 atque
1074 1298 1430 1354 compressa,
1477 1283 1526 1340 si
1559 1285 1691 1356 quis
1723 1284 1880 1339 diffi-

230 1368 561 1424 uitionibus
592 1367 756 1425 illius
785 1370 983 1425 sensui
1011 1371 1502 1428 concordantibus
1533 1373 1885 1446 subscripsit

221 1458 287 1512 ~in
317 1457 570 1530 synodo,
615 1461 673 1514 et
719 1464 921 1530 postea
970 1458 1081 1515 fuit
1124 1461 1448 1518 translatus
1477 1463 1548 1518 ad
1579 1463 1765 1528 devia,
1793 1463 1880 1519 vel

220 1549 406 1604 etiam
460 1548 510 1603 si
561 1547 689 1604 sine
737 1549 1169 1622 subscriptione
1228 1558 1441 1607 sancta)
1497 1551 1795 1608 catholicae
1828 1557 1884 1608 et

229 1634 567 1710 apostolica:
599 1637 868 1694 Ecclesia:
918 1641 1212 1697 contraria
1259 1643 1524 1710 senserit,
1558 1642 1712 1716 legat
1742 1642 1882 1714 quid

221 1726 437 1782 beatus
471 1728 586 1784 Leo
626 1727 686 1783 in
717 1727 988 1784 decretali
1040 1730 1286 1802 epistola
1316 1732 1503 1803 (epist.
1540 1732 1589 1803 1)
1632 1733 1703 1787 ad
1753 1731 1882 1787 uni-

2056 569 2302 636 XlQuia
2332 570 2508 625 etiam
2542 570 2622 637 hi,
2646 570 2747 643 qui
2779 575 2910 642 post
2939 571 3430 644 subscriptionem
3459 575 3626 628 metas

1987 660 2120 715 fidei
2154 659 2344 732 pravis
2366 660 3221 732 subscripserunterroribus,si
3256 659 3626 733 resipuerint,

1987 755 2045 805 et
2076 755 2338 822 porrecto
2371 747 2565 805 libello
2590 749 2969 822 professionis
2988 754 3153 804 recta
3175 748 3471 817 fidei,cum
3493 743 3630 806 sub-

1988 838 2300 911 scriptione
2335 839 2577 910 propria:
2619 856 2852 905 manus,
2885 839 2954 894 ad
2989 837 3332 894 catholicam
3375 843 3432 894 et
3459 855 3628 910 apos-

1987 928 2219 984 tolicam
2235 934 2496 984 sanctam
2517 933 2764 984 matrem
2783 927 3100 984 Ecclesium
3117 928 3318 983 devote
3333 925 3628 994 redierint,

1989 1018 2172 1089 pietas
2195 1018 2586 1074 ecclesiastica
2607 1018 2908 1090 impendat
2926 1018 3632 1089 misericordiam,eosque

1989 1107 2047 1162 in
2079 1108 2359 1180 gradibus
2377 1108 2502 1164 suis
2526 1109 3200 1180 suscipiat,demonstrat
3221 1111 3462 1163 sanctus
3484 1104 3635 1162 Hila-

1990 1195 2112 1251 rius
2145 1196 2202 1250 in
2237 1195 2384 1252 libro
2416 1197 2485 1252 de
2516 1197 2765 1269 Synodis
2796 1197 2876 1252 ita
2906 1197 3105 1253 dicens
3139 1214 3152 1253 ε
3193 1221 3222 1247 ‹‹
3255 1195 3409 1252 Nihil
3436 1199 3633 1251 autem

1990 1285 2206 1341 mirum
2237 1285 2412 1342 videri
2445 1287 2610 1342 vobis
2641 1286 2828 1354 debet,
2862 1286 3069 1343 fratres
3099 1286 3454 1354 cbarissimi,
3479 1286 3634 1358 quod

1990 1380 2111 1429 tam
2144 1376 2474 1447 frequenter
2495 1375 2699 1448 exponi
2730 1377 2875 1432 ﬁdes
2905 1381 3102 1448 emptae
3133 1381 3301 1432 sunt:
3327 1374 3636 1432 necessita-

1992 1467 2107 1518 tem
2160 1464 2309 1520 hanc
2361 1466 2521 1520 furor
2565 1465 2876 1521 haereticus
2924 1464 3176 1536 exponit.
3209 1465 3356 1520 Nam
3401 1468 3633 1520 tantum

1989 1552 2379 1608 Ecclesiarnm
2412 1554 2783 1610 orientalium
2823 1554 3147 1627 periculum
3200 1559 3308 1620 est,
3341 1558 3405 1609 ut
3436 1565 3634 1609 rarum

1992 1642 2068 1697 sit
2097 1642 2278 1714 hujus
2309 1643 2597 1714 fidei,quze
2617 1644 2807 1716 qualis
2829 1644 2906 1700 sit
2924 1642 3426 1715 vosjudicate,aut
3451 1650 3636 1697 sacer.

1993 1731 2156 1786 dotes
2187 1737 2288 1787 aut
2319 1733 2597 1806 populum
2618 1733 3040 1789 inveniri.Male
3061 1733 3216 1788 enim
3232 1732 3634 1804 perquosdam

223 1831 427 1873 versos
457 1816 767 1890 episcopos
816 1836 919 1891 per
965 1819 1366 1892 Campaniam,
1422 1821 1720 1886 Picenum,
1761 1823 1882 1877 Tu-
1913 1855 1960 1919 ,Β
1994 1818 2608 1891 impietatiauctoritas
2629 1824 2765 1878 data
2779 1823 2955 1878 est.In
2976 1821 3631 1894 exsiliisepiscopOrum,

231 1907 437 1972 sciam,
474 1910 532 1963 et
562 1924 666 1980 per
693 1906 996 1964 universas
1025 1910 1354 1981 provincias
1403 1911 1752 1966 constitutos
1784 1911 1883 1966 de-

229 1995 478 2051 creverit
506 2011 637 2068 cap.
673 2011 686 2050 :
722 2019 750 2047 «
785 1998 902 2053 Hoc
951 1998 1170 2070 itaque,
1221 1999 1517 2072 inquiens,
1564 2000 1884 2056 admonitio

230 2091 433 2141 nostra
465 2086 968 2159 denuntiat,quod
1011 2087 1059 2144 si
1091 2088 1222 2160 quis
1253 2090 1500 2146 fratrum
1532 2094 1734 2146 contra
1765 2090 1884 2144 haec

229 2175 560 2230 constituta
613 2175 812 2232 venire
871 2178 1198 2245 tentaverit,
1260 2185 1316 2235 et
1370 2179 1664 2251 prohibita
1711 2179 1885 2234 fuerit

229 2276 416 2320 ausus
445 2263 778 2333 admittere,
812 2283 845 2322 a
890 2283 996 2322 suo
1041 2283 1102 2323 se
1151 2268 1374 2324 noverit
1420 2268 1610 2324 officio
1654 2269 1886 2323 submo-

220 2337 512 2422 ‘Vendum,
566 2369 673 2408 nec
718 2355 1150 2412 communionis
1199 2361 1408 2412 nostrae
1463 2357 1725 2412 futurum
1757 2372 1885 2411 esse

227 2448 590 2509 consortem,
625 2441 725 2514 qui
757 2442 950 2499 socius
999 2461 1126 2500 esse
1176 2446 1363 2500 noluit
1411 2445 1754 2516 disciplinis.
1804 2447 1885 2502 Ne

225 2532 375 2604 quid
429 2549 565 2587 vero
621 2533 699 2588 sit
745 2534 899 2605 quod
951 2535 1408 2605 praetermissum
1459 2552 1492 2590 a
1543 2536 1708 2592 nobis
1739 2536 1885 2591 forte

221 2622 740 2691 'credatur,omnia
768 2623 1081 2678 decretalia
1101 2625 1418 2680 constituta
1449 2630 1568 2680 tam
1603 2626 1782 2680 beatae
1806 2642 1887 2680 rc-

226 2707 597 2768 imrdationis
625 2711 968 2777 Innocentii,
1002 2729 1178 2784 quam
1211 2714 1474 2769 omnium
1511 2715 1884 2770 decessorum

223 2803 600 2868 nostrorum,
632 2818 760 2873 quae
793 2802 864 2856 de
894 2801 1303 2859 ecclesiasticis
1331 2803 1637 2860 ordinibus
1685 2808 1741 2858 et
1791 2821 1885 2859 ca-

231 2903 459 2945 nonum
491 2889 865 2962 promulgata
915 2897 1054 2947 sunt
1099 2891 1446 2964 disciplinis,
1481 2893 1562 2948 ita
1609 2911 1644 2948 a
1693 2897 1886 2948 vestra

232 2977 548 3034 dilectione
579 2980 863 3035 custodiri
896 2980 1106 3036 debere
1137 2982 1508 3048 mandamus,
1544 2987 1607 3037 ut
1655 2983 1703 3037 si
1751 2983 1884 3054 quis

229 3065 292 3123 in
337 3067 441 3123 illa
470 3067 854 3138 commiserit,
904 3068 1133 3125 veniam
1184 3071 1294 3127 sibi
1340 3070 1614 3144 deinceps
1663 3071 1885 3127 noverit

233 3155 530 3231 denegari.
547 3179 575 3206 »
601 3159 842 3224 Quando
874 3160 1029 3214 enim
1061 3160 1325 3215 omnium
1358 3161 1728 3216 decessorum
1758 3178 1886 3216 suo-

233 3261 358 3302 rem
389 3247 715 3303 constituta
745 3249 961 3320 posuit,
995 3247 1368 3305 leestinum
1418 3250 1511 3306 cui
1562 3251 1781 3316 Sixtus,
1828 3252 1886 3306 et

225 3335 463 3392 Sixtum
495 3335 591 3391 cui
624 3336 905 3393 successit
938 3339 1071 3404 Leo,
1096 3355 1465 3411 nequaquam
1494 3340 1736 3413 excepit.
1770 3341 1881 3396 Sed

225 3429 288 3481 'et
318 3425 562 3496 quando
592 3424 664 3480 de
691 3423 1101 3482 ecclesiasticis
1132 3427 1437 3484 ordinibus
1485 3434 1542 3485 et
1589 3446 1880 3484 canonum

233 3513 574 3585 disciplinis
595 3514 1027 3586 apposuit,fidei
1051 3516 1312 3586 regulam
1327 3535 1440 3572 non
1468 3518 1805 3575 omisit.Sed
1828 3523 1885 3574 et

231 3599 710 3659 Chalcedonense
741 3604 1052 3659 concilium
1084 3606 1273 3661 eidem
1305 3609 1515 3676 (cunJ)
1537 3607 1733 3664 favens
1753 3626 1884 3664 con-

225 3685 382 3749 345
415 3691 662 3763 scripsit
691 3691 890 3749 dicens
924 3693 1251 3767 :«Regulas
1276 3700 1612 3752 sanctorum
1645 3698 1882 3753 Patrum

231 3787 335 3851 per
362 3777 605 3853 singula
633 3796 788 3837 nunc
820 3794 1008 3854 usque
1056 3784 1303 3840 concilia
1351 3786 1702 3842 constitutas
1752 3805 1882 3860 pro-

229 3867 426 3941 prium
478 3869 665 3925 robur
711 3869 972 3926 obtinere
1019 3872 1403 3941 decrevimus,
1440 3897 1468 3924 ‹‹
1526 3876 1737 3932 Beatus
1794 3878 1882 3931 ni-

228 3953 558 4014 hilominus
591 3957 856 4014 Gelasius
889 3962 1079 4028 (epist.
1111 3963 1190 4032 6),
1231 3979 1357 4034 quae
1408 3965 1883 4035 Carthaginensis

233 4044 484 4102 decrevit
518 4047 778 4118 synodus
809 4063 943 4103 eum
975 4049 1105 4106 aliis
1135 4051 1515 4123 synodalibus
1537 4055 1886 4111 definitioni-

231 4134 340 4191 bus
351 4134 634 4192 roborare
651 4137 1105 4204 studuit,dicens
1117 4140 1284 4211 cap.9
1295 4142 1445 4213 quod
1462 4143 1781 4213 apostolica
1795 4163 1882 4202 se-

232 4226 626 4299 despaternos
639 4242 891 4283 canones
905 4228 998 4299 pio
1016 4229 1210 4284 studio
1223 4231 1545 4303 devotoque
1567 4235 1879 4290 custodiat.

230 4315 495 4387 Cumque
527 4313 722 4381 nobis,
755 4315 1045 4388 inquiens,
1080 4323 1281 4374 contra
1327 4319 1674 4376 salutarium
1726 4340 1881 4378 reve-

231 4399 479 4459 rentiam
514 4402 850 4476 regularum
875 4405 1183 4478 cupiamus
1213 4411 1429 4464 temere
1460 4409 1604 4465 nihil
1629 4411 1884 4476 licere,et

231 4508 362 4548 cum
393 4490 572 4549 sedes
605 4493 924 4565 apostolica
955 4511 1130 4567 super
1175 4496 1268 4552 his
1318 4498 1616 4564 omnibus,
1651 4499 1882 4555 favente

1919 3227 1957 3252 ΙΊ

1916 3263 1958 3293 υ

1993 1925 2242 1980 quorum
2276 1927 2514 1968 causam
2535 1929 2646 1966 non
2664 1911 3120 1983 ignoratis.vires
3150 1915 3332 1966 auctae
3351 1911 3490 1965 sunt
3509 1919 3637 1980 pro

1992 1997 2284 2054 fanorum.
2331 2001 2454 2055 Non
2508 2001 2812 2073 peregrina
2857 1999 3082 2072 loquor,
3137 2015 3324 2071 neque
3370 1997 3636 2072 ignorata

1994 2088 2204 2144 scribo.
2240 2091 2446 2144 Audivi
2481 2107 2547 2145 ac
2573 2089 2690 2146 vidi
2723 2089 2861 2145 vitia
2891 2089 3289 2162 prmsentium,
3313 2104 3428 2142 non
3458 2083 3636 2141 lai‘eo«

1993 2193 2146 2244 rum,
2181 2181 2283 2234 sed
2311 2181 2740 2252 episcoporum.
2783 2180 3047 2252 Namque
3096 2180 3316 2249 absque
3363 2174 3637 2247 episcopo

1994 2257 2244 2334 Eleusin,
2277 2272 2334 2322 et
2365 2269 2568 2340 paucis
2601 2284 2734 2323 cum
2763 2285 2851 2333 eo,
2879 2283 2949 2323 ex
2980 2265 3186 2337 majori
3216 2268 3381 2337 parte
3409 2261 3635 2318 Asianis

1995 2357 2193 2412 decem
2227 2357 2554 2429 provincia},
2597 2357 2752 2412 intra
2789 2371 2938 2428 quas
2980 2354 3257 2418 consisto,
3291 2363 3420 2407 vere
3451 2345 3635 2406 Deum

1995 2446 2468 2517 nesciunt,atque
2498 2445 2724 2500 utinam
2758 2445 2993 2518 penitus
3021 2441 3479 2499 nescirent.Cum
3513 2455 3638 2512 pro-

1994 2535 2225 2591 cliviore
2255 2534 2409 2590 enim
2440 2535 2606 2589 venia
2633 2535 2967 2607 ignorarent
3005 2550 3182 2605 quam
3221 2531 3634 2587 obtrect—arcnt.

1995 2625 2105 2680 Sed
2131 2625 2337 2680 horum
2353 2625 2759 2696 episcoporum
2773 2624 2938 2679 dolor
2954 2641 3015 2680 se
3034 2623 3186 2678 intra
3207 2621 3507 2678 silentium
3520 2633 3636 2674 non

1995 2716 2319 2782 continens,
2356 2714 2641 2769 unitatem
2669 2712 2801 2768 fidei
2834 2713 3013 2785 hujus
3043 2711 3270 2784 quaerit,
3303 2727 3481 2784 quam
3508 2711 3635 2782 jam

1995 2803 2222 2876 pridem
2255 2821 2356 2874 per
2386 2803 2530 2857 alios
2562 2802 2779 2858 amisit.
2804 2803 2949 2858 Nam
2983 2803 3039 2856 in
3074 2801 3171 2858 illa
3204 2801 3394 2874 prima
3414 2801 3637 2857 collatas

1993 2892 2375 2964 expositionis
2405 2893 2624 2964 synodo
2642 2893 2785 2947 fides
2803 2892 2954 2947 hanc
2975 2891 3180 2946 habuit
3203 2891 3633 2958 necessitatem,

1994 2995 2128 3037 cum
2162 2981 2315 3054 apud
2340 2980 2618 3038 Sirmium
2641 2998 2743 3053 per
2762 2981 3166 3036 immemorem
3189 2983 3485 3052 gestorum
3508 2989 3639 3034 suo-

1994 3089 2122 3128 rum
2153 3072 2513 3134 dictorumve
2543 3070 2772 3138 Osium,
2810 3086 2965 3125 novae
3013 3073 3071 3124 et
3120 3073 3317 3124 tamen
3359 3067 3484 3138 jam
3535 3066 3636 3123 diu

1997 3165 2328 3233 suppuratre
2354 3160 2672 3232 impietatis
2694 3158 2959 3215 doctrina
2977 3157 3455 3230 proruperat.Sed
3478 3157 3548 3212 de
3568 3173 3635 3212 eo

1996 3249 2077 3304 nil
2107 3250 2332 3322 loquor,
2387 3249 2485 3320 qui
2536 3249 2748 3304 idcirco
2797 3253 2886 3304 est
2937 3250 3282 3314 reservatus,
3317 3263 3388 3302 ne
3410 3245 3635 3318 judicio

1993 3336 2249 3394 humano
2281 3337 2650 3409 ignoraretur
2697 3336 2888 3410 qualis
2937 3341 3072 3392 ante
3119 3335 3375 3391 vixisset.
3411 3335 3637 3406 Ubique

1991 3431 2184 3482 autem
2220 3427 2513 3492 scandala,
2548 3426 2763 3498 ubique
2791 3425 3132 3490 schismata,
3156 3424 3374 3497 ubique
3395 3423 3638 3496 perfidia

1992 3517 2250 3571 est.llinc
2283 3515 2425 3570 illud
2459 3520 2636 3578 est,ut
2660 3517 2733 3570 ad
2758 3515 3177 3587 professionem
3201 3513 3636 3569 subscribendaa

1993 3606 2127 3660 fidei
2160 3607 2312 3661 340
2345 3606 2522 3678 aliqui
2557 3622 2782 3670 eorum,
2814 3605 2912 3676 qui
2947 3608 3118 3659 antea
3167 3601 3325 3658 aliud
3377 3603 3635 3658 subscri-

1994 3699 2252 3766 pserant,
2283 3699 2646 3764 cogerentur.
2683 3694 2797 3749 Nec
2849 3709 3061 3765 queror
3090 3693 3161 3748 de
3190 3689 3637 3763 patientissimis

1993 3783 2132 3838 viris
2179 3781 2560 3838 orientalibus
2619 3783 2929 3855 episcopis,
2981 3781 3195 3853 quibus
3242 3779 3460 3858 sufficit
3507 3782 3638 3850 post

1992 3871 2368 3944 blasphemiae
2425 3871 2782 3928 voluntatem
2836 3875 3035 3927 coacta
3075 3870 3280 3926 saltem
3329 3868 3633 3942 professio.

1992 3959 2415 4016 Gratulandum
2429 3962 2585 4016 enim
2604 3962 2902 4017 videturin
2921 3965 3081 4016 tanta
3098 3958 3635 4032 blasphemantium

1991 4050 2396 4122 episcoporum
2448 4052 2716 4106 haeretica
2763 4051 3083 4123 pertinacia
3131 4047 3400 4121 aliquem
3432 4065 3499 4103 ex
3541 4047 3636 4104 his

1993 4139 2211 4211 suscipi
2245 4139 2755 4211 pcenitentcm.Sed
2793 4140 2942 4193 inter
2971 4138 3113 4205 hinc,
3145 4155 3176 4193 o
3208 4139 3409 4192 beatos
3453 4155 3554 4192 vos
3576 4137 3634 4192 in

1993 4227 2238 4282 Domino
2268 4233 2325 4283 et
2353 4228 2760 4300 gloriosos,qui
2795 4226 3106 4300 perfectam
3139 4232 3311 4298 atque
3359 4224 3634 4296 apostoli-

1992 4333 2118 4371 cam
2153 4317 2324 4371 fidem
2357 4317 2722 4373 conscientia:
2752 4316 3109 4389 professione
3139 4315 3475 4378 retinentes,
3495 4329 3633 4368 con-

1993 4405 2240 4478 scriptas
2273 4407 2412 4461 fides
2445 4406 2748 4477 hucusque
2780 4403 3174 4459 ncscitis.Non
3209 4402 3364 4457 enim
3387 4400 3632 4472 eguistis

1991 4492 2310 4566 littera,qui
2344 4494 2554 4566 spiritu
2584 4492 3193 4563 abundabatis,neque
3221 4489 3482 4546 officium
3506 4505 3631 4545 ma-

231 4573 502 4647 Domino,
537 4596 665 4653 quae
698 4582 958 4653 paternis
988 4585 1313 4642 canonibus
1347 4592 1486 4643 sunt
1517 4591 1750 4660 prietixa
1789 4589 1882 4662 pio
1915 4595 1960 4660 ι)
1993 4599 2104 4638 nus
2133 4584 2204 4639 ad
2238 4584 2609 4639 scribendum
2643 4581 3042 4647 desiderastis,
3078 4580 3178 4652 qui
3211 4578 3368 4652 quod
3397 4580 3569 4636 corde
3600 4597 3635 4636 a

230 4667 553 4742 devotaque
614 4669 845 4726 siudeat
892 4677 1087 4729 tenere
1150 4675 1467 4747 proposito,
1528 4677 1671 4733 satis
1728 4678 1880 4732 imii-

230 4773 411 4830 gnum
464 4763 556 4814 est
604 4775 989 4833 quemquam,
1036 4761 1123 4818 vel
1173 4764 1537 4834 pontificum,
1585 4765 1669 4820 vel
1720 4767 1881 4822 ordi-

228 4843 374 4901 sum
407 4846 923 4919 subsequentium,
959 4849 1110 4905 hanc
1141 4851 1573 4908 observantiam
1605 4854 1878 4921 refutare,

231 4949 405 5006 quam
437 4934 596 4991 beati
617 4935 766 4990 Petri
790 4937 987 4992 sedem
1005 4943 1061 4993 et
1078 4939 1240 5011 sequi
1265 4939 1456 4995 videat
1475 4946 1530 4996 et
1555 4943 1880 5008 docere,sa-

230 5019 422 5094 tisque
449 5022 825 5091 conveniens,
852 5031 917 5080 ut
947 5030 1134 5082 totum
1166 5044 1378 5100 corpus
1400 5029 1668 5085 Ecclesia:
1690 5029 1746 5085 in
1773 5031 1879 5086 hac

232 5109 468 5166 sibimet
499 5111 905 5167 observatione
935 5116 1265 5182 concordet,
1300 5133 1478 5188 quam
1532 5117 1651 5172 illic
1689 5119 1880 5191 vigere

228 5200 681 5271 conspiciat,ubi
713 5201 998 5259 Dominus
1014 5201 1280 5259 Ecclesiae
1304 5205 1483 5261 totius
1507 5208 1701 5278 posuit
1724 5207 1881 5279 prin-

229 5286 510 5359 cipatum.
541 5310 571 5338 »
602 5287 674 5344 Et
706 5289 818 5346 Leo
847 5290 905 5345 in
940 5293 1185 5364 epistola
1216 5295 1294 5349 ad
1315 5294 1633 5350 Maximum
1678 5296 1875 5353 Antio-

225 5375 484 5432 chenum
530 5378 720 5449 (epist.
767 5381 860 5447 66)
912 5396 926 5436 :
978 5404 1003 5430 ‹‹
1062 5382 1345 5446 Quoniam
1397 5384 1682 5440 universae
1716 5386 1875 5456 pacis

225 5465 628 5538 tranquillitas
659 5484 774 5521 non
805 5467 972 5522 aliter
1020 5471 1231 5541 poterit
1285 5473 1586 5540 custodiri,
1623 5473 1732 5528 nisi
1767 5491 1875 5529 sua

224 5553 550 5609 canonibus
573 5556 1249 5614 mverentiaintemerata
1269 5561 1701 5616 servetur.l\'am
1715 5564 1869 5634 quod

226 5641 300 5697 ab
332 5639 567 5697 illorum
595 5642 819 5714 regulis
847 5650 904 5702 et
933 5647 1348 5705 constitutione
1391 5649 1705 5720 discordat,
1740 5667 1871 5722 apo-

1989 4671 2152 4726 vobis
2184 4672 2526 4726 credebatur
2553 4689 2649 4726 ore
2681 4673 2752 4727 ad
2786 4670 3036 4726 salutem
3061 4669 3635 4744 proﬁtebamini.Nee
3733 4741 3736 4744 Α

1991 4759 2384 4814 necessarium
2415 4759 2706 4815 habuistis
2736 4759 2990 4831 episcopi
3015 4758 3204 4831 legere
3220 4758 3376 4830 quod
3398 4773 3634 4831 regene-

1991 4847 2097 4901 rati
2124 4847 2395 4919 neophyti
2422 4848 2736 4916 tenebatis;
2771 4847 2871 4902 sed
2895 4845 3244 4903 necesssitas
3267 4844 3634 4902 consuetudi-

1991 4952 2123 4990 nem
2157 4936 2356 4992 intulit
2384 4938 2591 5009 exponi
2623 4938 2786 5004 ﬁdes,
2806 4943 2865 4992 et
2888 4935 3166 5010 expositis
3187 4935 3501 4991 subscribi.
3527 4933 3632 4990 [lbi

1989 5025 2144 5080 enim
2196 5043 2406 5091 sensus
2455 5025 2819 5082 conscientiae
2865 5025 3243 5098 periclitatur.
3275 5023 3394 5079 illic
3439 5023 3632 5078 littera

1990 5115 2348 5186 postulatur;
2385 5133 2489 5172 nec
2519 5111 3388 5186 sanesubscribiimpeditquod
3410 5111 3629 5166 saluta—

1989 5221 2048 5259 re
2071 5211 2159 5260 est
2180 5205 2499 5261 confiteri.»
2521 5206 2586 5259 Et
2617 5209 2853 5260 sanctus
2885 5203 3230 5259 Cwlestinus
3261 5215 3409 5272 papa
3430 5197 3501 5254 ad
3523 5199 3629 5271 Cy-

1989 5293 2194 5348 rillum
2218 5295 2558 5366 episcopum
2581 5294 2832 5350 Alexand
2844 5291 3344 5360 rinun‘i(cpi.st.10):
3365 5312 3392 5338 «
3430 5289 3630 5360 Itaque

1987 5382 2236 5438 breviter
2264 5400 2608 5455 responsum
2629 5389 2736 5437 tua:
2756 5381 3056 5438 reddimus
3079 5376 3628 5433 sanctitati.Etenim

1985 5471 2200 5543 quieris
2225 5477 2419 5527 utrum
2443 5479 2645 5528 sancta
2663 5472 2919 5545 synodus
2937 5469 3187 5540 recipere
3211 5465 3418 5521 debeat
3439 5465 3628 5522 homi-

1983 5577 2116 5617 nem
2140 5578 2173 5616 a
2193 5579 2253 5617 se
2274 5562 2585 5633 praedicata
2606 5562 3081 5625 damnantem,an
3103 5554 3240 5626 quia
3257 5553 3629 5613 induciarum

1982 5656 2220 5722 tempus
2251 5667 2559 5707 emensum
2593 5647 2997 5716 est,sententia
3026 5645 3253 5703 dudum
3286 5644 3406 5705 lata
3423 5647 3630 5724 perdu-
