3962 6178
200 333 300 399 413

903 335 1006 401 DE
1046 335 1806 401 PRJEDESTINATIONE
1849 331 2369 399 DISSEBTATIO
2411 334 2878 402 POSTEltIOR.

3471 334 3599 404 4M

201 486 377 528 veram
396 468 812 546 cognitionem,
832 469 978 526 nihil
1001 471 1190 545 magis
1207 471 1259 528 ei
1282 471 1554 544 congruit
1583 470 1683 544 qui
1715 487 1834 543 pce-
1866 469 1922 536 Α
1950 469 2140 543 (epist.
2175 470 2262 539 10)
2295 487 2308 526 :
2345 493 2373 520 «
2409 470 2626 526 Studeo
2669 470 2852 544 quieti
2884 470 3200 541 catholicis,
3236 473 3440 531 studeo
3463 491 3594 548 per-

202 560 491 618 nitentiam
521 559 912 634 gessit,quam
944 561 1186 616 castitas
1209 576 1586 632 perseverans
1608 564 1665 616 et
1681 575 1844 615 men-

205 652 264 708 tis
281 654 340 706 et
359 649 643 722 corporis.
671 672 694 698 ι
731 648 827 705 Sic
857 654 916 706 et
943 650 1014 705 de
1045 648 1139 705 his
1171 649 1436 722 utrisque
1467 649 1672 705 formis
1699 647 1838 704 item

205 737 563 798 Innocentius
593 738 666 794 ad
701 738 1048 794 Macedones
1079 738 1388 810 episcopos
1421 738 1626 793 scribit
1651 738 1838 810 (epist.

206 830 274 900 10)
299 845 315 884 :
343 827 689 884 «Pervideat
727 843 864 900 ergo
905 826 1136 883 dilectio
1169 831 1365 883 vestra
1389 825 1675 883 hactenus
1700 826 1844 882 talia

205 916 492 984 transisse,
507 921 567 973 et
595 916 878 972 advertite
909 915 1064 988 quod
1097 915 1303 988 utique
1333 919 1399 970 ut
1428 913 1622 970 dicitis
1642 930 1842 970 neces-

205 1006 337 1065 sltas
369 1005 696 1078 imperavit,
727 1005 788 1060 in
818 1021 959 1077 pace
981 1005 1108 1077 jam
1155 1003 1508 1060 constitutas
1556 1001 1844 1060 Ecclesias

205 1113 304 1154 non
329 1110 708 1168 praesumam.
733 1094 843 1151 Sed
866 1097 932 1149 ut
952 1109 1104 1166 saepe
1128 1092 1360 1159 accidit,
1379 1091 1846 1165 quotiescunque

207 1183 482 1259 apopulis
511 1187 616 1240 aut
645 1199 680 1238 a
708 1183 882 1239 turba
913 1186 1206 1256 peccatur,
1225 1181 1366 1254 quia
1394 1182 1454 1236 in
1483 1197 1688 1237 omnes
1717 1197 1844 1254 pro-

207 1279 316 1351 pter
344 1272 794 1331 multitudinem
855 1289 972 1329 non
1021 1276 1215 1346 potest
1253 1271 1558 1338 vindicari,
1592 1271 1847 1327 inultum

208 1363 340 1421 solet
360 1361 842 1420 transire.Priora
861 1377 997 1436 ergo
1018 1359 1373 1416 dimittenda
1402 1361 1532 1416 dico
1564 1361 1664 1418 Dei
1687 1361 1849 1433 judi-

209 1451 366 1519 cio,et
395 1451 468 1508 de
498 1450 723 1524 reliquo
753 1449 1010 1506 maxima
1039 1449 1497 1506 sollicitudinem
1530 1467 1851 1522 praecaven-

209 1544 398 1600 dum.»
428 1542 502 1598 Et
531 1539 832 1613 aliquanto
862 1537 1137 1612 superius
1163 1554 1178 1594 :
1212 1561 1240 1589 «
1273 1539 1424 1611 Ergo
1455 1539 1610 1612 quod
1635 1556 1740 1612 pro
1771 1556 1855 1595 re-

211 1630 390 1689 medio
417 1647 486 1687 ac
514 1629 862 1686 necessitate
890 1628 1172 1701 temporis
1203 1631 1492 1684 statutum
1515 1632 1606 1684 est
1625 1632 1854 1684 constat

211 1719 474 1795 primitus
497 1735 614 1774 non
637 1716 841 1785 fuisse,
867 1733 933 1774 ac
963 1716 1147 1773 fuisse
1175 1715 1410 1790 regulas
1439 1721 1682 1784 veteres,
1706 1734 1854 1790 quas

211 1810 271 1908 ab
297 1807 588 1882 apostolis
635 1811 739 1908 aut
775 1805 1114 1908 apostolicis
1134 1805 1282 1908 viris
1311 1806 1558 1908 traditas
1595 1806 1853 1908 Ecclesia
1879 1841 1930 1906 B

214 1899 467 1956 Romana
496 1895 773 1964 custodit,
807 1895 1340 1968 custodiendasque
1373 1897 1613 1952 mandat
1633 1896 1727 1952 his
1751 1895 1853 1968 qui

213 2005 321 2044 eam
355 1986 566 2042 audire
595 1990 1046 2042 consueverunt.
1080 1985 1192 2040 Sed
1226 1985 1543 2041 necessitas
1572 1986 1853 2058 temporis

214 2077 262 2133 id
288 2075 414 2132 ﬁeri
472 2089 829 2148 magnopere
887 2072 1243 2146 postulabat.
1275 2074 1425 2146 Ergo
1463 2075 1617 2146 quod
1660 2091 1854 2130 neces-

215 2165 340 2224 sitas
425 2181 533 2237 pro
617 2162 874 2220 remedio
956 2163 1190 2236 reperit,
1252 2167 1518 2218 cessante
1603 2164 1854 2220 necessi-

214 2259 314 2311 tate
350 2253 532 2310 debet
579 2251 784 2324 utique
841 2268 1070 2308 cessare
1116 2251 1337 2324 pariter
1383 2253 1535 2324 quod
1586 2253 1850 2325 urgebat,

216 2344 336 2416 quia
357 2342 516 2398 alius
537 2345 629 2397 est
667 2340 810 2396 ordo
850 2339 1167 2412 legitimus,
1193 2339 1308 2395 alia
1337 2341 1642 2414 usurpatio
1673 2358 1852 2413 quam

215 2432 278 2488 ad
298 2447 557 2504 praesens
579 2427 706 2486 ﬁeri
730 2432 964 2500 tempus
985 2427 1254 2500 impellit.
1274 2451 1301 2478 »
1327 2429 1398 2484 Et
1419 2434 1658 2485 sanctus
1688 2429 1853 2486 Gela-

216 2521 327 2578 sius
344 2521 417 2576 ad
442 2535 651 2576 omnes
679 2516 998 2590 EpiscOpos
1027 2517 1306 2588 (cpistﬁ),
1339 2517 1411 2573 de
1440 2517 1726 2575 institutis
1757 2536 1854 2575 ec—

219 2607 548 2668 clesiasticis
569 2607 865 2663 moderate
886 2622 990 2678 pro
1012 2609 1344 2678 temporum
1366 2606 1645 2679 qualitate
1657 2608 1854 2680 dispo-

219 2699 437 2757 sitisita
455 2695 716 2770 capitulo
749 2695 1006 2752 secundo
1031 2695 1175 2751 dicit
1208 2712 1221 2750 :
1258 2694 1513 2752 «Priscis
1542 2696 1723 2769 igitur
1752 2715 1855 2770 pro

220 2789 299 2844 sui
320 2785 645 2844 reverentia
664 2784 1041 2841 manentibus
1070 2783 1558 2857 constitutis,quae
1578 2785 1674 2840 ubi
1695 2786 1858 2842 nulla

217 2876 293 2933 vel
310 2893 504 2933 rerum
521 2874 611 2930 vel
629 2879 962 2946 temporum
994 2877 1269 2946 perurget
1295 2873 1569 2947 angustia
1585 2875 1860 2948 regulari-

107 2993 114 3002 υ
223 2968 301 3023 ter
323 2965 599 3022 convenit
653 2961 957 3020 custodiri.
993 2983 1022 3010 ν)
1053 2963 1124 3018 Et
1152 2960 1398 3035 reliqua.
1429 2962 1540 3019 Sed
1571 2967 1628 3019 et
1657 2963 1715 3018 in
1748 2964 1859 3020 hoc

219 3073 271 3128 at
285 3053 544 3129 capitulo
566 3057 826 3126 utraeque
847 3052 972 3106 istas
1003 3051 1203 3106 formas
1231 3054 1794 3120 monstrantur,cum
1828 3071 1863 3110 a

1949 561 2143 618 euntis
2174 560 2370 631 saluti,
2404 561 2452 616 si
2486 565 2681 617 tamen
2709 559 2957 616 voluerit
2984 561 3392 634 aegritudinem
3422 563 3599 620 confl-

1949 650 2079 705 teri.
2113 650 2276 716 Quod
2311 649 2439 705 ideo
2461 649 2734 717 dicimus,
2761 665 2833 705 ne
2853 647 3063 704 volenti
3087 666 3149 706 se
3170 650 3456 724 corrigere
3480 653 3596 709 for-

1951 739 2104 796 sitan
2129 740 2332 795 deesse
2359 738 2682 794 videamur.
2715 738 2861 794 Nam
2893 742 2950 794 et
2979 738 3028 793 si
3062 737 3232 794 nobis
3262 739 3602 796 sustinenti-

1951 827 2064 883 bus
2086 844 2278 894 uvam,
2302 827 2502 900 spinas
2524 827 2635 883 sibi
2659 826 3292 899 addiderit,impleatur
3321 827 3604 884 manenti-

1952 918 2064 973 bus
2087 915 2326 973 statutis
2355 915 2647 988 prioribus
2669 915 2760 972 sui
2793 916 2985 972 fructu
3009 913 3604 988 judicii,colligatque

1952 1007 2110 1078 quod
2134 1005 2297 1061 sulco
2329 1004 2614 1061 diabolico
2636 1003 3088 1072 seminavit,non
3113 1009 3314 1060 nostro
3335 1003 3602 1071 consilio,

1954 1096 2056 1152 sed
2087 1113 2148 1152 se
2178 1095 2473 1168 periturus
2513 1099 2768 1150 auctore.
2803 1094 3013 1150 Probet
3039 1111 3148 1151 nos
3173 1093 3399 1150 veloces
3428 1093 3606 1166 pedes

1955 1186 2026 1242 ad
2049 1185 2469 1242 effundendum
2492 1183 2839 1256 sanguinem
2862 1199 2977 1239 non
2999 1182 3479 1255 habere,quando
3491 1180 3606 1238 sibi

1955 1273 2130 1332 etiam
2165 1273 2488 1329 remedium
2521 1276 2837 1346 cognoscat
2879 1271 3164 1328 oblatum.
3201 1293 3231 1322 »
3263 1273 3333 1328 Et
3361 1271 3517 1328 Beda
3547 1269 3606 1326 in

1957 1363 2248 1419 sententia
2276 1360 2568 1435 Evangelii
2605 1362 2770 1416 Lucae
2801 1359 2944 1416 dicit
2962 1360 3122 1433 (Luc.
3155 1377 3239 1426 xu,
3267 1361 3355 1433 Ui)
3388 1376 3402 1416 :
3438 1381 3468 1411 «
3500 1362 3606 1427 lle,

1957 1451 2554 1526 inquiens,ostendite
2582 1467 2682 1506 eos
2709 1447 3387 1506 sacerdotibus.Nullum
3411 1447 3609 1504 Domi-

1958 1559 2072 1597 nns
2094 1557 2318 1606 eorum,
2343 1540 2560 1613 quibus
2589 1539 2710 1594 haec
2741 1536 3069 1611 corporalia
3093 1535 3364 1609 praastitit
3391 1537 3610 1594 beneﬂ-

1959 1629 2370 1687 cia.invenitur
2398 1627 2632 1684 misisse
2662 1628 2732 1684 ad
2765 1625 3269 1692 sacerdotem,nisi
3299 1625 3562 1698 leprosos
3593 1643 3607 1683 :

1959 1721 2101 1794 quia
2129 1719 2401 1792 quisquis
2429 1717 2518 1773 vel
2551 1716 2823 1773 haeretica
2871 1713 3179 1788 pravitate,
3207 1714 3296 1771 vel
3323 1713 3612 1787 supersti-

1960 1810 2117 1866 tione
2147 1807 2370 1882 gentili,
2396 1805 2485 1862 vel
2534 1805 2781 1862 Judaica
2826 1802 3094 1877 perfidia,
3120 1803 3207 1863 vel
3248 1801 3425 1860 etiam
3455 1803 3611 1859 schi-

1961 1903 2147 1956 smate
2204 1897 2479 1963 fraterno,
2531 1893 2702 1968 quasi
2759 1893 2920 1948 vario
2970 1891 3162 1948 colore
3219 1909 3322 1964 per
3376 1890 3610 1948 Domini

1961 1987 2211 2062 gratiam
2243 1986 2450 2051 caruit,
2483 2000 2724 2040 necesse
2771 1986 2862 2038 est
2910 1981 2984 2037 ad
3031 1979 3350 2036 Ecclesiam
3394 1979 3610 2049 veniat,

1961 2077 2333 2148 coloremque
2362 2073 2496 2130 fidei
2519 2089 2721 2129 verum
2742 2086 2918 2144 quem
2949 2069 3240 2143 acceperit
3267 2069 3557 2126 ostendat.
3583 2089 3613 2118 ιι

1961 2169 2033 2223 Et
2056 2167 2197 2221 item
2224 2183 2237 2220 :
2285 2165 2543 2219 «Novem
2569 2160 2768 2233 itaque
2798 2157 3062 2232 indigent
3092 2174 3231 2225 uno,
3263 2161 3329 2212 ut
3357 2157 3614 2229 quadam

1963 2255 2210 2312 unitatis
2259 2254 2448 2308 forma
2497 2248 2898 2323 coagulentur,
2931 2252 2991 2304 et
3017 2247 3217 2303 decem
3249 2244 3388 2302 sint.
3419 2244 3615 2302 Unum

1963 2346 2304 2401 autem'non
2325 2339 2410 2396 eis
2441 2339 2664 2411 indiget
2687 2341 2751 2392 ut
2770 2335 3062 2392 custodiat
3091 2333 3618 2400 unitatem.Quam-

1963 2434 2164 2490 obrem
2197 2434 2263 2486 ut
2291 2446 2446 2485 unus
2473 2427 2570 2483 ille
2601 2425 2701 2498 qui
2734 2424 2952 2498 gratias
2986 2421 3106 2496 egit
3139 2422 3324 2478 unica;
3347 2421 3616 2478 Ecclesia)

1965 2521 2393 2596 significatione
2415 2517 2773 2590 approbatus
2795 2518 2970 2587 atque
2991 2513 3265 2568 laudatus
3285 2516 3397 2580 est,
3417 2509 3504 2567 ita
3531 2509 3617 2566 illi

1966 2629 2173 2668 novem
2225 2609 2325 2682 qui
2373 2605 2594 2680 gratias
2641 2621 2758 2660 non
2802 2605 3069 2675 egerunt,
3099 2599 3330 2674 reprobi
3360 2599 3549 2655 etl'ecti
3581 2616 3618 2656 a

1966 2699 2260 2757 consortio
2309 2695 2557 2752 unitatis
2605 2691 2822 2748 exclusi
2875 2694 3036 2748 sunt.
3071 2689 3320 2762 Ideoque
3357 2686 3508 2744 tales
3554 2685 3618 2750 in

1967 2787 2277 2846 novenario
2300 2799 2546 2840 numero
2566 2785 2848 2853 tanquam
2870 2776 3192 2851 imperfecti
3209 2776 3614 2844 remanebunt;

1967 2883 2025 2936 et
2056 2877 2263 2932 merito
2293 2891 2392 2930 eos
2422 2871 2686 2929 Salvator
2713 2867 2883 2942 quasi
2917 2867 3178 2939 ingratos
3225 2865 3326 2920 ubi
3360 2869 3501 2920 sunt
3524 2865 3616 2920 in-

1969 2966 2168 3042 quirit.
2203 2965 2362 3022 Scire
2394 2959 2495 3017 Dei
2525 2959 2758 3032 eligere,
2792 2954 3016 3012 nescire
3073 2953 3386 3026 reprobare
3441 2956 3551 3008 est.
3585 2975 3614 3002 ι»

1967 3059 2040 3114 Et
2071 3053 2348 3129 quoniam
2397 3045 2740 3122 hujusmodi
2788 3041 3012 3100 homini
3058 3041 3221 3098 nulla
3259 3057 3437 3129 opera
3463 3041 3618 3129 bona

219 3127 375 3201 beato
399 3141 716 3201 Celestino
755 3140 1048 3214 profertur
1071 3139 1262 3214 (epist.
1283 3140 1367 3196 ad
1394 3142 1726 3198 Nestorium
1754 3144 1859 3200 sub
1893 3208 1930 3219 _
1972 3127 2218 3219 prosint,
2243 3142 2490 3212 Prosper
2507 3155 2576 3194 ex
2593 3135 2786 3192 verbis
2804 3131 2992 3189 sancti
3031 3127 3341 3204 Augustini
3373 3129 3435 3184 in
3465 3128 3616 3185 libro

216 3232 446 3308 ﬁnem):
510 3255 542 3282 ‹‹
574 3231 712 3298 Nos,
755 3208 990 3303 inquit,
1049 3208 1136 3286 et-
1159 3230 1314 3302 quod
1373 3235 1577 3286 contra
1632 3232 1722 3289 fas
1771 3237 1862 3290 est
1886 3208 1934 3277 θ
1970 3208 2415 3295 sententiarum,
2449 3225 2639 3299 capite
2680 3225 2803 3290 124,
2837 3221 3018 3278 dicit:
3052 3242 3081 3270 ‹‹
3113 3219 3239 3276 Non
3272 3222 3413 3275 sunt
3441 3234 3619 3308 opera

217 3321 380 3379 etiam
413 3321 752 3379 sacerdotes
797 3319 1069 3374 volumus
1123 3335 1252 3374 esse
1303 3323 1612 3387 correctos,
1645 3321 1863 3393 quibus

218 3411 360 3468 sicut
413 3409 724 3485 praemissa
771 3408 1128 3465 correctione
1175 3409 1562 3477 consulimus,
1595 3411 1675 3466 ita
1706 3414 1860 3470 849

217 3499 272 3556 in
325 3501 435 3558 hos
493 3515 734 3555 necesse
793 3502 882 3554 est
931 3497 1325 3554 damnationis
1382 3500 1753 3572 sententiam,
1814 3502 1863 3559 si

216 3589 538 3646 abutuntur
564 3591 768 3645 nostra
793 3585 1016 3643 salubri
1047 3585 1464 3655 admonitione,
1499 3589 1861 3647 firmemus.»

215 3681 286 3734 De
303 3695 600 3736 canonum
625 3681 824 3733 autem
846 3673 1238 3748 formis,quas
1259 3675 1499 3748 quidam
1531 3693 1645 3733 non
1669 3684 1825 3736 atten
1845 3712 1862 3723 -

197 3766 408 3824 ’dentes
431 3766 710 3823 solertius
741 3765 1166 3822 ecclesiasticas
1199 3763 1432 3837 regulas
1449 3766 1600 3822 inter
1619 3783 1679 3822 se
1697 3772 1864 3824 autu-

216 3860 369 3912 mant
397 3853 764 3921 discordare,
793 3871 921 3926 quae
950 3858 1008 3910 et
1035 3856 1180 3926 quot
1208 3853 1411 3919 sint,et
1439 3871 1586 3926 quas
1617 3855 1860 3929 singulae

215 3959 501 4001 canonum
534 3941 1004 4015 complectantur
1033 3939 1524 4013 sententias,quia
1544 3960 1784 4016 sagaces
1804 3949 1862 4002 et

214 4032 460 4090 studiosi
490 4049 609 4088 non
642 4030 928 4103 indigent,
956 4030 1180 4086 devotis
1208 4034 1384 4102 atque
1413 4028 1861 4103 simplicibus,si

214 4121 494 4178 Dominus
523 4120 784 4194 spatium
813 4123 872 4174 et
899 4117 1085 4174 otium
1109 4119 1513 4191 dederit,quod
1545 4119 1734 4192 gratia
1753 4139 1863 4178 sua

212 4210 374 4266 nobis
403 4207 754 4271 ostenderit,
777 4206 934 4263 sicut
959 4207 1227 4263 doctrina
1255 4207 1676 4278 magistrorum
1707 4227 1863 4266 acce-

211 4297 690 4370 pimus,scribere
720 4295 1004 4369 temporis
1032 4312 1310 4369 processu
1341 4295 1863 4372 disponimus,qui-

209 4385 314 4444 bus
331 4386 490 4444 nihil
511 4385 758 4453 discors,
779 4384 925 4440 nihil
957 4383 1070 4440 sibi
1102 4383 1397 4442 dissidens
1414 4385 1472 4440 in
1491 4387 1674 4442 sacris
1694 4404 1863 4444 cano-

210 4474 378 4533 nibus
409 4477 598 4532 lector
624 4473 874 4548 quilibet
912 4472 1184 4528 facillime
1229 4472 1443 4529 valebit
1493 4473 1856 4544 dignoscere.

1970 3325 2143 3390 bona,
2169 3319 2282 3376 nisi
2306 3335 2433 3391 quae
2455 3333 2559 3388 per
2577 3315 2754 3370 ﬁdem
2786 3317 2844 3368 et
2871 3308 3242 3366 dilectionem
3274 3308 3445 3376 ﬁunt,
3478 3307 3619 3380 quia

1971 3413 2220 3470 alterum
2253 3408 2379 3465 sine
2410 3405 2592 3461 altero
2623 3403 2778 3460 850
2807 3399 3028 3456 nullius
3073 3396 3310 3453 virtutis
3359 3397 3616 3452 fructum

1971 3501 2144 3576 parit.
2181 3522 2208 3548 »
2239 3499 2320 3553 De
2351 3492 2642 3571 baptismo
2689 3490 2869 3546 etiam
2914 3487 3068 3576 Beda
3097 3485 3156 3541 in
3187 3484 3434 3576 epistola
3463 3483 3617 3542 Petri

1970 3573 2150 3648 dicit:
2178 3585 2390 3654 «Quod
2440 3599 2576 3656 ergo
2615 3597 2770 3652 aqua
2800 3575 3002 3634 diluvii
3037 3591 3152 3631 non
3185 3573 3427 3630 salvavit
3455 3577 3620 3630 extra

1971 3697 2167 3738 arcam
2199 3674 2422 3750 positos
2450 3672 2551 3728 sed
2583 3667 2814 3734 occidit,
2839 3666 2966 3722 sine
2995 3664 3175 3721 dubio
3205 3663 3620 3736 praafigurabat

1971 3784 2204 3826 omnem
2235 3761 2593 3826 haereticum,
2627 3757 2762 3813 licet
2789 3755 3100 3811 habentem
3127 3750 3502 3825 baptismatis
3532 3767 3621 3806 sa-

1971 3859 2360 3920 cramentum,
2391 3867 2509 3906 non
2567 3846 2698 3904 aliis
2747 3844 2847 3900 sed
2895 3843 3042 3916 ipsis
3090 3840 3260 3914 aquis
3290 3840 3359 3895 ad
3391 3839 3621 3896 inferna

1971 3943 2376 4018 mergendum,
2411 3938 2628 4012 quibus
2674 3950 2812 3990 arca
2849 3931 3185 3988 sublevatur
3213 3929 3285 3984 ad
3318 3926 3557 4018 caelum.
3588 3949 3617 3978 »

1969 4037 2042 4092 Et
2097 4016 2345 4104 Prosper
2401 4029 2462 4082 in
2514 4025 2664 4082 libro
2722 4019 3177 4086 Sententiarum,
3229 4016 3417 4104 capite
3462 4017 3616 4074 324:

1971 4148 2000 4176 ‹‹
2025 4103 2504 4194 Regenerationis
2533 4113 2782 4187 gratiam
2824 4109 2907 4164 ita
2925 4106 3100 4194 etiam
3122 4105 3182 4161 bi
3204 4122 3321 4160 non
3343 4103 3623 4160 minuunt

1971 4211 2069 4285 qui
2095 4192 2225 4282 ejus
2245 4208 2399 4262 dona
2419 4220 2535 4259 non
2571 4202 2826 4263 servant,
2850 4196 3005 4253 sicut
3031 4193 3182 4250 lucis
3213 4192 3460 4248 nitorem
3492 4192 3621 4248 loca

1969 4280 2279 4358 immunda
2307 4311 2423 4350 non
2452 4291 2702 4365 polluut.
2737 4286 2844 4354 Qui
2894 4301 3032 4356 ergo
3078 4283 3301 4356 gaudes
3337 4280 3617 4352 baptismi

1969 4386 2360 4464 perceptione,
2392 4381 2516 4438 vive
2573 4379 2632 4434 in
2692 4375 2824 4432 novi
2881 4371 3139 4430 hominis
3195 4369 3526 4438 sanctitate,
3559 4373 3620 4424 et

1969 4457 2177 4535 tenens
2203 4474 2375 4530 {idem
2409 4486 2535 4543 quae
2569 4483 2672 4540 per
2718 4461 3088 4520 dilectionem
3141 4463 3435 4532 operatur,
3467 4457 3620 4514 habe

208 4562 311 4620 Sed
331 4581 440 4637 pro
455 4546 793 4636 temporum
816 4561 1094 4617 varietate
1115 4565 1172 4616 et
1197 4567 1716 4636 causarum,atque
1739 4582 1859 4622 me-
1890 4575 1938 4640 D
1968 4567 2190 4624 bonum
2221 4561 2376 4635 quod
2409 4557 2671 4614 nondum
2715 4552 2914 4640 habes,
2949 4553 3014 4640 ut
3042 4546 3230 4640 prosit
3259 4547 3365 4640 tibi
3396 4547 3618 4640 bonum

207 4634 501 4709 dicatione
557 4634 921 4718 morborum,
955 4667 1060 4723 per
1115 4649 1344 4706 diversa
1399 4634 1638 4723 organa,
1673 4657 1739 4708 ut
1787 4655 1858 4710 ab
1890 4634 1929 4640 ”
1970 4654 2124 4728 quod
2147 4634 2384 4708 habes.»
2409 4644 2556 4712 Quia
2586 4659 2692 4698 nec
2717 4638 3072 4728 sacriﬁcium
3105 4636 3194 4728 illi
3219 4639 3311 4728 est
3340 4634 3617 4728 salutare.

207 4741 376 4798 unico
425 4740 746 4814 multiplici
797 4738 1026 4812 prolata
1081 4738 1314 4812 spiritu,
1347 4746 1559 4796 cuncta
1584 4758 1862 4810 consona,

207 4835 417 4887 cuncta
447 4829 703 4903 reperiet
741 4827 1046 4901 temporis,
1079 4827 1466 4894 necessitatis,
1501 4834 1674 4902 atque
1699 4831 1862 4887 infir-

208 4919 430 4976 mitatis
445 4935 640 4975 causa:
654 4915 1179 4974 convenientia.Uti
1193 4914 1348 4971 enim
1364 4917 1781 4976 necessitatum
1795 4939 1863 4977 ac

204 5011 541 5080 temporum
571 5005 943 5079 inaequalitas
968 5003 1424 5078 opportunitatis
1456 5006 1715 5078 postulat
1730 5025 1863 5065 con-

205 5095 652 5169 gruentiam,ita
677 5099 736 5150 et
764 5094 993 5150 diversa
1032 5093 1372 5150 morborum
1402 5110 1616 5166 genera
1645 5102 1863 5170 cogunt

204 5183 651 5253 invenire,sicut
670 5187 876 5240 notum
909 5186 1020 5254 est,
1043 5183 1272 5240 diversa
1294 5182 1859 5243 medicamentorum

202 5274 624 5346 experimenta.

266 5363 389 5420 XII.
416 5363 586 5430 Quod
619 5362 720 5435 qui
754 5365 887 5434 post
915 5361 1073 5434 pravi
1105 5361 1317 5416 erroris
1367 5361 1857 5434 subscriptionem

201 5452 540 5508 orthodoxae
561 5451 696 5507 fidei
723 5452 1002 5507 detrectat
1021 5449 1590 5508 subscribere,etiam
1625 5454 1859 5526 proprio

198 5538 270 5598 sit
287 5539 531 5612 judicio
561 5540 1010 5606 condemnatus,
1042 5538 1198 5595 idem
1245 5541 1487 5594 sanctus
1512 5539 1859 5600 lerstinus

198 5626 254 5684 in
269 5629 488 5686 eadem
521 5627 768 5701 epistola
798 5629 868 5684 ad
901 5627 1172 5684 eumdem
1204 5625 1485 5698 Cyrillum
1517 5628 1856 5702 episcopum

1973 4724 2136 4801 l—dem
2167 4745 2416 4809 Prosper
2441 4735 2501 4790 in
2529 4733 2730 4790 eodem
2764 4729 2914 4785 libro
2945 4727 3134 4801 capite
3165 4725 3391 4783 decimo
3411 4724 3620 4798 quinto

1972 4831 2151 4888 dicit:
2177 4853 2204 4880 «
2229 4823 2506 4897 Quisquis
2537 4821 2682 4877 bene
2731 4818 2948 4891 cogitat
2992 4816 3133 4889 quid
3165 4816 3283 4872 Deo
3312 4818 3531 4885 voveat,
3561 4817 3622 4870 et

1972 4939 2101 4995 qua:
2131 4922 2265 4973 vota
2296 4911 2608 4988 persolvat,
2630 4909 2890 4980 seipsum
2920 4909 3126 4995 voveat
3151 4908 3209 4961 et
3237 4904 3478 4995 reddat:
3508 4903 3618 4958 hoc

1969 4993 2239 5083 exigitur,
2272 5005 2382 5060 hoc
2403 5001 2668 5058 debetur.
2693 4999 2892 5070 Imago
2919 4993 3164 5083 Cesaris
3195 4993 3474 5083 reddatur
3491 4993 3616 5083 ρεπε-

1969 5079 2107 5164 seri,
2141 5097 2336 5168 imago
2367 5091 2469 5148 Dei
2502 5089 2782 5146 reddatur
2811 5087 2949 5142 Deo.
2974 5084 3088 5142 Sed
3120 5082 3278 5138 sicut
3301 5079 3616 5168 videndum

1969 5192 2058 5244 est
2083 5185 2235 5258 quod
2269 5166 2501 5244 otl‘eras,
2535 5177 2618 5234 ita
2643 5177 2820 5233 etiam
2851 5171 3344 5258 considerandum
3391 5171 3484 5258 est
3512 5166 3614 5258 ubi

1969 5253 2365 5345 offeraszquia
2399 5268 2519 5325 veri
2553 5263 2824 5323 sacrificii
2853 5267 3014 5320 extra
3042 5257 3388 5345 catholicam
3422 5253 3614 5310 Eccle-

1970 5365 2119 5420 siam
2148 5342 2312 5418 locus
2344 5375 2460 5415 non
2491 5361 2600 5413 est.
2633 5378 2660 5404 ι)
2693 5353 2841 5421 Quia
2870 5342 3324 5407 communicatio
3353 5343 3615 5415 corporis

1967 5459 2026 5512 et
2043 5450 2350 5525 sanguinis
2366 5447 2583 5504 Christi
2605 5439 2945 5515 hujusmodi
2975 5432 3199 5525 homini
3221 5449 3336 5525 non
3361 5433 3438 5525 ad
3455 5430 3612 5525 salu-

1967 5548 2108 5610 tem,
2133 5519 2231 5597 sed
2257 5539 2328 5594 ad
2345 5536 2635 5610 judicium
2672 5527 2922 5604 proﬁcit,
2945 5525 3006 5580 in
3027 5521 3231 5610 eodem
3253 5519 3610 5610 libro‘isdem

1968 5608 2214 5703 Prosper
2244 5608 2433 5699 capite
2462 5625 2567 5678 338
2597 5619 2774 5677 dicit:
2817 5639 2844 5666 ‹‹
2879 5615 3024 5672 Caro
3075 5608 3290 5670 Christi
3347 5608 3612 5668 ﬁdelium
