3962 6178
359 310 480 384 με

1287 309 1671 379 HINCM'ARI
1719 312 2168 379 BH‘EMENSlS
2213 308 2840 385 ﬁRCH‘lEPlSCOPl.

3643 315 3767 386 ne

355 442 603 510 vitaeet,
625 438 675 499 si
715 457 929 516 corpus
966 438 1154 516 ipsius
1184 459 1311 500 esse
1342 461 1459 501 non
1486 443 1807 520 negligant.
1838 446 2007 503 Fiant
2033 448 2089 519 Α
2117 445 2323 516 oculis,
2354 446 2589 504 etiamsi
2618 446 2813 504 visum
2836 445 3014 505 fuerit
3041 445 3384 504 hoaﬁaihus
3409 446 3659 506 virtutes
3680 449 3766 511 fa-

356 549 494 606 ergo
540 548 755 604 corpus
800 530 1037 600 Christi,
1085 531 1134 589 si
1183 532 1388 589 volunt
1432 534 1623 590 vivere
1672 535 1743 590 de
1792 535 2003 608 spiritu

355 618 593 677 Christi.
632 643 654 669 ιι
701 621 772 675 Et
801 619 938 675 item
963 620 1149 693 capite
1171 620 1277 676 339
1301 638 1313 676 :
1341 644 1369 672 «
1392 622 1598 678 Escam
1618 623 1747 678 vitae
1770 623 2002 697 accipit,

353 714 411 767 et
430 708 772 768 aeternitatis
803 708 1077 782 poculum
1112 709 1280 778 bibit,
1307 710 1407 784 qui
1439 711 1499 766 in
1521 712 1748 768 Christo
1780 717 2000 783 manet,

352 805 413 858 et
431 801 603 873 cujus
627 798 910 855 habitatio
934 803 1025 855 est
1046 798 1493 856 Christus.Nam
1519 800 1620 873 qui
1640 801 1937 858 discordat
1969 822 2006 861 a

352 888 722 955 Christo,nec
744 902 980 944 carnem
1002 888 1132 960 ejus
1154 889 1493 956 manducet,
1516 906 1621 945 nec
1652 891 2000 965 sanguinem

351 978 519 1046 bibit,
546 977 780 1033 etiamsi
824 980 999 1032 tantae
1032 976 1112 1033 rei
1146 982 1580 1034 sacramentum
1610 979 1682 1034 ad
1704 979 1999 1050 judicium

351 1083 470 1126 suae
491 1066 967 1139 praesumptionis
988 1065 1248 1138 quotidie
1269 1066 1665 1123 indifferenter
1684 1068 1949 1141 accipiat.
1969 1091 1999 1120 »

348 1156 419 1213 Et
436 1155 581 1212 item
601 1155 791 1228 capite
813 1155 918 1212 69:
958 1178 985 1205 ‹‹
1009 1156 1455 1211 Sacramentum
1490 1173 1734 1212 summae
1766 1158 2005 1229 pietatis

348 1243 725 1317 iri-judicium
777 1243 889 1301 sibi
938 1244 1123 1300 sumit
1170 1243 1470 1318 indignus.
1505 1246 1656 1301 Bene
1686 1246 1843 1301 enim
1868 1264 2003 1304 esse

349 1351 465 1391 non
487 1336 678 1406 potest
699 1331 850 1389 male
872 1332 1176 1405 accipienti
1213 1334 1367 1406 quod
1400 1334 1619 1389 bonum
1650 1339 1760 1390 est.
1796 1358 1825 1385 ››
1851 1336 2003 1401 Quia

347 1423 523 1481 etiam
546 1440 653 1480 nec
675 1423 1020 1497 martyrium
1052 1422 1395 1496 hujusmodi
1424 1423 1648 1480 homini
1671 1425 1902 1498 proficit
1920 1427 1999 1482 ad

347 1511 622 1581 salutem,
652 1517 891 1568 sanctus
923 1512 1236 1586 Gregorius
1267 1512 1326 1568 in
1357 1512 1509 1570 libro
1539 1514 1764 1570 decimo
1795 1519 2003 1573 octavo

347 1600 659 1663 Moralium
679 1604 815 1675 (cap.
856 1603 947 1671 14)
965 1602 1109 1658 dicit
1140 1619 1153 1659 :
1188 1603 1333 1659 Auro
1360 1603 1507 1659 locus
1534 1612 1616 1660 est
1645 1607 1701 1660 in
1734 1621 1837 1677 quo
1867 1621 1995 1661 con—

342 1691 528 1763 ﬂatur.
547 1691 879 1764 Namjuxta
906 1690 1016 1747 hoc
1046 1692 1202 1763 quod
1222 1692 1349 1764 jam
1383 1696 1439 1748 et
1466 1696 1599 1749 ante
1634 1710 1740 1750 nos
1769 1693 1993 1751 dictum

345 1784 452 1848 est,
463 1778 767 1853 «quisquis
779 1779 1221 1839 extraEcclesiae
1234 1781 1520 1838 unitatem
1535 1782 1774 1855 patitur,
1790 1799 1994 1856 poenas

344 1867 464 1942 pati
493 1873 703 1941 potest,
732 1873 951 1942 martyr
973 1868 1097 1925 fieri
1119 1887 1234 1926 non
1254 1873 1466 1943 potest,
1494 1871 1636 1943 quia
1655 1888 1797 1927 auro
1828 1871 1993 1929 locus

344 1956 511 2015 estin
533 1974 649 2030 quo
679 1957 986 2013 conﬂatur.
1012 1980 1042 2008 »
1066 1958 1136 2013 Et
1157 1963 1398 2014 sanctus
1425 1960 1740 2033 Gregorius
1771 1960 1832 2016 in
1862 1961 1985 2034 epi-

343 2043 496 2101 stola
515 2045 586 2100 ad
609 2045 1010 2100 Secu‘ndinum
1051 2062 1284 2102 servum
1323 2047 1423 2103 Dei
1449 2047 1990 2119 reclusum(lib.vn,

340 2134 498 2205 epist.
529 2132 621 2205 52)
653 2149 669 2189 :
733 2154 762 2183 «
790 2135 887 2189 Est
928 2134 1076 2190 locus
1101 2150 1267 2206 penes
1296 2152 1399 2202 me,
1430 2144 1484 2193 et
1506 2137 1676 2193 stabis
1704 2154 1869 2210 super
1893 2154 1994 2210 ρει-

341 2230 503 2280 Imm.
532 2221 679 2289 Quis
697 2226 788 2279 est
806 2221 971 2278 locus
994 2222 1094 2296 qui
1116 2240 1229 2279 non
1255 2224 1333 2279 sit
1351 2224 1409 2279 in
1435 2224 1571 2293 Deo,
1604 2226 1747 2281 dum
1781 2231 1994 2283 cuncta

342 2309 562 2384 shipso
584 2327 688 2384 per
712 2327 888 2384 quem
920 2315 1114 2367 creata
1143 2317 1284 2368 sunt
1313 2311 1732 2370 continentur?
1762 2315 1873 2370 Sed
1903 2319 1992 2371 ta-

341 2412 477 2458 men
493 2403 587 2457 'est
614 2398 780 2456 locus
808 2400 964 2472 apud
1005 2416 1164 2468 eum,
1183 2400 1453 2457 videlicet
1478 2406 1694 2458 sancta:
1724 2401 1995 2459 Ecclesiae

340 2488 559 2557 unitas,
582 2488 641 2544 in
663 2506 782 2562 qua
808 2504 987 2561 super
1018 2494 1243 2562 petram
1275 2494 1484 2559 statur,
1509 2493 1651 2548 dum
1684 2492 1997 2550 confessio-

340 2577 433 2635 nis”
450 2577 583 2650 ejus
613 2576 880 2633 soliditas
912 2578 1140 2636 utiliter
1168 2583 1419 2636 tenetur.
1442 2581 1523 2637 De
1554 2598 1669 2655 quo
1704 2581 1831 2639 loco
1860 2582 1997 2639 sub-

332 2667 625 2741 ju’ngitur,
663 2669 806 2723 Tum:
832 2667 1039 2728 videbis
1063 2671 1366 2742 posteriora
1419 2686 1542 2727 mea
1575 2670 1768 2740 (Exod.
1794 2689 1992 2740 xxxm,

340 2759 455 2825 23).
489 2755 552 2812 ln
577 2760 742 2829 petra
780 2755 958 2823 enim,
990 2757 1049 2814 id
1071 2762 1161 2814 est
1182 2758 1241 2814 in
1263 2762 1469 2815 sancta
1486 2759 1745 2816 Ecclesia
1768 2764 1995 2817 stantes

341 2845 440 2902 Dei
471 2844 792 2917 posteriora
818 2845 1108 2915 videmus,
1131 2849 1367 2920 quando
1388 2848 1516 2921 jam
1539 2866 1608 2906 ea
1628 2866 1755 2922 quae
1784 2848 1845 2905 in
1879 2849 1995 2906 fine

339 2932 632 3008 promissa
661 2938 802 2990 sunt
831 2934 1084 2991 ccelestis
1129 2936 1331 3008 patriae
1378 2937 1595 3011 gaudia
1636 2937 1994 3011 contempla-

339 3040 494 3080 mur.
530 3045 560 3073 ››
590 3023 661 3079 Et
688 3023 1035 3080 Ambrosius
1064 3023 1125 3080 in
1155 3024 1306 3081 libro
1363 3025 1555 3098 primo
1614 3026 1686 3081 de
1741 3027 1994 3083 Excessu

340 3110 538 3168 fratris
554 3111 671 3180 sui,
692 3110 777 3167 ita
805 3111 878 3169 de
904 3110 1008 3169 illo
1040 3111 1286 3185 loquens
1314 3113 1456 3170 dicit
1488 3131 1501 3170 :
1536 3137 1565 3164 ‹‹
1588 3114 1901 3170 Advocavit
1921 3115 1993 3171 ad

2115 552 2262 604 cere,
2295 536 2451 592 sicut
2475 540 2531 591 et
2552 535 2613 591 in
2648 536 2894 593 Actibus
2920 535 3323 608 apostolorum
3353 537 3499 606 (Act.
3530 554 3648 605 xxx,
3682 540 3770 609 Η.)

2113 623 2217 680 ﬁlii
2266 625 2456 681 Scevze
2500 624 2850 681 videbantur
2896 624 3105 696 ejicere
3150 625 3468 695 daemones,
3500 631 3558 683 et
3576 627 3769 686 Judas

2110 713 2412 786 apostolus
2442 730 2577 770 cum
2609 714 2807 770 animo
2839 713 3157 786 proditoris
3191 715 3379 771 multa
3413 715 3584 790 signa
3612 717 3765 774 inter

2110 806 2347 859 caeteros
2403 802 2700 876 apostolos
2753 802 2962 859 fecisse
3016 806 3312 859 narratur.
3345 805 3766 879 Quemcunque

2107 890 2285 959 enim,
2304 890 2497 964 inquit
2516 891 2655 947 item
2678 891 2833 947 Beda
2855 891 2913 947 in
2937 891 3249 965 Evangelia
3277 892 3485 961 Lucae,
3505 898 3637 966 post
3662 894 3765 952 ba-

2109 979 2327 1053 ptisma
2358 979 2478 1037 sive
2508 980 2763 1053 pravitas
2811 979 3102 1048 haeretica,
3134 997 3235 1037 seu
3269 982 3571 1039 mundana
3600 984 3767 1057 cupi-

2109 1068 2265 1126 ditas
2283 1068 2612 1142 arripuerit,
2630 1086 2766 1126 mox
2794 1069 3060 1125 omnium
3092 1073 3429 1141 prosternet
3447 1071 3506 1126 in
3530 1071 3650 1128 ima
3677 1072 3765 1128 vi-

2105 1157 2343 1216 tiorum.
2366 1158 2532 1215 Unde
2554 1162 2705 1215 recte
2726 1157 3036 1231 nequiores
3056 1159 3215 1216 hunc
3243 1176 3379 1216 eum
3402 1159 3649 1234 spiritus
3676 1160 3761 1218 di-

2107 1250 2322 1303 cuntur
2340 1246 2613 1319 ingressi,
2638 1246 2781 1319 quia
2801 1263 2915 1302 non
2934 1245 3131 1303 solum
3154 1246 3516 1305 habebitilla
3534 1254 3764 1322 septem

2104 1334 2265 1403 vitia,
2288 1352 2415 1408 quae
2433 1339 2657 1409 septem
2681 1333 3091 1408 spiritualibus
3122 1339 3262 1392 sunt
3280 1338 3573 1394 contraria
3585 1339 3767 1395 virtu-

2104 1423 2285 1487 tibus.
2310 1424 2413 1480 sed
2433 1427 2492 1479 et
2513 1440 2618 1497 per
2636 1423 2994 1497 hypocrisim
3017 1424 3180 1497 ipsas
3200 1442 3264 1481 se
3283 1424 3525 1482 virtutes
3546 1426 3767 1487 habere

2104 1512 2425 1569 simulabit.
2442 1513 2512 1569 Et
2531 1512 2673 1585 quia
2689 1513 3033 1585 hujusmodi
3057 1512 3367 1572 collocutio
3383 1515 3463 1571 sit
3475 1517 3767 1586 cavenda,

2101 1600 2415 1674 Apostolus
2448 1599 2591 1657 dicit
2622 1617 2636 1657 :
2671 1602 3001 1659 Hmreticum
3037 1603 3314 1659 hominem
3356 1611 3477 1676 post
3516 1606 3767 1677 primum

2102 1697 2154 1747 et
2178 1690 2471 1747 secundum
2499 1691 2892 1762 correptionem
2940 1690 3138 1760 devita,
3165 1693 3345 1748 sciens
3374 1694 3505 1765 quia
3528 1694 3765 1751 subuer-

2102 1796 2195 1836 sus
2240 1787 2321 1836 est
2367 1779 2700 1853 hujusmodi,
2733 1787 2785 1836 et
2832 1782 3058 1853 proprio
3103 1779 3321 1853 judicia
3372 1780 3764 1842 centimanus;

2104 1868 2230 1941 (Tit.
2254 1885 2339 1934 Ill,
2369 1868 2447 1941 Χ).
2479 1868 2550 1924 Et
2598 1870 2839 1924 sanctus
2883 1867 3274 1941 Hieronymus
3317 1869 3378 1925 in
3408 1889 3444 1927 v
3476 1870 3710 1928 Psalmo
3744 1889 3762 1931 :

2103 1980 2131 2009 ι(
2157 1956 2263 2014 Hic
2282 1961 2501 2025 autem,
2523 1955 2736 2029 inquit,
2760 1957 2917 2030 quod
2939 1957 3106 2026 dicit,
3124 1958 3325 2015 Perdes
3342 1975 3527 2017 omne:
3547 1962 3646 2034 qui
3676 1961 3760 2020 ιο-
3790 1962 3793 1965 ’

2102 2053 2347 2119 quuntur
2386 2045 2733 2101 mendacium
2764 2045 2935 2117 (Paul.
2961 2063 3019 2112 v,
3049 2046 3172 2118 vn),
3205 2050 3265 2104 et
3293 2064 3363 2104 ex
3392 2064 3761 2122 consequens-

2100 2133 2261 2192 tibus
2293 2132 2601 2206 psalmi,et
2626 2150 2696 2190 ex
2716 2133 2846 2207 ipso
2865 2133 3067 2191 ordine
3089 2134 3414 2210 intelligam
3434 2154 3763 2210 possumus

2102 2222 2244 2295 quia
2262 2223 2335 2278 de
2357 2222 2652 2279 haereticis
2665 2222 2838 2280 dicit:
2857 2222 2966 2290 Qui
2987 2223 3144 2281 enim
3177 2230 3456 2297 operatur
3481 2224 3766 2300 iniquitao

2102 2315 2429 2379 tem,suam
2461 2315 2694 2368 tantum
2724 2312 2987 2371 animam
3016 2313 3267 2383 occidit;
3297 2313 3399 2387 qui
3428 2320 3625 2373 autem
3648 2315 3765 2373 hmo

2102 2397 2320 2457 reticus
2342 2402 2453 2466 est,
2476 2402 2536 2453 et
2556 2397 2819 2472 loquitur
2846 2399 3245 2468 mendacium,
3271 2404 3359 2458 tot
3386 2401 3765 2476 occiditquot

2101 2485 2455 2544 induxerit.»
2478 2487 2643 2544 Unde
2673 2492 2892 2560 quanto
2915 2488 3112 2545 studio
3135 2494 3329 2562 patres
3359 2490 3544 2551 nostri
3572 2491 3762 2550 heare-

2102 2574 2355 2631 ticorum
2388 2573 2683 2648 colloquia
2704 2575 3060 2645 devitabant,
3094 2577 3461 2636 demonstrat
3489 2579 3765 2653 Polycarg

2104 2680 2217 2736 pus
2246 2663 2498 2736 apostoli
2541 2663 2789 2721 Joannis
2832 2664 3183 2738 discipulus,
3214 2666 3316 2739 qui
3347 2667 3764 2743 compellatus,

2106 2755 2170 2809 ut
2199 2751 2251 2809 ei
2283 2753 2665 2825 responderet
2719 2753 3066 2826 compulsus
3108 2772 3147 2812 a
3193 2755 3505 2825 Marcionc,
3537 2756 3763 2815 dicenti

2104 2840 2237 2910 sibi,
2254 2841 2655 2915 «Agnescisne
2676 2842 2810 2898 me?
2826 2842 3148 2915 respondit,
3169 2844 3435 2917 Agnosco
3463 2844 3765 2921 primOge.

2105 2930 2299 2986 nitum
2327 2931 2579 3003 Satanae.
2605 2931 2676 2987 Et
2703 2931 2775 2987 de
2803 2931 3030 2988 Joanne
3059 2931 3322 3005 apostolo
3350 2932 3583 3008 legitur,
3616 2935 3767 3007 quia

2103 3018 2303 3076 illotus
2335 3036 2371 3075 a
2399 3017 2607 3075 balneo
2649 3018 2789 3076 exiit
2818 3014 3019 3077 dicens
3050 3037 3063 3075 :
3100 3021 3324 3095 Fugite,
3361 3039 3434 3079 ne
3459 3027 3519 3079 et
3547 3023 3768 3085 balnea

2104 3112 2402 3176 corruant,
2436 3108 2537 3165 ubi
2596 3108 2907 3165 Cherintus
2960 3108 3210 3169 lavatur.
3268 3112 3341 3168 Et
3393 3111 3648 3185 Prosper
3702 3114 3764 3171 in

338 3216 402 3259 se
428 3200 793 3275 episcopum,
824 3216 930 3257 nec
977 3200 1161 3258 ullam
1210 3218 1407 3258 veram
1440 3203 1667 3275 putavit
1698 3203 1809 3259 nisi
1840 3220 1989 3259 versa
2020 3191 2069 3259 C
2101 3198 2341 3271 prmfato
2396 3196 2548 3254 libro
2605 3214 2734 3270 cap.
2766 3198 2893 3254 265.
2928 3198 3077 3266 Quia
3122 3198 3332 3270 affluit,
3366 3200 3581 3274 inquit,
3613 3202 3764 3261 insi-

339 3288 473 3345 ﬁdei
488 3289 760 3361 gratiam,
784 3294 1319 3363 percunctatusque
1339 3291 1743 3348 exeoest85‘l
1765 3295 1994 3348 utrum-

340 3393 478 3434 nam
501 3388 636 3457 cum
668 3378 960 3452 episcepis
989 3378 1431 3446 catholicis,hoc
1451 3384 1542 3436 est
1561 3397 1697 3437 cum
1730 3381 1995 3438 Romana

338 3465 599 3523 Ecclesia
628 3467 980 3523 conveniret.
1004 3469 1073 3524 Et
1106 3469 1250 3525 forte
1280 3469 1352 3524 ad
1386 3469 1718 3524 Luciferum
1741 3469 1799 3524 in
1833 3469 1993 3525 schi-

340 3557 526 3612 smate
556 3554 811 3630 regionis
841 3554 1001 3612 illius
1030 3556 1289 3613 Ecclesia
1317 3561 1459 3614 erat.
1493 3558 1723 3614 Lucifer
1752 3559 1909 3615 enim
1933 3577 1994 3616 se

339 3654 376 3701 α
404 3648 604 3702 nostra
628 3648 773 3702 tunc
803 3644 1087 3718 temporis
1127 3647 1541 3705 communione
1595 3646 1890 3704 diviserat.
1924 3649 1995 3705 Et

338 3748 679 3807 quanquam
702 3750 807 3806 pro
826 3734 942 3789 fide
961 3733 1306 3807 exsulasset,
1329 3739 1389 3791 et
1409 3736 1542 3791 fidei
1575 3753 1695 3792 suae
1722 3736 1991 3810 reliquis-

338 3826 429 3877 set
449 3821 728 3890 hmredes,
753 3839 871 3879 non
903 3823 1130 3896 putavit
1157 3826 1353 3879 tamen
1388 3825 1561 3880 fidem
1596 3841 1725 3881 esse
1754 3825 1815 3880 in
1845 3825 1995 3882 schi-

338 3913 549 3967 smate.
569 3910 716 3966 Nam
747 3911 856 3968 etsi
890 3912 1066 3969 ﬁdem
1097 3929 1235 3986 erga
1264 3913 1449 3969 Deum
1476 3917 1761 3981 tenerent,
1794 3918 1992 3972 tamen

336 4014 476 4071 erga
496 3999 596 4054 Dei
620 3998 938 4058 Ecclesiam
960 4017 1076 4057 non
1103 4001 1398 4069 tenebant,
1423 4002 1595 4073 cujus
1618 4002 1996 4075 patiebantur

335 4086 496 4144 velut
551 4088 839 4160 quosdam
896 4092 1059 4146 artus
1109 4088 1309 4157 dividi,
1342 4093 1402 4144 et
1429 4090 1696 4145 membra
1724 4089 1989 4147 lacerari.

336 4175 565 4234 Etenim
593 4191 728 4233 cum
765 4181 1003 4250 propter
1021 4176 1341 4233 Ecclesiam
1363 4176 1632 4234 Christus
1658 4196 1870 4251 passus
1892 4180 1990 4247 sit,

336 4270 395 4322 et
427 4265 642 4322 Christi
690 4282 904 4338 corpus
950 4264 1208 4322 Ecclesia
1256 4265 1351 4335 sit,
1386 4282 1501 4322 non
1530 4266 1763 4324 videtur
1793 4268 1865 4325 ab
1897 4268 1992 4325 his

336 4355 596 4412 exhiberi
621 4354 850 4411 Christo
875 4355 1041 4421 fides,
1057 4370 1090 4411 a
1110 4354 1328 4427 quibus
1357 4360 1675 4412 evacuatur
1701 4357 1831 4429 ejus
1856 4374 1991 4430 pas-

337 4443 446 4513 sio,
480 4460 813 4517 corpusque
837 4443 1206 4500 distrahitur.
1243 4465 1271 4494 ››
1299 4443 1463 4500 Unde
1492 4445 1752 4517 synodus
1782 4444 1989 4502 Laodi-

2104 3285 2288 3358 pienti
2321 3284 2676 3358 eloquentia,
2700 3290 2866 3344 tanto
2895 3286 3086 3361 magis
3105 3289 3399 3349 cavendus
3418 3294 3765 3362 est,quanto

2102 3374 2293 3448 magis
2313 3375 2386 3431 ab
2407 3374 2552 3432 eoin
2572 3373 2666 3431 his
2688 3391 2815 3447 quat
2842 3375 3046 3431 audire
3076 3374 3284 3433 inutile
3303 3382 3414 3445 est,
3431 3377 3766 3443 delectatur

2100 3464 2255 3521 852
2288 3462 2541 3531 auditor,
2574 3467 2631 3519 et
2659 3480 2794 3520 eum
2825 3463 3105 3537 quoniam
3136 3465 3405 3522 ordinate
3424 3466 3623 3524 dicere
3652 3488 3762 3529 auo

2103 3550 2207 3621 dit,
2242 3552 2418 3608 etiam
2451 3569 2601 3609 vere.
2630 3552 2822 3609 dicere
2864 3552 3181 3610 existimat.
3211 3576 3241 3607 »
3273 3554 3439 3613 Unde
3465 3561 3525 3614 et
3552 3557 3766 3616 Domit

2103 3657 2219 3697 nus
2244 3639 2666 3698 confitentibus
2687 3639 2988 3698 silentium
3008 3640 3349 3716 imponebat
3366 3644 3765 3718 daemonibus.

2101 3732 2169 3785 ut
2190 3745 2261 3785 ne
2280 3728 2441 3802 quis,
2462 3730 2604 3786 dum
2629 3746 2728 3787 eos
2748 3730 2981 3787 audiret
3006 3731 3773 3807 prmdicantes,sequeretur

2101 3822 2383 3875 errantes.
2418 3821 2783 3893 Quapropter
2837 3823 2898 3876 et
2951 3820 3011 3876 in
3071 3822 3312 3895 synodo,
3345 3822 3439 3879 cui
3484 3825 3772 3896 praesedit

2101 3911 2317 3964 sanctae
2371 3906 2666 3964 memoriae
2726 3907 3038 3965 Flavianus
3093 3909 3324 3983 (Concil.
3357 3910 3607 3970 Chalced.
3643 3914 3765 3971 Λα.

2102 3998 2154 4064 1,
2180 4013 2250 4053 ea:
2297 3998 2509 4052 actione
2534 3998 2567 4051 7
2601 3998 3110 4070 Constantinopolit.
3156 4000 3452 4074 Flaviani),
3472 4001 3544 4059 de
3585 4001 3765 4058 dam-

2100 4086 2338 4143 natione
2368 4084 2691 4143 Eutichetis
2721 4087 2793 4142 ad
2824 4086 3018 4143 locum
3050 4087 3135 4143 ita
3164 4087 3446 4162 scriptum
3470 4088 3761 4152 habetur:

2100 4196 2129 4224 «
2158 4176 2229 4230 Et
2258 4191 2506 4247 surgens
2553 4180 2759 4231 sancta
2805 4176 3066 4250 synodus
3115 4176 3459 4243 acclamavit
3496 4177 3710 4236 dicens
3744 4194 3761 4235 :

2098 4262 2427 4320 Anathema
2456 4264 2590 4337 ipsi.
2623 4265 2693 4319 Et
2738 4269 2875 4337 post
2918 4264 3042 4321 haec
3084 4264 3394 4323 Flavianus
3441 4265 3766 4340 episcopus

2098 4352 2279 4408 dixit:
2317 4352 2480 4408 Dicat
2510 4357 2714 4408 sancta
2745 4353 3005 4426 synodus
3036 4353 3177 4426 quid
3207 4358 3467 4411 meretur
3493 4372 3763 4428 presens

2098 4457 2287 4514 neque
2331 4441 2618 4497 confitens
2665 4445 2885 4498 rectam
2936 4442 3134 4511 ﬁdem,
3176 4459 3366 4517 neque
3421 4445 3766 4503 consentire

336 4531 530 4624 censis
588 4533 858 4624 capitati,
891 4532 1034 4624 dicit
1066 4549 1079 4587 :
1141 4555 1169 4583 ι(
1202 4532 1367 4599 Quod
1397 4532 1669 4624 haeretici
1715 4551 1835 4624 non
1861 4551 1989 4606 per-
2019 4558 2067 4624 Β
2095 4529 2298 4624 volens
2326 4529 2605 4624 praesenti
2660 4531 2906 4602 synodo,
2941 4531 3045 4624 sed
3074 4547 3441 4624 perseverare
3471 4549 3593 4589 sum
3623 4550 3763 4624 per-
3822 4560 3829 4563 -

339 4616 609 4674 mittendi
634 4618 1000 4693 sintingredi
1032 4621 1092 4676 in
1123 4621 1365 4678 domum
1396 4620 1518 4690 Dei,
1541 4621 1601 4677 in
1632 4620 1839 4680 heresi
1862 4639 1992 4695 per-

341 4711 667 4764 manentes.
707 4730 735 4757 ››

412 4794 522 4851 Sed
557 4799 615 4851 et
642 4796 716 4853 de
744 4794 1080 4853 istiusmodi
1138 4798 1265 4855 sine
1311 4799 1430 4855 vita
1475 4799 1805 4859 viventibus
1854 4802 1991 4858 Pro—

339 4882 797 4956 sperinpmf'ato
827 4882 978 4941 libro
1008 4902 1135 4959 cap.
1150 4886 1435 4943 364dicit:
1471 4889 1605 4945 «Ita
1633 4888 1857 4946 suntin
1876 4889 1993 4948 vite

338 4971 706 5047 palmites,ut
734 4971 836 5029 viti
868 4973 1013 5029 nihil
1044 4975 1366 5043 conferant,
1396 4978 1493 5033 sed
1529 4977 1667 5034 inde
1700 4977 1994 5050 accipiant

337 5062 494 5118 unde
524 5061 757 5129 vivant;
792 5061 878 5117 sic
904 5061 1120 5136 quippe
1148 5063 1285 5120 vitis
1314 5069 1403 5121 est
1433 5065 1492 5120 in
1526 5064 1900 5138 palmitibus,
1926 5069 1995 5122 ut

335 5149 512 5207 vitale
541 5150 889 5208 alimentum
941 5153 1352 5209 subministret
1397 5153 1503 5222 eis,
1536 5171 1652 5210 non
1695 5158 1893 5210 sumat
1915 5156 1989 5211 ab

339 5238 531 5296 eis.Ac
552 5256 657 5313 per
675 5238 786 5295 hoc
805 5243 864 5296 et
885 5246 1219 5298 manentem
1251 5241 1309 5296 in
1343 5258 1404 5297 se
1434 5241 1647 5297 habere
1668 5241 1988 5313 Christum,

338 5331 653 5385 etmanere
674 5327 736 5384 in
757 5328 1009 5396 Christo,
1041 5329 1348 5401 discipulis
1380 5332 1619 5403 prodest
1650 5334 1989 5403 utrumque,

341 5428 457 5472 non
491 5415 742 5473 Christo.
775 5417 922 5473 Nam
972 5418 1214 5490 praeciso
1262 5417 1503 5490 palmite
1543 5423 1735 5491 potest
1762 5420 1834 5476 de
1865 5421 1993 5478 viva

343 5504 536 5560 radice
557 5503 707 5561 alius
727 5504 1019 5578 pullulare
1042 5524 1056 5574 ;
1077 5506 1176 5579 qui
1202 5510 1398 5561 autem
1420 5506 1699 5579 praicisus
1723 5512 1832 5575 est,
1866 5508 1993 5566 sine

343 5591 535 5650 radice
555 5608 671 5650 non
694 5597 885 5665 potest
902 5593 1110 5652 vivere.
1135 5616 1164 5645 »
1186 5594 1455 5653 Mortuus
1479 5599 1573 5653 est
1589 5594 1747 5652 enim
1778 5595 1992 5655 divinis

2100 4618 2365 4676 versitati
2393 4623 2452 4675 et
2478 4636 2641 4676 same
2679 4636 2800 4675 suae
2848 4618 3286 4677 malevolentiae.
3318 4620 3607 4678 Seleucus
3629 4623 3766 4697 epi-

2100 4724 2315 4781 scopus
2345 4706 2491 4764 dixit
2521 4723 2536 4763 :
2578 4707 2804 4781 Dignus
2833 4707 3071 4781 quidem
3096 4712 3187 4764 est
3211 4707 3323 4765 iste
3352 4709 3764 4779 damnatione,

2100 4798 2202 4854 sed
2233 4797 2293 4853 in
2324 4796 2658 4854 sanctitatis
2704 4800 2908 4853 vestrm
2956 4796 3323 4855 humanitate
3351 4796 3610 4871 positum
3643 4803 3763 4857 est.

2101 4885 2414 4942 Flavianus
2452 4883 2762 4958 episcopus
2810 4885 2957 4943 dixit
2989 4903 3002 4941 :
3034 4886 3097 4943 Si
3126 4887 3414 4944 confitens
3445 4887 3765 4961 proprium

2101 4973 2954 5047 peccatum,anathematizaret
2972 4975 3188 5048 dogma
3208 4974 3597 5049 proprium,et
3612 4992 3767 5034 con~

2101 5063 2344 5119 sentiret
2358 5063 2528 5120 nobis
2541 5061 2926 5135 sequentibus
2942 5062 3290 5121 traditiones
3302 5067 3641 5121 sanctorum
3658 5063 3771 5122 Pa-

2098 5156 2279 5220 trum,
2304 5152 2509 5208 merito
2530 5151 2746 5225 dignus
2765 5155 2921 5208 esset
2942 5150 3129 5208 venia.
3152 5151 3267 5209 Sed
3291 5151 3430 5224 quia
3449 5156 3773 5226 permanet

2099 5240 2159 5295 in
2181 5241 2383 5296 eadem
2407 5239 3128 5313 malignitate,subjacebit
3142 5257 3434 5299 canonum
3450 5241 3768 5300 vindictis.

2097 5330 2169 5386 Et
2193 5328 2335 5385 item
2369 5328 2684 5384 Flavianus
2712 5327 3026 5401 episcopus
3055 5329 3219 5398 dixit,
3252 5329 3544 5404 Eutyches
3565 5347 3769 5404 quon-2

2100 5419 2236 5474 dam
2276 5417 2583 5490 presbyter
2602 5421 2660 5472 et
2684 5416 3198 5475 archimandrites.
3231 5419 3301 5474 Et
3326 5422 3461 5491 post
3484 5417 3772 5491 aliquan-

2098 5510 2161 5565 ta
2193 5522 2207 5562 :
2242 5527 2269 5558 ››
2306 5504 2470 5561 Unde
2499 5508 2799 5577 gementes
2828 5506 3148 5579 perfectam
3193 5508 3322 5579 ejus
3364 5505 3771 5580 perditionem

2100 5593 2465 5653 decrevimus
2494 5608 2599 5666 per
2638 5594 2955 5653 Dominum
3001 5595 3205 5653 Jesum
3254 5595 3774 5659 Christumabeo
