3962 6178
212 340 312 398 H7

899 334 1002 395 DE
1048 328 1814 394 PRAEDES'I‘INA'I‘IONE
1855 325 2378 394 DIS‘SERTA’I‘IO
2419 333 2889 396 POSTERIOR.

3478 329 3598 398 418

215 468 690 542 blasphematum,
723 470 1063 522 extraneum
1089 464 1318 522 esseab
1351 464 1510 520 omni
1543 441 1736 520 officio
1757 479 1843 518 sa-
1869 461 1925 529 Α
2013 465 2156 542 patet
2183 463 2368 542 salutis
2408 463 2592 542 locuss
2637 480 2669 514 a
2713 466 2860 542 cujus
2902 465 3108 542 unitate
3148 467 3362 533 quisque
3407 468 3597 519 discre-

211 557 494 624 cerdotali,
524 560 581 612 et
606 574 640 612 a
668 560 871 611 nostra
899 554 1330 625 communione,
1354 558 1412 609 et
1438 553 1690 626 primatu
1725 571 1844 608 mo»

215 646 456 713 aasterii,
489 645 742 701 scientes
770 648 828 699 et
856 644 948 703 his
980 644 1078 716 qui
1111 649 1315 717 postea
1359 660 1494 698 cum
1543 659 1608 698 eo
1659 641 1840 698 collo-

215 740 448 810 quantur
473 739 532 790 et
561 735 634 789 ad
666 751 802 789 eum
831 732 1203 789 convenerint
1233 733 1667 800 denuntiantes,
1693 747 1836 804 quo-

215 826 352 882 niam
382 824 461 880 rei
493 827 665 880 erunt
691 828 752 879 et
781 822 894 896 ipsi
926 839 1106 894 prensa
1137 819 1840 887 excommunicationis,si

213 916 294 989 qui
307 931 420 970 non
433 912 967 969 declinaverintcon
977 911 1363 967 fabulationes
1373 910 1841 982 ejus.Flavianus

212 1005 502 1077 episcopus
531 1000 1211 1073 Constantinopolitanae
1233 1000 1511 1072 judicans
1541 999 1839 1072 subscrip-

212 1093 352 1158 sit,et
365 1093 476 1148 hoc
500 1093 674 1148 modo
695 1090 886 1147 caeteri
910 1089 1524 1162 subseri-pserunt.Sed
1547 1094 1604 1145 et
1633 1087 1840 1144 talium

215 1182 450 1251 nomina,
485 1181 542 1237 id
573 1185 664 1237 est
695 1181 754 1236 in
786 1179 993 1236 haeresi
1023 1178 1491 1252 permanentium
1543 1179 1616 1234 de
1660 1176 1842 1234 sacris

213 1269 441 1343 dypticis
471 1270 654 1336 eradi,
687 1275 746 1325 et
773 1271 832 1326 in
871 1268 1128 1324 Ecclesia
1175 1267 1410 1340 penitus
1458 1265 1655 1335 taceri,
1690 1265 1842 1322 sicut

214 1361 471 1433 perpetuo
503 1358 917 1414 damnatorum
949 1357 1022 1413 ab
1045 1357 1390 1413 auctoritate
1413 1355 1696 1412 divinitus
1718 1372 1846 1428 pro-

214 1449 456 1521 mulgata
486 1447 926 1521 praecipiuntur.
951 1447 1113 1504 Sicut
1134 1445 1402 1502 Gelasius
1422 1462 1574 1520 papa
1604 1445 1663 1500 in
1695 1445 1843 1518 epis-

213 1540 310 1595 tola
337 1538 410 1593 ad
443 1536 837 1610 Euphemium
869 1535 1581 1609 Constantinopolitanum
1612 1535 1842 1607 episco-

212 1645 329 1700 pum
357 1627 538 1700 (epist.
551 1626 611 1698 9)
641 1626 1023 1694 demonstrat,
1045 1626 1281 1681 dicens:
1307 1648 1336 1675 «
1368 1624 1594 1693 Adhuc,
1628 1624 1838 1696 inquit,

211 1715 452 1788 queritis
481 1715 719 1788 quando
743 1715 917 1771 Fuerit
946 1714 1260 1770 damnatus
1283 1713 1720 1786 Acacius,quasi
1753 1730 1841 1769 re-

209 1821 340 1872 vera,
365 1804 603 1861 etiamsi
635 1820 773 1860 eum
803 1803 1003 1859 nullus
1036 1806 1168 1858 ante
1199 1804 1557 1869 damnasset,
1591 1819 1705 1856 non
1737 1802 1839 1857 ha-
1872 1835 1921 1903 Β

212 1894 380 1950 buerit
411 1895 485 1950 ab
517 1892 850 1949 orthodoxae
901 1897 958 1947 et
1005 1891 1336 1965 apostolicae
1386 1890 1842 1962 communionis,

212 1985 358 2054 cujus
391 1982 803 2055 praevaricator
848 1981 1069 2038 exstitit
1110 1986 1168 2037 et
1215 1983 1494 2047 desertor,
1528 1979 1841 2053 participa-

209 2072 343 2128 tione
371 2071 601 2129 secludi
627 2087 640 2126 :
683 2071 836 2128 sicut
864 2070 1044 2127 etiam
1075 2070 1339 2143 quilibet,
1375 2070 1472 2143 qui
1507 2070 1680 2125 fuerit
1711 2073 1845 2125 ante

210 2161 538 2227 catholicus,
567 2161 898 2233 cuicunque
931 2160 1134 2216 haeresi
1166 2157 1845 2227 communicans,merito

204 2251 492 2323 judicatur
519 2268 554 2306 a
583 2255 786 2307 nostra
816 2249 1094 2307 societate
1123 2250 1638 2318 removendus,aut
1657 2248 1716 2303 in
1741 2247 1844 2303 tali

211 2344 344 2396 sorte
371 2340 698 2395 defunctus
728 2340 881 2395 inter
910 2338 1329 2395 catholicorum
1365 2338 1605 2394 nomina
1655 2336 1844 2392 nulla-

209 2435 360 2485 tenus
377 2428 1029 2500 computari.Miramur
1049 2433 1242 2484 tamen
1267 2428 1558 2500 quomodo
1580 2427 1695 2483 ista
1720 2444 1846 2499 pro-

212 2519 353 2574 fertis
388 2534 406 2573 :
465 2517 574 2573 hoc
625 2523 734 2585 est,
772 2522 836 2573 ut
866 2518 1156 2590 synodum
1185 2517 1715 2573 Chalcedonensem
1745 2534 1846 2572 vos

211 2608 490 2680 suscipere
511 2624 615 2680 pro
645 2607 760 2663 ﬁde
789 2606 1074 2662 catholica
1095 2606 1569 2680 proﬁteamini,et
1587 2623 1686 2662 eos
1699 2622 1846 2678 quos

213 2697 496 2752 damnavit
525 2695 878 2752 sectantium
923 2696 1450 2752 communicatores
1483 2713 1597 2751 non
1629 2694 1850 2768 pariter

213 2784 661 2857 generaliterque
712 2784 930 2857 putetis
959 2785 1140 2840 fuisse
1185 2785 1514 2840 damnatos.
1547 2784 1848 2840 Ostendite

212 2889 349 2946 ergo,
373 2874 521 2946 quia
550 2873 810 2945 synodus
841 2873 900 2927 in
932 2890 1284 2947 unaquaque
1316 2873 1680 2940 haeresi,eum
1701 2889 1852 2928 erro-

213 2962 358 3017 ribus
386 2971 764 3019 successores
793 2977 994 3016 eorum
1026 2961 1120 3017 hic
1144 2962 1644 3018 communicantes
1670 2959 1854 3017 simul

212 3065 312 3106 non
339 3067 550 3108 omnes
579 3050 874 3106 damuarit
904 3055 960 3105 et
988 3049 1356 3123 compliccs.»
1391 3052 1461 3106 Et
1491 3051 1632 3105 item
1664 3050 1722 3104 in
1755 3068 1849 3106 ea-

210 3140 327 3195 dem
355 3139 680 3212 aliquando
713 3139 982 3211 superius
1007 3156 1020 3195 :
1055 3162 1083 3189 «
1120 3140 1351 3195 Petistis
1380 3139 1562 3213 igitur
1581 3138 1850 3212 perlitte-

2012 538 2122 655 pqt,
2152 536 2367 585 salutem
2396 551 2508 600 qua:
2537 536 2601 585 ab
2631 550 2730 591 uno
2759 539 2832 585 est
2873 538 3108 600 consequi
3152 552 3476 602 nequaquam
3515 554 3600 589 va-

2033 622 2058 655 e
2085 643 2096 655 .

2033 622 2096 655 ει.

2508 730 2731 769 Εριιοῦι
2772 730 2954 769 CAPUT
2992 731 3030 767 Ι.

2022 819 2306 884 Quoniam
2343 819 2583 891 quidem
2615 819 2786 893 longe
2818 819 3093 892 superius
3125 821 3363 891 quando
3402 825 3460 876 et
3499 821 3597 876 ub‘i

1950 907 2173 964 etunde
2186 909 2442 980 primum
2460 909 2579 964 haec
2593 908 3107 965 Praedestinatiana
3128 908 3364 964 haeresis
3380 912 3596 976 exorta,

1951 1002 2009 1052 et
2039 1014 2141 1070 per
2170 1015 2318 1070 quos
2348 1015 2414 1053 ac
2446 998 2700 1069 qualiter
2720 998 2796 1054 sit
2827 998 3044 1053 revicta
3062 997 3602 1063 monstravimus,et

1950 1085 2208 1158 capitula
2241 1104 2428 1159 nuper
2456 1087 2512 1141 in
2529 1088 2760 1160 Synodo
2787 1104 2957 1142 secus
2971 1089 3294 1143 Leucorum
3309 1087 3600 1143 civitatem

1950 1175 2182 1242 reiecta,
2217 1176 2497 1232 adversus
2524 1175 2831 1231 veritatem
2862 1176 3008 1232 falso
3040 1177 3371 1250 compilata,
3405 1175 3600 1248 Scrip-

1949 1268 2215 1319 turarum
2248 1268 2305 1320 et
2335 1265 2755 1321 catholicorum
2805 1266 3152 1322 auctoritate
3181 1264 3549 1322 ostendimus
3581 1280 3599 1320 ξ

1951 1358 2203 1426 quatuor
2233 1353 2616 1410 nihilominus
2662 1355 2920 1426 capitula
2969 1359 3170 1411 contra
3217 1353 3599 1410 Praedestina-

1948 1441 2142 1497 tianos
2173 1442 2397 1498 noviter
2418 1443 2958 1514 reexortos,quibus
2988 1442 3094 1497 hoc
3129 1447 3336 1515 printer
3356 1459 3602 1515 opuscu-

1951 1529 2072 1586 lum
2099 1548 2216 1604 quo
2237 1531 2702 1604 ista’excepimus
2725 1531 2914 1587 tribus
2931 1531 3144 1587 libellis
3166 1531 3602 1604 respondimus,

1950 1635 2018 1675 ex
2046 1619 2284 1674 Patrum
2316 1619 2489 1674 dic-tis
2517 1619 2756 1675 collecta
2778 1620 3105 1674 orthodoxae
3129 1620 3262 1675 ﬁdei
3281 1635 3604 1691 congruere

1950 1707 2150 1764 eadem
2184 1709 2531 1764 auctoritate
2563 1708 2872 1763 docuimus
2907 1725 2919 1764 :
2951 1710 3225 1780 quodque
3257 1709 3448 1764 omnis
3478 1708 3600 1763 hm-

1950 1796 2098 1852 resis
2131 1795 2310 1852 semel
2343 1797 2558 1852 revicta
2591 1813 2721 1852 cum
2748 1797 3084 1853 auctoribus
3117 1813 3182 1851 ac
3214 1796 3600 1853 sectatoribus

1954 1885 2078 1940 suis
2110 1887 2497 1958 perpetuo‘sit
2526 1886 2824 1951 damnata,
2857 1890 2914 1941 et
2943 1903 3057 1941 non
3091 1885 3308 1940 viritim
3351 1885 3411 1940 in
3444 1901 3609 1957 quase

1953 1974 2205 2030 stionem
2238 1975 2633 2047 suscipienda,
2668 1975 2767 2029 sed
2803 1991 2935 2029 mox
2967 1978 3031 2029 ut
3060 1973 3118 2028 in
3153 1973 3392 2029 sibilum
3424 1977 3604 2046 caput

1953 2062 2225 2118 leraverit
2257 2063 2673 2134 conculcanda,
2707 2068 2764 2118 et
2792 2063 2904 2135 ipsi
2945 2064 3073 2135 ejus
3120 2062 3415 2119 anhelitus
3442 2079 3610 2118 com-v

1953 2151 2244 2224 primendi
2282 2167 2293 2206 :
2330 2150 2650 2223 qualiterve
2680 2168 2714 2207 a
2742 2167 3094 2224 quacunque
3125 2150 3328 2207 haeresi
3363 2150 3607 2223 resipis~-

1955 2244 2150 2296 centes
2182 2239 2692 2312 suscipiantur,vel
2727 2240 2773 2295 si
2798 2240 3228 2312 permanserint
3250 2239 3604 2312 desipientes

1954 2329 2616 2398 anathematizentur,ex
2647 2330 2896 2385 decretis
2915 2329 3195 2386 divinitus
3218 2329 3604 2402 promulgatis

1955 2417 2320 2491 collegimus.
2342 2418 2496 2474 354
2523 2420 2657 2485 Quae
2687 2419 2885 2473 omnia
2917 2419 3034 2474 fors
3067 2422 3123 2474 et
3153 2422 3285 2490 apte
3308 2417 3612 2490 aliquibus

1956 2507 2028 2562 ad
2062 2506 2374 2579 legendum
2407 2506 2758 2578 plurima,ad
2793 2507 3304 2562 transcribendum
3325 2511 3522 2562 autem
3552 2506 3612 2562 si‘

1956 2595 2056 2667 qui
2087 2595 2372 2651 voluerint
2404 2594 2587 2650 nimia
2615 2595 3149 2661 videbuntur,sicut
3177 2597 3452 2667 despecta
3469 2595 3608 2667 quid

1957 2684 2206 2738 busdam
2221 2684 2747 2739 contradictoribus
2760 2684 2882 2739 visa
2903 2688 3042 2738 sunt
3061 2688 3314 2756 quatuor
3325 2700 3606 2739 memora-

1957 2777 2017 2827 ta
2038 2772 2306 2827 succince
2337 2771 2578 2827 collecta
2609 2771 2884 2844 capitula.
2911 2773 3172 2827 Tandem
3204 2771 3412 2844 epilogi
3446 2787 3613 2828 more

1959 2862 2191 2917 brevius
2221 2878 2288 2916 ex
2320 2859 2912 2933 praeedentibus,pro
2934 2860 3252 2933 legentium
3269 2877 3336 2915 ac
3353 2860 3608 2916 scriben-

1957 2950 2108 3005 tium
2141 2949 2506 3022 compendio,
2532 2949 2797 3020 quaedam
2826 2947 3097 3021 colligam
3114 2947 3479 3021 capitulatim
3503 2965 3606 3004 cu-

1961 3039 2242 3104 ravimus,
2275 3043 2338 3092 ut
2368 3036 2739 3109 simplicibus
2772 3036 2854 3091 ita
2882 3035 3001 3091 sint
3030 3037 3280 3108 cognita,
3314 3040 3609 3108 quatenus

1961 3127 2327 3199 sapientibus
2356 3143 2473 3181 non
2505 3126 2623 3181 sint
2651 3129 2980 3193 onerosa,et
3007 3143 3112 3198 per
3140 3141 3207 3180 ea
3236 3125 3415 3181 lector
3440 3124 3610 3181 facile

208 3245 310 3296 ras,
343 3206 496 3302 quas
529 3245 632 3301 per
659 3206 1028 3300 Simplicium
1062 3229 1377 3284 diaconum
1404 3206 1768 3297 destinastis,
1794 3233 1851 3283 et
1880 3206 1926 3273 Ci
1959 3215 2146 3288 P035it
2177 3231 2525 3288 cognoscere
2557 3232 2685 3287 qua?
2717 3215 2794 3270 δίι
2823 3215 3034 3270 "emas
3065 3214 3134 3268 de
3165 3213 3532 3301 Ρτωεείθηῖίθη
3552 3219 3612 3270 3t

207 3317 268 3372 de
293 3317 382 3374 his
410 3333 568 3390 quos
598 3316 887 3372 ordinavit
915 3317 1183 3384 Aeacius,
1215 3316 1850 3394 majorum-traditione

205 3407 608 3474 contectam,et
634 3409 962 3460 vestrarum
982 3405 1269 3478 praecipue
1302 3406 1606 3479 regionum
1641 3405 1851 3461 sollici-

205 3495 380 3551 tudini
412 3497 575 3553 858
593 3499 796 3551 vestrae
828 3512 1148 3568 congruam
1181 3495 1572 3568 praeberemus
1595 3495 1721 3550 sine
1739 3495 1849 3550 dif-

206 3583 458 3641 ﬁcultate
479 3583 986 3650 medicinam.Quo
1008 3601 1117 3640 nos
1135 3584 1312 3640 vultis
1334 3584 1490 3640 ultra
1506 3585 1852 3640 condescen-

181 3659 356 3730 dere?
370 3674 523 3745 quid
545 3673 780 3730 tacetis?
791 3673 930 3746 quid
963 3673 1434 3730 verecundamini
1457 3672 1648 3730 verbis
1669 3672 1854 3746 expri-

207 3777 350 3818 mere
359 3764 519 3836 quod
536 3763 711 3818 corde
723 3763 968 3835 gestatis
979 3763 1007 3817 ‘?
1024 3763 1268 3836 lpsavcs
1283 3762 1488 3818 saltem
1501 3762 1852 3818 verecundia

206 3866 369 3922 quam
403 3851 681 3925 iniquum
714 3853 791 3906 sit
821 3851 1023 3930 debuit
1068 3869 1459 3907 commonere.
1496 3853 1574 3907 An
1607 3852 1849 3907 forsitan

207 3943 265 3994 at
291 3940 723 4008 hareticorum,
747 3941 1301 4013 damnatorumque,
1324 3945 1380 3997 et
1407 3941 1500 3996 his
1529 3940 1617 3995 vel
1648 3955 1849 3995 eorum

204 4030 640 4086 successioribus
665 4031 1235 4086 communicantium
1264 4030 1507 4086 nomina
1527 4029 1851 4108 consentia-

206 4133 328 4173 mus
358 4119 648 4175 admitti?
676 4119 794 4174 Hoc
829 4136 945 4174 non
976 4123 1064 4174 est
1108 4119 1572 4174 condescendere
1605 4118 1676 4172 ad
1711 4117 1848 4173 sub-

201 4208 569 4277 veniendum,
599 4209 701 4264 sed
737 4208 1031 4264 evidenter
1055 4208 1125 4264 ad
1157 4207 1385 4264 inferna
1414 4206 1680 4279 dimergi.
1715 4206 1850 4262 Par-

204 4295 324 4364 cite,
358 4315 583 4370 quaaso,
617 4302 677 4353 et
705 4296 874 4353 nobis
906 4301 961 4353 et
991 4295 1175 4365 vobis,
1203 4320 1229 4345 ››
1261 4300 1318 4353 ct
1346 4296 1670 4368 sequentia.

743 4483 976 4541 CAPUT
1014 4483 1306 4540 XXXVIII.

196 4626 436 4692 Sequitur
469 4627 684 4678 tandem
715 4629 869 4678 totius
895 4627 974 4678 rei
1017 4627 1228 4692 digesta
1269 4641 1334 4677 ea:
1380 4629 1603 4691 quatuor
1655 4627 1853 4692 capitu-

255 4698 332 4757 lis,
366 4701 617 4763 quoniam
664 4700 874 4764 quintus
906 4699 969 4748 de
1015 4698 1267 4762 baptismo
1314 4699 1369 4747 in
1416 4697 1509 4747 hoc
1555 4702 1739 4762 quarto
1787 4699 1851 4747 de

255 4769 623 4836 Redemptione
682 4769 877 4819 Christi
943 4771 1252 4831 continetur,
1317 4768 1566 4834 Epilogus
1626 4771 1850 4820 succinte

253 4842 582 4904 compositus,
615 4843 805 4890 utnon
836 4839 1018 4890 debeat
1059 4840 1297 4904 καιςίίάὶνί
1324 4839 1624 4905 legentibus,
1659 4856 1689 4889 a
1736 4857 1852 4891 con-

215 4934 222 4938 -
253 4911 603 4961 trodictorum
632 4926 765 4961 verus
790 4911 916 4975 ﬁdei
938 4912 1266 4975 recponsione
1317 4912 1562 4961 laciniosa
1608 4916 1850 4972 remotus,

252 4983 426 5034 volens
452 4998 648 5033 sanare
676 4997 825 5047 quem
855 4983 1179 5034 demonstrat.
1204 4984 1468 5048 trigesimo
1505 4987 1681 5034 octavo
1710 4987 1852 5048 capi-

252 5053 376 5110 tulo,
407 5070 473 5103 ac
500 5055 550 5102 si
576 5056 796 5117 triginta
826 5057 876 5103 et
904 5057 1014 5103 octo
1043 5056 1198 5105 annis
1219 5055 1482 5121 jacentem
1527 5055 1854 5120 languidum,

251 5123 387 5173 male
414 5127 730 5175 sententiam
758 5125 946 5174 scilicet
983 5125 1211 5186 chorum,
1243 5130 1342 5176 duo
1390 5126 1454 5176 de
1496 5128 1849 5191 quadraginta

249 5209 493 5256 numero,
521 5198 616 5260 qui
640 5196 767 5260 legis
795 5197 1035 5259 decalogo
1062 5213 1157 5262 per
1200 5205 1422 5262 quatuor
1467 5199 1633 5248 sancti
1678 5200 1849 5248 Evan-

248 5268 386 5339 gelii.
405 5267 570 5316 libros
599 5266 858 5331 inridetur,
891 5269 1061 5317 minus
1090 5267 1380 5339 habentem,
1410 5272 1459 5318 et
1501 5283 1532 5317 a
1581 5269 1851 5319 dilectione

249 5337 343 5385 De:
375 5352 442 5386 ar
465 5339 717 5401 proximi,
749 5353 902 5403 quam
933 5339 1060 5402 legis
1088 5337 1289 5404 pariter
1316 5344 1365 5390 et
1397 5339 1666 5404 Evangelii
1687 5342 1850 5405 scrip-

249 5411 366 5456 tura
397 5409 750 5470 commendat,
780 5425 992 5458 vacuum
1016 5411 1351 5460 incedentem.
1383 5413 1443 5461 In
1471 5427 1570 5477 quo
1599 5412 1714 5462 licet
1737 5412 1853 5476 plu-

246 5495 327 5528 res
381 5481 500 5528 sint
545 5480 716 5540 choro,
766 5481 812 5528 si
858 5482 1174 5546 acquiescere
1218 5484 1430 5533 veritati
1484 5487 1851 5547 consenserint,

246 5552 399 5616 quasi
440 5565 578 5601 unus
622 5552 995 5616 recuperabunt
1041 5555 1093 5602 in
1142 5555 1340 5604 unitate
1379 5554 1506 5619 ﬁdei
1553 5557 1850 5607 sanitatem.

247 5623 380 5688 Quia
404 5625 609 5690 preter
661 5623 913 5676 unitatem
958 5623 1217 5677 catholicae
1255 5625 1382 5693 ﬁdei
1424 5626 1599 5678 nullus
1644 5627 1853 5680 cuilibet

1959 3305 2470 3377 prindestinatione
2500 3304 2622 3372 Dei,
2644 3305 2715 3360 de
2746 3303 2935 3376 gratia
2963 3308 3021 3359 et
3049 3302 3229 3359 libero
3260 3297 3608 3369 arbitrio,de

1958 3411 2024 3450 eo
2055 3394 2210 3465 quod
2249 3399 2396 3449 Deus
2427 3393 2751 3449 secundum
2783 3391 3129 3466 Apostolum
3145 3391 3490 3448 vultomnes
3510 3391 3610 3448 ho-

1960 3483 2150 3538 mines
2177 3481 2368 3538 salvos
2400 3482 2542 3550 ﬁeri,
2566 3480 2700 3537 licet
2723 3498 2837 3537 non
2871 3498 3075 3537 omnes
3103 3481 3418 3549 salventur,
3452 3486 3509 3536 et
3537 3481 3610 3536 de

1959 3589 2025 3628 eo
2056 3572 2212 3644 quod
2235 3571 2505 3626 Christus
2534 3587 2638 3642 pro
2668 3569 2943 3626 omnibus
2975 3587 3186 3642 passus
3211 3569 3306 3638 sit,
3327 3568 3465 3625 licet
3490 3586 3607 3625 non

1959 3677 2164 3716 omnes
2190 3660 2480 3732 passionis
2505 3661 2632 3731 ejus
2665 3659 2963 3715 salventur
2992 3658 3458 3732 mystcrio.Und’e
3475 3657 3614 3730 quia

1960 3766 2191 3821 cunque
2212 3748 2382 3820 plura
2402 3749 2734 3804 desiderant
2751 3752 2963 3804 cuncta
2981 3746 3283 3820 superiora
3305 3745 3520 3819 legant.
3544 3746 3608 3802 Si

1958 3856 2092 3894 vero
2123 3839 2243 3894 haec
2275 3837 2769 3910 sufﬁeientiaquze
2792 3841 3123 3910 sequuntur
3141 3835 3226 3892 eis
3248 3835 3604 3901 suﬁ'ecerint,

1960 3927 2030 3982 de
2063 3926 2153 3981 his
2177 3927 2352 3982 fidem
2373 3927 2816 3982 accommodent
2835 3925 3066 3980 veritati
3090 3924 3412 3997 praedicata:
3426 3924 3497 3978 ab
3513 3922 3610 3979 his

1961 4015 2094 4070 ﬁdei
2127 4020 2185 4071 et
2213 4015 2530 4070 sinceritati
2565 4014 2950 4070 catholicae.Si
2975 4015 3108 4086 quis
3127 4030 3259 4068 vero
3281 4029 3450 4069 secus
3473 4029 3605 4068 sen-

1958 4105 2131 4170 tiens,
2165 4104 2488 4159 seeundum
2512 4104 2759 4158 formam
2793 4103 2852 4157 in
2887 4101 3146 4174 proxime
3176 4101 3472 4156 distinctis
3510 4117 3605 4156 ca-

1961 4191 2166 4265 pitulis
2191 4209 2260 4248 ex
2289 4193 2632 4248 auctoritate
2661 4191 3057 4248 ecclesiastica
3097 4189 3603 4262 comprehensam,

1961 4280 2598 4354 episcOpachonsensu
2646 4280 2734 4336 vcl
2784 4278 3048 4353 synodali
3095 4279 3346 4349 decreto,
3380 4281 3614 4333 servato

1962 4387 2066 4444 per
2093 4370 2292 4426 omnia
2323 4369 2624 4443 privilegio
2643 4374 2855 4425 sanctae
2888 4366 3186 4424 catholica:
3200 4370 3257 4422 et
3277 4364 3607 4438 apostolica

1962 4446 2234 4516 Romanis
2266 4459 2554 4531 Ecclesiae,
2582 4463 2640 4515 et
2676 4457 2862 4531 ipsius
2893 4456 2950 4511 in
2982 4460 3102 4512 toto
3133 4455 3270 4512 orbe
3316 4459 3616 4510 terrarum

1962 4549 2164 4620 primae
2199 4548 2355 4603 sedis
2385 4546 2697 4619 pontiﬁcis,
2731 4545 3080 4614 consentire,
3114 4548 3172 4600 et
3218 4560 3352 4600 cum
3401 4547 3610 4599 sancta

1961 4637 2246 4695 catholica
2279 4640 2336 4692 et
2363 4635 2682 4708 apostolica
2711 4635 2936 4691 unitate
2967 4633 3264 4708 suscipere
3312 4633 3432 4690 sive
3461 4632 3606 4688 sub-

1959 4727 2213 4784 scribere
2245 4725 2668 4794 detrectaverit,
2702 4725 2828 4798 ipse
2858 4725 2930 4781 ab
2957 4726 3086 4796 ejus
3133 4740 3196 4780 se
3243 4739 3523 4796 compage
3553 4725 3618 4778 et’

1960 4817 2205 4874 unitatis
2231 4820 2494 4873 secernet
2525 4814 2960 4883 communione,
2995 4815 3166 4886 cujus
3194 4829 3324 4869 esse
3354 4811 3610 4868 noluerit

1960 4907 2156 4964 socius
2185 4904 2682 4978 disciplinaeNam
2713 4919 2945 4975 semper
2973 4903 3056 4959 sic
3089 4902 3296 4959 habuit
3325 4900 3610 4958 catholica

1962 4996 2154 5052 omnis
2185 4993 2533 5066 Ecclesia,ut
2564 4992 2662 5066 qui
2694 4994 2750 5049 in
2777 5010 2896 5050 una
2927 4992 3340 5049 communione
3372 5006 3610 5046 consen-

1962 5085 2137 5155 tiunt,
2170 5101 2286 5140 uno
2317 5085 2607 5157 dogmate,
2643 5100 2759 5138 una
2798 5083 3100 5149 charitate,
3135 5098 3251 5138 uno
3300 5081 3619 5134 teneantur

1959 5174 2396 5231 assensu.Sicut
2426 5171 2582 5229 enim
2615 5171 2954 5228 communio
2987 5175 3043 5227 et
3074 5187 3141 5226 ex
3171 5167 3445 5225 omnibus
3469 5165 3607 5221 offe-

1958 5263 2224 5320 rentibus
2257 5280 2373 5318 una
2405 5262 2565 5328 fit,et
2594 5279 2710 5318 una
2742 5262 2891 5317 redit
2914 5261 2972 5316 in
3003 5257 3420 5323 omnibus,non
3445 5257 3608 5327 parte

1958 5369 2252 5426 corporea,
2288 5352 2388 5408 sed
2437 5351 2654 5408 virtute
2703 5350 2901 5406 divina
2933 5367 2946 5405 :
2979 5348 3064 5404 sic
3113 5343 3472 5401 unanimitas
3506 5359 3616 5416 per

1958 5458 2164 5498 omnes
2193 5440 2276 5495 illi
2311 5439 2812 5498 communicantes
2841 5436 3095 5494 excurrit
3127 5451 3140 5489 :
3175 5432 3331 5505 quod
3363 5432 3611 5488 demen-‘

1959 5533 2182 5585 stratur
2207 5529 2410 5584 tunica
2439 5526 2774 5596 Salvatoris,
2797 5541 2924 5597 quae
2956 5519 3326 5578 inconsutilis
3357 5524 3482 5578 erat
3513 5521 3612 5577 dea

1961 5635 2139 5696 super
2165 5621 2432 5677 contexta
2481 5634 2584 5692 per
2630 5618 2839 5684 totum,
2874 5613 2943 5670 de
2980 5627 3095 5689 qua
3125 5609 3364 5683 milites,
3399 5613 3616 5672 caetera"
