3962 6178
237 327 333 387 421

783 480 1005 519 εριιοαῐ
1043 480 1226 520 CAPUT
1264 482 1324 520 Ῑῐ.

237 549 362 610 Quid
379 551 449 598 sit
478 551 618 600 inter
644 552 868 615 gratiam
899 555 947 600 et
971 553 1496 617 prmdestinationem,
1516 556 1564 601 et
1594 553 1728 601 inter
1737 567 1874 615 prse-

603 625 868 672 scientiam
899 627 947 672 et
981 624 1498 688 predestinationem.

294 727 667 799 Augustinus
698 728 757 784 in
789 728 935 784 libro
967 731 1037 784 de
1085 731 1594 802 przedestinatione
1644 735 1873 786 sancto-

238 833 353 870 rum
389 816 531 888 (βαρ.
572 819 658 883 10)
688 817 830 873 dicit
864 836 876 874 ε
916 819 1031 874 «Si
1077 820 1432 875 discutiatur
1477 823 1534 875 et
1581 825 1877 892 queeratur

237 905 380 960 unde
412 905 668 978 quisque
698 907 773 962 sit
802 908 1036 980 dignus,
1061 926 1176 964 non
1211 909 1426 964 desunt
1447 909 1546 980 qui
1570 910 1768 964 dicant
1787 927 1878 965 vo-

237 993 453 1051 luntate
485 995 768 1064 humana,
789 1015 896 1053 nos
917 1003 1112 1054 autem
1145 998 1397 1054 dicimus
1423 998 1609 1071 gratia
1629 999 1714 1054 vel
1743 1017 1878 1070 pra:-

235 1082 622 1140 destinatione
652 1085 868 1157 divina,
902 1087 1058 1143 Inter
1086 1087 1334 1159 gratiam
1359 1104 1529 1159 porro
1551 1092 1608 1143 et
1629 1089 1877 1160 praedes-

236 1171 577 1229 tinationem
609 1174 718 1230 hoc
748 1180 979 1231 tantum
1001 1177 1421 1248 interest,qnod
1446 1177 1878 1249 przedestinatio

237 1266 313 1317 est
341 1261 548 1332 gratiae
579 1264 1138 1336 praeparatio,gratia
1165 1283 1298 1322 vero
1321 1266 1447 1337 jam
1472 1266 1600 1338 ipsa
1620 1266 1876 1322 donatio.

241 1352 393 1416 Quod
427 1350 628 1424 itaque
661 1351 743 1408 ait
767 1353 1113 1425 Apostolus:
1137 1355 1254 1410 Non
1283 1371 1353 1410 ex
1379 1355 1724 1426 operibus,ne
1742 1357 1882 1426 forte

241 1443 351 1512 quis
383 1441 702 1496 extollatur.
734 1443 913 1513 Ipsius
940 1444 1089 1498 enim
1117 1460 1307 1499 sumus
1345 1445 1682 1514 ﬁgmentum,
1715 1447 1881 1500 creati

240 1532 290 1584 in
319 1530 537 1585 Christo
563 1531 690 1586 Iesu
720 1532 779 1585 in
808 1532 1060 1603 operibus
1108 1532 1260 1588 bonis
1291 1533 1514 1604 (Ephes.
1547 1551 1606 1600 ιι,
1639 1535 1714 1604 9),
1747 1551 1878 1606 gra-

239 1619 310 1673 tia
340 1622 451 1674 est.
489 1619 652 1685 Quod
687 1624 882 1675 autem
917 1621 1204 1692 sequitur,
1228 1622 1362 1689 Qua:
1387 1625 1722 1694 praeparavit
1739 1625 1880 1680 Deus

237 1709 368 1762 utin
393 1709 513 1762 illis
523 1708 884 1772 ambulemus,
895 1709 1327 1780 praedestinatio
1341 1715 1581 1782 est,quaa
1595 1711 1721 1766 sine
1735 1730 1878 1784 prae-

942 332 1042 392 DE
1085 328 1849 393 PB/EDESTINA'HONE
1892 327 2414 393 DISSERTATIO
2459 333 2921 398 POSTERIOR.

1905 463 1958 528 Α
1995 461 2317 532 periturum
2351 464 2671 536 praescivit;
2708 468 2807 538 qui
2839 485 2954 524 non
2985 470 3111 526 ideo
3155 473 3303 544 perit
3349 476 3629 546 quoniam

3512 344 3630 405 422

1985 550 2136 603 Deus
2168 549 2334 606 illum
2369 553 2692 624 periturum
2728 556 3036 626 prmseivit,
3055 560 3155 614 sed
3178 561 3316 631 quia
3337 564 3632 634 periturus

1982 644 2125 706 erat,
2174 640 2326 696 Deus
2375 643 2574 698 omnia
2621 644 2814 699 sciens
2873 645 3049 702 etiam
3099 654 3413 721 antequam
3466 655 3627 722 fiant,

1983 727 2149 783 illum
2186 729 2510 801 periturum
2545 733 2852 803 prmscivit.
2879 735 2945 788 Et
2976 740 3040 789 ut
3072 752 3186 790 non
3219 737 3372 794 Deus
3405 744 3634 812 praescit

1984 817 2096 872 nisi
2130 820 2283 889 quod
2323 824 2412 876 est
2460 822 2698 876 omnino
2747 822 3034 890 futurum,
3069 823 3152 879 ita
3198 827 3353 897 quod
3404 832 3635 900 przescit

1985 923 2100 961 non
2133 912 2321 979 potest
2353 927 2467 965 non
2501 927 2627 966 esse
2661 911 2946 966 futurum.

2060 997 2200 1050 lluic
2251 997 2568 1069 perspicua:
2625 999 2853 1055 veritati
2909 1002 3323 1059 contradicunt
3371 1005 3635 1061 moderui

1987 1084 2262 1154 haeretici,
2295 1092 2621 1142 asserentes
2660 1089 2938 1160 reprobos
2968 1107 3002 1145 a
3034 1091 3149 1146 Deo
3200 1097 3266 1147 ut
3314 1093 3632 1164 praescitos,

1987 1173 2068 1228 ita
2088 1179 2144 1228 et
2167 1175 2237 1228 ad
2275 1174 2576 1230 interitum
2610 1177 3152 1248 praedestinatosEt
3171 1182 3463 1238 contraria
3483 1187 3640 1239 vete-

1988 1279 2080 1317 res
2097 1270 2408 1318 senserunt
2424 1265 2917 1321 Przedestinatiani
2929 1267 3208 1333 ,dicentes
3228 1269 3414 1326 Deum
3426 1287 3637 1327 secun-

1989 1352 2130 1406 dum
2163 1352 2585 1424 praescientiam
2620 1355 2908 1426 perituros
2939 1357 3458 1415 damnare.Contra
3487 1377 3636 1432 quos

1989 1446 2227 1496 sanctus
2279 1443 2642 1514 Augustinus
2693 1443 2754 1498 iu
2799 1443 2947 1499 libro
2999 1446 3069 1500 de
3120 1446 3636 1507 Prmdestinatione

1989 1534 2349 1596 sanctorum,
2382 1547 2678 1602 exponens
2705 1532 3052 1588 sententiam
3087 1535 3398 1606 Scriptura:
3443 1538 3586 1593 dicit
3619 1555 3633 1596 :

1989 1641 2017 1668 «
2053 1619 2252 1690 Raptus
2283 1629 2361 1675 est
2381 1635 2451 1675 ne
2477 1622 2695 1675 malitia
2722 1629 2956 1676 mutaret
2986 1624 3318 1679 intellectum
3344 1627 3460 1698 ejus
3481 1627 3634 1699 (Sap.

1989 1725 2065 1770 ιν,
2103 1710 2209 1774 11).
2246 1708 2361 1762 Hoc
2394 1709 2616 1763 dictum
2648 1714 2756 1775 est,
2783 1709 2993 1780 inquit,
3020 1713 3348 1769 secundum
3379 1715 3639 1786 pericula

239 1797 478 1852 scientia
509 1814 624 1852 non
647 1802 836 1868 potest
859 1815 1004 1862 esse,
1026 1803 1215 1869 potest
1233 1803 1428 1854 autem
1447 1815 1575 1855 esse
1593 1800 1716 1856 sine
1736 1819 1878 1874 prze-
1914 1824 1963 1889 Β
1992 1795 2122 1850 vita
2153 1795 2350 1867 hujus.
2386 1813 2500 1852 ηοῐλ
2545 1799 2870 1852 secundum
2921 1799 3347 1869 Ρΐίθεθίθηιίειηι
3381 1802 3504 1873 Dei,
3537 1804 3637 1875 qui

245 1886 639 1942 destinatione
695 1886 1078 1958 priescientia.
1113 1888 1624 1944 Przedestinatione
1669 1889 1888 1963 quippe
1918 1884 1955 1889 ”
1997 1884 2104 1938 hoc
2138 1884 2424 1956 priescivit
2453 1886 2606 1957 quod
2637 1887 2899 1941 futurum
2951 1893 3094 1954 erat,
3131 1906 3244 1944 non
3293 1891 3448 1962 quod
3482 1893 3637 1949 858

246 1975 555 2030 Deu3857
575 1975 1000 2047 praescivitquze
1015 1976 1202 2031 fuerat
1217 1977 1338 2047 ipse
1354 1977 1891 2046 facturus,undedi-

241 2069 394 2118 ctum
427 2068 520 2120 est
553 2080 566 2118 :
600 2066 744 2120 Fecit
785 2079 908 2136 qua?
951 2067 1143 2136 futura.
1188 2074 1334 2121 sunt.
1371 2066 1642 2122 Praescire
1691 2073 1885 2124 autem

241 2157 442 2223 potens
472 2155 564 2208 est
592 2151 768 2207 etiam
801 2169 928 2224 qua:
959 2153 1084 2223 ipse
1116 2169 1231 2207 non
1267 2152 1583 2220 facit,sicut
1612 2171 1884 2226 quzecun-

239 2258 343 2312 que
375 2240 793 2312 peccata.Quia
813 2241 919 2296 etsi
946 2245 1085 2296 sunt
1107 2243 1376 2313 quaedam
1401 2260 1526 2314 quae
1549 2243 1630 2298 ita
1651 2250 1886 2315 peccata

238 2336 369 2384 sunt
400 2334 468 2386 ut
502 2347 684 2402 pcena
713 2329 831 2384 sint
861 2330 1035 2385 etiam
1061 2335 1454 2402 peccatorum,
1476 2333 1630 2387 unde
1660 2333 1883 2388 dictum

237 2424 346 2474 est:
376 2418 627 2474 Tradidit
647 2420 770 2475 illos
793 2420 932 2474 Deus
955 2420 1014 2474 in
1034 2420 1327 2491 reprobum
1345 2429 1577 2476 mentem
1599 2429 1658 2476 ut
1674 2423 1887 2493 faciant

236 2523 352 2580 que
376 2525 490 2564 non
519 2509 854 2564 conveniunt
883 2509 1054 2580 (Rom.
1090 2526 1128 2576 ι,
1161 2510 1272 2581 28),
1305 2526 1420 2564 non
1452 2511 1532 2566 ibi
1578 2517 1880 2582 peccatum

238 2597 326 2652 Dei
358 2602 470 2664 est,
505 2598 607 2652 sed
632 2596 948 2669 judicium.
981 2598 1263 2663 Quocirca
1294 2599 1727 2670 praedestinatio
1760 2600 1882 2670 Dei,

237 2704 354 2758 qua:
386 2687 448 2741 in
474 2687 626 2741 bono
647 2686 959 2759 est,gratize
982 2690 1072 2740 est
1097 2691 1162 2740 ut
1184 2685 1297 2740 dixi
1325 2687 1884 2758 prmparatio,gratia

236 2792 359 2830 vero
391 2782 487 2831 est
515 2775 704 2848 ipsius
731 2774 1258 2846 praedestinationis
1290 2776 1549 2830 effectus.
1582 2798 1610 2825 ››
1644 2777 1713 2830 Et
1744 2777 1882 2830 Pro—

237 2881 364 2936 sper
394 2869 604 2920 contra
632 2863 827 2920 Gallos
855 2864 1084 2920 actione
1113 2881 1186 2918 xv
1219 2880 1232 2918 :
1263 2888 1290 2913 «
1325 2865 1580 2919 Dubium
1627 2881 1738 2919 non
1772 2869 1882 2932 est,

236 2950 357 3006 sine
389 2950 516 3006 ulla
544 2949 852 3023 temporali
900 2949 1228 3006 differentia
1278 2952 1458 3006 Deum
1497 2956 1554 3006 et
1584 2951 1884 3024 praescisse

236 3040 408 3096 simul
440 3043 498 3094 et
530 3039 979 3111 praedestinasse
1009 3056 1134 3111 quae
1165 3038 1292 3112 ipso
1324 3044 1492 3095 erant
1534 3045 1768 3096 auctore
1800 3041 1882 3096 fa-

234 3129 457 3196 cienda,
479 3127 570 3184 vel
601 3145 730 3201 quae
753 3127 926 3184 malis
948 3129 1347 3199 meritisjusto
1369 3129 1773 3200 erantjudicio
1796 3147 1882 3185 re-

1996 1974 2261 2028 l‘uturum
2295 1991 2410 2027 non
2441 1979 2586 2041 erat,
2619 1974 2677 2028 id
2708 1979 2816 2041 est,
2850 1977 3004 2045 quod
3035 1975 3086 2030 ei
3133 1982 3379 2034 mortem
3428 1979 3638 2036 imma-

1995 2067 2188 2117 turam
2222 2062 2410 2116 fuerat
2439 2061 2756 2134 largiturus
2791 2068 2854 2118 ut
2899 2065 3281 2122 tentationem
3331 2068 3638 2125 subtrahe-

1995 2155 2155 2205 retur
2183 2151 2425 2216 incerto,
2459 2168 2575 2206 non
2605 2151 2760 2222 quod
2794 2152 3090 2222 periturus
3121 2157 3276 2209 esset
3321 2153 3423 2226 qui
3473 2173 3639 2211 man-

1994 2257 2169 2294 surus
2201 2239 2257 2293 in
2291 2240 2611 2294 tentatione
2643 2256 2757 2294 non
2790 2245 2964 2296 esset.
2997 2241 3076 2296 De
3121 2241 3230 2298 hac
3277 2245 3495 2317 quippe
3525 2245 3640 2300 vita

1992 2328 2206 2401 legitur
2237 2329 2294 2382 in
2327 2328 2475 2384 libro
2500 2329 2609 2384 Job
2646 2346 2658 2384 :
2691 2330 2952 2402 Nunquid
2980 2347 3091 2386 non
3137 2335 3358 2388 tentatio
3405 2341 3484 2388 est
3528 2336 3642 2390 vita

1993 2417 2235 2472 humana
2285 2435 2450 2490 super
2497 2426 2699 2474 terram
2745 2421 2928 2487 (10b1,
2956 2421 3058 2488 7)?
3090 2443 3118 2471 »
3150 2425 3208 2476 et
3256 2420 3396 2476 item
3447 2421 3590 2477 dicit
3621 2439 3635 2478 :

1993 2530 2019 2555 «
2055 2506 2112 2560 Si
2144 2507 2299 2561 enim
2325 2506 2736 2576 judicarentur
2773 2507 3044 2564 homines
3095 2527 3196 2581 pro
3246 2511 3470 2567 meritis
3520 2528 3639 2568 sua:

1990 2595 2141 2662 vitae,
2175 2611 2302 2666 qua:
2332 2611 2443 2650 non
2479 2596 2812 2651 habuerunt
2844 2601 3027 2652 morte
3071 2599 3365 2670 praeventi,
3398 2601 3497 2655 sed
3532 2601 3638 2656 ha-

1992 2684 2167 2738 bituri
2201 2689 2397 2738 essent
2421 2684 2468 2738 si
2501 2685 2778 2749 viverent,
2812 2685 2959 2740 nihil
2993 2687 3292 2758 prodesset
3313 2689 3364 2742 ei
3389 2688 3487 2760 qui
3515 2706 3639 2761 rap-

1993 2778 2087 2826 tus
2117 2779 2206 2827 est
2241 2790 2311 2827 ne
2345 2772 2570 2827 malitia
2596 2778 2849 2828 mutaret
2897 2774 3259 2834 intellectum
3312 2777 3460 2848 ejus,
3495 2777 3640 2832 nihil

1991 2861 2294 2933 prodesset
2322 2861 2406 2916 eis
2436 2861 2536 2932 qui
2566 2860 2716 2932 lapsi
2749 2863 3099 2929 moriuntur,
3121 2863 3170 2918 si
3189 2869 3322 2919 ante
3346 2881 3639 2922 moreren-

1991 2954 2120 3016 tur;
2155 2950 2308 3021 quod
2344 2949 2541 3003 nullus
2571 2949 2759 3004 dicere
2803 2950 3175 3006 Christianus
3207 2951 3466 3007 audebit.
3504 2976 3531 3000 ››
3560 2954 3640 3010 De

1991 3055 2106 3110 quo
2137 3037 2456 3093 errantium
2485 3037 2808 3109 pernicioso
2838 3055 3030 3094 errore
3077 3039 3254 3096 latius
3304 3041 3521 3097 ibidem
3556 3043 3638 3120 fa-l

1992 3127 2391 3182 cundissimus
2449 3127 2652 3182 doctor
2698 3127 3053 3182 destruendo
3103 3126 3271 3182 illum
3321 3128 3637 3200 eloquitur.

233 3219 566 3284 tribuenda,
587 3216 887 3288 praescisse
909 3221 1103 3272 autem
1128 3218 1682 3285 tantummodo,non
1707 3217 1882 3273 etiam
1914 3194 1956 3260 (οἶ
1993 3217 2244 3272 Sanctus
2273 3233 2505 3288 quoque
2535 3216 2870 3287 Gregorius,
2904 3217 3192 3288 posterior
3221 3223 3500 3291 tempore,
3535 3221 3637 3276 sed

233 3305 835 3378 praedestinasse,quaa
869 3323 982 3360 non
1015 3323 1082 3362 ex
1111 3305 1238 3378 ipso
1270 3311 1437 3362 erant
1477 3322 1715 3361 causam
1747 3323 1880 3378 ope-

231 3394 476 3451 rationis
506 3394 1006 3450 habitura.Potcst
1018 3395 1217 3466 itaque
1233 3394 1359 3450 sine
1375 3395 1882 3467 prazdestinatione

229 3500 352 3540 esse
402 3483 795 3557 priescientia.
838 3483 1269 3555 praedestinatio
1318 3487 1512 3539 autem
1562 3483 1686 3538 sine
1737 3502 1879 3556 prai-

229 3574 476 3629 scientia
502 3590 633 3629 esse
665 3590 777 3629 non
809 3577 1020 3645 potest.
1054 3594 1083 3622 »
1115 3574 1184 3629 Et
1213 3573 1270 3627 in
1304 3573 1783 3646 recapitulatione
1814 3577 1882 3631 15

229 3669 431 3719 contra
463 3661 698 3719 Gallos:
719 3686 748 3712 «
769 3665 901 3728 Quae
919 3662 1077 3718 enim
1097 3678 1165 3717 ex
1187 3661 1285 3716 Dei
1309 3678 1548 3718 munere
1569 3662 1875 3732 habemus,

230 3758 284 3807 et
301 3770 431 3824 quae
457 3753 726 3825 praescita
753 3751 1172 3817 dicuntur,non
1192 3756 1440 3822 possunt
1457 3769 1568 3805 non
1593 3768 1720 3808 esse
1743 3770 1880 3824 prae-

227 3842 544 3909 destinata,
577 3845 635 3896 et
683 3857 810 3913 quae
869 3840 1283 3913 przedcstinata
1330 3839 1717 3912 appellantur,
1761 3859 1875 3896 non

229 3935 479 4002 possunt
508 3948 625 3986 non
659 3947 788 3986 esse
810 3929 1164 4002 prmscitaJn
1188 3929 1361 3984 malis
1385 3934 1580 3984 autem
1603 3931 1876 4002 operibus

229 4020 444 4075 nostris
479 4020 606 4074 sola
638 4019 1003 4091 priescientia
1033 4017 1134 4074 Dei
1164 4018 1540 4091 intelligenda
1568 4024 1657 4075 est
1689 4035 1701 4074 :
1736 4020 1878 4092 quia

228 4109 382 4164 sicut
412 4107 705 4182 przescivit
733 4111 791 4163 et
820 4107 1250 4179 prmdestinavit
1270 4124 1396 4179 quae
1419 4107 1545 4179 ipse
1567 4107 1785 4175 fecit,et
1812 4114 1878 4164 ut

226 4198 554 4254 faceremus
585 4197 768 4264 dedit,
800 4197 882 4251 ita
924 4195 1211 4268 praescivit
1256 4200 1484 4251 tantum
1535 4213 1650 4251 non
1698 4196 1873 4252 etiam

221 4285 818 4358 praedestinavit,quaa
851 4301 957 4340 nec
984 4285 1109 4356 ipse
1142 4284 1294 4350 fecit,
1319 4301 1424 4340 nec
1456 4288 1520 4340 ut
1550 4286 1874 4342 faceremus

218 4377 429 4450 exegit.
465 4399 494 4425 ››
524 4379 594 4431 Et
618 4375 678 4429 in
711 4373 860 4429 libro
886 4373 1320 4429 Sententiarum
1351 4390 1480 4445 cap.
1512 4375 1618 4428 379
1649 4390 1662 4428 :
1699 4398 1724 4423 α
1760 4375 1874 4430 Ne-

219 4465 441 4521 minem
475 4464 630 4520 Deus
655 4463 727 4518 ad
759 4462 1121 4535 peccandum
1153 4462 1326 4533 cogit,
1361 4461 1633 4533 praevidet
1676 4467 1872 4518 tamen

1992 3304 2150 3376 prior
2180 3304 2326 3375 loco,
2353 3304 2409 3359 in
2434 3304 2581 3360 libro
2603 3304 2884 3377 vigesimo
2907 3322 3060 3361 nono
3082 3305 3637 3381 Moralium,przede-

1991 3393 2367 3450 stinationem
2400 3391 2515 3459 Dei,
2548 3409 2674 3464 quae
2707 3393 2835 3448 sine
2864 3393 3226 3465 przescientia
3254 3411 3382 3450 esse
3406 3413 3520 3452 non
3541 3412 3639 3470 po-

1989 3487 2184 3547 test,et
2213 3498 2444 3554 semper
2474 3481 2532 3535 in
2565 3482 2716 3536 bono
2747 3483 3004 3554 est,quia
3027 3487 3128 3538 aut
3159 3485 3232 3540 ad
3264 3485 3484 3540 donum
3507 3503 3637 3558 per-

1987 3571 2133 3626 tinet
2163 3571 2493 3642 gratize,aut
2514 3571 2583 3626 ad
2613 3570 3402 3644 retributionemjustitizeﬁn
3423 3574 3636 3632 divinis

1987 3661 2282 3732 operibus,
2307 3677 2432 3731 quae
2455 3675 2687 3731 semper
2709 3660 2860 3714 bona
2885 3665 3044 3728 sunt,
3063 3661 3216 3718 inter
3240 3678 3368 3733 quae
3393 3679 3634 3735 compu-

1987 3753 2204 3815 tantur,
2220 3765 2352 3803 cum
2380 3766 2483 3820 per
2502 3748 2827 3803 indebitam
2853 3749 3103 3820 gratiam
3123 3750 3423 3806 salvantur
3442 3751 3633 3821 electi,

1984 3843 2042 3894 et
2073 3855 2176 3910 per
2205 3838 2459 3894 debitam
2485 3837 2779 3909 justitiam
2801 3839 3025 3910 reprobi
3051 3839 3488 3911 puniuntur,ita
3510 3858 3630 3896 ma-

1987 3927 2398 3983 nit‘estisssime
2431 3931 2719 3982 monstrat
2747 3929 2886 3999 (cap.
2913 3929 3020 3998 10),
3053 3929 3287 3984 dicens:
3311 3953 3337 3979 «
3363 3935 3510 3985 Deus
3530 3930 3632 4002 qui

1983 4017 2109 4072 sine
2126 4017 2291 4072 initio
2309 4033 2539 4088 semper
2553 4016 3089 4088 exstitit,przescivit
3107 4017 3176 4073 de
3199 4035 3260 4074 se
3273 4018 3380 4074 hoc
3401 4020 3554 4091 quod
3571 4019 3630 4076 in

1982 4112 2146 4162 utero
2165 4105 2422 4178 Virginis
2443 4121 2544 4178 per
2559 4105 2792 4160 initium
2813 4106 3168 4176 sumpsit;et
3184 4107 3325 4178 quia
3344 4107 3633 4178 praescivit

1984 4195 2308 4267 disposuit;
2340 4194 2478 4267 quia
2506 4194 2813 4266 disposuit,
2843 4193 2986 4249 nihil
3011 4196 3266 4265 profecto
3290 4196 3346 4250 in
3371 4196 3632 4252 humana

1984 4286 2171 4340 forma
2199 4286 2324 4340 sine
2347 4302 2454 4340 sua
2473 4283 2770 4339 voluntate
2789 4283 3472 4339 toleravit.Convincatur
3490 4301 3628 4357 ergo

1983 4391 2087 4429 cur
2118 4374 2189 4429 de
2213 4373 2457 4445 ﬂagellis
2478 4372 2602 4427 suis
2626 4371 2801 4426 homo
2823 4372 3090 4442 queritur
3109 4371 3207 4443 qui
3233 4376 3426 4426 ortum
3449 4389 3625 4430 usum

1983 4463 2252 4536 praescire
2283 4479 2396 4517 non
2430 4460 2639 4533 potuit,
2673 4460 2720 4514 si
2755 4459 2879 4531 ipse
2904 4459 3080 4514 etiam
3113 4459 3213 4531 qui
3233 4464 3427 4516 ortum
3450 4477 3626 4517 usum

215 4571 334 4622 eos,
371 4554 477 4627 qui
511 4552 749 4626 propria
778 4551 1074 4608 voluntate
1104 4551 1572 4622 peccabunLCur
1589 4567 1726 4624 ergo
1757 4569 1871 4608 non
1906 4565 1950 4629 D
1982 4553 2337 4628 prmsciendo
2361 4548 2739 4621 disposuit,et
2759 4566 2820 4604 se
2841 4549 2992 4603 inter
3012 4547 3279 4605 homines
3301 4550 3374 4605 ad
3398 4549 3628 4622 ﬂagella

212 4643 474 4700 vindicet
494 4644 700 4714 justus
729 4659 858 4713 qua:
889 4640 1009 4696 fieri
1031 4656 1146 4696 non
1179 4639 1334 4712 cogit
1358 4640 1678 4713 praescius?
1709 4641 1873 4697 Sicut

213 4734 373 4788 enim
409 4749 583 4788 nemo
614 4730 900 4788 memoria
930 4747 1039 4785 sua
1067 4729 1221 4803 cogit
1250 4731 1404 4785 facta
1433 4747 1561 4787 esse
1582 4747 1710 4802 qum
1734 4748 1871 4803 pra:-

213 4823 526 4889 terierunt,
561 4821 644 4877 sic
676 4821 832 4876 Deus
862 4819 1226 4893 priescientia
1269 4836 1377 4875 sua
1427 4837 1542 4875 non
1586 4819 1741 4893 cogit
1787 4821 1869 4876 fa-

215 4912 429 4967 cienda
457 4929 586 4983 quae
609 4911 806 4966 futura
826 4909 1057 4965 sunt.Et
1080 4909 1233 4964 sicut
1255 4909 1428 4964 homo
1452 4910 1718 4981 quiedam
1743 4926 1870 4981 quas

214 5001 348 5057 fecit
381 5000 677 5066 meminit,
699 5015 804 5054 nec
835 5005 1030 5054 tamen
1053 4999 1252 5054 omnia
1269 5015 1394 5070 quae
1414 4998 1682 5054 meminit
1702 4999 1867 5067 fecit;

212 5091 294 5145 ita
344 5091 508 5145 Deus
557 5088 758 5144 omnia
805 5105 1053 5160 quorum
1103 5088 1228 5160 ipse
1267 5092 1471 5143 auctor
1499 5093 1587 5143 est
1617 5087 1867 5161 praescit,

211 5197 316 5234 nec
350 5185 558 5235 tamen
589 5179 856 5234 omnium
890 5195 1015 5250 quae
1061 5177 1292 5250 przescit
1320 5176 1446 5249 ipse
1479 5182 1700 5242 auctor,
1733 5180 1822 5232 est
1852 5191 1866 5231 :

207 5283 474 5340 quorum
505 5273 700 5324 autem
743 5285 858 5323 non
906 5273 995 5323 est
1044 5266 1236 5322 malus
1284 5270 1505 5337 auctor,
1529 5266 1731 5337 justus
1780 5270 1871 5322 est

205 5358 388 5414 ultor.
419 5381 452 5406 ››
484 5357 665 5413 Nemo
696 5357 879 5429 igitur
905 5355 1270 5429 przescientia
1299 5355 1584 5423 Dei,sicut
1605 5371 1709 5410 nec
1733 5372 1870 5427 prae-

203 5445 611 5502 destinatiune
643 5444 1008 5518 ipsius,perit
1037 5461 1048 5501 :
1073 5445 1174 5500 sed
1199 5443 1300 5517 qui
1332 5444 1721 5516 perseveranti
1745 5443 1870 5498 inﬁ-

198 5536 457 5592 delitate
486 5533 574 5590 vel
615 5534 923 5607 iniquitate
973 5535 1271 5608 periturus
1318 5538 1461 5602 erat,
1495 5533 1648 5589 Deus
1697 5534 1868 5606 cujus

198 5621 517 5685 essentiali
550 5614 797 5684 scientia
823 5623 906 5684 nil
937 5621 1545 5703 praeterit,acciditque
1576 5622 1864 5696 futurum,

1981 4641 2342 4717 prazparavit.
2375 4661 2402 4690 »
2451 4638 2520 4692 Et
2568 4637 2708 4692 item
2758 4637 2875 4710 (lib.
2916 4654 3067 4706 xxxx,
3116 4654 3233 4710 cap.
3264 4640 3322 4707 7)
3357 4656 3370 4694 :
3405 4663 3432 4690 ‹‹
3472 4642 3626 4697 Tene.

1981 4735 2134 4790 brosa
2181 4731 2319 4787 ostia
2365 4729 2486 4800 (Job
2530 4743 2762 4792 xxxvm,
2805 4726 2896 4796 l7)
2928 4730 3069 4782 tunc
3126 4727 3411 4784 Dominus
3459 4727 3625 4796 vidit,

1980 4840 2113 4878 cum
2147 4819 2405 4876 claustra
2443 4815 2652 4872 inferni
2705 4821 3035 4887 penetrans,
3064 4815 3329 4873 crudeles
3380 4817 3624 4890 spiritus

1981 4909 2248 4984 perculit,
2282 4912 2338 4963 et
2383 4905 2590 4961 mortis
2622 4904 2963 4976 praapositos
2995 4905 3259 4962 moriend
3301 4906 3622 4964 damnavit.

1979 5000 2143 5067 Quod
2176 4997 2389 5054 idcirco
2419 5012 2534 5051 non
2565 4994 2756 5050 adhuc
2787 4994 2857 5050 de
2890 4995 3211 5063 futuro,sed
3229 4996 3357 5066 jam
3381 4995 3450 5050 de
3475 5013 3622 5066 pra:-

1978 5089 2150 5145 terito
2181 5084 2562 5157 dicitu-r,quia
2591 5083 2699 5138 hoc
2731 5083 2886 5155 quod
2918 5083 3181 5139 facturus
3203 5089 3326 5140 erat
3345 5083 3404 5137 in
3427 5099 3619 5154 opere,

1981 5178 2261 5233 nimirum
2285 5177 2410 5248 jam
2445 5175 2657 5229 fecerat
2689 5173 2746 5227 in
2771 5171 3330 5243 praedestinatione.»
3357 5173 3426 5227 Et
3447 5170 3620 5242 paulo

1979 5272 2136 5340 post:
2153 5289 2181 5315 «
2198 5265 2346 5321 Dum
2362 5264 2519 5319 enim
2533 5263 2836 5335 angustias
2849 5261 3053 5318 mortis
3070 5261 3435 5334 petiit,{idem
3449 5276 3619 5316 suam

1978 5356 2037 5411 in
2070 5355 2342 5428 gentibus
2375 5352 2657 5408 dilatavit.
2686 5375 2712 5401 »
2735 5351 2917 5422 Cujus
2946 5350 3116 5406 nobis
3137 5349 3309 5404 verba
3327 5347 3622 5406 evidenter

1977 5439 2460 5514 ostendunt,quia
2476 5439 2629 5512 quod
2649 5438 2904 5494 claustra
2924 5435 3132 5490 interni
3157 5438 3465 5508 penetrans
3487 5452 3618 5492 cru-

1979 5532 2136 5590 deles
2166 5531 2408 5605 spiritus
2455 5526 2724 5602 perculit,
2759 5531 2817 5582 et
2844 5523 3050 5581 mortis
3099 5521 3440 5596 praepositos
3488 5541 3619 5581 mo-

1975 5622 2180 5684 riendo
2205 5617 2522 5687 damnavit,
2555 5615 2710 5694 quod
2741 5615 2868 5689 jam
2911 5613 3125 5676 fecerat
3152 5612 3212 5672 in
3241 5613 3620 5692 prtedeetiua-
