3962 6178
337 225 454 284 ‘27

1276 217 1658 281 HINCMARI
1702 214 2148 279 RHEMENSIS
2193 213 2809 278 ARCHIEPISCOPI.

3571 223 3670 284 428

338 353 522 428 igitur
551 357 618 409 ut
645 353 717 408 ad
767 368 836 408 ea
875 367 1003 424 quae
1052 351 1324 424 superius
1355 351 1658 424 disputare
1705 349 1990 422 coepimus
2019 349 2072 417 Α
2101 349 2171 404 de
2200 347 2433 420 Nuptiis
2470 352 2538 430 et.
2562 346 3047 422 Concupiscentia
3073 349 3208 422 (cap.
3228 347 3300 422 3).
3323 370 3350 401 «
3376 349 3414 406 Α
3441 366 3532 424 quo
3552 355 3676 410 enim

338 445 720 498 revertamur.
743 441 1012 498 Diximus
1033 458 1287 513 namque
1308 441 1378 496 de
1401 439 1724 496 damnabili
1743 439 1988 495 humani

335 530 568 604 generis
613 548 812 588 massa
840 531 1027 587 Deum
1067 530 1369 602 praescisse
1417 529 1838 598 misericordia,
1873 547 1989 584 non

335 619 582 690 meritis,
597 637 746 693 quos
779 619 1060 677 electione
1094 619 1292 692 gratia
1331 617 1767 692 praedestinavit
1795 619 1868 674 ad
1899 617 1988 673 vi-

335 713 458 765 tam
494 725 508 764 :
543 715 780 766 caeteros
812 727 969 775 vero,
1001 707 1103 781 qui
1141 709 1368 780 judicio
1408 707 1655 780 justitia
1701 708 1830 780 ejus
1878 707 1988 764 hac

333 797 523 872 gratia
550 797 889 854 efﬁciuntur
925 802 1212 870 expertes,
1245 796 1548 870 praescisse
1588 800 1818 852 tantum
1847 797 1986 852 vitio

333 887 571 962 propria
619 887 932 961 perituros,
965 903 1082 943 non
1112 891 1179 942 ut
1209 885 1466 958 perirent
1513 886 1984 958 praedestinasse.

334 975 470 1045 Sed,
493 979 559 1032 ut
584 975 724 1044 dixi,
747 993 896 1048 quos
924 975 984 1031 in
1016 975 1294 1048 operibus
1323 975 1644 1048 impietatis
1675 978 1732 1031 et
1778 973 1986 1031 mortis

333 1065 642 1138 praescivit,
666 1082 783 1122 non
812 1065 1241 1138 praeordinavit,
1265 1081 1372 1120 nec
1401 1063 1655 1136 impulit,
1679 1062 1738 1119 in
1770 1064 1986 1138 quibus

333 1155 520 1212 Deum
542 1160 922 1228 provocantes
943 1155 1015 1211 ad
1041 1153 1428 1222 iracundiam,
1455 1153 1663 1210 salutis
1686 1153 1860 1209 ﬁdem
1885 1157 1986 1210 aut

333 1242 710 1316 pradicatam
741 1243 855 1300 sibi
899 1242 1160 1316 accipere
1207 1242 1438 1311 nolunt,
1471 1245 1574 1298 aut
1625 1243 1742 1298 Deo
1782 1241 1984 1314 judice

335 1349 450 1388 non
473 1336 742 1404 possunt,
757 1331 851 1393 vel
866 1336 1104 1405 accepta
1123 1331 1275 1388 male
1297 1336 1562 1400 utuntur,
1578 1335 1633 1388 et
1648 1332 1720 1388 ob
1741 1331 1852 1388 hoc
1873 1337 1985 1388 tra-

333 1423 558 1478 duntur
585 1421 646 1478 in
676 1423 989 1494 reprobum
1013 1439 1276 1491 sensum,
1301 1426 1368 1478 ut
1387 1439 1501 1477 non
1525 1420 1743 1478 faciant
1766 1439 1835 1478 ea
1855 1438 1982 1494 quae

333 1509 706 1580 conveniunt,
751 1509 845 1567 his
895 1526 1124 1582 poenam
1175 1509 1648 1583 praedestinatam
1697 1526 1827 1566 esse
1876 1509 1984 1566 rite

331 1599 603 1656 fatemur.
637 1621 665 1650 ››

401 1687 996 1744 Commemorandum
1015 1689 1192 1744 etiam
1206 1689 1238 1744 d
1251 1688 1485 1746 uximus
1501 1689 1639 1762 quia
1657 1689 1982 1745 abutuntur

329 1777 590 1847 redivivi,
614 1777 832 1849 quibus
863 1776 1042 1833 innisi
1074 1777 1306 1834 fuerant
1331 1777 1391 1832 in
1422 1778 1666 1834 vetustis
1685 1777 1981 1834 cineribus

330 1865 469 1921 olim
489 1864 989 1922 Praedestinatiani
1013 1865 1250 1940 sepulti,
1274 1865 1608 1939 apostolicis
1630 1867 1982 1923 testimoniis

333 1955 404 2010 ad
426 1969 596 2010 suam
619 1955 1080 2012 conﬁrmandam
1104 1955 1477 2023 sententiam,
1501 1979 1521 2006 ιι
1546 1955 1813 2025 Attulit,»
1837 1955 1980 2028 quin

331 2043 507 2111 Deus,
531 2065 558 2093 «
593 2043 652 2100 in
702 2043 890 2100 multa
937 2044 1218 2117 patientia
1247 2061 1389 2101 vasa
1429 2045 1527 2099 irae
1577 2045 1832 2116 perfecta
1862 2042 1980 2102 sive

329 2135 528 2204 aptata
554 2132 644 2189 vel
674 2137 998 2206 praeparata
1027 2134 1101 2190 ad
1133 2133 1542 2206 perditionem,
1572 2138 1630 2190 et
1657 2135 1829 2207 cujus
1859 2134 1982 2191 vult

332 2221 728 2291 miseretur,et
746 2238 922 2294 quem
944 2221 1067 2278 vult
1087 2222 1378 2279 indurat.»
1404 2225 1616 2279 Contra
1633 2239 1780 2296 quos
1801 2239 1978 2296 expo-

331 2309 453 2366 suit
480 2309 584 2366 illa
612 2311 817 2368 beatus
862 2309 1230 2384 Augustinus
1261 2311 1371 2368 hoc
1400 2312 1572 2368 modo
1622 2311 1681 2367 in
1729 2311 1877 2368 libro
1908 2312 1980 2368 de

332 2399 844 2456 Praedestinatione
865 2404 1201 2457 sanctorum
1227 2399 1366 2474 (cap.
1389 2401 1478 2470 9):
1502 2401 1697 2457 Atlulit
1723 2403 1780 2456 in
1805 2402 1980 2458 multa

325 2490 592 2560 patientia
623 2505 752 2546 vasa
801 2491 926 2556 ὑπ’,
959 2493 1016 2544 et
1063 2493 1270 2545 caetera
1308 2506 1497 2562 usque
1535 2492 1874 2564 praeparavit
1918 2492 1979 2546 in

327 2577 562 2648 gloriam
591 2597 643 2632 :«
667 2577 858 2652 Fides,
881 2577 1092 2650 inquit,
1119 2581 1177 2634 et
1204 2577 1475 2636 inchoata
1505 2584 1562 2635 et
1592 2583 1844 2652 perlecta
1869 2581 1978 2636 do-

329 2683 474 2722 num
497 2665 598 2722 Dei
621 2671 730 2734 est,
751 2671 809 2722 et
833 2667 941 2723 hoc
966 2667 1185 2723 donum
1209 2667 1564 2740 quibusdam
1587 2668 1980 2742 dari,quibus-

331 2755 466 2811 dam
489 2773 603 2811 non
625 2755 772 2828 dari,
793 2756 1030 2820 omnino
1052 2774 1168 2814 non
1191 2757 1422 2814 dubitat
1444 2757 1542 2830 qui
1572 2774 1686 2814 non
1709 2757 1834 2814 vult
1853 2775 1974 2814 ma-

330 2843 730 2902 nifestissimis
762 2845 944 2902 sacris
991 2845 1202 2902 litteris
1241 2863 1584 2921 repugnare.
1619 2848 1734 2902 Cur
1777 2851 1975 2904 autem

328 2949 446 2988 non
473 2933 748 2992 omnibus
777 2935 966 3004 detur,
991 2935 1166 2992 fidem
1209 2952 1436 2994 movere
1486 2953 1598 2992 non
1648 2937 1840 3003 debet,
1873 2935 1976 3008 qui

327 3021 515 3078 credit
543 3039 610 3079 ex
641 3039 758 3078 uno
787 3039 992 3080 omnes
1020 3023 1138 3080 isse
1180 3024 1241 3080 in
1273 3025 1818 3082 condemnationem
1851 3025 1976 3082 sine

331 3111 693 3168 dubitatione
705 3111 1124 3185 justissimam,
1153 3113 1236 3169 ita
1255 3117 1320 3169 ut
1339 3113 1500 3170 nulla
1521 3113 1624 3169 Dei
1642 3119 1798 3170 esset
1811 3115 1978 3186 justa
2005 3094 2050 3161 (ἶ

329 3199 704 3275 reprehensio
735 3201 964 3258 etiamsi
1013 3201 1214 3257 nullus
1245 3201 1380 3258 inde
1425 3201 1790 3259 liberaretur.
1816 3202 1977 3259 Unde

329 3293 557 3346 constat
577 3305 852 3363 magnam
873 3306 1002 3347 esse
1025 3289 1272 3363 gratiam
1297 3291 1454 3362 quod
1475 3290 1713 3364 plurimi
1737 3291 1979 3347 liberen-

327 3383 444 3448 tur,
465 3377 683 3452 etquid
717 3378 829 3436 sibi
861 3379 1172 3434 deberetur
1191 3378 1249 3433 in
1271 3378 1356 3434 eis
1375 3379 1474 3450 qui
1509 3395 1623 3434 non
1654 3379 1980 3436 liberantur

328 3473 706 3542 agnoscant.»
727 3469 795 3524 Et
815 3468 886 3524 ad
918 3467 1147 3524 Sixtum
1178 3468 1584 3540 presbyterum
1605 3470 1782 3541 (epist.
1811 3469 1970 3543 105):

330 3581 360 3610 «
389 3559 452 3614 In
483 3557 640 3614 vasis
669 3574 796 3630 quae
829 3556 1083 3629 perfecta
1112 3560 1252 3612 sunt
1285 3558 1358 3612 ad
1411 3556 1796 3630 perditionem
1847 3576 1974 3632 qua:

327 3647 616 3702 damnata:
638 3644 834 3702 debita
847 3649 939 3701 est
955 3650 1512 3718 massae,agnoscant
1525 3663 1664 3702 vasa
1682 3663 1750 3702 ex
1769 3647 1974 3704 eadem

326 3750 526 3790 massa
544 3733 604 3790 in
626 3733 907 3790 honorem
930 3733 1084 3789 facta
1099 3733 1238 3806 quid
1259 3733 1344 3790 eis
1362 3733 1763 3792 misericordia
1780 3736 1976 3793 divina

323 3820 538 3894 largita
565 3821 663 3878 sit.
689 3844 718 3872 ››
737 3822 814 3882 Et,
835 3821 895 3877 in
928 3821 1176 3895 epistola
1203 3823 1272 3879 ad
1305 3823 1582 3896 Optatum
1605 3827 1782 3897 (epist.
1808 3827 1931 3898 157)
1955 3845 1969 3885 :

327 3932 354 3960 «
379 3908 635 3978 Dixerat,
655 3909 970 3984 Apostolus
1003 3910 1245 3981 scilicet,
1267 3911 1516 3986 ﬁgulum
1545 3913 1654 3969 luti
1673 3930 1742 3970 ex
1770 3905 1974 3974 eadem

325 4015 522 4056 massa
551 3999 738 4057 facere
767 3999 927 4058 aliud
949 4019 1050 4058 vas
1081 4001 1142 4058 in
1166 4001 1466 4070 honorem,
1490 4001 1650 4059 aliud
1681 4003 1741 4059 in
1773 4011 1974 4063 contu-

324 4087 582 4145 meliam.
616 4089 821 4146 Merito
879 4093 1076 4146 autem
1124 4089 1420 4146 videretur
1473 4089 1764 4162 injustum
1813 4096 1969 4167 quod

322 4178 475 4234 fiurt
501 4195 642 4235 vasa
660 4179 757 4234 ira;
778 4179 851 4236 ad
883 4177 1292 4252 perditionem,
1317 4179 1366 4236 si
1390 4196 1505 4236 non
1526 4185 1682 4237 esset
1701 4181 1828 4254 ipsa
1846 4184 1972 4240 uni-

318 4284 488 4324 versa
517 4284 586 4324 ex
629 4269 816 4325 Adam
863 4285 1063 4324 massa
1092 4268 1388 4325 damnata.
1422 4270 1584 4334 Quod
1636 4287 1772 4344 ergo
1820 4271 1972 4330 fiunt

319 4355 612 4412 nascendo
643 4373 783 4414 vasa
829 4357 946 4425 iraa,
982 4356 1236 4430 pertinet
1264 4357 1337 4412 ad
1376 4357 1635 4414 debitam
1683 4376 1915 4431 poenam
1950 4379 1964 4418 :

291 4443 472 4514 .quod
503 4447 699 4500 autem
746 4447 895 4500 fiunt
941 4446 1298 4502 renascendo
1342 4463 1484 4503 vasa
1531 4447 1966 4520 misericordiae,
1999 4461 2044 4526 D

318 4529 569 4602 pertinet
599 4533 672 4588 ad
699 4533 1019 4590 indebitam
1051 4533 1323 4608 gratiam.
1343 4533 1612 4592 Ostendit
1649 4551 1785 4610 ergo
1816 4537 1970 4596 Deus

314 4617 466 4675 iram
486 4637 676 4690 suam,
703 4639 820 4678 non
844 4622 1044 4695 utique
1066 4622 1250 4680 animi
1272 4624 1793 4696 perturbationem,
1816 4627 1970 4684 sicut

316 4711 406 4764 est
426 4725 554 4781 quae
574 4709 663 4766 ira
681 4710 939 4768 hominis
962 4718 1356 4786 nuncupatur,
1381 4714 1482 4770 sed
1505 4715 1730 4786 justam
1760 4716 1967 4772 ﬁxam-

314 4813 430 4870 que
455 4797 792 4868 vindictam,
815 4801 968 4872 quod
992 4801 1064 4857 de
1090 4800 1269 4874 stirpe
1298 4801 1704 4860 inobedientiae
1730 4804 1966 4862 ducitur

313 4901 570 4960 propago
599 4888 854 4960 pecccati
884 4893 1060 4962 atque
1089 4890 1384 4963 supplicii.
1417 4892 1482 4948 Et
1505 4891 1663 4950 homo
1689 4899 1858 4957 natus
1895 4912 1966 4952 ex

307 4975 562 5045 muliere,
597 4975 750 5033 sicut
777 4977 836 5032 in
870 4977 1018 5035 libro
1065 4979 1175 5035 Job
1226 4979 1511 5051 scriptum
1543 4985 1650 5053 est,
1681 4982 1856 5039 brevis
1885 4991 1966 5040 est

193 5125 198 5128 _
309 5065 422 5120 vita
440 5071 493 5122 et
512 5065 710 5138 plenus
731 5067 1025 5123 iracundia
1045 5069 1160 5141 (Job
1179 5086 1294 5136 xxv,
1323 5068 1394 5142 1).
1420 5069 1560 5141 Ejus
1580 5069 1735 5125 enim
1757 5072 1839 5128 rei
1862 5089 1963 5130 vas

310 5153 466 5210 864
505 5159 593 5212 est
641 5173 758 5228 qua
801 5155 1012 5228 plenus
1059 5161 1169 5214 est.
1205 5157 1370 5214 Unde
1419 5157 1517 5213 irae
1562 5175 1703 5214 vasa
1749 5160 1961 5217 dicun-

307 5245 462 5298 tur.»
483 5245 556 5300 Et
581 5249 716 5317 post
745 5244 1052 5318 paululum
1086 5245 1158 5302 de
1186 5245 1406 5313 electis,
1430 5269 1456 5296 «
1485 5251 1548 5302 ut
1576 5247 1633 5302 in
1655 5247 1760 5316 eis,
1785 5249 1843 5305 id
1873 5254 1963 5307 est

309 5330 546 5405 relictis,
570 5333 802 5391 discant
830 5351 1000 5408 agere
1027 5333 1247 5407 gratias
1273 5333 1409 5403 Deo,
1438 5336 1592 5408 quod
1623 5337 1694 5392 ab
1725 5337 1810 5395 eis
1842 5357 1958 5396 non

307 5419 432 5476 suis
463 5422 707 5494 meritis,
740 5441 868 5497 qua:
911 5425 974 5481 in
1003 5425 1207 5482 eadem
1240 5441 1438 5482 massa
1485 5425 1650 5498 paria
1695 5427 1954 5497 fuerunt,

307 5507 410 5568 sed
437 5508 598 5571 illius
629 5513 1006 5576 miseratione
1035 5513 1272 5575 discreti
1303 5519 1460 5574 sunt.
1489 5538 1517 5566 »
1549 5516 1619 5574 Et
1647 5514 1706 5574 in
1735 5515 1884 5576 libro
1914 5534 1956 5578 ιι

2099 440 2223 510 quis
2253 437 2492 494 devictus
2509 446 2608 504 cst,
2632 437 2784 493 sicut
2803 435 2944 494 dicit
2973 437 3280 510 Scriptura,
3302 437 3421 494 huic
3445 448 3491 496 et
3521 457 3678 498 servus

2097 527 2348 584 addictus
2377 534 2472 583 est.
2496 527 2610 583 Nec
2633 527 2948 599 quisquam
2980 525 3092 582 nisi
3122 543 3221 598 per
3247 527 3474 599 gratiam
3501 527 3678 586 libera-

2097 615 2240 672 toris
2270 615 2382 672 isto
2421 615 2668 672 solvitur
2696 615 2926 672 vinculo
2962 615 3268 684 servitutis,
3293 633 3326 674 a
3353 633 3460 688 quo
3486 624 3566 674 est
3590 619 3678 675 ho-

2096 703 2326 760 minum
2363 704 2566 760 nullus
2604 705 2910 762 immunis.
2943 705 3050 760 Per
3087 721 3266 760 unum
3295 701 3494 779 quippe
3521 707 3680 764 homi-

2095 810 2230 849 nem
2252 799 2558 866 peccatum
2576 793 2814 851 intravit
2833 795 2891 849 in
2913 794 3288 862 mundum,et
3305 811 3401 866 per
3417 801 3684 867 peccatum

2096 899 2276 951 mors,
2300 887 2357 939 et
2383 883 2468 940 ita
2499 885 2558 940 in
2591 877 2794 940 omnes
2841 883 3109 940 homines
3147 883 3488 956 pertransiit,
3510 885 3562 941 in
3589 903 3685 958 quo

2094 989 2300 1029 omnes
2329 977 2733 1046 peccaverunt.
2763 971 2857 1030 Sic
2887 975 2975 1030 est
3003 989 3138 1046 ergo
3176 973 3326 1029 Deus
3361 973 3688 1030 nascentium

2094 1061 2380 1131 conditor,
2398 1065 2463 1118 ut
2483 1079 2689 1119 omnes
2708 1077 2775 1118 ex
2795 1078 2912 1118 uno
2933 1065 3069 1118 eant
3088 1061 3146 1116 in
3168 1061 3690 1133 condemnationem,

2095 1167 2346 1223 quorum
2407 1168 2522 1207 non
2569 1151 2744 1208 fuerit
2797 1142 3226 1208 renascentium
3280 1146 3556 1208 liberator.
3587 1151 3693 1225 Ipse

2093 1239 2310 1312 quippe
2341 1239 2534 1296 dictus
2565 1244 2654 1296 est
2691 1239 2928 1314 ﬁgulus,
2960 1257 3030 1296 ex
3059 1240 3261 1296 eadem
3292 1257 3481 1297 massa
3508 1240 3698 1296 faciens

2091 1327 2253 1384 aliud
2292 1346 2393 1384 vas
2441 1328 2500 1384 in
2549 1329 2830 1386 honorem
2881 1329 3203 1386 secundum
3253 1328 3694 1396 misericordiam,

2093 1416 2251 1473 aliud
2282 1417 2342 1473 in
2364 1417 2781 1490 contumeliam
2803 1419 3132 1474 secundum
3154 1417 3464 1490 judicium,
3486 1417 3572 1474 cui
3591 1433 3704 1474 can-

2089 1509 2176 1562 tat
2221 1505 2478 1564 Ecclesia
2522 1507 2957 1564 misericordiam
3004 1515 3057 1564 et
3096 1507 3374 1581 judicium
3411 1504 3700 1578 (Psal.c).»

2090 1595 2159 1652 Et
2187 1595 2246 1650 in
2278 1595 2428 1651 libro
2459 1597 2529 1652 de
2577 1598 2735 1654 Bono
2782 1595 3226 1670 perseverantia-3
3257 1599 3394 1669 (cap.
3428 1594 3532 1669 tl),
3561 1594 3626 1650 de
3649 1609 3704 1651 eo

2009 1724 2058 1790 Β
2089 1687 2243 1758 quod
2276 1685 2560 1758 scriptum
2599 1690 2690 1742 est
2722 1703 2734 1742 :
2762 1709 2790 1736 «
2823 1685 2990 1757 Cujus
3028 1686 3148 1742 vult
3176 1687 3479 1753 miseretur,
3500 1692 3548 1741 et
3572 1701 3705 1757 quem

2087 1775 2207 1832 vult
2235 1774 2476 1831 indurat.
2508 1775 2633 1830 Non
2679 1774 2834 1830 enim
2867 1778 2956 1831 est
2993 1774 3280 1847 iniquitas
3327 1773 3480 1846 apud
3522 1773 3706 1842 Deum,

2081 1863 2264 1930 absit.
2290 1864 2400 1920 Sed
2435 1863 2842 1920 inscrutabilia
2879 1868 3019 1919 sunt
3059 1863 3291 1936 judicia
3319 1865 3468 1934 ejus,
3497 1867 3552 1918 et
3574 1861 3708 1917 inve-

2089 1951 2393 2026 stigabiles
2422 1953 2524 2008 viae
2555 1953 2703 2024 ejus.
2727 1951 3018 2010 Universae
3051 1951 3213 2008 enim
3232 1952 3338 2008 vim
3363 1949 3585 2008 Domini
3611 1949 3711 2005 mi-

2089 2042 2404 2098 sericordia
2432 2045 2490 2098 et
2517 2041 2751 2098 veritas.
2786 2040 3221 2118 Investigabilis
3261 2057 3399 2114 ergo
3437 2044 3522 2096 est
3562 2039 3713 2094 mise-

2089 2130 2339 2188 ricordia
2367 2132 2518 2204 ejus,
2543 2131 2683 2204 quia
2711 2129 2882 2203 cujus
2903 2130 3028 2188 vult
3057 2131 3378 2188 miseretur
3399 2129 3568 2186 nullis
3596 2145 3712 2202 prae-

2089 2219 2430 2276 cedentibus
2479 2219 2726 2290 meritis,
2759 2223 2816 2276 et
2863 2219 3298 2294 investigabilis
3347 2219 3572 2290 veritas,
3600 2217 3720 2290 quia

2088 2325 2263 2382 quem
2288 2309 2414 2366 vult
2437 2311 2706 2378 obdurat,
2729 2311 2858 2382 ejus
2879 2310 3121 2382 quidem
3143 2308 3603 2384 praecedentibus
3621 2323 3720 2362 me-

2088 2397 2236 2468 ritis,
2271 2399 2372 2454 sed
2411 2415 2548 2455 cum
2579 2416 2646 2455 eo
2676 2400 2847 2472 cujus
2876 2398 3001 2455 vult
3039 2399 3366 2456 miseretur
3405 2397 3724 2472 plerumque

2087 2489 2524 2546 communibus.
2557 2489 2722 2545 Sicut
2759 2489 3010 2545 duorum
3049 2489 3456 2562 geminorum,
3499 2501 3722 2560 quorum

2087 2595 2242 2632 unus
2263 2579 2606 2644 assumitur,
2623 2595 2778 2634 unus
2799 2577 3178 2652 relinquitur,
3199 2577 3408 2651 dispar
3427 2580 3518 2634 est
3536 2575 3727 2640 exitus,

2085 2666 2294 2722 merita
2313 2666 2682 2723 communia:
2705 2666 2764 2722 in
2787 2667 3002 2740 quibus
3023 2672 3232 2724 tamen
3254 2667 3342 2724 sic
3373 2666 3519 2722 alter
3537 2679 3730 2736 magna

2085 2755 2188 2811 Dei
2219 2755 2478 2812 bonitate
2497 2755 2799 2828 liberatur,
2821 2760 2887 2811 ut
2914 2755 3062 2812 alter
3083 2755 3260 2813 nulla
3281 2757 3414 2829 ejus
3443 2752 3733 2828 iniquitate

2085 2845 2456 2901 damnetur.»
2477 2845 2547 2900 Et
2575 2845 2634 2900 in
2665 2843 2911 2918 epistola
2949 2845 3020 2901 ad
3057 2845 3301 2902 Sixtum
3343 2845 3731 2918 presbyterum

2085 2935 2260 3008 (epist.
2285 2935 2406 3002 105)
2437 2950 2500 2989 ;‹‹
2524 2933 2850 3002 Quaerimus
2889 2933 3046 2990 enim
3087 2934 3384 2991 meritum
3419 2928 3736 2990 obduratio-

2085 3024 2178 3080 nis
2209 3027 2266 3080 et
2296 3023 2647 3092 invenimus,
2680 3022 2887 3078 merito
2917 3039 3180 3096 namque
3225 3023 3459 3096 peccati
3490 3020 3738 3078 universa

2085 3129 2284 3169 massa
2311 3113 2591 3168 damnata
2617 3115 2708 3168 est
2731 3127 2744 3167 :
2770 3129 2878 3168 nec
2897 3111 3142 3168 indurat
3169 3112 3336 3168 Deus
3366 3107 3740 3184 impertienda

2085 3201 2396 3269 malitiam,
2417 3201 2517 3258 sed
2540 3219 2655 3258 non
2679 3201 3066 3274 impertiendo
3089 3201 3614 3258 misericordiam:
3637 3195 3746 3270 qui-

2085 3291 2198 3346 bus
2226 3290 2382 3346 enim
2415 3307 2530 3346 non
2567 3289 2920 3364 impertitur,
2953 3307 3056 3346 nec
3086 3290 3266 3364 digni
3311 3295 3480 3358 sunt,
3504 3305 3608 3345 nec
3635 3301 3743 3342 me-

2085 3383 2307 3450 rentur,
2322 3397 2390 3436 ac
2409 3379 2690 3453 potius”ut
2722 3397 2838 3436 non
2857 3379 3246 3452 impertiatur
3271 3380 3391 3437 hoc
3415 3378 3582 3454 digni
3604 3379 3746 3439 sunt,

2085 3468 2194 3526 hoc
2239 3473 2556 3526 merentur.
2590 3469 2916 3536 Quaerimus
2947 3473 3146 3537 autem
3192 3469 3491 3526 meritum
3533 3463 3746 3522 miseri-

2085 3559 2314 3627 cordiae,
2343 3575 2447 3615 nec
2489 3558 2842 3626 invenimus,
2873 3557 3010 3631 quia
3045 3557 3297 3616 nullum
3336 3563 3452 3628 est,
3480 3576 3554 3614 ne
3584 3552 3756 3630 gratia

2083 3651 2395 3704 evacuatur
2423 3648 2470 3704 si
2504 3665 2618 3704 non
2649 3649 2831 3721 gratis
2861 3649 3133 3717 donatur,
3167 3650 3278 3706 sed
3318 3647 3558 3704 meritis
3587 3641 3757 3702 reddi-

2081 3741 2198 3793 tur.
2226 3760 2254 3788 ››
2285 3739 2356 3792 Et
2383 3737 2442 3792 in
2474 3737 2623 3792 libro
2656 3737 2727 3793 de
2767 3737 3302 3794 Praedestinatione
3353 3736 3566 3812 gratiae
3587 3736 3654 3808 (c.
3672 3735 3756 3802 2):

2083 3849 2110 3876 «
2139 3825 2406 3882 Occurrit
2425 3825 2581 3882 enim
2601 3841 2707 3882 cur
2733 3829 2972 3898 pereant
3000 3843 3068 3882 ex
3097 3825 3201 3882 his
3235 3825 3460 3900 aliqui,
3485 3841 3622 3882 cum
3643 3821 3761 3879 0m-

2081 3914 2350 3988 nipotens
2398 3931 2602 3971 omnes
2650 3913 2920 3971 homines
2965 3913 3161 3972 salvos
3218 3916 3362 3973 fieri
3412 3913 3586 3985 velit,
3618 3916 3674 3970 et
3699 3907 3764 3967 ad

2079 4003 2438 4076 agnitionem
2467 4002 2726 4060 veritatis
2760 4002 2977 4060 venire.
3003 4003 3237 4062 Deinde
3272 4022 3392 4062 cur
3439 4020 3654 4062 rursus
3681 3999 3761 4056 in-

2080 4093 2251 4150 duret
2279 4092 2424 4150 alios
2454 4092 2732 4150 misertus
2760 4091 3032 4162 aliorum,
3067 4097 3176 4150 aut
3210 4093 3541 4167 quomodo
3572 4105 3768 4150 omnes

2077 4181 2346 4238 homines
2375 4181 2501 4238 vult
2549 4181 2741 4239 salvos
2780 4181 2924 4251 fieri,
2951 4179 3088 4238 cum
3136 4182 3282 4256 ipse
3338 4182 3678 4240 nonnullos
3705 4195 3766 4236 ne

2077 4269 2374 4327 salvantur
2403 4271 2692 4327 indurat.»
2715 4271 2786 4326 Et
2828 4274 2960 4344 post
2989 4269 3318 4343 aliquanta
3355 4272 3513 4347 (cap.
3535 4271 3595 4345 3)
3618 4287 3636 4328 :
3660 4293 3687 4321 «
3715 4264 3772 4326 Si

2075 4375 2232 4433 ergo,
2256 4362 2322 4414 ut
2351 4359 2641 4432 apparuit,
2680 4359 2753 4416 de
2782 4358 3258 4432 praevaricatoris
3293 4362 3548 4419 semine
3580 4372 3775 4418 omnes

2075 4447 2378 4504 nascimur
2407 4448 3024 4521 debitores,quoniam
3075 4451 3135 4505 in
3187 4453 3327 4524 ipso
3371 4468 3600 4521 omnes,
3636 4448 3782 4508 sicut

2079 4536 2161 4592 ait
2187 4537 2538 4610 Apostolus,
2563 4546 2921 4610 peccaverunt
2945 4539 3117 4610 (Rom.
3145 4539 3238 4614 v),
3279 4546 3349 4598 et
3403 4543 3550 4616 ipsa
3573 4543 3704 4614 jam
3731 4537 3786 4594 in

2075 4625 2364 4698 principio
2412 4627 2568 4682 unde
2616 4626 3030 4684 descendimus
3079 4645 3307 4689 massa
3341 4633 3656 4690 damnata
3681 4628 3785 4692 est.

2075 4713 2276 4771 nullus
2324 4715 2395 4771 de
2441 4715 2658 4771 duritia
2701 4733 2830 4789 sua,
2863 4715 3064 4774 nullus
3110 4718 3187 4774 de
3247 4737 3455 4792 pcena
3509 4714 3790 4793 conqueri

2074 4803 2306 4872 audeat,
2340 4820 2466 4876 quae
2497 4803 2673 4860 etiam
2723 4823 2840 4861 non
2871 4805 3277 4864 existentibus
3313 4811 3608 4882 peccatis
3663 4821 3788 4881 pro-

2073 4893 2237 4964 priis,
2262 4891 2387 4949 sola
2418 4893 2694 4950 nascendi
2726 4894 3058 4951 conditione
3099 4895 3412 4955 debetur.
3451 4899 3634 4968 Quod
3665 4910 3794 4952 vero

2069 4981 2225 5038 Deus
2270 4980 2401 5038 aliis
2451 4982 2708 5056 gratuita
2736 4983 3039 5040 vocatione
3065 4987 3408 5044 conversis
3445 4986 3793 5045 misericor-

2070 5071 2230 5127 diam
2261 5069 2508 5144 largitur
2547 5072 2888 5142 indebitam,
2923 5091 3038 5130 non
3073 5074 3144 5130 ad
3179 5075 3686 5150 dispensatoris
3713 5074 3801 5130 in-

2060 5159 2377 5230 justitiam,
2398 5161 2499 5217 sed
2528 5161 2598 5216 ad
2622 5161 2898 5220 donantis
2927 5161 3619 5224 misericordissimam
3651 5165 3800 5220 libe-

2069 5249 2358 5306 ralitatem
2380 5250 2640 5307 veritatis
2661 5251 2886 5308 ratione
2906 5252 3303 5310 referendum
3331 5261 3513 5314 est.»
3533 5257 3620 5314 Et
3649 5249 3803 5313 80$

2066 5338 2242 5410 paulo
2262 5342 2396 5411 post
2409 5343 2549 5411 (cap.
2570 5339 2622 5412 4)
2643 5355 2693 5393 ;‹‹
2717 5340 2920 5413 Itaque
2941 5357 3010 5398 ex
3033 5341 3376 5414 superiore
3399 5345 3616 5418 hujus
3639 5345 3805 5418 parte

2067 5427 2365 5482 sententia:
2397 5443 2515 5498 qua
2545 5427 2705 5497 dicit,
2729 5431 2884 5501 cujus
2913 5430 3030 5486 vult
3053 5431 3415 5504 miseretur,
3454 5439 3624 5508 puto
3649 5427 3812 5507 quod

2065 5514 2266 5574 nullus
2288 5514 2401 5574 nisi
2424 5515 2704 5594 indignus
2724 5517 3125 5578 misericordia
3143 5520 3408 5579 audeat
3435 5524 3807 5599 disputare:
