3930 6178
291 379 400 442 433

978 377 1082 438 DE
1125 375 1888 438 PRIEDESTINATIONE
1937 374 2456 438 DlSSEHTATIO
2501 377 2968 442 POSTEBIOR.

3584 384 3706 445 434

288 509 446 570 ducit
466 507 941 584 electos,scitque
959 507 1094 567 illos
1115 511 1197 566 ita
1216 513 1372 568 stare
1391 513 1456 566 ut
1475 508 1794 584 prmscierit
1811 525 1940 566 esse
1967 509 2024 576 Α
2053 525 2198 580 mus,
2221 509 2645 582 praedati-nati
2696 511 3009 568 secundum
3059 515 3420 585 propositum
3459 519 3588 590 ejus
3611 517 3712 590 qui

288 614 546 656 casuros.
582 619 612 648 η

356 687 690 744 Notandum
743 686 918 744 etiam
969 686 1110 760 quia
1139 703 1207 742 ex
1235 685 1344 742 hac
1380 687 1689 756 sententia,
1725 690 1780 742 et
1811 684 1940 758 qui-

288 777 538 834 busdam
569 776 704 832 aliis
735 776 890 833 beati
921 775 1253 850 Augustini,
1286 779 1508 832 veteres
1559 774 1942 831 Praedestina-

287 865 428 922 tiani
450 865 725 922 heresim
749 865 1160 933 condiderunt,
1175 866 1330 938 quod
1353 865 1426 920 ab
1447 865 1530 920 eis
1549 864 1647 937 qui
1669 881 1784 919 non
1805 865 1946 920 sunt

288 954 684 1030 praedestinati
706 955 779 1010 ad
806 955 982 1010 vitam
1002 958 1277 1028 percepta
1307 952 1582 1026 baptismi
1605 954 1796 1026 gratia
1827 969 1942 1008 non

289 1045 516 1101 auferat
563 1043 848 1118 originale
892 1048 1196 1116 peccatum
1231 1061 1244 1099 :
1279 1047 1335 1098 et
1364 1043 1597 1098 etiamsi
1635 1042 1853 1098 fuerint
1883 1041 1942 1096 in

287 1122 516 1192 Christo
545 1133 870 1207 regenerati
900 1133 1002 1206 qui
1034 1133 1432 1205 praedestinati
1459 1149 1575 1188 non
1606 1135 1829 1199 sunt,et
1848 1131 1942 1203 pie

279 1225 558 1296 justeque
605 1223 874 1290 vixerint,
912 1221 1058 1277 nihil
1106 1221 1191 1278 eis
1239 1221 1444 1294 prosit,
1472 1222 1572 1277 sed
1613 1219 1817 1277 tandiu
1849 1236 1941 1274 re-

287 1317 594 1369 serventur
622 1311 806 1368 donec
852 1315 1030 1368 ruant
1059 1315 1117 1367 et
1145 1315 1406 1384 pereant,
1440 1327 1546 1366 nec
1577 1308 1712 1366 ante
1743 1325 1842 1364 eos
1872 1325 1941 1364 ex

285 1401 393 1458 hac
413 1401 539 1458 vita
559 1417 740 1474 quam
762 1399 872 1457 hoc
893 1400 978 1457 eis
1009 1400 1311 1474 contingat
1341 1399 1575 1456 auferri.
1612 1401 1768 1466 Quos
1798 1414 1942 1454 con-

286 1490 500 1546 futavit
539 1490 787 1562 Prosper
803 1490 1034 1564 (contra
1055 1489 1288 1556 Gallos,
1316 1507 1367 1545 ο.
1399 1491 1456 1559 3)
1478 1489 1679 1545 dicens
1702 1505 1715 1544 :
1741 1510 1768 1537 «
1796 1486 1944 1553 Quia

285 1580 482 1636 omnis
537 1579 715 1636 homo
773 1578 870 1651 qui
924 1579 1167 1635 credens
1208 1579 1268 1634 in
1301 1579 1528 1635 Patrem
1559 1581 1618 1634 et
1648 1575 1860 1634 Filium
1886 1578 1944 1630 et

286 1667 575 1742 Spiritum
607 1673 878 1724 sanctum
915 1671 1290 1740 regeneratur
1319 1667 1379 1723 in
1410 1667 1724 1740 baptismo,
1756 1670 1878 1721 tam
1907 1681 1943 1720 a

287 1756 542 1831 propriis
561 1756 815 1830 peccatis
835 1773 964 1830 quae
988 1755 1143 1813 mala
1160 1757 1456 1813 voluntate
1477 1761 1536 1813 et
1555 1756 1782 1812 actione
1803 1771 1940 1810 con-

286 1846 484 1916 traxit,
519 1863 698 1920 quam
734 1847 807 1902 ab
838 1845 1108 1920 originali
1140 1846 1293 1919 quod
1327 1863 1362 1902 a
1389 1845 1734 1919 parentibus
1763 1843 1944 1900 traxit

284 1933 637 1992 absolvitur.
672 1936 784 1992 Sed
817 1935 867 1992 si
898 1936 1176 1992 recedens
1207 1953 1241 1991 a
1266 1935 1516 2007 Christo,
1549 1939 1607 1991 et
1648 1933 1876 1990 alienus
1907 1949 1942 1988 a

282 2023 474 2098 gratia
503 2024 640 2080 ﬁnit
665 2025 819 2081 hanc
847 2023 1024 2081 vitam
1055 2025 1270 2081 cadens
1301 2025 1361 2080 in
1390 2023 1794 2098 perditionem,
1824 2039 1938 2078 non

285 2114 342 2170 in
373 2113 438 2170 id
483 2115 641 2188 quod
685 2114 998 2171 remissum
1046 2118 1136 2170 est
1185 2114 1412 2180 recidit,
1444 2130 1550 2170 nec
1581 2113 1640 2168 in
1670 2109 1939 2185 originali

285 2208 527 2276 peccato
557 2203 956 2272 damnabitur,
981 2204 1082 2260 sed
1109 2207 1345 2276 propter
1373 2207 1672 2276 postrema
1691 2199 1940 2258 crimina

283 2309 350 2349 ea
379 2296 574 2349 morte
623 2291 930 2360 afficietur,
978 2309 1106 2365 qua:
1139 2297 1376 2365 propter
1403 2290 1505 2346 illa
1533 2308 1662 2363 qua:
1692 2289 1941 2346 remissa

285 2385 426 2437 sunt
463 2381 808 2438 debebatur.
839 2381 910 2436 Et
931 2381 1031 2453 qui
1063 2380 1427 2453 reliquerunt
1449 2381 1634 2436 Deum
1666 2382 1723 2435 et
1753 2377 1937 2434 relicti

285 2474 449 2538 sunt,
477 2475 540 2526 et
559 2487 630 2526 ex
651 2470 802 2526 bono
823 2469 884 2525 in
908 2469 1130 2526 malum
1153 2468 1390 2542 propria
1410 2468 1706 2524 voluntate
1728 2465 1936 2523 mutati

285 2563 444 2628 sunt,
482 2557 624 2614 licet
662 2559 881 2615 fuerint
915 2559 1122 2626 renati,
1163 2557 1383 2614 fuerint
1402 2556 1734 2629 justiﬁcati,
1767 2556 1840 2611 ab
1871 2572 1937 2612 eo

283 2648 480 2704 tamed
511 2647 616 2720 qui
648 2646 778 2702 illos
808 2647 953 2704 tales
985 2647 1273 2720 praescivit
1303 2664 1418 2702 non
1453 2650 1594 2703 sunt
1640 2643 1937 2718 prindesti-

286 2738 430 2804 nati,
463 2737 609 2809 quia
640 2736 740 2792 Dei
767 2737 1194 2809 praescientiam
1238 2735 1385 2792 tales
1431 2752 1530 2792 eos
1572 2735 1803 2790 futuros
1833 2749 1938 2788 nec

287 2824 456 2882 latuit
476 2842 583 2882 nec
602 2825 820 2882 fefellit.
839 2827 911 2881 Et
927 2825 1054 2882 ideo
1073 2842 1377 2898 nunquam
1393 2824 1538 2881 tales
1568 2823 1762 2897 elegit,
1787 2839 1936 2878 nun-

287 2931 464 2988 quam
481 2915 940 2988 prtedestinavit,
962 2918 1020 2970 et
1040 2915 1330 2988 perituros
1352 2929 1657 2986 nunquam
1681 2913 1752 2968 ab
1775 2915 1938 2967 aeter-

288 3019 362 3060 na
381 3003 766 3059 damnatione
785 3003 1116 3060 discrevit.»
1137 3004 1208 3059 Et
1225 3007 1466 3059 sanctus
1487 3000 1799 3074 Gregorius
1821 2999 1938 3056 evi-

285 3093 492 3148 denter
509 3091 877 3148 demonstrat
893 3091 951 3146 in
970 3090 1118 3147 libro
1135 3095 1344 3162 quarto
1358 3089 1666 3146 Moralium
1680 3089 1937 3162 (cap.28),

286 3180 427 3253 quia
455 3179 636 3236 homo
665 3179 892 3253 primus
917 3181 989 3236 ad
1020 3179 1200 3236 vitam
1231 3179 1578 3248 conditus,si
1609 3196 1723 3234 non
1744 3195 1941 3250 pecca-

2049 601 2492 657 370universa
2503 602 3109 669 operatursecundum
3121 604 3429 660 consilium
3439 605 3708 664 volunta-

2050 692 2131 745 tis
2141 705 2280 759 sua},
2306 695 2368 744 ut
2381 690 2563 744 simus
2577 691 2639 744 in
2652 689 2883 745 laudem
2905 689 3126 762 gloria?
3143 694 3440 764 ejusmom
3453 736 3466 749 .
3487 713 3564 764 v1,
3588 697 3702 767 23).

2051 781 2122 835 Et
2140 778 2522 852 Evangelium
2550 796 2563 834 :
2593 781 2817 847 Venite,
2845 779 3143 835 benedicti
3161 783 3362 836 Patris
3377 785 3499 839 mei
3505 787 3706 854 ,perci-

2049 869 2170 940 pile
2194 859 2435 941 r'egnum
2465 869 2623 941 quod
2651 869 2815 924 vobis
2839 869 3204 938 paral-um,id
3228 876 3316 926 est
3337 872 3704 944 praedestina-

2051 961 2180 1013 tum
2203 967 2286 1013 est
2307 958 2386 1013 ab
2405 959 2642 1032 origine
2661 959 2887 1015 mundi.
2912 960 2982 1014 Et
3001 959 3140 1015 item
3161 959 3708 1032 Apostolus,Gratia

2051 1052 2254 1102 autem
2289 1047 2392 1103 Dei
2421 1049 2548 1104 vita
2573 1054 2800 1106 azterna
2826 1051 3010 1118 (Rom.
3041 1067 3118 1115 v1,
3145 1051 3259 1118 28).
3294 1051 3449 1116 Quos
3508 1055 3704 1107 autem

2052 1135 2341 1208 praescivit
2357 1154 2471 1192 non
2491 1135 2942 1208 praedestinavit,
2953 1137 3176 1210 judicio
3187 1138 3353 1210 justo
3372 1137 3608 1211 reliquit
3633 1140 3704 1196 ad

2051 1242 2306 1298 pmnam,
2330 1229 2386 1280 et
2406 1243 2474 1280 ex
2496 1224 2876 1281 retributione
2889 1226 3136 1298 justitia:
3157 1245 3390 1300 pcenam
3415 1226 3533 1284 illis
3555 1246 3703 1302 prae-

2053 1313 2387 1381 destinavit,
2419 1313 2477 1368 id
2509 1317 2598 1369 est
2629 1314 2976 1386 prmparavit
3001 1319 3298 1372 aeternam.
3337 1339 3364 1365 ››

2121 1401 2217 1456 Ait
2262 1402 2419 1457 enim
2467 1402 2643 1472 idem,
2677 1402 2975 1458 catholicae
3021 1408 3078 1458 et
3107 1404 3437 1476 apostolicae
3488 1410 3701 1462 sanctis

2055 1491 2212 1548 sedis
2236 1491 2811 1560 Romana,omnium
2834 1491 3055 1548 scilicet
3075 1491 3466 1549 Ecclesiarum
3491 1495 3550 1549 in
3581 1499 3699 1551 toto

2053 1581 2191 1636 orbe
2221 1584 2510 1636 terrarum
2543 1580 2750 1636 matris
2788 1583 2964 1652 atque
3007 1581 3298 1654 magistra:
3329 1583 3610 1655 pontifex,
3639 1584 3698 1639 in

2051 1668 2295 1725 homilia
2314 1667 2700 1742 Evangelii34
2728 1685 2741 1724 :
2771 1691 2799 1720 α
2821 1669 3174 1742 Angelorum
3195 1670 3413 1743 quippe
3433 1675 3492 1727 et
3512 1671 3698 1728 homi-

2050 1775 2193 1814 num
2227 1762 2499 1814 naturam
2529 1759 2601 1814 ad
2623 1759 3092 1831 cognoscendum
3112 1777 3173 1816 se
3199 1759 3484 1816 Dominus
3506 1761 3700 1816 condi-

2051 1846 2338 1919 dit,quam
2360 1847 2500 1902 dum
2519 1847 2837 1903 consistere
2854 1848 2925 1903 ad
2943 1848 3328 1904 teternitatem
3347 1848 3550 1919 voluit,
3567 1866 3696 1905 eam

2050 1934 2252 2008 procul
2275 1935 2452 1991 dubio
2476 1936 2545 1992 ad
2571 1952 2740 1992 suam
2763 1935 3210 1992 similitudinem
3233 1937 3504 1993 creavit.»
3535 1939 3607 1993 Et
3635 1937 3695 1992 in

2049 2024 2291 2080 homilia
2312 2024 2604 2098 Evangelii
2627 2042 2743 2080 xvn
2768 2041 2782 2080 :
2807 2048 2834 2075 «
2859 2025 3005 2091 Quid
3039 2030 3233 2081 autem
3257 2025 3486 2082 animas
3507 2025 3696 2081 homi-

2051 2131 2194 2170 num
2227 2113 2342 2170 nisi
2373 2113 2569 2170 cibum
2601 2113 2832 2170 Domini
2866 2114 3132 2180 dixerim,
3155 2131 3282 2187 qum
3325 2113 3396 2170 ad
3418 2115 3530 2170 hoc
3559 2118 3700 2170 sunt

2049 2203 2314 2272 conditae,
2339 2203 2486 2258 utin
2508 2203 2637 2273 ejus
2657 2219 2898 2276 corpore
2931 2203 3320 2276 trajiciuntur,
3344 2203 3401 2260 id
3425 2207 3514 2260 est
3541 2208 3607 2260 ut
3635 2203 3694 2259 in

2048 2297 2273 2349 aeternae
2295 2291 2566 2350 Ecclesia:
2595 2297 2978 2366 augmentum
3020 2293 3310 2349 tendant?
3331 2315 3356 2343 ››
3391 2293 3460 2348 Et
3488 2293 3549 2349 in
3579 2311 3694 2349 xvu

2047 2381 2196 2437 libro
2217 2381 2558 2438 Moralium:
2575 2405 2603 2432 «
2618 2383 2700 2437 Ad
2724 2381 2901 2438 vitam
2926 2399 3180 2454 namque
3201 2382 3376 2438 homo
3398 2382 3692 2452 conditus,

2045 2469 2105 2525 in
2130 2469 2394 2526 libertate
2417 2469 2663 2543 propria:
2695 2469 3014 2526 voluntatis
3035 2475 3241 2543 sponte
3263 2488 3371 2526 sua
3390 2471 3576 2526 factus
3607 2474 3696 2526 est

2048 2559 2276 2614 debitor
2304 2559 2530 2615 mortis.
2566 2581 2594 2608 ››
2626 2559 2696 2614 Et
2736 2559 2876 2614 item
2928 2559 2986 2614 in
3037 2559 3186 2615 libro
3216 2578 3289 2616 xx
3334 2559 3641 2616 Moralium
3678 2575 3692 2614 :

2053 2648 2427 2704 cHumanum
2449 2647 2631 2720 igitur
2650 2664 2857 2720 genus,
2892 2653 3046 2704 recto
3067 2648 3167 2705 Dei
3184 2649 3410 2721 judicio
3438 2648 3500 2704 in
3529 2647 3690 2705 volu-

2046 2737 2308 2810 ptatibus
2339 2737 2467 2793 suis
2497 2735 2606 2793 sibi
2639 2736 2974 2809 dimissum,
2996 2742 3172 2810 atque
3204 2755 3308 2810 per
3335 2739 3570 2794 easdem
3599 2754 3692 2792 vo—

2047 2825 2303 2898 luptates
2333 2826 2669 2897 spontaneis
2689 2825 3172 2882 tribulationibus
3191 2825 3693 2894 traditum,absin-

2045 2913 2168 2969 thio
2198 2918 2288 2969 est
2311 2914 2564 2970 ebrium.
2601 2936 2628 2963 »
2659 2913 2728 2969 Et
2768 2915 2907 2970 item
2939 2914 2997 2968 in
3030 2913 3178 2969 libro
3205 2931 3317 2970 xxv
3349 2931 3363 2970 :
3399 2937 3427 2964 «
3461 2914 3692 2970 Primus

2046 3003 2222 3058 homo
2242 3001 2326 3057 ita
2349 3002 2620 3058 conditus
2652 3002 2780 3068 fuit,
2814 3007 2876 3056 ut
2912 3002 3196 3058 moriente
3225 3001 3324 3058 illo
3357 3002 3693 3058 deciderent

2046 3095 2330 3164 tempora,
2361 3109 2468 3147 nec
2515 3108 2649 3146 cum
2699 3090 3062 3163 temporibus
3108 3091 3234 3162 ipse
3264 3089 3560 3146 transiret.
3593 3090 3690 3146 Sic

2047 3180 2201 3236 enim
2237 3180 2550 3236 momentis
2581 3179 3046 3240 decurrentibus.
3063 3179 3204 3252 quia
3225 3195 3598 3251 nequaquam
3617 3179 3688 3234 ad

286 3249 393 3338 ret,
431 3249 810 3342 nequaquam
840 3285 910 3325 ex
937 3287 999 3326 se
1028 3268 1308 3341 gehennae
1336 3267 1511 3340 ﬁlios,
1539 3269 1640 3324 sed
1689 3249 1788 3324 eos
1833 3265 1932 3339 qui
1965 3249 2009 3316 C
2042 3270 2171 3325 vitae
2203 3269 2518 3326 terminum
2567 3285 2670 3340 per
2717 3269 2944 3325 dierum
2985 3249 3346 3324 incrementa
3391 3249 3686 3336 tendebat,
3733 3340 3747 3354 .

283 3375 444 3414 nunc
473 3374 580 3430 per
609 3357 1064 3430 redemptionem
1099 3357 1362 3414 salvandi
1421 3361 1560 3413 sunt
1609 3359 1931 3430 generaret.

285 3469 311 3497 «
325 3448 636 3518 Quemque
646 3445 801 3502 Deus
813 3450 1190 3518 peccaturum
1209 3445 1496 3518 praescivit
1507 3463 1622 3501 non
1636 3442 1935 3518 praedesti-

281 3536 463 3606 navit,
498 3537 601 3592 sed
633 3534 786 3592 sicut
815 3535 1102 3609 scriptum
1133 3541 1241 3602 est,
1273 3537 1332 3591 in
1363 3553 1549 3592 manu
1583 3534 1816 3592 consilii
1842 3534 1936 3588 sui

281 3624 531 3699 reliquit
552 3623 749 3698 (Eccli.
771 3642 864 3694 xv,
891 3626 1000 3694 14),
1026 3625 1214 3680 isdem
1237 3629 1435 3680 autem
1464 3623 1781 3680 voluntatis
1810 3639 1938 3695 pro-

283 3714 424 3788 priae
457 3713 719 3770 libertati
770 3713 1029 3780 relictus,
1061 3728 1123 3768 se
1154 3718 1212 3768 et
1240 3729 1445 3768 omnes
1474 3729 1544 3768 ex
1573 3713 1813 3768 traduce
1843 3711 1934 3766 sui

282 3802 534 3859 seminis
545 3803 771 3876 genitos
785 3801 1090 3874 perditioni
1106 3801 1386 3857 obnoxios
1397 3806 1454 3858 et
1463 3801 1938 3857 condemnandos

284 3891 659 3947 cll’ecit.Deus
672 3896 866 3946 autem
879 3908 948 3946 ex
958 3891 1159 3947 eadem
1184 3907 1383 3945 massa
1403 3888 1939 3962 perditionistotius

283 3979 537 4036 humani
565 3979 818 4053 generis,
843 3980 1163 4036 secundum
1185 3981 1620 4052 praescientiam
1646 3995 1838 4045 suam,
1872 3981 1939 4034 ut

285 4067 496 4124 Petrus
514 4068 573 4124 in
591 4067 780 4140 capite
805 4068 1074 4140 Epistolze
1105 4068 1308 4141 primae
1325 4067 1485 4137 dicit,
1507 4069 1784 4142 quosdam
1812 4068 1937 4126 ele-

283 4159 370 4228 git
398 4161 456 4226 (Ι
473 4163 635 4214 Petr.
657 4175 698 4227 1,
730 4161 808 4228 2),
852 4158 910 4212 id
949 4163 1040 4213 est
1075 4157 1266 4231 gratia
1295 4161 1429 4214 ante
1459 4157 1734 4214 meritum
1767 4175 1940 4215 omne

287 4246 586 4320 praeelegit
604 4252 662 4304 et
683 4245 1132 4320 praedestinavit,
1158 4247 1216 4301 id
1237 4249 1328 4302 est
1345 4245 1534 4318 gratia
1571 4248 1938 4320 praeparavit,

2044 3359 2236 3415 stabat
2253 3363 2414 3414 tanto
2437 3357 2755 3426 robustius,
2773 3361 2988 3431 quanto
3013 3374 3246 3429 semper
3265 3355 3446 3412 stanti
3469 3356 3690 3412 arctius

2043 3446 2384 3502 inhaerebat.
2412 3447 2484 3501 At
2540 3445 2640 3501 ubi
2697 3446 2941 3501 vetitum
3000 3444 3264 3518 contigit,
3298 3461 3432 3501 mox
3470 3445 3690 3501 oll'enso

2044 3535 2312 3590 Creatore
2333 3534 2507 3606 cmpit
2528 3535 2609 3590 ire
2640 3551 2772 3589 cum
2806 3539 3086 3606 tempore,
3112 3538 3267 3589 statu
3299 3531 3689 3588 videlicetim-

2044 3624 2418 3680 mortalitatis
2441 3623 2678 3692 amisso,
2705 3639 2914 3678 cursus
2933 3639 3067 3678 eum
3090 3621 3468 3677 mortalitatis
3489 3622 3687 3676 absor-

2043 3712 2346 3780 buit.Quia
2366 3717 2594 3782 vero,ut
2613 3711 2886 3778 diximus,
2921 3710 3144 3766 arbitrii
3169 3709 3437 3765 libertate
3467 3709 3688 3764 abusus

2045 3801 2274 3874 primus
2295 3801 2469 3856 homo
2491 3800 2767 3872 peccavit,
2792 3805 2849 3856 et
2870 3800 3058 3856 factus
3079 3803 3168 3854 est
3188 3815 3386 3854 massa
3417 3797 3690 3870 perditio-

2046 3891 2138 3946 nis
2161 3890 2340 3946 totius
2361 3889 2604 3944 humani
2631 3889 2882 3962 generis,
2909 3889 3152 3960 quidam
3177 3905 3246 3943 ex
3270 3889 3474 3942 eadem
3494 3903 3690 3942 massa

2047 3978 2462 4044 damnationis,
2477 3977 2578 4050 qui
2597 3996 2700 4051 per
2719 3976 3174 4052 redemptionem
3199 3974 3504 4049 sanguinis
3526 3974 3690 4030 Chri-

2046 4068 2120 4124 sti
2142 4067 2348 4124 salvati
2374 4071 2534 4134 sunt,
2559 4067 2858 4122 salvantur
2877 4072 2934 4122 et
2954 4066 3354 4132 salvabuntur,
3387 4063 3686 4136 quoniam,

2046 4161 2110 4212 ut
2130 4156 2402 4229 princeps
2424 4155 2823 4229 apostolorum
2846 4155 3014 4210 dicit:
3039 4160 3163 4212 Non
3181 4163 3264 4210 est
3286 4153 3462 4208 aliud
3483 4167 3692 4207 nomen

2044 4247 2150 4304 sub
2164 4261 2247 4303 eos
2255 4245 2312 4300 lo
2325 4247 2534 4301 datum
2547 4249 2674 4300 hom
2683 4245 2766 4300 ini
2771 4245 2891 4311 bus,
2900 4245 2963 4300 in
2973 4259 3082 4316 quo
3090 4247 3363 4314 oporteat
3377 4257 3482 4297 nos
3491 4240 3688 4295 salvos

287 4352 425 4392 nam
457 4335 630 4392 electi
663 4336 839 4392 iidem
869 4339 1009 4392 sunt
1037 4340 1095 4390 et
1119 4335 1516 4406 prtedestinati
1548 4337 1619 4392 ad
1647 4337 1850 4404 vitam,
1885 4342 1942 4393 et
2040 4337 2178 4405 ﬁeri
2205 4337 2354 4404 (Act.
2388 4352 2465 4400 1v,
2503 4335 2610 4400 12),
2634 4337 2768 4388 ante
2798 4337 3062 4404 tempora
3082 4329 3384 4386 saecularia
3413 4325 3686 4400 praesciti,

285 4425 470 4480 vitam
491 4423 1055 4496 illisprmdestinavit
1082 4427 1378 4480 aeternam.
1409 4425 1576 4480 Sicut
1611 4425 1788 4496 elegit
1815 4443 1936 4494 nos,

286 4511 484 4584 inqﬁit
494 4511 894 4584 Apostolus,in
917 4513 1046 4582 ipso
1065 4521 1198 4568 ante
1214 4513 1428 4568 mundi
1445 4515 1936 4584 constitutionem,

2046 4429 2105 4482 et
2139 4425 2329 4498 gratia
2365 4421 2531 4478 electi
2565 4422 2649 4477 vel
2685 4420 3078 4493 prtedestinati
3112 4419 3183 4474 ad
3212 4417 3412 4485 vitam,
3444 4415 3686 4489 quidam

2044 4531 2178 4570 vero
2199 4511 2448 4586 praesciti
2471 4529 2585 4566 non
2617 4509 3035 4582 praedestinati,
3059 4507 3160 4564 sed
3183 4506 3408 4579 judicio
3431 4506 3598 4578 justo
3628 4505 3687 4560 in

287 4611 352 4657 ut
367 4618 620 4658 essemus
637 4602 832 4658 sancti
846 4607 901 4657 et
924 4601 1302 4658 immaculati
1329 4604 1390 4658 in
1421 4609 1722 4676 conspectu
1736 4608 1864 4676 ejus
1879 4607 1944 4662 in
1969 4621 2018 4686 Ι)
2049 4603 2252 4658 eadem
2285 4617 2482 4656 massa
2511 4599 2694 4654 relicti
2726 4598 2799 4654 ad
2830 4614 3060 4670 pmnam
3091 4601 3250 4652 sunt.
3275 4615 3302 4646 η
3340 4596 3504 4653 Sicut
3534 4595 3688 4650 idem

287 4689 616 4756 alacritate,
633 4689 1068 4760 prxdestinans
1082 4705 1184 4745 nos
1206 4690 1268 4746 in
1290 4690 1672 4759 adoptionem
1681 4689 1941 4762 ﬁliorum

287 4783 441 4849 per!
444 4795 542 4835 esu
551 4796 606 4834 m
623 4778 926 4835 Christum
939 4780 1000 4835 in
1012 4780 1225 4849 ipsum,
1245 4779 1559 4834 secundum
1573 4781 1944 4852 propositum

289 4869 750 4939 uoluntatissuc'e,
763 4870 827 4924 in
840 4869 1075 4925 laudem
1097 4867 1307 4939 gloriae
1327 4869 1550 4940 gratiae
1573 4884 1710 4926 sum.
1736 4873 1803 4925 In
1831 4887 1945 4943 qua

289 4957 659 5031 gratiﬁcavit
680 4973 784 5014 nos
817 4959 880 5013 in
903 4957 1122 5013 dilecto
1140 4957 1302 5014 Filio
1325 4957 1515 5028 suo,in
1529 4973 1638 5030 quo
1667 4958 1948 5015 habemus

289 5047 756 5120 redemptionem
781 5063 891 5118 per
918 5048 1271 5119 sanguinem
1311 5046 1514 5116 ipsius,
1547 5047 1946 5104 remissionem

285 5145 668 5208 peccatorum
699 5136 1017 5192 secundum
1043 5137 1280 5192 divitias
1299 5137 1514 5206 gratia:
1531 5151 1654 5193 sua?
1675 5154 1694 5191 :
1716 5153 1947 5210 gumm-

289 5225 714 5296 perabundacit
737 5227 802 5281 in
819 5241 922 5281 nos
947 5225 1007 5280 in
1030 5225 1188 5280 omni
1207 5225 1502 5296 sapientia
1523 5231 1580 5280 et
1593 5227 1939 5298 prudentia,

286 5319 358 5370 ut
382 5315 710 5371 ostenderet
728 5314 898 5371 nobis
919 5315 1263 5385 mysterium
1283 5314 1602 5370 voluntatis
1619 5331 1944 5372 suaesecun-

287 5404 434 5460 dum
469 5406 678 5460 bonam
729 5407 1082 5460 voluntatem
1137 5405 1326 5474 suam,
1354 5420 1531 5475 quam
1553 5407 1852 5476 proposuit
1882 5407 1944 5462 in

288 5494 316 5548 ἰ
322 5493 346 5548 ι
353 5491 502 5562 lo,in
516 5493 952 5564 dispositionem
968 5491 1362 5564 plenitudinis
1372 5495 1947 5564 temporum,instau-

290 5598 442 5638 rare
483 5583 687 5639 omnia
712 5583 774 5638 in
797 5581 1033 5638 Christo
1053 5597 1180 5655 quae
1203 5583 1262 5637 in
1282 5579 1444 5637 caelis
1464 5589 1618 5652 sunt,
1648 5591 1702 5637 et
1731 5599 1859 5656 quae
1887 5585 1945 5640 in

294 5672 472 5728 terris
511 5673 576 5728 in
604 5671 746 5745 ipso.
770 5675 834 5726 In
856 5686 964 5745 quo
993 5671 1176 5727 etiam
1201 5680 1259 5726 et
1287 5677 1502 5727 sortem
1531 5673 1820 5728 consecuti
1843 5690 1945 5730 su-

2050 4689 2364 4764 Gregorius
2399 4689 2598 4744 doctor
2635 4685 2904 4760 egregius
2924 4685 2984 4740 in
3010 4685 3158 4741 libro
3179 4703 3288 4744 xxv
3309 4689 3449 4758 (cap.
3481 4686 3538 4754 8)
3569 4684 3688 4740 Moo

2050 4778 2263 4834 ralium
2285 4777 2425 4833 dicit
2448 4795 2461 4832 :
2485 4800 2511 4826 ‹‹
2538 4773 3694 4848 Hunc,inquiens,supernorumjudicio-

2052 4885 2184 4924 rum
2198 4872 2419 4923 metum
2434 4865 2648 4921 Paulus
2660 4865 2961 4937 apostolus
2983 4863 3405 4936 discipulorum
3417 4863 3692 4920 cordibus

2052 4956 2456 5013 insinuansait
2470 4973 2481 5012 :
2497 4955 2610 5026 Qui
2627 4971 2687 5010 se
2705 4956 3011 5012 existimat
3031 4961 3196 5010 stare
3217 4955 3414 5010 videat
3430 4969 3500 5008 ne
3515 4952 3694 5008 cadat

2052 5051 2104 5118 (I
2124 5051 2254 5104 Cor.
2286 5063 2343 5115 x,
2373 5047 2478 5113 l2).
2513 5045 2674 5111 Quod
2727 5049 2922 5100 autem
2957 5043 3117 5108 dicit,
3151 5051 3405 5098 conteret
3454 5039 3690 5105 multos,

2055 5137 2208 5194 illico
2265 5135 2552 5207 adjunxit,
2600 5132 3062 5190 innumerabiles
3093 5131 3223 5202 (Job
3250 5145 3436 5206 xxxw,
3461 5128 3574 5199 24),
3605 5122 3693 5182 vel

2050 5224 2487 5282 multitudinem
2519 5223 2840 5295 exprimere
2871 5222 3097 5278 studuit
3140 5219 3538 5292 reproborum,
3567 5233 3694 5288 qua:

2049 5316 2322 5371 humana:
2354 5313 2597 5368 rationis
2623 5329 2935 5368 numerum
2967 5308 3194 5378 transit,
3230 5305 3316 5362 vel
3357 5309 3508 5360 certe
3537 5303 3695 5359 indi-
3747 5375 3757 5380 _

2053 5420 2182 5460 care
2205 5402 2384 5458 voluit
2405 5403 2557 5474 quod
2584 5418 2787 5456 omnes
2810 5401 2907 5471 qui
2933 5399 3176 5471 pereunt
3204 5395 3356 5449 intra
3379 5392 3696 5449 electorum

2053 5508 2366 5566 numerum
2398 5508 2513 5546 non
2557 5491 2866 5558 habentur,
2899 5493 2964 5542 ut
2991 5503 3056 5540 eo
3089 5485 3208 5540 sint
3237 5483 3698 5540 innumerabiles

2054 5599 2170 5656 quo
2201 5585 2359 5637 extra
2389 5597 2698 5635 numerum
2731 5579 2990 5632 currunt.
3025 5573 3186 5629 Unde
3217 5577 3273 5630 et
3298 5573 3583 5646 Propheta
3605 5575 3696 5628 in-

2054 5678 2225 5729 tuens
2255 5675 2447 5726 tantos
2477 5667 2534 5722 in
2567 5668 2676 5723 hoc
2705 5665 2971 5722 Ecclesia:
3016 5667 3280 5737 tempore
3331 5663 3695 5737 specietenus
