  <div class='ocr_page' id='page_1' title='image "/cluster/home/n/w/nwhite01/storage/ocr_20150623/125/hvd.32044054759873/223.png"; bbox 0 0 3962 6178; ppageno 0'>
   <div class='ocr_carea' id='block_1_1' title="bbox 286 347 404 410">
    <p class='ocr_par' dir='ltr' id='par_1_1' title="bbox 286 347 404 410">
     <span class='ocr_line' id='line_1_1' title="bbox 286 347 404 410; baseline 0.008 -2"><span class='ocrx_word' id='word_1_1' title='bbox 286 347 404 410; x_wconf 71' lang='grc'><strong>435</strong></span> 
     </span>
    </p>
   </div>
   <div class='ocr_carea' id='block_1_2' title="bbox 1219 345 2756 415">
    <p class='ocr_par' dir='ltr' id='par_1_2' title="bbox 1219 345 2756 415">
     <span class='ocr_line' id='line_1_2' title="bbox 1219 345 2756 415; baseline 0.002 -6"><span class='ocrx_word' id='word_1_2' title='bbox 1219 345 1605 412; x_wconf 80' lang='lat' dir='ltr'><strong>HINCMARI</strong></span> <span class='ocrx_word' id='word_1_3' title='bbox 1653 349 2098 413; x_wconf 81' lang='lat' dir='ltr'><strong>RHEMENSIS</strong></span> <span class='ocrx_word' id='word_1_4' title='bbox 2143 349 2756 415; x_wconf 78' lang='lat' dir='ltr'><strong>ARCHIEPISCOPI.</strong></span> 
     </span>
    </p>
   </div>
   <div class='ocr_carea' id='block_1_3' title="bbox 3541 355 3647 418">
    <p class='ocr_par' dir='ltr' id='par_1_3' title="bbox 3541 355 3647 418">
     <span class='ocr_line' id='line_1_3' title="bbox 3541 355 3647 418; baseline 0 0"><span class='ocrx_word' id='word_1_5' title='bbox 3541 355 3647 418; x_wconf 69' lang='lat'><strong>436</strong></span> 
     </span>
    </p>
   </div>
   <div class='ocr_carea' id='block_1_4' title="bbox 284 478 3646 560">
    <p class='ocr_par' dir='ltr' id='par_1_4' title="bbox 284 478 3646 560">
     <span class='ocr_line' id='line_1_4' title="bbox 284 478 3646 560; baseline 0.003 -23"><span class='ocrx_word' id='word_1_6' title='bbox 284 481 538 549; x_wconf 81' lang='lat' dir='ltr'><strong>credere,</strong></span> <span class='ocrx_word' id='word_1_7' title='bbox 573 483 826 553; x_wconf 89' lang='lat' dir='ltr'><strong>quantos</strong></span> <span class='ocrx_word' id='word_1_8' title='bbox 874 478 1154 538; x_wconf 83' lang='lat' dir='ltr'><strong>nimirum</strong></span> <span class='ocrx_word' id='word_1_9' title='bbox 1197 485 1422 539; x_wconf 87' lang='lat' dir='ltr'><strong>certum</strong></span> <span class='ocrx_word' id='word_1_10' title='bbox 1469 488 1560 540; x_wconf 90' lang='lat' dir='ltr'><strong>est</strong></span> <span class='ocrx_word' id='word_1_11' title='bbox 1614 483 1932 540; x_wconf 84' lang='lat' dir='ltr'><strong>electorum</strong></span> <span class='ocrx_word' id='word_1_12' title='bbox 1960 485 2015 552; x_wconf 78' lang='grc' dir='ltr'><strong>Α</strong></span> <span class='ocrx_word' id='word_1_13' title='bbox 2045 501 2223 558; x_wconf 91' lang='lat' dir='ltr'><strong>quam</strong></span> <span class='ocrx_word' id='word_1_14' title='bbox 2245 500 2382 558; x_wconf 89' lang='lat' dir='ltr'><strong>ergo</strong></span> <span class='ocrx_word' id='word_1_15' title='bbox 2403 501 2582 558; x_wconf 86' lang='lat' dir='ltr'><strong>super</strong></span> <span class='ocrx_word' id='word_1_16' title='bbox 2599 502 2698 542; x_wconf 90' lang='lat' dir='ltr'><strong>eos</strong></span> <span class='ocrx_word' id='word_1_17' title='bbox 2717 501 2922 558; x_wconf 92' lang='lat' dir='ltr'><strong>vesper</strong></span> <span class='ocrx_word' id='word_1_18' title='bbox 2939 488 3329 560; x_wconf 80' lang='lat' dir='ltr'><strong>consurgeret,</strong></span> <span class='ocrx_word' id='word_1_19' title='bbox 3351 485 3399 544; x_wconf 91' lang='lat' dir='ltr'><strong>si</strong></span> <span class='ocrx_word' id='word_1_20' title='bbox 3417 487 3534 544; x_wconf 69' lang='lat' dir='ltr'><strong>caeli</strong></span> <span class='ocrx_word' id='word_1_21' title='bbox 3553 489 3646 546; x_wconf 82' lang='lat' dir='ltr'><strong>filii</strong></span> 
     </span>
    </p>
   </div>
   <div class='ocr_carea' id='block_1_5' title="bbox 290 570 1934 647">
    <p class='ocr_par' dir='ltr' id='par_1_5' title="bbox 290 570 1934 647">
     <span class='ocr_line' id='line_1_5' title="bbox 290 570 1934 647; baseline 0.002 -21"><span class='ocrx_word' id='word_1_22' title='bbox 290 585 605 626; x_wconf 85' lang='lat' dir='ltr'><strong>numerum</strong></span> <span class='ocrx_word' id='word_1_23' title='bbox 653 587 1067 643; x_wconf 76' lang='lat' dir='ltr'><strong>summamque</strong></span> <span class='ocrx_word' id='word_1_24' title='bbox 1122 570 1392 640; x_wconf 91' lang='lat' dir='ltr'><strong>transire,</strong></span> <span class='ocrx_word' id='word_1_25' title='bbox 1452 573 1579 629; x_wconf 90' lang='lat' dir='ltr'><strong>ait:</strong></span> <span class='ocrx_word' id='word_1_26' title='bbox 1629 573 1934 647; x_wconf 84' lang='lat' dir='ltr'><strong>Multipli-</strong></span> 
     </span>
    </p>
   </div>
   <div class='ocr_carea' id='block_1_6' title="bbox 286 661 1933 735">
    <p class='ocr_par' dir='ltr' id='par_1_6' title="bbox 286 661 1933 735">
     <span class='ocr_line' id='line_1_6' title="bbox 286 661 1933 735; baseline 0.001 -17"><span class='ocrx_word' id='word_1_27' title='bbox 286 661 412 718; x_wconf 80' lang='lat' dir='ltr'><strong>caii</strong></span> <span class='ocrx_word' id='word_1_28' title='bbox 491 665 626 716; x_wconf 82' lang='lat' dir='ltr'><strong>sunt</strong></span> <span class='ocrx_word' id='word_1_29' title='bbox 703 678 880 734; x_wconf 84' lang='lat' dir='ltr'><strong>super</strong></span> <span class='ocrx_word' id='word_1_30' title='bbox 957 677 1266 716; x_wconf 84' lang='lat' dir='ltr'><strong>numerum</strong></span> <span class='ocrx_word' id='word_1_31' title='bbox 1340 661 1521 735; x_wconf 81' lang='lat' dir='ltr'><strong>(Psal.</strong></span> <span class='ocrx_word' id='word_1_32' title='bbox 1582 681 1772 732; x_wconf 77' lang='lat' dir='ltr'><strong>XXXIX,</strong></span> <span class='ocrx_word' id='word_1_33' title='bbox 1829 663 1933 734; x_wconf 91' lang='lat'><strong>6);</strong></span> 
     </span>
    </p>
   </div>
   <div class='ocr_carea' id='block_1_7' title="bbox 289 748 1936 819">
    <p class='ocr_par' dir='ltr' id='par_1_7' title="bbox 289 748 1936 819">
     <span class='ocr_line' id='line_1_7' title="bbox 289 748 1936 819; baseline 0 -11"><span class='ocrx_word' id='word_1_34' title='bbox 289 751 438 808; x_wconf 74' lang='grc'><strong>³71</strong></span> <span class='ocrx_word' id='word_1_35' title='bbox 477 765 543 805; x_wconf 90' lang='lat' dir='ltr'><strong>ac</strong></span> <span class='ocrx_word' id='word_1_36' title='bbox 575 748 624 805; x_wconf 92' lang='lat' dir='ltr'><strong>si</strong></span> <span class='ocrx_word' id='word_1_37' title='bbox 655 749 912 806; x_wconf 82' lang='lat' dir='ltr'><strong>diceret:</strong></span> <span class='ocrx_word' id='word_1_38' title='bbox 949 749 1148 806; x_wconf 86' lang='lat' dir='ltr'><strong>Multis</strong></span> <span class='ocrx_word' id='word_1_39' title='bbox 1196 749 1514 807; x_wconf 89' lang='lat' dir='ltr'><strong>Ecclesiam</strong></span> <span class='ocrx_word' id='word_1_40' title='bbox 1555 750 1936 819; x_wconf 89' lang='lat' dir='ltr'><strong>intrantibus,</strong></span> 
     </span>
    </p>
   </div>
   <div class='ocr_carea' id='block_1_8' title="bbox 289 838 1940 913">
    <p class='ocr_par' dir='ltr' id='par_1_8' title="bbox 289 838 1940 913">
     <span class='ocr_line' id='line_1_8' title="bbox 289 838 1940 913; baseline 0.001 -17"><span class='ocrx_word' id='word_1_41' title='bbox 289 839 469 896; x_wconf 87' lang='lat' dir='ltr'><strong>etiam</strong></span> <span class='ocrx_word' id='word_1_42' title='bbox 483 838 543 894; x_wconf 88' lang='lat' dir='ltr'><strong>hi</strong></span> <span class='ocrx_word' id='word_1_43' title='bbox 557 839 630 894; x_wconf 88' lang='lat' dir='ltr'><strong>ad</strong></span> <span class='ocrx_word' id='word_1_44' title='bbox 644 839 819 894; x_wconf 77' lang='lat' dir='ltr'><strong>fidem</strong></span> <span class='ocrx_word' id='word_1_45' title='bbox 841 839 1005 912; x_wconf 83' lang='lat' dir='ltr'><strong>regni</strong></span> <span class='ocrx_word' id='word_1_46' title='bbox 1023 839 1392 912; x_wconf 90' lang='lat' dir='ltr'><strong>specietenus</strong></span> <span class='ocrx_word' id='word_1_47' title='bbox 1413 839 1778 913; x_wconf 91' lang='lat' dir='ltr'><strong>veniunt,qui</strong></span> <span class='ocrx_word' id='word_1_48' title='bbox 1791 859 1821 896; x_wconf 90' lang='lat' dir='ltr'><strong>a</strong></span> <span class='ocrx_word' id='word_1_49' title='bbox 1837 859 1940 897; x_wconf 88' lang='lat' dir='ltr'><strong>nu-</strong></span> 
     </span>
    </p>
   </div>
   <div class='ocr_carea' id='block_1_9' title="bbox 293 927 1936 1000">
    <p class='ocr_par' dir='ltr' id='par_1_9' title="bbox 293 927 1936 1000">
     <span class='ocr_line' id='line_1_9' title="bbox 293 927 1936 1000; baseline 0.001 -16"><span class='ocrx_word' id='word_1_50' title='bbox 293 944 453 984; x_wconf 90' lang='lat' dir='ltr'><strong>mero</strong></span> <span class='ocrx_word' id='word_1_51' title='bbox 465 927 1109 994; x_wconf 77' lang='lat' dir='ltr'><strong>cmlestiexcluduntur,</strong></span> <span class='ocrx_word' id='word_1_52' title='bbox 1124 929 1265 1000; x_wconf 84' lang='lat' dir='ltr'><strong>quia</strong></span> <span class='ocrx_word' id='word_1_53' title='bbox 1292 928 1610 985; x_wconf 87' lang='lat' dir='ltr'><strong>electorum</strong></span> <span class='ocrx_word' id='word_1_54' title='bbox 1641 947 1936 986; x_wconf 80' lang='lat' dir='ltr'><strong>summam</strong></span> 
     </span>
    </p>
   </div>
   <div class='ocr_carea' id='block_1_10' title="bbox 293 1015 1942 1092">
    <p class='ocr_par' dir='ltr' id='par_1_10' title="bbox 293 1015 1942 1092">
     <span class='ocr_line' id='line_1_10' title="bbox 293 1015 1942 1092; baseline 0.001 -19"><span class='ocrx_word' id='word_1_55' title='bbox 293 1034 403 1074; x_wconf 90' lang='lat' dir='ltr'><strong>sua</strong></span> <span class='ocrx_word' id='word_1_56' title='bbox 441 1015 711 1072; x_wconf 87' lang='lat' dir='ltr'><strong>videlicet</strong></span> <span class='ocrx_word' id='word_1_57' title='bbox 756 1015 1238 1088; x_wconf 82' lang='lat' dir='ltr'><strong>multiplicatione</strong></span> <span class='ocrx_word' id='word_1_58' title='bbox 1286 1022 1616 1074; x_wconf 89' lang='lat' dir='ltr'><strong>transeunt.</strong></span> <span class='ocrx_word' id='word_1_59' title='bbox 1645 1019 1808 1075; x_wconf 89' lang='lat' dir='ltr'><strong>Unde</strong></span> <span class='ocrx_word' id='word_1_60' title='bbox 1839 1035 1942 1092; x_wconf 90' lang='lat' dir='ltr'><strong>per</strong></span> 
     </span>
    </p>
   </div>
   <div class='ocr_carea' id='block_1_11' title="bbox 295 1105 1937 1179">
    <p class='ocr_par' dir='ltr' id='par_1_11' title="bbox 295 1105 1937 1179">
     <span class='ocr_line' id='line_1_11' title="bbox 295 1105 1937 1179; baseline 0.002 -17"><span class='ocrx_word' id='word_1_61' title='bbox 295 1107 506 1164; x_wconf 81' lang='lat' dir='ltr'><strong>Isaiam</strong></span> <span class='ocrx_word' id='word_1_62' title='bbox 525 1117 757 1179; x_wconf 87' lang='lat' dir='ltr'><strong>quoque</strong></span> <span class='ocrx_word' id='word_1_63' title='bbox 769 1105 958 1162; x_wconf 90' lang='lat' dir='ltr'><strong>eidem</strong></span> <span class='ocrx_word' id='word_1_64' title='bbox 980 1105 1247 1162; x_wconf 81' lang='lat' dir='ltr'><strong>Ecclesiae</strong></span> <span class='ocrx_word' id='word_1_65' title='bbox 1272 1107 1512 1164; x_wconf 90' lang='lat' dir='ltr'><strong>dicitur:</strong></span> <span class='ocrx_word' id='word_1_66' title='bbox 1531 1109 1616 1164; x_wconf 77' lang='lat' dir='ltr'><strong>Ad</strong></span> <span class='ocrx_word' id='word_1_67' title='bbox 1626 1110 1937 1166; x_wconf 73' lang='lat' dir='ltr'><strong>dexteram</strong></span> 
     </span>
    </p>
   </div>
   <div class='ocr_carea' id='block_1_12' title="bbox 293 1193 1941 1272">
    <p class='ocr_par' dir='ltr' id='par_1_12' title="bbox 293 1193 1941 1272">
     <span class='ocr_line' id='line_1_12' title="bbox 293 1193 1941 1272; baseline 0.002 -21"><span class='ocrx_word' id='word_1_68' title='bbox 293 1196 446 1251; x_wconf 84' lang='lat' dir='ltr'><strong>enim</strong></span> <span class='ocrx_word' id='word_1_69' title='bbox 462 1201 517 1251; x_wconf 87' lang='lat' dir='ltr'><strong>et</strong></span> <span class='ocrx_word' id='word_1_70' title='bbox 538 1196 624 1252; x_wconf 84' lang='lat' dir='ltr'><strong>ad</strong></span> <span class='ocrx_word' id='word_1_71' title='bbox 645 1197 854 1254; x_wconf 56' lang='lat' dir='ltr'><strong>lenam</strong></span> <span class='ocrx_word' id='word_1_72' title='bbox 881 1196 942 1250; x_wconf 88' lang='lat' dir='ltr'><strong>di</strong></span> <span class='ocrx_word' id='word_1_73' title='bbox 949 1193 1178 1252; x_wconf 81' lang='lat' dir='ltr'><strong>lataber</strong></span> <span class='ocrx_word' id='word_1_74' title='bbox 1188 1197 1318 1263; x_wconf 84' lang='lat' dir='ltr'><strong>is,et</strong></span> <span class='ocrx_word' id='word_1_75' title='bbox 1339 1213 1531 1253; x_wconf 82' lang='lat' dir='ltr'><strong>semen</strong></span> <span class='ocrx_word' id='word_1_76' title='bbox 1559 1203 1722 1252; x_wconf 80' lang='lat' dir='ltr'><strong>tuum</strong></span> <span class='ocrx_word' id='word_1_77' title='bbox 1741 1205 1941 1272; x_wconf 84' lang='lat' dir='ltr'><strong>gentes</strong></span> 
     </span>
    </p>
   </div>
   <div class='ocr_carea' id='block_1_13' title="bbox 295 1283 1938 1358">
    <p class='ocr_par' dir='ltr' id='par_1_13' title="bbox 295 1283 1938 1358">
     <span class='ocr_line' id='line_1_13' title="bbox 295 1283 1938 1358; baseline 0.003 -18"><span class='ocrx_word' id='word_1_78' title='bbox 295 1283 667 1342; x_wconf 61' lang='lat' dir='ltr'><strong>haereditabit</strong></span> <span class='ocrx_word' id='word_1_79' title='bbox 688 1285 1029 1354; x_wconf 82' lang='lat' dir='ltr'><strong>(Isa.L1v,3).</strong></span> <span class='ocrx_word' id='word_1_80' title='bbox 1046 1285 1304 1341; x_wconf 88' lang='lat' dir='ltr'><strong>Intrante</strong></span> <span class='ocrx_word' id='word_1_81' title='bbox 1325 1284 1540 1358; x_wconf 91' lang='lat' dir='ltr'><strong>quippe</strong></span> <span class='ocrx_word' id='word_1_82' title='bbox 1563 1285 1938 1346; x_wconf 86' lang='lat' dir='ltr'><strong>multitudine</strong></span> 
     </span>
    </p>
   </div>
   <div class='ocr_carea' id='block_1_14' title="bbox 293 1373 1937 1449">
    <p class='ocr_par' dir='ltr' id='par_1_14' title="bbox 293 1373 1937 1449">
     <span class='ocr_line' id='line_1_14' title="bbox 293 1373 1937 1449; baseline 0.004 -22"><span class='ocrx_word' id='word_1_83' title='bbox 293 1373 560 1445; x_wconf 85' lang='lat' dir='ltr'><strong>gentium</strong></span> <span class='ocrx_word' id='word_1_84' title='bbox 593 1374 664 1429; x_wconf 91' lang='lat' dir='ltr'><strong>ad</strong></span> <span class='ocrx_word' id='word_1_85' title='bbox 695 1373 990 1430; x_wconf 86' lang='lat' dir='ltr'><strong>dexteram</strong></span> <span class='ocrx_word' id='word_1_86' title='bbox 1040 1373 1392 1444; x_wconf 82' lang='lat' dir='ltr'><strong>extenditur,</strong></span> <span class='ocrx_word' id='word_1_87' title='bbox 1446 1375 1589 1432; x_wconf 91' lang='lat' dir='ltr'><strong>dum</strong></span> <span class='ocrx_word' id='word_1_88' title='bbox 1649 1377 1937 1449; x_wconf 90' lang='lat' dir='ltr'><strong>quosdam</strong></span> 
     </span>
    </p>
   </div>
   <div class='ocr_carea' id='block_1_15' title="bbox 285 1461 1936 1538">
    <p class='ocr_par' dir='ltr' id='par_1_15' title="bbox 285 1461 1936 1538">
     <span class='ocr_line' id='line_1_15' title="bbox 285 1461 1936 1538; baseline 0.002 -22"><span class='ocrx_word' id='word_1_89' title='bbox 285 1461 702 1531; x_wconf 82' lang='lat' dir='ltr'><strong>justiﬁcandos</strong></span> <span class='ocrx_word' id='word_1_90' title='bbox 733 1461 1014 1534; x_wconf 86' lang='lat' dir='ltr'><strong>suscipit:</strong></span> <span class='ocrx_word' id='word_1_91' title='bbox 1040 1463 1112 1518; x_wconf 90' lang='lat' dir='ltr'><strong>ad</strong></span> <span class='ocrx_word' id='word_1_92' title='bbox 1144 1461 1345 1520; x_wconf 71' lang='lat' dir='ltr'><strong>laevam</strong></span> <span class='ocrx_word' id='word_1_93' title='bbox 1372 1479 1605 1538; x_wconf 87' lang='lat' dir='ltr'><strong>quoque</strong></span> <span class='ocrx_word' id='word_1_94' title='bbox 1636 1464 1936 1534; x_wconf 88' lang='lat' dir='ltr'><strong>dilatatur,</strong></span> 
     </span>
    </p>
   </div>
   <div class='ocr_carea' id='block_1_16' title="bbox 295 1551 1940 1626">
    <p class='ocr_par' dir='ltr' id='par_1_16' title="bbox 295 1551 1940 1626">
     <span class='ocr_line' id='line_1_16' title="bbox 295 1551 1940 1626; baseline 0.002 -19"><span class='ocrx_word' id='word_1_95' title='bbox 295 1551 438 1607; x_wconf 90' lang='lat' dir='ltr'><strong>dum</strong></span> <span class='ocrx_word' id='word_1_96' title='bbox 459 1551 532 1607; x_wconf 89' lang='lat' dir='ltr'><strong>ad</strong></span> <span class='ocrx_word' id='word_1_97' title='bbox 546 1567 608 1608; x_wconf 91' lang='lat' dir='ltr'><strong>se</strong></span> <span class='ocrx_word' id='word_1_98' title='bbox 621 1551 908 1624; x_wconf 88' lang='lat' dir='ltr'><strong>quosdam</strong></span> <span class='ocrx_word' id='word_1_99' title='bbox 929 1551 1107 1607; x_wconf 90' lang='lat' dir='ltr'><strong>etiam</strong></span> <span class='ocrx_word' id='word_1_100' title='bbox 1130 1551 1188 1606; x_wconf 92' lang='lat' dir='ltr'><strong>in</strong></span> <span class='ocrx_word' id='word_1_101' title='bbox 1212 1551 1519 1625; x_wconf 85' lang='lat' dir='ltr'><strong>iniquitate</strong></span> <span class='ocrx_word' id='word_1_102' title='bbox 1532 1555 1940 1626; x_wconf 88' lang='lat' dir='ltr'><strong>permanentes</strong></span> 
     </span>
    </p>
   </div>
   <div class='ocr_carea' id='block_1_17' title="bbox 295 1639 1944 1715">
    <p class='ocr_par' dir='ltr' id='par_1_17' title="bbox 295 1639 1944 1715">
     <span class='ocr_line' id='line_1_17' title="bbox 295 1639 1944 1715; baseline 0.001 -19"><span class='ocrx_word' id='word_1_103' title='bbox 295 1639 573 1707; x_wconf 77' lang='lat' dir='ltr'><strong>admittit,</strong></span> <span class='ocrx_word' id='word_1_104' title='bbox 626 1643 836 1712; x_wconf 67' lang='lat' dir='ltr'><strong>praeter</strong></span> <span class='ocrx_word' id='word_1_105' title='bbox 890 1639 1042 1696; x_wconf 90' lang='lat' dir='ltr'><strong>hanc</strong></span> <span class='ocrx_word' id='word_1_106' title='bbox 1099 1640 1540 1698; x_wconf 86' lang='lat' dir='ltr'><strong>multitudinem</strong></span> <span class='ocrx_word' id='word_1_107' title='bbox 1596 1659 1723 1715; x_wconf 63' lang='lat' dir='ltr'><strong>quis</strong></span> <span class='ocrx_word' id='word_1_108' title='bbox 1781 1646 1944 1699; x_wconf 89' lang='lat' dir='ltr'><strong>extra</strong></span> 
     </span>
    </p>
   </div>
   <div class='ocr_carea' id='block_1_18' title="bbox 295 1728 1942 1804">
    <p class='ocr_par' dir='ltr' id='par_1_18' title="bbox 295 1728 1942 1804">
     <span class='ocr_line' id='line_1_18' title="bbox 295 1728 1942 1804; baseline 0.002 -20"><span class='ocrx_word' id='word_1_109' title='bbox 295 1728 614 1785; x_wconf 87' lang='lat' dir='ltr'><strong>electorum</strong></span> <span class='ocrx_word' id='word_1_110' title='bbox 672 1746 985 1786; x_wconf 87' lang='lat' dir='ltr'><strong>numerum</strong></span> <span class='ocrx_word' id='word_1_111' title='bbox 1039 1731 1217 1802; x_wconf 88' lang='lat' dir='ltr'><strong>jacet.</strong></span> <span class='ocrx_word' id='word_1_112' title='bbox 1253 1753 1282 1781; x_wconf 85' lang='lat'>»</span> <span class='ocrx_word' id='word_1_113' title='bbox 1312 1732 1382 1786; x_wconf 87' lang='lat' dir='ltr'><strong>Et</strong></span> <span class='ocrx_word' id='word_1_114' title='bbox 1438 1731 1611 1804; x_wconf 90' lang='lat' dir='ltr'><strong>paulo</strong></span> <span class='ocrx_word' id='word_1_115' title='bbox 1669 1731 1942 1804; x_wconf 87' lang='lat' dir='ltr'><strong>superius</strong></span> 
     </span>
    </p>
   </div>
   <div class='ocr_carea' id='block_1_19' title="bbox 2046 573 3648 648">
    <p class='ocr_par' dir='ltr' id='par_1_19' title="bbox 2046 573 3648 648">
     <span class='ocr_line' id='line_1_19' title="bbox 2046 573 3648 648; baseline 0.004 -20"><span class='ocrx_word' id='word_1_116' title='bbox 2046 590 2175 629; x_wconf 91' lang='lat' dir='ltr'><strong>esse</strong></span> <span class='ocrx_word' id='word_1_117' title='bbox 2203 573 2524 630; x_wconf 89' lang='lat' dir='ltr'><strong>volussent.</strong></span> <span class='ocrx_word' id='word_1_118' title='bbox 2557 597 2585 625; x_wconf 88' lang='grc'><strong>››</strong></span> <span class='ocrx_word' id='word_1_119' title='bbox 2618 575 2688 631; x_wconf 89' lang='lat' dir='ltr'><strong>Et</strong></span> <span class='ocrx_word' id='word_1_120' title='bbox 2716 573 2854 630; x_wconf 90' lang='lat' dir='ltr'><strong>item</strong></span> <span class='ocrx_word' id='word_1_121' title='bbox 2887 574 2945 630; x_wconf 91' lang='lat' dir='ltr'><strong>in</strong></span> <span class='ocrx_word' id='word_1_122' title='bbox 2977 573 3124 646; x_wconf 80' lang='lat' dir='ltr'><strong>libro</strong></span> <span class='ocrx_word' id='word_1_123' title='bbox 3172 573 3440 647; x_wconf 88' lang='lat' dir='ltr'><strong>vigesimo</strong></span> <span class='ocrx_word' id='word_1_124' title='bbox 3468 577 3648 648; x_wconf 88' lang='lat' dir='ltr'><strong>quinto</strong></span> 
     </span>
    </p>
   </div>
   <div class='ocr_carea' id='block_1_20' title="bbox 2047 661 3648 736">
    <p class='ocr_par' dir='ltr' id='par_1_20' title="bbox 2047 661 3648 736">
     <span class='ocr_line' id='line_1_20' title="bbox 2047 661 3648 736; baseline 0.003 -20"><span class='ocrx_word' id='word_1_125' title='bbox 2047 663 2184 735; x_wconf 86' lang='lat' dir='ltr'><strong>(cap.</strong></span> <span class='ocrx_word' id='word_1_126' title='bbox 2207 665 2260 729; x_wconf 94' lang='lat'><strong>8,</strong></span> <span class='ocrx_word' id='word_1_127' title='bbox 2282 663 2338 732; x_wconf 91' lang='lat'><strong>9)</strong></span> <span class='ocrx_word' id='word_1_128' title='bbox 2367 679 2381 718; x_wconf 92' lang='lat'><strong>:</strong></span> <span class='ocrx_word' id='word_1_129' title='bbox 2415 685 2442 713; x_wconf 88' lang='lat'><strong>«</strong></span> <span class='ocrx_word' id='word_1_130' title='bbox 2481 663 2596 720; x_wconf 89' lang='lat' dir='ltr'><strong>lloc</strong></span> <span class='ocrx_word' id='word_1_131' title='bbox 2627 663 2778 736; x_wconf 92' lang='lat' dir='ltr'><strong>quod</strong></span> <span class='ocrx_word' id='word_1_132' title='bbox 2831 661 3030 719; x_wconf 90' lang='lat' dir='ltr'><strong>electis</strong></span> <span class='ocrx_word' id='word_1_133' title='bbox 3080 661 3212 719; x_wconf 89' lang='lat' dir='ltr'><strong>aliis</strong></span> <span class='ocrx_word' id='word_1_134' title='bbox 3249 661 3343 718; x_wconf 84' lang='lat' dir='ltr'><strong>alii</strong></span> <span class='ocrx_word' id='word_1_135' title='bbox 3372 669 3648 722; x_wconf 80' lang='lat' dir='ltr'><strong>contemn-</strong></span> 
     </span>
    </p>
   </div>
   <div class='ocr_carea' id='block_1_21' title="bbox 2045 751 3654 825">
    <p class='ocr_par' dir='ltr' id='par_1_21' title="bbox 2045 751 3654 825">
     <span class='ocr_line' id='line_1_21' title="bbox 2045 751 3654 825; baseline 0.003 -19"><span class='ocrx_word' id='word_1_136' title='bbox 2045 753 2160 818; x_wconf 89' lang='lat' dir='ltr'><strong>tur,</strong></span> <span class='ocrx_word' id='word_1_137' title='bbox 2197 751 2267 807; x_wconf 91' lang='lat' dir='ltr'><strong>de</strong></span> <span class='ocrx_word' id='word_1_138' title='bbox 2323 751 2530 808; x_wconf 86' lang='lat' dir='ltr'><strong>merito</strong></span> <span class='ocrx_word' id='word_1_139' title='bbox 2589 751 2863 824; x_wconf 85' lang='lat' dir='ltr'><strong>patientis</strong></span> <span class='ocrx_word' id='word_1_140' title='bbox 2920 757 3028 820; x_wconf 91' lang='lat' dir='ltr'><strong>est,</strong></span> <span class='ocrx_word' id='word_1_141' title='bbox 3081 768 3196 808; x_wconf 89' lang='lat' dir='ltr'><strong>non</strong></span> <span class='ocrx_word' id='word_1_142' title='bbox 3252 751 3321 808; x_wconf 90' lang='lat' dir='ltr'><strong>de</strong></span> <span class='ocrx_word' id='word_1_143' title='bbox 3376 751 3654 825; x_wconf 84' lang='lat' dir='ltr'><strong>iniquitate</strong></span> 
     </span>
    </p>
   </div>
   <div class='ocr_carea' id='block_1_22' title="bbox 2047 840 3653 915">
    <p class='ocr_par' dir='ltr' id='par_1_22' title="bbox 2047 840 3653 915">
     <span class='ocr_line' id='line_1_22' title="bbox 2047 840 3653 915; baseline 0.001 -19"><span class='ocrx_word' id='word_1_144' title='bbox 2047 840 2362 914; x_wconf 90' lang='lat' dir='ltr'><strong>punientis.</strong></span> <span class='ocrx_word' id='word_1_145' title='bbox 2396 842 2522 898; x_wconf 88' lang='lat' dir='ltr'><strong>Non</strong></span> <span class='ocrx_word' id='word_1_146' title='bbox 2551 841 2708 897; x_wconf 90' lang='lat' dir='ltr'><strong>enim</strong></span> <span class='ocrx_word' id='word_1_147' title='bbox 2737 841 2978 915; x_wconf 90' lang='lat' dir='ltr'><strong>iniquus</strong></span> <span class='ocrx_word' id='word_1_148' title='bbox 3003 842 3178 908; x_wconf 87' lang='lat' dir='ltr'><strong>Deus,</strong></span> <span class='ocrx_word' id='word_1_149' title='bbox 3199 843 3348 899; x_wconf 72' lang='lat'><strong>872</strong></span> <span class='ocrx_word' id='word_1_150' title='bbox 3377 841 3470 914; x_wconf 91' lang='lat' dir='ltr'><strong>qui</strong></span> <span class='ocrx_word' id='word_1_151' title='bbox 3501 843 3653 899; x_wconf 78' lang='lat' dir='ltr'><strong>infert</strong></span> 
     </span>
    </p>
   </div>
   <div class='ocr_carea' id='block_1_23' title="bbox 2047 929 3657 1004">
    <p class='ocr_par' dir='ltr' id='par_1_23' title="bbox 2047 929 3657 1004">
     <span class='ocr_line' id='line_1_23' title="bbox 2047 929 3657 1004; baseline 0.001 -19"><span class='ocrx_word' id='word_1_152' title='bbox 2047 929 2195 986; x_wconf 91' lang='lat' dir='ltr'><strong>iram</strong></span> <span class='ocrx_word' id='word_1_153' title='bbox 2230 948 2244 987; x_wconf 97' lang='lat'><strong>:</strong></span> <span class='ocrx_word' id='word_1_154' title='bbox 2278 931 2432 987; x_wconf 91' lang='lat' dir='ltr'><strong>unde</strong></span> <span class='ocrx_word' id='word_1_155' title='bbox 2491 935 2624 1004; x_wconf 89' lang='lat' dir='ltr'><strong>apte</strong></span> <span class='ocrx_word' id='word_1_156' title='bbox 2676 930 3060 1004; x_wconf 91' lang='lat' dir='ltr'><strong>subjungitur</strong></span> <span class='ocrx_word' id='word_1_157' title='bbox 3091 947 3104 985; x_wconf 94' lang='lat'><strong>:</strong></span> <span class='ocrx_word' id='word_1_158' title='bbox 3135 931 3294 987; x_wconf 86' lang='lat' dir='ltr'><strong>Novit</strong></span> <span class='ocrx_word' id='word_1_159' title='bbox 3338 931 3479 986; x_wconf 89' lang='lat' dir='ltr'><strong>enim</strong></span> <span class='ocrx_word' id='word_1_160' title='bbox 3514 947 3657 1004; x_wconf 84' lang='lat' dir='ltr'><strong>opera</strong></span> 
     </span>
    </p>
   </div>
   <div class='ocr_carea' id='block_1_24' title="bbox 2045 1019 3654 1090">
    <p class='ocr_par' dir='ltr' id='par_1_24' title="bbox 2045 1019 3654 1090">
     <span class='ocr_line' id='line_1_24' title="bbox 2045 1019 3654 1090; baseline 0 -16"><span class='ocrx_word' id='word_1_161' title='bbox 2045 1036 2251 1088; x_wconf 88' lang='lat' dir='ltr'><strong>eorum,</strong></span> <span class='ocrx_word' id='word_1_162' title='bbox 2283 1028 2338 1077; x_wconf 84' lang='lat' dir='ltr'><strong>et</strong></span> <span class='ocrx_word' id='word_1_163' title='bbox 2363 1020 2562 1078; x_wconf 82' lang='lat' dir='ltr'><strong>idcirco</strong></span> <span class='ocrx_word' id='word_1_164' title='bbox 2594 1019 2812 1077; x_wconf 77' lang='lat' dir='ltr'><strong>inducet</strong></span> <span class='ocrx_word' id='word_1_165' title='bbox 2848 1026 3079 1086; x_wconf 87' lang='lat' dir='ltr'><strong>noctem,</strong></span> <span class='ocrx_word' id='word_1_166' title='bbox 3109 1027 3161 1076; x_wconf 88' lang='lat' dir='ltr'><strong>et</strong></span> <span class='ocrx_word' id='word_1_167' title='bbox 3187 1027 3514 1076; x_wconf 82' lang='lat' dir='ltr'><strong>conterentur</strong></span> <span class='ocrx_word' id='word_1_168' title='bbox 3533 1019 3654 1090; x_wconf 87' lang='lat' dir='ltr'><strong>(Job.</strong></span> 
     </span>
    </p>
   </div>
   <div class='ocr_carea' id='block_1_25' title="bbox 2044 1105 3639 1183">
    <p class='ocr_par' dir='ltr' id='par_1_25' title="bbox 2044 1105 3639 1183">
     <span class='ocr_line' id='line_1_25' title="bbox 2044 1105 3639 1183; baseline -0.001 -17"><span class='ocrx_word' id='word_1_169' title='bbox 2044 1125 2234 1178; x_wconf 73' lang='lat' dir='ltr'><strong>xxxxv,</strong></span> <span class='ocrx_word' id='word_1_170' title='bbox 2265 1110 2378 1183; x_wconf 88' lang='lat'><strong>25).</strong></span> <span class='ocrx_word' id='word_1_171' title='bbox 2415 1131 2443 1159; x_wconf 90' lang='grc'><strong>››</strong></span> <span class='ocrx_word' id='word_1_172' title='bbox 3626 1105 3639 1116; x_wconf 84' lang='grc'><strong>’</strong></span> 
     </span>
    </p>
   </div>
   <div class='ocr_carea' id='block_1_26' title="bbox 2117 1195 3662 1271">
    <p class='ocr_par' dir='ltr' id='par_1_26' title="bbox 2117 1195 3662 1271">
     <span class='ocr_line' id='line_1_26' title="bbox 2117 1195 3662 1271; baseline 0.001 -17"><span class='ocrx_word' id='word_1_173' title='bbox 2117 1199 2186 1254; x_wconf 92' lang='lat' dir='ltr'><strong>Et</strong></span> <span class='ocrx_word' id='word_1_174' title='bbox 2205 1197 2344 1270; x_wconf 88' lang='lat' dir='ltr'><strong>quia</strong></span> <span class='ocrx_word' id='word_1_175' title='bbox 2364 1197 2726 1271; x_wconf 63' lang='lat' dir='ltr'><strong>praseientia</strong></span> <span class='ocrx_word' id='word_1_176' title='bbox 2747 1197 2847 1253; x_wconf 88' lang='lat' dir='ltr'><strong>Dei</strong></span> <span class='ocrx_word' id='word_1_177' title='bbox 2870 1197 2996 1254; x_wconf 90' lang='lat' dir='ltr'><strong>sine</strong></span> <span class='ocrx_word' id='word_1_178' title='bbox 3037 1195 3530 1270; x_wconf 68' lang='lat' dir='ltr'><strong>predestinatione</strong></span> <span class='ocrx_word' id='word_1_179' title='bbox 3548 1215 3662 1255; x_wconf 85' lang='lat' dir='ltr'><strong>esse</strong></span> 
     </span>
    </p>
   </div>
   <div class='ocr_carea' id='block_1_27' title="bbox 2047 1285 3666 1360">
    <p class='ocr_par' dir='ltr' id='par_1_27' title="bbox 2047 1285 3666 1360">
     <span class='ocr_line' id='line_1_27' title="bbox 2047 1285 3666 1360; baseline -0.001 -17"><span class='ocrx_word' id='word_1_180' title='bbox 2047 1292 2260 1360; x_wconf 87' lang='lat' dir='ltr'><strong>potest,</strong></span> <span class='ocrx_word' id='word_1_181' title='bbox 2282 1286 2436 1344; x_wconf 88' lang='lat' dir='ltr'><strong>sicut</strong></span> <span class='ocrx_word' id='word_1_182' title='bbox 2458 1287 2516 1342; x_wconf 93' lang='lat' dir='ltr'><strong>in</strong></span> <span class='ocrx_word' id='word_1_183' title='bbox 2539 1287 2654 1344; x_wconf 89' lang='lat' dir='ltr'><strong>illis</strong></span> <span class='ocrx_word' id='word_1_184' title='bbox 2675 1287 2952 1344; x_wconf 93' lang='lat' dir='ltr'><strong>omnibus</strong></span> <span class='ocrx_word' id='word_1_185' title='bbox 2981 1303 3109 1359; x_wconf 70' lang='lat' dir='ltr'><strong>qua:</strong></span> <span class='ocrx_word' id='word_1_186' title='bbox 3141 1303 3258 1343; x_wconf 91' lang='lat' dir='ltr'><strong>non</strong></span> <span class='ocrx_word' id='word_1_187' title='bbox 3287 1303 3355 1342; x_wconf 84' lang='lat' dir='ltr'><strong>ex</strong></span> <span class='ocrx_word' id='word_1_188' title='bbox 3377 1285 3498 1358; x_wconf 90' lang='lat' dir='ltr'><strong>ipso</strong></span> <span class='ocrx_word' id='word_1_189' title='bbox 3517 1290 3666 1342; x_wconf 89' lang='lat' dir='ltr'><strong>erant</strong></span> 
     </span>
    </p>
   </div>
   <div class='ocr_carea' id='block_1_28' title="bbox 2047 1375 3666 1449">
    <p class='ocr_par' dir='ltr' id='par_1_28' title="bbox 2047 1375 3666 1449">
     <span class='ocr_line' id='line_1_28' title="bbox 2047 1375 3666 1449; baseline -0.001 -17"><span class='ocrx_word' id='word_1_190' title='bbox 2047 1393 2286 1432; x_wconf 89' lang='lat' dir='ltr'><strong>causam</strong></span> <span class='ocrx_word' id='word_1_191' title='bbox 2298 1375 2514 1449; x_wconf 85' lang='lat' dir='ltr'><strong>operati</strong></span> <span class='ocrx_word' id='word_1_192' title='bbox 2523 1375 2652 1432; x_wconf 91' lang='lat' dir='ltr'><strong>onis</strong></span> <span class='ocrx_word' id='word_1_193' title='bbox 2665 1375 2955 1445; x_wconf 88' lang='lat' dir='ltr'><strong>habitura,</strong></span> <span class='ocrx_word' id='word_1_194' title='bbox 2963 1391 3078 1432; x_wconf 91' lang='lat' dir='ltr'><strong>non</strong></span> <span class='ocrx_word' id='word_1_195' title='bbox 3090 1379 3285 1432; x_wconf 89' lang='lat' dir='ltr'><strong>tamen</strong></span> <span class='ocrx_word' id='word_1_196' title='bbox 3297 1391 3429 1431; x_wconf 89' lang='lat' dir='ltr'><strong>eum</strong></span> <span class='ocrx_word' id='word_1_197' title='bbox 3441 1379 3666 1446; x_wconf 90' lang='lat' dir='ltr'><strong>possunt</strong></span> 
     </span>
    </p>
   </div>
   <div class='ocr_carea' id='block_1_29' title="bbox 2047 1463 3668 1538">
    <p class='ocr_par' dir='ltr' id='par_1_29' title="bbox 2047 1463 3668 1538">
     <span class='ocr_line' id='line_1_29' title="bbox 2047 1463 3668 1538; baseline -0.002 -18"><span class='ocrx_word' id='word_1_198' title='bbox 2047 1463 2223 1522; x_wconf 90' lang='lat' dir='ltr'><strong>latere</strong></span> <span class='ocrx_word' id='word_1_199' title='bbox 2255 1463 2354 1538; x_wconf 90' lang='lat' dir='ltr'><strong>qui</strong></span> <span class='ocrx_word' id='word_1_200' title='bbox 2386 1465 2544 1520; x_wconf 90' lang='lat' dir='ltr'><strong>novit</strong></span> <span class='ocrx_word' id='word_1_201' title='bbox 2599 1465 2799 1522; x_wconf 90' lang='lat' dir='ltr'><strong>omnia</strong></span> <span class='ocrx_word' id='word_1_202' title='bbox 2843 1464 3018 1521; x_wconf 91' lang='lat' dir='ltr'><strong>etiam</strong></span> <span class='ocrx_word' id='word_1_203' title='bbox 3069 1468 3384 1536; x_wconf 85' lang='lat' dir='ltr'><strong>antequam</strong></span> <span class='ocrx_word' id='word_1_204' title='bbox 3424 1463 3577 1519; x_wconf 80' lang='lat' dir='ltr'><strong>fiant.</strong></span> <span class='ocrx_word' id='word_1_205' title='bbox 3605 1463 3668 1519; x_wconf 81' lang='lat' dir='ltr'><strong>Et</strong></span> 
     </span>
    </p>
   </div>
   <div class='ocr_carea' id='block_1_30' title="bbox 2045 1551 3668 1628">
    <p class='ocr_par' dir='ltr' id='par_1_30' title="bbox 2045 1551 3668 1628">
     <span class='ocr_line' id='line_1_30' title="bbox 2045 1551 3668 1628; baseline -0.002 -18"><span class='ocrx_word' id='word_1_206' title='bbox 2045 1554 2277 1628; x_wconf 86' lang='lat' dir='ltr'><strong>reprobi</strong></span> <span class='ocrx_word' id='word_1_207' title='bbox 2309 1553 2580 1628; x_wconf 67' lang='lat' dir='ltr'><strong>praesciti,</strong></span> <span class='ocrx_word' id='word_1_208' title='bbox 2604 1571 2720 1610; x_wconf 89' lang='lat' dir='ltr'><strong>non</strong></span> <span class='ocrx_word' id='word_1_209' title='bbox 2752 1556 2948 1610; x_wconf 89' lang='lat' dir='ltr'><strong>autem</strong></span> <span class='ocrx_word' id='word_1_210' title='bbox 2979 1551 3400 1627; x_wconf 70' lang='lat' dir='ltr'><strong>praedestinati,</strong></span> <span class='ocrx_word' id='word_1_211' title='bbox 3429 1567 3462 1608; x_wconf 89' lang='lat' dir='ltr'><strong>a</strong></span> <span class='ocrx_word' id='word_1_212' title='bbox 3481 1555 3584 1607; x_wconf 88' lang='lat' dir='ltr'><strong>Deo</strong></span> <span class='ocrx_word' id='word_1_213' title='bbox 3603 1551 3668 1607; x_wconf 85' lang='lat' dir='ltr'><strong>ad</strong></span> 
     </span>
    </p>
   </div>
   <div class='ocr_carea' id='block_1_31' title="bbox 2048 1639 3670 1717">
    <p class='ocr_par' dir='ltr' id='par_1_31' title="bbox 2048 1639 3670 1717">
     <span class='ocr_line' id='line_1_31' title="bbox 2048 1639 3670 1717; baseline -0.004 -17"><span class='ocrx_word' id='word_1_214' title='bbox 2048 1661 2280 1716; x_wconf 79' lang='lat' dir='ltr'><strong>pmnam</strong></span> <span class='ocrx_word' id='word_1_215' title='bbox 2313 1648 2472 1713; x_wconf 90' lang='lat' dir='ltr'><strong>sunt,</strong></span> <span class='ocrx_word' id='word_1_216' title='bbox 2507 1643 2648 1717; x_wconf 90' lang='lat' dir='ltr'><strong>quia</strong></span> <span class='ocrx_word' id='word_1_217' title='bbox 2690 1659 2806 1699; x_wconf 93' lang='lat' dir='ltr'><strong>non</strong></span> <span class='ocrx_word' id='word_1_218' title='bbox 2841 1642 2968 1716; x_wconf 91' lang='lat' dir='ltr'><strong>ipso</strong></span> <span class='ocrx_word' id='word_1_219' title='bbox 3017 1646 3274 1711; x_wconf 89' lang='lat' dir='ltr'><strong>auctore,</strong></span> <span class='ocrx_word' id='word_1_220' title='bbox 3301 1640 3403 1698; x_wconf 90' lang='lat' dir='ltr'><strong>sed</strong></span> <span class='ocrx_word' id='word_1_221' title='bbox 3432 1639 3670 1712; x_wconf 80' lang='lat' dir='ltr'><strong>exigente</strong></span> 
     </span>
    </p>
   </div>
   <div class='ocr_carea' id='block_1_32' title="bbox 2045 1729 3672 1804">
    <p class='ocr_par' dir='ltr' id='par_1_32' title="bbox 2045 1729 3672 1804">
     <span class='ocr_line' id='line_1_32' title="bbox 2045 1729 3672 1804; baseline -0.003 -17"><span class='ocrx_word' id='word_1_222' title='bbox 2045 1731 2376 1804; x_wconf 88' lang='lat' dir='ltr'><strong>iniquitate,</strong></span> <span class='ocrx_word' id='word_1_223' title='bbox 2407 1732 2495 1788; x_wconf 90' lang='lat' dir='ltr'><strong>vel</strong></span> <span class='ocrx_word' id='word_1_224' title='bbox 2527 1738 2768 1804; x_wconf 86' lang='lat' dir='ltr'><strong>paterna</strong></span> <span class='ocrx_word' id='word_1_225' title='bbox 2795 1731 2882 1788; x_wconf 90' lang='lat' dir='ltr'><strong>vel</strong></span> <span class='ocrx_word' id='word_1_226' title='bbox 2914 1730 3167 1804; x_wconf 88' lang='lat' dir='ltr'><strong>propria,</strong></span> <span class='ocrx_word' id='word_1_227' title='bbox 3192 1733 3436 1803; x_wconf 90' lang='lat' dir='ltr'><strong>pereunt</strong></span> <span class='ocrx_word' id='word_1_228' title='bbox 3462 1729 3615 1800; x_wconf 84' lang='lat' dir='ltr'><strong>justo</strong></span> <span class='ocrx_word' id='word_1_229' title='bbox 3641 1744 3672 1783; x_wconf 72' lang='grc' dir='ltr'>ι</span> 
     </span>
    </p>
   </div>
   <div class='ocr_carea' id='block_1_33' title="bbox 297 1813 3671 1918">
    <p class='ocr_par' dir='ltr' id='par_1_33' title="bbox 297 1813 3671 1918">
     <span class='ocr_line' id='line_1_33' title="bbox 297 1813 3671 1918; baseline -0.001 -45"><span class='ocrx_word' id='word_1_230' title='bbox 297 1818 436 1890; x_wconf 86' lang='lat' dir='ltr'><strong>(cap.</strong></span> <span class='ocrx_word' id='word_1_231' title='bbox 466 1817 673 1886; x_wconf 83' lang='lat' dir='ltr'><strong>eodem)</strong></span> <span class='ocrx_word' id='word_1_232' title='bbox 698 1834 710 1872; x_wconf 94' lang='lat'><strong>:</strong></span> <span class='ocrx_word' id='word_1_233' title='bbox 747 1841 773 1869; x_wconf 82' lang='lat'><strong>«</strong></span> <span class='ocrx_word' id='word_1_234' title='bbox 806 1819 1140 1876; x_wconf 88' lang='lat' dir='ltr'><strong>Notandum</strong></span> <span class='ocrx_word' id='word_1_235' title='bbox 1167 1837 1301 1876; x_wconf 90' lang='lat' dir='ltr'><strong>vero</strong></span> <span class='ocrx_word' id='word_1_236' title='bbox 1327 1823 1434 1889; x_wconf 89' lang='lat' dir='ltr'><strong>est,</strong></span> <span class='ocrx_word' id='word_1_237' title='bbox 1468 1821 1606 1893; x_wconf 88' lang='lat' dir='ltr'><strong>quia</strong></span> <span class='ocrx_word' id='word_1_238' title='bbox 1636 1822 1777 1877; x_wconf 90' lang='lat' dir='ltr'><strong>dum</strong></span> <span class='ocrx_word' id='word_1_239' title='bbox 1809 1821 1940 1878; x_wconf 90' lang='lat' dir='ltr'><strong>aliis</strong></span> <span class='ocrx_word' id='word_1_240' title='bbox 1971 1853 2018 1918; x_wconf 82' lang='lat' dir='ltr'><strong>B</strong></span> <span class='ocrx_word' id='word_1_241' title='bbox 2050 1820 2168 1877; x_wconf 93' lang='lat' dir='ltr'><strong>Deo</strong></span> <span class='ocrx_word' id='word_1_242' title='bbox 2189 1819 2371 1877; x_wconf 88' lang='lat' dir='ltr'><strong>relicti</strong></span> <span class='ocrx_word' id='word_1_243' title='bbox 2386 1821 2612 1893; x_wconf 90' lang='lat' dir='ltr'><strong>judicio</strong></span> <span class='ocrx_word' id='word_1_244' title='bbox 2637 1838 2650 1877; x_wconf 94' lang='lat'><strong>:</strong></span> <span class='ocrx_word' id='word_1_245' title='bbox 2675 1820 2828 1918; x_wconf 77' lang='lat' dir='ltr'><strong>sicut</strong></span> <span class='ocrx_word' id='word_1_246' title='bbox 2848 1817 3105 1918; x_wconf 70' lang='lat' dir='ltr'><strong>praesciti</strong></span> <span class='ocrx_word' id='word_1_247' title='bbox 3124 1817 3304 1918; x_wconf 73' lang='lat' dir='ltr'><strong>simul</strong></span> <span class='ocrx_word' id='word_1_248' title='bbox 3325 1821 3382 1892; x_wconf 75' lang='lat' dir='ltr'><strong>et</strong></span> <span class='ocrx_word' id='word_1_249' title='bbox 3404 1813 3671 1914; x_wconf 71' lang='lat' dir='ltr'><strong>praedesti-</strong></span> 
     </span>
    </p>
   </div>
   <div class='ocr_carea' id='block_1_34' title="bbox 297 1905 1939 1982">
    <p class='ocr_par' dir='ltr' id='par_1_34' title="bbox 297 1905 1939 1982">
     <span class='ocr_line' id='line_1_34' title="bbox 297 1905 1939 1982; baseline 0.003 -20"><span class='ocrx_word' id='word_1_250' title='bbox 297 1905 662 1975; x_wconf 85' lang='lat' dir='ltr'><strong>cadentibus,</strong></span> <span class='ocrx_word' id='word_1_251' title='bbox 697 1907 769 1963; x_wconf 91' lang='lat' dir='ltr'><strong>ad</strong></span> <span class='ocrx_word' id='word_1_252' title='bbox 801 1908 1077 1964; x_wconf 87' lang='lat' dir='ltr'><strong>standum</strong></span> <span class='ocrx_word' id='word_1_253' title='bbox 1106 1908 1205 1964; x_wconf 91' lang='lat' dir='ltr'><strong>alii</strong></span> <span class='ocrx_word' id='word_1_254' title='bbox 1259 1908 1510 1966; x_wconf 87' lang='lat' dir='ltr'><strong>solidare</strong></span> <span class='ocrx_word' id='word_1_255' title='bbox 1538 1911 1939 1982; x_wconf 89' lang='lat' dir='ltr'><strong>perhibentur,</strong></span> 
     </span>
    </p>
   </div>
   <div class='ocr_carea' id='block_1_35' title="bbox 297 1995 1943 2056">
    <p class='ocr_par' dir='ltr' id='par_1_35' title="bbox 297 1995 1943 2056">
     <span class='ocr_line' id='line_1_35' title="bbox 297 1995 1943 2056; baseline 0.002 -4"><span class='ocrx_word' id='word_1_256' title='bbox 297 1995 615 2052; x_wconf 88' lang='lat' dir='ltr'><strong>electorum</strong></span> <span class='ocrx_word' id='word_1_257' title='bbox 648 2013 930 2052; x_wconf 89' lang='lat' dir='ltr'><strong>numerus</strong></span> <span class='ocrx_word' id='word_1_258' title='bbox 970 2002 1165 2054; x_wconf 90' lang='lat' dir='ltr'><strong>certus</strong></span> <span class='ocrx_word' id='word_1_259' title='bbox 1194 1999 1544 2054; x_wconf 88' lang='lat' dir='ltr'><strong>ostenditur.</strong></span> <span class='ocrx_word' id='word_1_260' title='bbox 1572 1999 1736 2056; x_wconf 91' lang='lat' dir='ltr'><strong>Unde</strong></span> <span class='ocrx_word' id='word_1_261' title='bbox 1764 2000 1943 2056; x_wconf 90' lang='lat' dir='ltr'><strong>etiam</strong></span> 
     </span>
    </p>
   </div>
   <div class='ocr_carea' id='block_1_36' title="bbox 299 2083 1944 2160">
    <p class='ocr_par' dir='ltr' id='par_1_36' title="bbox 299 2083 1944 2160">
     <span class='ocr_line' id='line_1_36' title="bbox 299 2083 1944 2160; baseline 0.003 -20"><span class='ocrx_word' id='word_1_262' title='bbox 299 2083 712 2158; x_wconf 62' lang='lat' dir='ltr'><strong>Philadelphia</strong></span> <span class='ocrx_word' id='word_1_263' title='bbox 761 2084 1028 2142; x_wconf 69' lang='lat' dir='ltr'><strong>Ecclesia:</strong></span> <span class='ocrx_word' id='word_1_264' title='bbox 1061 2103 1164 2158; x_wconf 91' lang='lat' dir='ltr'><strong>per</strong></span> <span class='ocrx_word' id='word_1_265' title='bbox 1192 2086 1467 2160; x_wconf 84' lang='lat' dir='ltr'><strong>angelum</strong></span> <span class='ocrx_word' id='word_1_266' title='bbox 1499 2087 1716 2144; x_wconf 88' lang='lat' dir='ltr'><strong>dicitur</strong></span> <span class='ocrx_word' id='word_1_267' title='bbox 1747 2105 1760 2145; x_wconf 97' lang='lat'><strong>:</strong></span> <span class='ocrx_word' id='word_1_268' title='bbox 1797 2093 1944 2146; x_wconf 83' lang='lat' dir='ltr'><strong>Tene</strong></span> 
     </span>
    </p>
   </div>
   <div class='ocr_carea' id='block_1_37' title="bbox 296 2174 1946 2248">
    <p class='ocr_par' dir='ltr' id='par_1_37' title="bbox 296 2174 1946 2248">
     <span class='ocr_line' id='line_1_37' title="bbox 296 2174 1946 2248; baseline 0.003 -19"><span class='ocrx_word' id='word_1_269' title='bbox 296 2175 452 2248; x_wconf 75' lang='lat' dir='ltr'><strong>quod</strong></span> <span class='ocrx_word' id='word_1_270' title='bbox 479 2178 671 2243; x_wconf 82' lang='lat' dir='ltr'><strong>habes,</strong></span> <span class='ocrx_word' id='word_1_271' title='bbox 701 2192 774 2230; x_wconf 84' lang='lat' dir='ltr'><strong>ne</strong></span> <span class='ocrx_word' id='word_1_272' title='bbox 803 2174 967 2232; x_wconf 83' lang='lat' dir='ltr'><strong>alius</strong></span> <span class='ocrx_word' id='word_1_273' title='bbox 1007 2176 1260 2246; x_wconf 83' lang='lat' dir='ltr'><strong>accipiat</strong></span> <span class='ocrx_word' id='word_1_274' title='bbox 1302 2194 1576 2233; x_wconf 83' lang='lat' dir='ltr'><strong>coronam</strong></span> <span class='ocrx_word' id='word_1_275' title='bbox 1605 2183 1792 2234; x_wconf 83' lang='lat' dir='ltr'><strong>tuam.</strong></span> <span class='ocrx_word' id='word_1_276' title='bbox 1826 2178 1946 2234; x_wconf 86' lang='lat' dir='ltr'><strong>Hac</strong></span> 
     </span>
    </p>
   </div>
   <div class='ocr_carea' id='block_1_38' title="bbox 221 2263 1944 2340">
    <p class='ocr_par' dir='ltr' id='par_1_38' title="bbox 221 2263 1944 2340">
     <span class='ocr_line' id='line_1_38' title="bbox 221 2263 1944 2340; baseline 0.001 -19"><span class='ocrx_word' id='word_1_277' title='bbox 221 2313 230 2321; x_wconf 93' lang='lat'><strong>.</strong></span> <span class='ocrx_word' id='word_1_278' title='bbox 297 2279 434 2336; x_wconf 90' lang='lat' dir='ltr'><strong>ergo</strong></span> <span class='ocrx_word' id='word_1_279' title='bbox 458 2263 766 2332; x_wconf 87' lang='lat' dir='ltr'><strong>sententia,</strong></span> <span class='ocrx_word' id='word_1_280' title='bbox 787 2281 904 2336; x_wconf 90' lang='lat' dir='ltr'><strong>qua</strong></span> <span class='ocrx_word' id='word_1_281' title='bbox 923 2269 1212 2334; x_wconf 88' lang='lat' dir='ltr'><strong>narratur,</strong></span> <span class='ocrx_word' id='word_1_282' title='bbox 1239 2265 1486 2321; x_wconf 89' lang='lat' dir='ltr'><strong>aliorum</strong></span> <span class='ocrx_word' id='word_1_283' title='bbox 1507 2264 1670 2340; x_wconf 88' lang='lat' dir='ltr'><strong>erigi,</strong></span> <span class='ocrx_word' id='word_1_284' title='bbox 1695 2265 1944 2323; x_wconf 89' lang='lat' dir='ltr'><strong>aliorum</strong></span> 
     </span>
    </p>
   </div>
   <div class='ocr_carea' id='block_1_39' title="bbox 298 2352 1943 2426">
    <p class='ocr_par' dir='ltr' id='par_1_39' title="bbox 298 2352 1943 2426">
     <span class='ocr_line' id='line_1_39' title="bbox 298 2352 1943 2426; baseline 0.001 -18"><span class='ocrx_word' id='word_1_285' title='bbox 298 2357 496 2409; x_wconf 87' lang='lat' dir='ltr'><strong>autem</strong></span> <span class='ocrx_word' id='word_1_286' title='bbox 516 2352 635 2408; x_wconf 85' lang='lat' dir='ltr'><strong>vita</strong></span> <span class='ocrx_word' id='word_1_287' title='bbox 655 2352 808 2410; x_wconf 89' lang='lat' dir='ltr'><strong>bona</strong></span> <span class='ocrx_word' id='word_1_288' title='bbox 837 2352 1293 2426; x_wconf 82' lang='lat' dir='ltr'><strong>confringi,spes</strong></span> <span class='ocrx_word' id='word_1_289' title='bbox 1316 2353 1576 2410; x_wconf 89' lang='lat' dir='ltr'><strong>nutritur</strong></span> <span class='ocrx_word' id='word_1_290' title='bbox 1603 2353 1943 2424; x_wconf 91' lang='lat' dir='ltr'><strong>humilium,</strong></span> 
     </span>
    </p>
   </div>
   <div class='ocr_carea' id='block_1_40' title="bbox 297 2438 1948 2515">
    <p class='ocr_par' dir='ltr' id='par_1_40' title="bbox 297 2438 1948 2515">
     <span class='ocr_line' id='line_1_40' title="bbox 297 2438 1948 2515; baseline 0.002 -19"><span class='ocrx_word' id='word_1_291' title='bbox 297 2438 472 2497; x_wconf 89' lang='lat' dir='ltr'><strong>elatio</strong></span> <span class='ocrx_word' id='word_1_292' title='bbox 494 2440 780 2513; x_wconf 89' lang='lat' dir='ltr'><strong>premitur</strong></span> <span class='ocrx_word' id='word_1_293' title='bbox 801 2441 1121 2514; x_wconf 85' lang='lat' dir='ltr'><strong>superhoru</strong></span> <span class='ocrx_word' id='word_1_294' title='bbox 1131 2442 1251 2513; x_wconf 91' lang='lat' dir='ltr'><strong>m,d</strong></span> <span class='ocrx_word' id='word_1_295' title='bbox 1261 2459 1358 2497; x_wconf 91' lang='lat' dir='ltr'><strong>um</strong></span> <span class='ocrx_word' id='word_1_296' title='bbox 1371 2446 1427 2499; x_wconf 91' lang='lat' dir='ltr'><strong>et</strong></span> <span class='ocrx_word' id='word_1_297' title='bbox 1441 2442 1521 2498; x_wconf 90' lang='lat' dir='ltr'><strong>illi</strong></span> <span class='ocrx_word' id='word_1_298' title='bbox 1535 2443 1688 2499; x_wconf 90' lang='lat' dir='ltr'><strong>bona</strong></span> <span class='ocrx_word' id='word_1_299' title='bbox 1699 2447 1948 2515; x_wconf 90' lang='lat' dir='ltr'><strong>possunt</strong></span> 
     </span>
    </p>
   </div>
   <div class='ocr_carea' id='block_1_41' title="bbox 300 2529 1950 2605">
    <p class='ocr_par' dir='ltr' id='par_1_41' title="bbox 300 2529 1950 2605">
     <span class='ocr_line' id='line_1_41' title="bbox 300 2529 1950 2605; baseline 0.002 -19"><span class='ocrx_word' id='word_1_300' title='bbox 300 2529 566 2586; x_wconf 89' lang='lat' dir='ltr'><strong>amittere</strong></span> <span class='ocrx_word' id='word_1_301' title='bbox 595 2530 666 2586; x_wconf 91' lang='lat' dir='ltr'><strong>de</strong></span> <span class='ocrx_word' id='word_1_302' title='bbox 695 2530 914 2602; x_wconf 90' lang='lat' dir='ltr'><strong>quibus</strong></span> <span class='ocrx_word' id='word_1_303' title='bbox 943 2531 1310 2604; x_wconf 91' lang='lat' dir='ltr'><strong>superhiunt,</strong></span> <span class='ocrx_word' id='word_1_304' title='bbox 1341 2535 1398 2588; x_wconf 92' lang='lat' dir='ltr'><strong>et</strong></span> <span class='ocrx_word' id='word_1_305' title='bbox 1428 2531 1524 2588; x_wconf 88' lang='lat' dir='ltr'><strong>isti</strong></span> <span class='ocrx_word' id='word_1_306' title='bbox 1556 2549 1625 2588; x_wconf 90' lang='lat' dir='ltr'><strong>ea</strong></span> <span class='ocrx_word' id='word_1_307' title='bbox 1654 2531 1950 2605; x_wconf 90' lang='lat' dir='ltr'><strong>percipere</strong></span> 
     </span>
    </p>
   </div>
   <div class='ocr_carea' id='block_1_42' title="bbox 305 2619 1947 2692">
    <p class='ocr_par' dir='ltr' id='par_1_42' title="bbox 305 2619 1947 2692">
     <span class='ocr_line' id='line_1_42' title="bbox 305 2619 1947 2692; baseline 0.001 -18"><span class='ocrx_word' id='word_1_308' title='bbox 305 2635 434 2692; x_wconf 70' lang='lat' dir='ltr'><strong>quae</strong></span> <span class='ocrx_word' id='word_1_309' title='bbox 465 2619 607 2692; x_wconf 90' lang='lat' dir='ltr'><strong>quia</strong></span> <span class='ocrx_word' id='word_1_310' title='bbox 655 2635 769 2675; x_wconf 89' lang='lat' dir='ltr'><strong>non</strong></span> <span class='ocrx_word' id='word_1_311' title='bbox 827 2619 1083 2675; x_wconf 88' lang='lat' dir='ltr'><strong>habeant</strong></span> <span class='ocrx_word' id='word_1_312' title='bbox 1137 2623 1612 2676; x_wconf 88' lang='lat' dir='ltr'><strong>contemnuntur.</strong></span> <span class='ocrx_word' id='word_1_313' title='bbox 1647 2642 1674 2672; x_wconf 70' lang='grc' dir='ltr'><strong>η</strong></span> <span class='ocrx_word' id='word_1_314' title='bbox 1707 2621 1776 2676; x_wconf 87' lang='lat' dir='ltr'><strong>Et</strong></span> <span class='ocrx_word' id='word_1_315' title='bbox 1807 2621 1947 2676; x_wconf 88' lang='lat' dir='ltr'><strong>item</strong></span> 
     </span>
    </p>
   </div>
   <div class='ocr_carea' id='block_1_43' title="bbox 303 2707 1948 2783">
    <p class='ocr_par' dir='ltr' id='par_1_43' title="bbox 303 2707 1948 2783">
     <span class='ocr_line' id='line_1_43' title="bbox 303 2707 1948 2783; baseline 0.001 -19"><span class='ocrx_word' id='word_1_316' title='bbox 303 2707 620 2780; x_wconf 90' lang='lat' dir='ltr'><strong>aliquando</strong></span> <span class='ocrx_word' id='word_1_317' title='bbox 640 2707 912 2781; x_wconf 88' lang='lat' dir='ltr'><strong>superius</strong></span> <span class='ocrx_word' id='word_1_318' title='bbox 931 2711 1072 2781; x_wconf 87' lang='lat' dir='ltr'><strong>(cap.</strong></span> <span class='ocrx_word' id='word_1_319' title='bbox 1107 2708 1160 2781; x_wconf 87' lang='lat'><strong>7)</strong></span> <span class='ocrx_word' id='word_1_320' title='bbox 1195 2725 1208 2764; x_wconf 88' lang='lat'><strong>:</strong></span> <span class='ocrx_word' id='word_1_321' title='bbox 1244 2730 1274 2760; x_wconf 87' lang='lat'>«</span> <span class='ocrx_word' id='word_1_322' title='bbox 1301 2709 1364 2764; x_wconf 88' lang='lat' dir='ltr'><strong>In</strong></span> <span class='ocrx_word' id='word_1_323' title='bbox 1396 2708 1504 2765; x_wconf 92' lang='lat' dir='ltr'><strong>hoc</strong></span> <span class='ocrx_word' id='word_1_324' title='bbox 1534 2725 1670 2782; x_wconf 90' lang='lat' dir='ltr'><strong>ergo</strong></span> <span class='ocrx_word' id='word_1_325' title='bbox 1702 2713 1948 2783; x_wconf 88' lang='lat' dir='ltr'><strong>utroque</strong></span> 
     </span>
    </p>
   </div>
   <div class='ocr_carea' id='block_1_44' title="bbox 302 2795 1952 2871">
    <p class='ocr_par' dir='ltr' id='par_1_44' title="bbox 302 2795 1952 2871">
     <span class='ocr_line' id='line_1_44' title="bbox 302 2795 1952 2871; baseline 0.001 -19"><span class='ocrx_word' id='word_1_326' title='bbox 302 2813 512 2868; x_wconf 87' lang='lat' dir='ltr'><strong>genere</strong></span> <span class='ocrx_word' id='word_1_327' title='bbox 543 2795 850 2853; x_wconf 89' lang='lat' dir='ltr'><strong>hominum</strong></span> <span class='ocrx_word' id='word_1_328' title='bbox 873 2813 1024 2869; x_wconf 71' lang='lat' dir='ltr'><strong>smpe</strong></span> <span class='ocrx_word' id='word_1_329' title='bbox 1052 2797 1356 2871; x_wconf 89' lang='lat' dir='ltr'><strong>contingit,</strong></span> <span class='ocrx_word' id='word_1_330' title='bbox 1381 2803 1446 2854; x_wconf 92' lang='lat' dir='ltr'><strong>ut</strong></span> <span class='ocrx_word' id='word_1_331' title='bbox 1465 2802 1523 2854; x_wconf 93' lang='lat' dir='ltr'><strong>et</strong></span> <span class='ocrx_word' id='word_1_332' title='bbox 1551 2799 1651 2871; x_wconf 91' lang='lat' dir='ltr'><strong>qui</strong></span> <span class='ocrx_word' id='word_1_333' title='bbox 1681 2798 1952 2854; x_wconf 91' lang='lat' dir='ltr'><strong>videntur</strong></span> 
     </span>
    </p>
   </div>
   <div class='ocr_carea' id='block_1_45' title="bbox 302 2885 1948 2962">
    <p class='ocr_par' dir='ltr' id='par_1_45' title="bbox 302 2885 1948 2962">
     <span class='ocr_line' id='line_1_45' title="bbox 302 2885 1948 2962; baseline 0.001 -21"><span class='ocrx_word' id='word_1_334' title='bbox 302 2885 362 2942; x_wconf 89' lang='lat' dir='ltr'><strong>in</strong></span> <span class='ocrx_word' id='word_1_335' title='bbox 393 2887 652 2944; x_wconf 90' lang='lat' dir='ltr'><strong>humano</strong></span> <span class='ocrx_word' id='word_1_336' title='bbox 673 2887 899 2960; x_wconf 86' lang='lat' dir='ltr'><strong>judicio</strong></span> <span class='ocrx_word' id='word_1_337' title='bbox 955 2892 1131 2955; x_wconf 88' lang='lat' dir='ltr'><strong>stare,</strong></span> <span class='ocrx_word' id='word_1_338' title='bbox 1157 2888 1284 2960; x_wconf 88' lang='lat' dir='ltr'><strong>jam</strong></span> <span class='ocrx_word' id='word_1_339' title='bbox 1316 2888 1374 2944; x_wconf 89' lang='lat' dir='ltr'><strong>in</strong></span> <span class='ocrx_word' id='word_1_340' title='bbox 1405 2891 1719 2962; x_wconf 89' lang='lat' dir='ltr'><strong>conspectu</strong></span> <span class='ocrx_word' id='word_1_341' title='bbox 1751 2887 1948 2945; x_wconf 70' lang='lat' dir='ltr'><strong>aeterni</strong></span> 
     </span>
    </p>
   </div>
   <div class='ocr_carea' id='block_1_46' title="bbox 297 2975 1948 3050">
    <p class='ocr_par' dir='ltr' id='par_1_46' title="bbox 297 2975 1948 3050">
     <span class='ocr_line' id='line_1_46' title="bbox 297 2975 1948 3050; baseline 0.002 -20"><span class='ocrx_word' id='word_1_342' title='bbox 297 2975 520 3046; x_wconf 92' lang='lat' dir='ltr'><strong>judicis</strong></span> <span class='ocrx_word' id='word_1_343' title='bbox 540 2976 796 3047; x_wconf 74' lang='lat' dir='ltr'><strong>jaceant,</strong></span> <span class='ocrx_word' id='word_1_344' title='bbox 828 2981 885 3032; x_wconf 92' lang='lat' dir='ltr'><strong>et</strong></span> <span class='ocrx_word' id='word_1_345' title='bbox 927 2977 1025 3049; x_wconf 91' lang='lat' dir='ltr'><strong>qui</strong></span> <span class='ocrx_word' id='word_1_346' title='bbox 1077 2994 1232 3034; x_wconf 89' lang='lat' dir='ltr'><strong>nunc</strong></span> <span class='ocrx_word' id='word_1_347' title='bbox 1267 2994 1462 3034; x_wconf 91' lang='lat' dir='ltr'><strong>coram</strong></span> <span class='ocrx_word' id='word_1_348' title='bbox 1493 2977 1834 3034; x_wconf 90' lang='lat' dir='ltr'><strong>hominibus</strong></span> <span class='ocrx_word' id='word_1_349' title='bbox 1855 2978 1948 3050; x_wconf 89' lang='lat' dir='ltr'><strong>ja-</strong></span> 
     </span>
    </p>
   </div>
   <div class='ocr_carea' id='block_1_47' title="bbox 306 3065 1949 3139">
    <p class='ocr_par' dir='ltr' id='par_1_47' title="bbox 306 3065 1949 3139">
     <span class='ocr_line' id='line_1_47' title="bbox 306 3065 1949 3139; baseline 0.001 -19"><span class='ocrx_word' id='word_1_350' title='bbox 306 3070 496 3133; x_wconf 89' lang='lat' dir='ltr'><strong>eeant,</strong></span> <span class='ocrx_word' id='word_1_351' title='bbox 531 3065 591 3120; x_wconf 91' lang='lat' dir='ltr'><strong>in</strong></span> <span class='ocrx_word' id='word_1_352' title='bbox 623 3071 939 3139; x_wconf 83' lang='lat' dir='ltr'><strong>conspectu</strong></span> <span class='ocrx_word' id='word_1_353' title='bbox 970 3067 1171 3123; x_wconf 70' lang='lat' dir='ltr'><strong>aeterni</strong></span> <span class='ocrx_word' id='word_1_354' title='bbox 1193 3067 1416 3139; x_wconf 89' lang='lat' dir='ltr'><strong>judicis</strong></span> <span class='ocrx_word' id='word_1_355' title='bbox 1443 3065 1766 3133; x_wconf 85' lang='lat' dir='ltr'><strong>stent.Quis</strong></span> <span class='ocrx_word' id='word_1_356' title='bbox 1791 3067 1949 3122; x_wconf 91' lang='lat' dir='ltr'><strong>enim</strong></span> 
     </span>
    </p>
   </div>
   <div class='ocr_carea' id='block_1_48' title="bbox 301 3152 1948 3231">
    <p class='ocr_par' dir='ltr' id='par_1_48' title="bbox 301 3152 1948 3231">
     <span class='ocr_line' id='line_1_48' title="bbox 301 3152 1948 3231; baseline 0.001 -23"><span class='ocrx_word' id='word_1_357' title='bbox 301 3152 612 3210; x_wconf 89' lang='lat' dir='ltr'><strong>hominum</strong></span> <span class='ocrx_word' id='word_1_358' title='bbox 628 3155 917 3210; x_wconf 65' lang='lat' dir='ltr'><strong>aestimare</strong></span> <span class='ocrx_word' id='word_1_359' title='bbox 940 3155 1231 3226; x_wconf 91' lang='lat' dir='ltr'><strong>potuisset</strong></span> <span class='ocrx_word' id='word_1_360' title='bbox 1252 3155 1715 3231; x_wconf 46' lang='lat' dir='ltr'><strong>Judam‘vivendi</strong></span> <span class='ocrx_word' id='word_1_361' title='bbox 1732 3159 1948 3211; x_wconf 89' lang='lat' dir='ltr'><strong>sortem</strong></span> 
     </span>
    </p>
   </div>
   <div class='ocr_carea' id='block_1_49' title="bbox 300 3223 2019 3316">
    <p class='ocr_par' dir='ltr' id='par_1_49' title="bbox 300 3223 2019 3316">
     <span class='ocr_line' id='line_1_49' title="bbox 300 3223 2019 3316; baseline -0.001 -16"><span class='ocrx_word' id='word_1_362' title='bbox 300 3248 432 3316; x_wconf 88' lang='lat' dir='ltr'><strong>post</strong></span> <span class='ocrx_word' id='word_1_363' title='bbox 453 3241 846 3299; x_wconf 89' lang='lat' dir='ltr'><strong>ministerium</strong></span> <span class='ocrx_word' id='word_1_364' title='bbox 869 3223 1234 3316; x_wconf 78' lang='lat' dir='ltr'><strong>apostolatus</strong></span> <span class='ocrx_word' id='word_1_365' title='bbox 1263 3223 1550 3310; x_wconf 79' lang='lat' dir='ltr'><strong>amittere,</strong></span> <span class='ocrx_word' id='word_1_366' title='bbox 1574 3247 1632 3299; x_wconf 90' lang='lat' dir='ltr'><strong>et</strong></span> <span class='ocrx_word' id='word_1_367' title='bbox 1659 3243 1942 3300; x_wconf 90' lang='lat' dir='ltr'><strong>latronem</strong></span> <span class='ocrx_word' id='word_1_368' title='bbox 1976 3223 2019 3290; x_wconf 64' lang='grc' dir='ltr'><strong>(ἶ</strong></span> 
     </span>
    </p>
   </div>
   <div class='ocr_carea' id='block_1_50' title="bbox 301 3329 1949 3402">
    <p class='ocr_par' dir='ltr' id='par_1_50' title="bbox 301 3329 1949 3402">
     <span class='ocr_line' id='line_1_50' title="bbox 301 3329 1949 3402; baseline 0 -16"><span class='ocrx_word' id='word_1_369' title='bbox 301 3335 516 3386; x_wconf 65' lang='lat' dir='ltr'><strong>aeterna</strong></span> <span class='ocrx_word' id='word_1_370' title='bbox 536 3331 775 3402; x_wconf 62' lang='lat' dir='ltr'><strong>praemia</strong></span> <span class='ocrx_word' id='word_1_371' title='bbox 795 3331 856 3386; x_wconf 87' lang='lat' dir='ltr'><strong>in</strong></span> <span class='ocrx_word' id='word_1_372' title='bbox 876 3331 1122 3388; x_wconf 90' lang='lat' dir='ltr'><strong>articulo</strong></span> <span class='ocrx_word' id='word_1_373' title='bbox 1143 3331 1350 3388; x_wconf 92' lang='lat' dir='ltr'><strong>mortis</strong></span> <span class='ocrx_word' id='word_1_374' title='bbox 1367 3329 1949 3388; x_wconf 81' lang='lat' dir='ltr'><strong>invenire?Occultus</strong></span> 
     </span>
    </p>
   </div>
   <div class='ocr_carea' id='block_1_51' title="bbox 302 3416 1950 3491">
    <p class='ocr_par' dir='ltr' id='par_1_51' title="bbox 302 3416 1950 3491">
     <span class='ocr_line' id='line_1_51' title="bbox 302 3416 1950 3491; baseline 0.002 -19"><span class='ocrx_word' id='word_1_375' title='bbox 302 3420 500 3472; x_wconf 88' lang='lat' dir='ltr'><strong>autem</strong></span> <span class='ocrx_word' id='word_1_376' title='bbox 567 3416 771 3487; x_wconf 86' lang='lat' dir='ltr'><strong>judex,</strong></span> <span class='ocrx_word' id='word_1_377' title='bbox 830 3417 1149 3490; x_wconf 65' lang='lat' dir='ltr'><strong>praesidens</strong></span> <span class='ocrx_word' id='word_1_378' title='bbox 1207 3422 1264 3474; x_wconf 92' lang='lat' dir='ltr'><strong>et</strong></span> <span class='ocrx_word' id='word_1_379' title='bbox 1318 3423 1701 3491; x_wconf 85' lang='lat' dir='ltr'><strong>utrorumque</strong></span> <span class='ocrx_word' id='word_1_380' title='bbox 1775 3420 1950 3476; x_wconf 88' lang='lat' dir='ltr'><strong>corda</strong></span> 
     </span>
    </p>
   </div>
   <div class='ocr_carea' id='block_1_52' title="bbox 305 3502 1950 3580">
    <p class='ocr_par' dir='ltr' id='par_1_52' title="bbox 305 3502 1950 3580">
     <span class='ocr_line' id='line_1_52' title="bbox 305 3502 1950 3580; baseline 0.003 -21"><span class='ocrx_word' id='word_1_381' title='bbox 305 3502 664 3572; x_wconf 89' lang='lat' dir='ltr'><strong>discernens,</strong></span> <span class='ocrx_word' id='word_1_382' title='bbox 727 3504 977 3561; x_wconf 88' lang='lat' dir='ltr'><strong>alterum</strong></span> <span class='ocrx_word' id='word_1_383' title='bbox 1049 3505 1142 3579; x_wconf 91' lang='lat' dir='ltr'><strong>pie</strong></span> <span class='ocrx_word' id='word_1_384' title='bbox 1199 3507 1425 3575; x_wconf 86' lang='lat' dir='ltr'><strong>statuit,</strong></span> <span class='ocrx_word' id='word_1_385' title='bbox 1486 3506 1737 3564; x_wconf 87' lang='lat' dir='ltr'><strong>alterum</strong></span> <span class='ocrx_word' id='word_1_386' title='bbox 1788 3509 1950 3580; x_wconf 88' lang='lat' dir='ltr'><strong>juste</strong></span> 
     </span>
    </p>
   </div>
   <div class='ocr_carea' id='block_1_53' title="bbox 305 3593 1950 3670">
    <p class='ocr_par' dir='ltr' id='par_1_53' title="bbox 305 3593 1950 3670">
     <span class='ocr_line' id='line_1_53' title="bbox 305 3593 1950 3670; baseline 0.003 -22"><span class='ocrx_word' id='word_1_387' title='bbox 305 3593 610 3667; x_wconf 82' lang='lat' dir='ltr'><strong>confregit,</strong></span> <span class='ocrx_word' id='word_1_388' title='bbox 659 3593 828 3650; x_wconf 91' lang='lat' dir='ltr'><strong>illum</strong></span> <span class='ocrx_word' id='word_1_389' title='bbox 888 3593 1150 3651; x_wconf 88' lang='lat' dir='ltr'><strong>districte</strong></span> <span class='ocrx_word' id='word_1_390' title='bbox 1205 3595 1460 3652; x_wconf 87' lang='lat' dir='ltr'><strong>exterius</strong></span> <span class='ocrx_word' id='word_1_391' title='bbox 1507 3595 1742 3670; x_wconf 90' lang='lat' dir='ltr'><strong>repulit,</strong></span> <span class='ocrx_word' id='word_1_392' title='bbox 1791 3597 1950 3654; x_wconf 90' lang='lat' dir='ltr'><strong>hunc</strong></span> 
     </span>
    </p>
   </div>
   <div class='ocr_carea' id='block_1_54' title="bbox 303 3680 1950 3745">
    <p class='ocr_par' dir='ltr' id='par_1_54' title="bbox 303 3680 1950 3745">
     <span class='ocr_line' id='line_1_54' title="bbox 303 3680 1950 3745; baseline 0.004 -7"><span class='ocrx_word' id='word_1_393' title='bbox 303 3680 659 3741; x_wconf 87' lang='lat' dir='ltr'><strong>intrinsecus</strong></span> <span class='ocrx_word' id='word_1_394' title='bbox 679 3682 1135 3741; x_wconf 87' lang='lat' dir='ltr'><strong>misericorditer</strong></span> <span class='ocrx_word' id='word_1_395' title='bbox 1161 3685 1358 3741; x_wconf 79' lang='lat' dir='ltr'><strong>traxit.</strong></span> <span class='ocrx_word' id='word_1_396' title='bbox 1393 3707 1421 3736; x_wconf 72' lang='grc' dir='ltr'><strong>»ι</strong></span> <span class='ocrx_word' id='word_1_397' title='bbox 1447 3686 1516 3742; x_wconf 86' lang='lat' dir='ltr'><strong>Et</strong></span> <span class='ocrx_word' id='word_1_398' title='bbox 1545 3685 1684 3742; x_wconf 92' lang='lat' dir='ltr'><strong>item</strong></span> <span class='ocrx_word' id='word_1_399' title='bbox 1716 3686 1775 3742; x_wconf 91' lang='lat' dir='ltr'><strong>in</strong></span> <span class='ocrx_word' id='word_1_400' title='bbox 1799 3686 1950 3745; x_wconf 89' lang='lat' dir='ltr'><strong>libro</strong></span> 
     </span>
    </p>
   </div>
   <div class='ocr_carea' id='block_1_55' title="bbox 303 3771 1951 3847">
    <p class='ocr_par' dir='ltr' id='par_1_55' title="bbox 303 3771 1951 3847">
     <span class='ocr_line' id='line_1_55' title="bbox 303 3771 1951 3847; baseline 0.004 -21"><span class='ocrx_word' id='word_1_401' title='bbox 303 3771 585 3844; x_wconf 89' lang='lat' dir='ltr'><strong>vigesimo</strong></span> <span class='ocrx_word' id='word_1_402' title='bbox 636 3789 790 3828; x_wconf 91' lang='lat' dir='ltr'><strong>nono</strong></span> <span class='ocrx_word' id='word_1_403' title='bbox 836 3777 978 3844; x_wconf 85' lang='lat' dir='ltr'><strong>(cap.</strong></span> <span class='ocrx_word' id='word_1_404' title='bbox 1013 3773 1125 3842; x_wconf 86' lang='grc'><strong>15),</strong></span> <span class='ocrx_word' id='word_1_405' title='bbox 1156 3772 1373 3830; x_wconf 79' lang='lat' dir='ltr'><strong>Iudicia</strong></span> <span class='ocrx_word' id='word_1_406' title='bbox 1398 3781 1492 3830; x_wconf 88' lang='lat' dir='ltr'><strong>tua</strong></span> <span class='ocrx_word' id='word_1_407' title='bbox 1519 3773 1748 3847; x_wconf 83' lang='lat' dir='ltr'><strong>abyssus</strong></span> <span class='ocrx_word' id='word_1_408' title='bbox 1775 3777 1951 3832; x_wconf 81' lang='lat' dir='ltr'><strong>multa</strong></span> 
     </span>
    </p>
   </div>
   <div class='ocr_carea' id='block_1_56' title="bbox 303 3861 1952 3936">
    <p class='ocr_par' dir='ltr' id='par_1_56' title="bbox 303 3861 1952 3936">
     <span class='ocr_line' id='line_1_56' title="bbox 303 3861 1952 3936; baseline 0.004 -22"><span class='ocrx_word' id='word_1_409' title='bbox 303 3861 476 3928; x_wconf 82' lang='lat' dir='ltr'><strong>(Psat.</strong></span> <span class='ocrx_word' id='word_1_410' title='bbox 499 3877 665 3928; x_wconf 83' lang='lat' dir='ltr'><strong>xxxv,</strong></span> <span class='ocrx_word' id='word_1_411' title='bbox 688 3863 766 3928; x_wconf 91' lang='lat'><strong>7).</strong></span> <span class='ocrx_word' id='word_1_412' title='bbox 803 3861 1026 3916; x_wconf 78' lang='lat' dir='ltr'><strong>«Nemo</strong></span> <span class='ocrx_word' id='word_1_413' title='bbox 1047 3878 1183 3934; x_wconf 90' lang='lat' dir='ltr'><strong>ergo</strong></span> <span class='ocrx_word' id='word_1_414' title='bbox 1209 3863 1561 3934; x_wconf 88' lang='lat' dir='ltr'><strong>perscrutari</strong></span> <span class='ocrx_word' id='word_1_415' title='bbox 1581 3867 1818 3936; x_wconf 88' lang='lat' dir='ltr'><strong>appetat</strong></span> <span class='ocrx_word' id='word_1_416' title='bbox 1846 3881 1952 3920; x_wconf 93' lang='lat' dir='ltr'><strong>cur</strong></span> 
     </span>
    </p>
   </div>
   <div class='ocr_carea' id='block_1_57' title="bbox 303 3947 1945 4023">
    <p class='ocr_par' dir='ltr' id='par_1_57' title="bbox 303 3947 1945 4023">
     <span class='ocr_line' id='line_1_57' title="bbox 303 3947 1945 4023; baseline 0.005 -22"><span class='ocrx_word' id='word_1_417' title='bbox 303 3964 437 4002; x_wconf 90' lang='lat' dir='ltr'><strong>cum</strong></span> <span class='ocrx_word' id='word_1_418' title='bbox 486 3947 638 4003; x_wconf 89' lang='lat' dir='ltr'><strong>alius</strong></span> <span class='ocrx_word' id='word_1_419' title='bbox 687 3948 1004 4021; x_wconf 91' lang='lat' dir='ltr'><strong>repellitur,</strong></span> <span class='ocrx_word' id='word_1_420' title='bbox 1037 3949 1190 4006; x_wconf 81' lang='lat' dir='ltr'><strong>alius</strong></span> <span class='ocrx_word' id='word_1_421' title='bbox 1240 3949 1509 4023; x_wconf 86' lang='lat' dir='ltr'><strong>eligatur,</strong></span> <span class='ocrx_word' id='word_1_422' title='bbox 1543 3951 1629 4007; x_wconf 92' lang='lat' dir='ltr'><strong>vel</strong></span> <span class='ocrx_word' id='word_1_423' title='bbox 1678 3971 1784 4008; x_wconf 89' lang='lat' dir='ltr'><strong>cur</strong></span> <span class='ocrx_word' id='word_1_424' title='bbox 1810 3970 1945 4009; x_wconf 92' lang='lat' dir='ltr'><strong>cum</strong></span> 
     </span>
    </p>
   </div>
   <div class='ocr_carea' id='block_1_58' title="bbox 303 4035 1948 4116">
    <p class='ocr_par' dir='ltr' id='par_1_58' title="bbox 303 4035 1948 4116">
     <span class='ocr_line' id='line_1_58' title="bbox 303 4035 1948 4116; baseline 0.005 -26"><span class='ocrx_word' id='word_1_425' title='bbox 303 4035 455 4091; x_wconf 90' lang='lat' dir='ltr'><strong>alius</strong></span> <span class='ocrx_word' id='word_1_426' title='bbox 471 4035 708 4110; x_wconf 88' lang='lat' dir='ltr'><strong>eligitur</strong></span> <span class='ocrx_word' id='word_1_427' title='bbox 721 4037 874 4094; x_wconf 89' lang='lat' dir='ltr'><strong>alius</strong></span> <span class='ocrx_word' id='word_1_428' title='bbox 890 4039 1224 4112; x_wconf 86' lang='lat' dir='ltr'><strong>repellatur,</strong></span> <span class='ocrx_word' id='word_1_429' title='bbox 1244 4039 1384 4112; x_wconf 90' lang='lat' dir='ltr'><strong>quia</strong></span> <span class='ocrx_word' id='word_1_430' title='bbox 1399 4040 1737 4114; x_wconf 82' lang='lat' dir='ltr'><strong>superficies</strong></span> <span class='ocrx_word' id='word_1_431' title='bbox 1752 4043 1948 4116; x_wconf 80' lang='lat' dir='ltr'><strong>abyssi</strong></span> 
     </span>
    </p>
   </div>
   <div class='ocr_carea' id='block_1_59' title="bbox 302 4125 1952 4201">
    <p class='ocr_par' dir='ltr' id='par_1_59' title="bbox 302 4125 1952 4201">
     <span class='ocr_line' id='line_1_59' title="bbox 302 4125 1952 4201; baseline 0.004 -19"><span class='ocrx_word' id='word_1_432' title='bbox 302 4125 746 4201; x_wconf 89' lang='lat' dir='ltr'><strong>constringitur,</strong></span> <span class='ocrx_word' id='word_1_433' title='bbox 769 4131 826 4184; x_wconf 87' lang='lat' dir='ltr'><strong>et</strong></span> <span class='ocrx_word' id='word_1_434' title='bbox 843 4133 1158 4186; x_wconf 90' lang='lat' dir='ltr'><strong>attestante</strong></span> <span class='ocrx_word' id='word_1_435' title='bbox 1179 4128 1377 4197; x_wconf 91' lang='lat' dir='ltr'><strong>Paulo,</strong></span> <span class='ocrx_word' id='word_1_436' title='bbox 1404 4131 1794 4188; x_wconf 80' lang='lat' dir='ltr'><strong>lncrustabilia</strong></span> <span class='ocrx_word' id='word_1_437' title='bbox 1821 4140 1952 4189; x_wconf 85' lang='lat' dir='ltr'><strong>sunt</strong></span> 
     </span>
    </p>
   </div>
   <div class='ocr_carea' id='block_1_60' title="bbox 292 4215 1949 4292">
    <p class='ocr_par' dir='ltr' id='par_1_60' title="bbox 292 4215 1949 4292">
     <span class='ocr_line' id='line_1_60' title="bbox 292 4215 1949 4292; baseline 0.004 -21"><span class='ocrx_word' id='word_1_438' title='bbox 292 4215 509 4288; x_wconf 82' lang='lat' dir='ltr'><strong>judicia</strong></span> <span class='ocrx_word' id='word_1_439' title='bbox 527 4218 664 4289; x_wconf 86' lang='lat' dir='ltr'><strong>ejus,</strong></span> <span class='ocrx_word' id='word_1_440' title='bbox 687 4224 740 4273; x_wconf 86' lang='lat' dir='ltr'><strong>et</strong></span> <span class='ocrx_word' id='word_1_441' title='bbox 759 4218 1160 4292; x_wconf 81' lang='lat' dir='ltr'><strong>iuvestigabiles</strong></span> <span class='ocrx_word' id='word_1_442' title='bbox 1181 4220 1288 4276; x_wconf 70' lang='lat' dir='ltr'><strong>via:</strong></span> <span class='ocrx_word' id='word_1_443' title='bbox 1305 4220 1440 4292; x_wconf 90' lang='lat' dir='ltr'><strong>ejus.</strong></span> <span class='ocrx_word' id='word_1_444' title='bbox 1459 4241 1486 4269; x_wconf 90' lang='grc'><strong>››</strong></span> <span class='ocrx_word' id='word_1_445' title='bbox 1517 4223 1705 4288; x_wconf 84' lang='lat' dir='ltr'><strong>(Rom.</strong></span> <span class='ocrx_word' id='word_1_446' title='bbox 1739 4237 1800 4282; x_wconf 83' lang='grc' dir='ltr'><strong>ιι.</strong></span> <span class='ocrx_word' id='word_1_447' title='bbox 1832 4222 1949 4291; x_wconf 91' lang='grc'><strong>33.)</strong></span> 
     </span>
    </p>
   </div>
   <div class='ocr_carea' id='block_1_61' title="bbox 302 4303 1944 4381">
    <p class='ocr_par' dir='ltr' id='par_1_61' title="bbox 302 4303 1944 4381">
     <span class='ocr_line' id='line_1_61' title="bbox 302 4303 1944 4381; baseline 0.002 -20"><span class='ocrx_word' id='word_1_448' title='bbox 302 4303 446 4361; x_wconf 89' lang='lat' dir='ltr'><strong>Item</strong></span> <span class='ocrx_word' id='word_1_449' title='bbox 469 4305 622 4361; x_wconf 88' lang='lat' dir='ltr'><strong>idem</strong></span> <span class='ocrx_word' id='word_1_450' title='bbox 645 4305 706 4361; x_wconf 92' lang='lat' dir='ltr'><strong>in</strong></span> <span class='ocrx_word' id='word_1_451' title='bbox 729 4304 878 4366; x_wconf 87' lang='lat' dir='ltr'><strong>libro</strong></span> <span class='ocrx_word' id='word_1_452' title='bbox 897 4305 1177 4380; x_wconf 88' lang='lat' dir='ltr'><strong>vigesimo</strong></span> <span class='ocrx_word' id='word_1_453' title='bbox 1199 4311 1514 4378; x_wconf 81' lang='lat' dir='ltr'><strong>nono(cap.</strong></span> <span class='ocrx_word' id='word_1_454' title='bbox 1529 4309 1748 4381; x_wconf 80' lang='lat' dir='ltr'><strong>eodem)</strong></span> <span class='ocrx_word' id='word_1_455' title='bbox 1769 4309 1944 4366; x_wconf 90' lang='lat' dir='ltr'><strong>dicit:</strong></span> 
     </span>
    </p>
   </div>
   <div class='ocr_carea' id='block_1_62' title="bbox 301 4391 1946 4467">
    <p class='ocr_par' dir='ltr' id='par_1_62' title="bbox 301 4391 1946 4467">
     <span class='ocr_line' id='line_1_62' title="bbox 301 4391 1946 4467; baseline 0.004 -20"><span class='ocrx_word' id='word_1_456' title='bbox 301 4415 329 4442; x_wconf 89' lang='grc'><em>‹‹</em></span> <span class='ocrx_word' id='word_1_457' title='bbox 362 4391 669 4461; x_wconf 84' lang='lat' dir='ltr'><strong>Dominus,</strong></span> <span class='ocrx_word' id='word_1_458' title='bbox 703 4393 995 4467; x_wconf 90' lang='lat' dir='ltr'><strong>inquiens,</strong></span> <span class='ocrx_word' id='word_1_459' title='bbox 1019 4395 1137 4451; x_wconf 89' lang='lat' dir='ltr'><strong>ait:</strong></span> <span class='ocrx_word' id='word_1_460' title='bbox 1161 4396 1366 4452; x_wconf 69' lang='lat' dir='ltr'><strong>Caelum</strong></span> <span class='ocrx_word' id='word_1_461' title='bbox 1392 4397 1536 4452; x_wconf 86' lang='lat' dir='ltr'><strong>mihi</strong></span> <span class='ocrx_word' id='word_1_462' title='bbox 1556 4397 1706 4454; x_wconf 86' lang='lat' dir='ltr'><strong>sedes</strong></span> <span class='ocrx_word' id='word_1_463' title='bbox 1730 4404 1809 4454; x_wconf 86' lang='lat' dir='ltr'><strong>est</strong></span> <span class='ocrx_word' id='word_1_464' title='bbox 1828 4418 1849 4466; x_wconf 87' lang='lat'><strong><em>;</em></strong></span> <span class='ocrx_word' id='word_1_465' title='bbox 1869 4402 1946 4464; x_wconf 91' lang='lat' dir='ltr'><strong>et,</strong></span> 
     </span>
    </p>
   </div>
   <div class='ocr_carea' id='block_1_63' title="bbox 301 4479 1948 4558">
    <p class='ocr_par' dir='ltr' id='par_1_63' title="bbox 301 4479 1948 4558">
     <span class='ocr_line' id='line_1_63' title="bbox 301 4479 1948 4558; baseline 0.005 -24"><span class='ocrx_word' id='word_1_466' title='bbox 301 4479 499 4536; x_wconf 82' lang='lat' dir='ltr'><strong>Anima</strong></span> <span class='ocrx_word' id='word_1_467' title='bbox 517 4483 662 4554; x_wconf 89' lang='lat' dir='ltr'><strong>justi</strong></span> <span class='ocrx_word' id='word_1_468' title='bbox 688 4482 837 4539; x_wconf 85' lang='lat' dir='ltr'><strong>sedes</strong></span> <span class='ocrx_word' id='word_1_469' title='bbox 882 4486 1188 4556; x_wconf 71' lang='lat' dir='ltr'><strong>sapientia’.</strong></span> <span class='ocrx_word' id='word_1_470' title='bbox 1222 4483 1442 4542; x_wconf 59' lang='lat' dir='ltr'><strong>Caelum</strong></span> <span class='ocrx_word' id='word_1_471' title='bbox 1500 4485 1703 4558; x_wconf 89' lang='lat' dir='ltr'><strong>utique</strong></span> <span class='ocrx_word' id='word_1_472' title='bbox 1749 4485 1948 4542; x_wconf 91' lang='lat' dir='ltr'><strong>anima</strong></span> 
     </span>
    </p>
   </div>
   <div class='ocr_carea' id='block_1_64' title="bbox 2051 1901 3670 1982">
    <p class='ocr_par' dir='ltr' id='par_1_64' title="bbox 2051 1901 3670 1982">
     <span class='ocr_line' id='line_1_64' title="bbox 2051 1901 3670 1982; baseline -0.005 -16"><span class='ocrx_word' id='word_1_473' title='bbox 2051 1909 2172 1966; x_wconf 89' lang='lat' dir='ltr'><strong>nati</strong></span> <span class='ocrx_word' id='word_1_474' title='bbox 2203 1909 2331 1982; x_wconf 92' lang='lat' dir='ltr'><strong>ipso</strong></span> <span class='ocrx_word' id='word_1_475' title='bbox 2361 1914 2596 1965; x_wconf 90' lang='lat' dir='ltr'><strong>auclore</strong></span> <span class='ocrx_word' id='word_1_476' title='bbox 2627 1908 2932 1965; x_wconf 90' lang='lat' dir='ltr'><strong>salvantur</strong></span> <span class='ocrx_word' id='word_1_477' title='bbox 2958 1906 3158 1980; x_wconf 71' lang='lat' dir='ltr'><strong>gratia:</strong></span> <span class='ocrx_word' id='word_1_478' title='bbox 3207 1907 3380 1972; x_wconf 89' lang='lat' dir='ltr'><strong>dono,</strong></span> <span class='ocrx_word' id='word_1_479' title='bbox 3414 1901 3670 1978; x_wconf 87' lang='lat' dir='ltr'><strong>quoniam</strong></span> 
     </span>
    </p>
   </div>
   <div class='ocr_carea' id='block_1_65' title="bbox 2052 1993 3670 2072">
    <p class='ocr_par' dir='ltr' id='par_1_65' title="bbox 2052 1993 3670 2072">
     <span class='ocr_line' id='line_1_65' title="bbox 2052 1993 3670 2072; baseline -0.006 -16"><span class='ocrx_word' id='word_1_480' title='bbox 2052 1998 2452 2056; x_wconf 88' lang='lat' dir='ltr'><strong>misericordia</strong></span> <span class='ocrx_word' id='word_1_481' title='bbox 2500 2000 2628 2072; x_wconf 89' lang='lat' dir='ltr'><strong>ejus</strong></span> <span class='ocrx_word' id='word_1_482' title='bbox 2675 1997 2951 2070; x_wconf 71' lang='lat' dir='ltr'><strong>praevenit</strong></span> <span class='ocrx_word' id='word_1_483' title='bbox 2998 2013 3125 2064; x_wconf 91' lang='lat' dir='ltr'><strong>nos,</strong></span> <span class='ocrx_word' id='word_1_484' title='bbox 3156 2000 3221 2052; x_wconf 90' lang='lat' dir='ltr'><strong>ut</strong></span> <span class='ocrx_word' id='word_1_485' title='bbox 3250 1995 3396 2052; x_wconf 89' lang='lat' dir='ltr'><strong>bene</strong></span> <span class='ocrx_word' id='word_1_486' title='bbox 3421 1993 3670 2059; x_wconf 90' lang='lat' dir='ltr'><strong>velimus,</strong></span> 
     </span>
    </p>
   </div>
   <div class='ocr_carea' id='block_1_66' title="bbox 2052 2079 3672 2161">
    <p class='ocr_par' dir='ltr' id='par_1_66' title="bbox 2052 2079 3672 2161">
     <span class='ocr_line' id='line_1_66' title="bbox 2052 2079 3672 2161; baseline -0.006 -17"><span class='ocrx_word' id='word_1_487' title='bbox 2052 2088 2286 2159; x_wconf 83' lang='lat' dir='ltr'><strong>adjutor</strong></span> <span class='ocrx_word' id='word_1_488' title='bbox 2343 2089 2402 2144; x_wconf 92' lang='lat' dir='ltr'><strong>in</strong></span> <span class='ocrx_word' id='word_1_489' title='bbox 2461 2086 2995 2161; x_wconf 88' lang='lat' dir='ltr'><strong>opportunitatibus</strong></span> <span class='ocrx_word' id='word_1_490' title='bbox 3047 2085 3107 2140; x_wconf 91' lang='lat' dir='ltr'><strong>in</strong></span> <span class='ocrx_word' id='word_1_491' title='bbox 3166 2081 3554 2150; x_wconf 89' lang='lat' dir='ltr'><strong>tribulatione,</strong></span> <span class='ocrx_word' id='word_1_492' title='bbox 3589 2079 3672 2136; x_wconf 88' lang='lat' dir='ltr'><strong>cui</strong></span> 
     </span>
    </p>
   </div>
   <div class='ocr_carea' id='block_1_67' title="bbox 2053 2171 3677 2249">
    <p class='ocr_par' dir='ltr' id='par_1_67' title="bbox 2053 2171 3677 2249">
     <span class='ocr_line' id='line_1_67' title="bbox 2053 2171 3677 2249; baseline -0.004 -17"><span class='ocrx_word' id='word_1_493' title='bbox 2053 2175 2326 2242; x_wconf 88' lang='lat' dir='ltr'><strong>dicimus,</strong></span> <span class='ocrx_word' id='word_1_494' title='bbox 2357 2176 2581 2249; x_wconf 78' lang='lat' dir='ltr'><strong>Adjutor</strong></span> <span class='ocrx_word' id='word_1_495' title='bbox 2608 2193 2782 2242; x_wconf 87' lang='lat' dir='ltr'><strong>meus,</strong></span> <span class='ocrx_word' id='word_1_496' title='bbox 2814 2175 2918 2232; x_wconf 92' lang='lat' dir='ltr'><strong>tibi</strong></span> <span class='ocrx_word' id='word_1_497' title='bbox 2940 2174 3201 2247; x_wconf 82' lang='lat' dir='ltr'><strong>psallam,</strong></span> <span class='ocrx_word' id='word_1_498' title='bbox 3234 2178 3311 2241; x_wconf 91' lang='lat' dir='ltr'><strong>et,</strong></span> <span class='ocrx_word' id='word_1_499' title='bbox 3343 2171 3544 2246; x_wconf 79' lang='lat' dir='ltr'><strong>Adjuva</strong></span> <span class='ocrx_word' id='word_1_500' title='bbox 3569 2185 3677 2233; x_wconf 83' lang='lat' dir='ltr'><strong>nos,</strong></span> 
     </span>
    </p>
   </div>
   <div class='ocr_carea' id='block_1_68' title="bbox 2051 2259 3678 2336">
    <p class='ocr_par' dir='ltr' id='par_1_68' title="bbox 2051 2259 3678 2336">
     <span class='ocr_line' id='line_1_68' title="bbox 2051 2259 3678 2336; baseline -0.006 -14"><span class='ocrx_word' id='word_1_501' title='bbox 2051 2265 2192 2322; x_wconf 88' lang='lat' dir='ltr'><strong>Deus</strong></span> <span class='ocrx_word' id='word_1_502' title='bbox 2219 2265 2482 2322; x_wconf 82' lang='lat' dir='ltr'><strong>salutaris</strong></span> <span class='ocrx_word' id='word_1_503' title='bbox 2510 2273 2710 2322; x_wconf 83' lang='lat' dir='ltr'><strong>noster.</strong></span> <span class='ocrx_word' id='word_1_504' title='bbox 2733 2265 2986 2336; x_wconf 89' lang='lat' dir='ltr'><strong>Adjuvat</strong></span> <span class='ocrx_word' id='word_1_505' title='bbox 3011 2281 3118 2321; x_wconf 92' lang='lat' dir='ltr'><strong>nos</strong></span> <span class='ocrx_word' id='word_1_506' title='bbox 3137 2267 3201 2320; x_wconf 91' lang='lat' dir='ltr'><strong>ut</strong></span> <span class='ocrx_word' id='word_1_507' title='bbox 3218 2263 3365 2320; x_wconf 83' lang='lat' dir='ltr'><strong>bene</strong></span> <span class='ocrx_word' id='word_1_508' title='bbox 3383 2259 3678 2335; x_wconf 89' lang='lat' dir='ltr'><strong>possimus,</strong></span> 
     </span>
    </p>
   </div>
   <div class='ocr_carea' id='block_1_69' title="bbox 2053 2347 3681 2427">
    <p class='ocr_par' dir='ltr' id='par_1_69' title="bbox 2053 2347 3681 2427">
     <span class='ocr_line' id='line_1_69' title="bbox 2053 2347 3681 2427; baseline -0.005 -17"><span class='ocrx_word' id='word_1_509' title='bbox 2053 2360 2110 2410; x_wconf 88' lang='lat' dir='ltr'><strong>et</strong></span> <span class='ocrx_word' id='word_1_510' title='bbox 2123 2354 2521 2411; x_wconf 88' lang='lat' dir='ltr'><strong>misericordia</strong></span> <span class='ocrx_word' id='word_1_511' title='bbox 2532 2356 2660 2427; x_wconf 88' lang='lat' dir='ltr'><strong>ejus</strong></span> <span class='ocrx_word' id='word_1_512' title='bbox 2681 2355 3074 2427; x_wconf 91' lang='lat' dir='ltr'><strong>subsequetur</strong></span> <span class='ocrx_word' id='word_1_513' title='bbox 3088 2369 3196 2409; x_wconf 89' lang='lat' dir='ltr'><strong>nos</strong></span> <span class='ocrx_word' id='word_1_514' title='bbox 3209 2351 3482 2408; x_wconf 89' lang='lat' dir='ltr'><strong>omnibus</strong></span> <span class='ocrx_word' id='word_1_515' title='bbox 3493 2347 3681 2405; x_wconf 86' lang='lat' dir='ltr'><strong>diebus</strong></span> 
     </span>
    </p>
   </div>
   <div class='ocr_carea' id='block_1_70' title="bbox 2052 2439 3686 2516">
    <p class='ocr_par' dir='ltr' id='par_1_70' title="bbox 2052 2439 3686 2516">
     <span class='ocr_line' id='line_1_70' title="bbox 2052 2439 3686 2516; baseline -0.004 -18"><span class='ocrx_word' id='word_1_516' title='bbox 2052 2443 2183 2499; x_wconf 71' lang='lat' dir='ltr'><strong>vitae</strong></span> <span class='ocrx_word' id='word_1_517' title='bbox 2196 2448 2428 2510; x_wconf 74' lang='lat' dir='ltr'><strong>nostrae,</strong></span> <span class='ocrx_word' id='word_1_518' title='bbox 2453 2449 2518 2500; x_wconf 89' lang='lat' dir='ltr'><strong>ut</strong></span> <span class='ocrx_word' id='word_1_519' title='bbox 2537 2443 2596 2500; x_wconf 92' lang='lat' dir='ltr'><strong>in</strong></span> <span class='ocrx_word' id='word_1_520' title='bbox 2616 2443 2768 2501; x_wconf 91' lang='lat' dir='ltr'><strong>bono</strong></span> <span class='ocrx_word' id='word_1_521' title='bbox 2783 2459 3247 2516; x_wconf 88' lang='lat' dir='ltr'><strong>perseveremus,</strong></span> <span class='ocrx_word' id='word_1_522' title='bbox 3261 2445 3321 2497; x_wconf 91' lang='lat' dir='ltr'><strong>et</strong></span> <span class='ocrx_word' id='word_1_523' title='bbox 3333 2439 3456 2513; x_wconf 90' lang='lat' dir='ltr'><strong>ipse</strong></span> <span class='ocrx_word' id='word_1_524' title='bbox 3467 2439 3686 2494; x_wconf 79' lang='lat' dir='ltr'><strong>coronat</strong></span> 
     </span>
    </p>
   </div>
   <div class='ocr_carea' id='block_1_71' title="bbox 2055 2524 3683 2602">
    <p class='ocr_par' dir='ltr' id='par_1_71' title="bbox 2055 2524 3683 2602">
     <span class='ocr_line' id='line_1_71' title="bbox 2055 2524 3683 2602; baseline -0.005 -14"><span class='ocrx_word' id='word_1_525' title='bbox 2055 2548 2163 2588; x_wconf 91' lang='lat' dir='ltr'><strong>nos</strong></span> <span class='ocrx_word' id='word_1_526' title='bbox 2192 2531 2252 2588; x_wconf 92' lang='lat' dir='ltr'><strong>in</strong></span> <span class='ocrx_word' id='word_1_527' title='bbox 2283 2531 2682 2589; x_wconf 90' lang='lat' dir='ltr'><strong>misericordia</strong></span> <span class='ocrx_word' id='word_1_528' title='bbox 2710 2536 2768 2588; x_wconf 93' lang='lat' dir='ltr'><strong>et</strong></span> <span class='ocrx_word' id='word_1_529' title='bbox 2797 2529 3301 2601; x_wconf 88' lang='lat' dir='ltr'><strong>miserationibus,</strong></span> <span class='ocrx_word' id='word_1_530' title='bbox 3324 2528 3424 2602; x_wconf 92' lang='lat' dir='ltr'><strong>qui</strong></span> <span class='ocrx_word' id='word_1_531' title='bbox 3447 2525 3614 2584; x_wconf 87' lang='lat' dir='ltr'><strong>satiat</strong></span> <span class='ocrx_word' id='word_1_532' title='bbox 3631 2524 3683 2580; x_wconf 89' lang='lat' dir='ltr'><strong>in</strong></span> 
     </span>
    </p>
   </div>
   <div class='ocr_carea' id='block_1_72' title="bbox 2055 2617 3686 2679">
    <p class='ocr_par' dir='ltr' id='par_1_72' title="bbox 2055 2617 3686 2679">
     <span class='ocr_line' id='line_1_72' title="bbox 2055 2617 3686 2679; baseline -0.004 -2"><span class='ocrx_word' id='word_1_533' title='bbox 2055 2620 2225 2678; x_wconf 89' lang='lat' dir='ltr'><strong>bonis</strong></span> <span class='ocrx_word' id='word_1_534' title='bbox 2253 2621 2610 2679; x_wconf 90' lang='lat' dir='ltr'><strong>desiderium</strong></span> <span class='ocrx_word' id='word_1_535' title='bbox 2641 2625 2929 2678; x_wconf 90' lang='lat' dir='ltr'><strong>nostrum.</strong></span> <span class='ocrx_word' id='word_1_536' title='bbox 2965 2620 3334 2678; x_wconf 91' lang='lat' dir='ltr'><strong>Satiabimur</strong></span> <span class='ocrx_word' id='word_1_537' title='bbox 3381 2617 3536 2675; x_wconf 89' lang='lat' dir='ltr'><strong>enim</strong></span> <span class='ocrx_word' id='word_1_538' title='bbox 3563 2630 3686 2672; x_wconf 88' lang='lat' dir='ltr'><strong>cum</strong></span> 
     </span>
    </p>
   </div>
   <div class='ocr_carea' id='block_1_73' title="bbox 2057 2702 3688 2784">
    <p class='ocr_par' dir='ltr' id='par_1_73' title="bbox 2057 2702 3688 2784">
     <span class='ocr_line' id='line_1_73' title="bbox 2057 2702 3688 2784; baseline -0.004 -18"><span class='ocrx_word' id='word_1_539' title='bbox 2057 2711 2531 2768; x_wconf 81' lang='lat' dir='ltr'><strong>manifestabitur</strong></span> <span class='ocrx_word' id='word_1_540' title='bbox 2553 2709 2740 2784; x_wconf 75' lang='lat' dir='ltr'><strong>gloria</strong></span> <span class='ocrx_word' id='word_1_541' title='bbox 2758 2711 2908 2782; x_wconf 87' lang='lat' dir='ltr'><strong>ejus.</strong></span> <span class='ocrx_word' id='word_1_542' title='bbox 2931 2708 3034 2766; x_wconf 85' lang='lat' dir='ltr'><strong>Hic</strong></span> <span class='ocrx_word' id='word_1_543' title='bbox 3055 2709 3262 2765; x_wconf 91' lang='lat' dir='ltr'><strong>doctor</strong></span> <span class='ocrx_word' id='word_1_544' title='bbox 3283 2702 3688 2780; x_wconf 82' lang='lat' dir='ltr'><strong>magniﬁcusin</strong></span> 
     </span>
    </p>
   </div>
   <div class='ocr_carea' id='block_1_74' title="bbox 2057 2796 3688 2872">
    <p class='ocr_par' dir='ltr' id='par_1_74' title="bbox 2057 2796 3688 2872">
     <span class='ocr_line' id='line_1_74' title="bbox 2057 2796 3688 2872; baseline -0.005 -17"><span class='ocrx_word' id='word_1_545' title='bbox 2057 2798 2206 2856; x_wconf 92' lang='lat' dir='ltr'><strong>libro</strong></span> <span class='ocrx_word' id='word_1_546' title='bbox 2237 2798 2546 2864; x_wconf 84' lang='lat' dir='ltr'><strong>Moralium</strong></span> <span class='ocrx_word' id='word_1_547' title='bbox 2594 2799 2898 2872; x_wconf 87' lang='lat' dir='ltr'><strong>trigesimo</strong></span> <span class='ocrx_word' id='word_1_548' title='bbox 2928 2801 3136 2871; x_wconf 89' lang='lat' dir='ltr'><strong>quarto</strong></span> <span class='ocrx_word' id='word_1_549' title='bbox 3169 2798 3315 2872; x_wconf 90' lang='lat' dir='ltr'><strong>(cap.</strong></span> <span class='ocrx_word' id='word_1_550' title='bbox 3351 2797 3439 2866; x_wconf 89' lang='grc'><strong>13)</strong></span> <span class='ocrx_word' id='word_1_551' title='bbox 3467 2796 3688 2851; x_wconf 89' lang='lat' dir='ltr'><strong>demon-</strong></span> 
     </span>
    </p>
   </div>
   <div class='ocr_carea' id='block_1_75' title="bbox 2056 2886 3692 2960">
    <p class='ocr_par' dir='ltr' id='par_1_75' title="bbox 2056 2886 3692 2960">
     <span class='ocr_line' id='line_1_75' title="bbox 2056 2886 3692 2960; baseline -0.005 -16"><span class='ocrx_word' id='word_1_552' title='bbox 2056 2893 2172 2946; x_wconf 89' lang='lat' dir='ltr'><strong>trat</strong></span> <span class='ocrx_word' id='word_1_553' title='bbox 2229 2888 2474 2944; x_wconf 88' lang='lat' dir='ltr'><strong>dicens:</strong></span> <span class='ocrx_word' id='word_1_554' title='bbox 2535 2912 2563 2939; x_wconf 85' lang='grc'><em>‹‹</em></span> <span class='ocrx_word' id='word_1_555' title='bbox 2597 2889 2864 2946; x_wconf 85' lang='lat' dir='ltr'><strong>Fortasse</strong></span> <span class='ocrx_word' id='word_1_556' title='bbox 2922 2886 3266 2960; x_wconf 89' lang='lat' dir='ltr'><strong>quempiam</strong></span> <span class='ocrx_word' id='word_1_557' title='bbox 3319 2887 3544 2942; x_wconf 88' lang='lat' dir='ltr'><strong>moveat</strong></span> <span class='ocrx_word' id='word_1_558' title='bbox 3598 2897 3692 2938; x_wconf 90' lang='lat' dir='ltr'><strong>cur</strong></span> 
     </span>
    </p>
   </div>
   <div class='ocr_carea' id='block_1_76' title="bbox 2059 2971 3690 3049">
    <p class='ocr_par' dir='ltr' id='par_1_76' title="bbox 2059 2971 3690 3049">
     <span class='ocr_line' id='line_1_76' title="bbox 2059 2971 3690 3049; baseline -0.005 -17"><span class='ocrx_word' id='word_1_559' title='bbox 2059 2979 2389 3034; x_wconf 89' lang='lat' dir='ltr'><strong>misericors</strong></span> <span class='ocrx_word' id='word_1_560' title='bbox 2432 2978 2587 3034; x_wconf 90' lang='lat' dir='ltr'><strong>Deus</strong></span> <span class='ocrx_word' id='word_1_561' title='bbox 2633 2977 2756 3033; x_wconf 79' lang='lat' dir='ltr'><strong>fieri</strong></span> <span class='ocrx_word' id='word_1_562' title='bbox 2804 2976 2887 3033; x_wconf 93' lang='lat' dir='ltr'><strong>ita</strong></span> <span class='ocrx_word' id='word_1_563' title='bbox 2940 2976 3264 3049; x_wconf 86' lang='lat' dir='ltr'><strong>permittat,</strong></span> <span class='ocrx_word' id='word_1_564' title='bbox 3299 2979 3366 3031; x_wconf 93' lang='lat' dir='ltr'><strong>ut</strong></span> <span class='ocrx_word' id='word_1_565' title='bbox 3397 2971 3690 3031; x_wconf 87' lang='lat' dir='ltr'><strong>Leviathan</strong></span> 
     </span>
    </p>
   </div>
   <div class='ocr_carea' id='block_1_77' title="bbox 2056 3063 3694 3140">
    <p class='ocr_par' dir='ltr' id='par_1_77' title="bbox 2056 3063 3694 3140">
     <span class='ocr_line' id='line_1_77' title="bbox 2056 3063 3694 3140; baseline -0.005 -18"><span class='ocrx_word' id='word_1_566' title='bbox 2056 3065 2188 3139; x_wconf 88' lang='lat' dir='ltr'><strong>iste,</strong></span> <span class='ocrx_word' id='word_1_567' title='bbox 2221 3083 2323 3123; x_wconf 89' lang='lat' dir='ltr'><strong>seu</strong></span> <span class='ocrx_word' id='word_1_568' title='bbox 2354 3084 2509 3123; x_wconf 90' lang='lat' dir='ltr'><strong>nunc</strong></span> <span class='ocrx_word' id='word_1_569' title='bbox 2540 3083 2644 3139; x_wconf 89' lang='lat' dir='ltr'><strong>per</strong></span> <span class='ocrx_word' id='word_1_570' title='bbox 2669 3065 3075 3140; x_wconf 88' lang='lat' dir='ltr'><strong>suggestiones</strong></span> <span class='ocrx_word' id='word_1_571' title='bbox 3115 3065 3388 3133; x_wconf 88' lang='lat' dir='ltr'><strong>callidas,</strong></span> <span class='ocrx_word' id='word_1_572' title='bbox 3421 3063 3538 3120; x_wconf 87' lang='lat' dir='ltr'><strong>sive</strong></span> <span class='ocrx_word' id='word_1_573' title='bbox 3566 3065 3694 3116; x_wconf 85' lang='lat' dir='ltr'><strong>tunc</strong></span> 
     </span>
    </p>
   </div>
   <div class='ocr_carea' id='block_1_78' title="bbox 2058 3144 3694 3228">
    <p class='ocr_par' dir='ltr' id='par_1_78' title="bbox 2058 3144 3694 3228">
     <span class='ocr_line' id='line_1_78' title="bbox 2058 3144 3694 3228; baseline -0.006 -16"><span class='ocrx_word' id='word_1_574' title='bbox 2058 3172 2162 3228; x_wconf 89' lang='lat' dir='ltr'><strong>per</strong></span> <span class='ocrx_word' id='word_1_575' title='bbox 2190 3156 2534 3212; x_wconf 89' lang='lat' dir='ltr'><strong>damnatum</strong></span> <span class='ocrx_word' id='word_1_576' title='bbox 2593 3154 2762 3211; x_wconf 90' lang='lat' dir='ltr'><strong>illum</strong></span> <span class='ocrx_word' id='word_1_577' title='bbox 2810 3171 2986 3228; x_wconf 91' lang='lat' dir='ltr'><strong>quem</strong></span> <span class='ocrx_word' id='word_1_578' title='bbox 3034 3152 3223 3226; x_wconf 90' lang='lat' dir='ltr'><strong>replet</strong></span> <span class='ocrx_word' id='word_1_579' title='bbox 3266 3152 3586 3217; x_wconf 84' lang='lat' dir='ltr'><strong>hominem,</strong></span> <span class='ocrx_word' id='word_1_580' title='bbox 3614 3144 3694 3203; x_wconf 85' lang='lat' dir='ltr'><strong>vel</strong></span> 
     </span>
    </p>
   </div>
   <div class='ocr_carea' id='block_1_79' title="bbox 2058 3241 3698 3316">
    <p class='ocr_par' dir='ltr' id='par_1_79' title="bbox 2058 3241 3698 3316">
     <span class='ocr_line' id='line_1_79' title="bbox 2058 3241 3698 3316; baseline -0.005 -17"><span class='ocrx_word' id='word_1_581' title='bbox 2058 3243 2200 3300; x_wconf 91' lang='lat' dir='ltr'><strong>solis</strong></span> <span class='ocrx_word' id='word_1_582' title='bbox 2219 3243 2330 3300; x_wconf 90' lang='lat' dir='ltr'><strong>sibi</strong></span> <span class='ocrx_word' id='word_1_583' title='bbox 2349 3245 2564 3311; x_wconf 89' lang='lat' dir='ltr'><strong>radios,</strong></span> <span class='ocrx_word' id='word_1_584' title='bbox 2591 3243 2648 3299; x_wconf 92' lang='lat' dir='ltr'><strong>id</strong></span> <span class='ocrx_word' id='word_1_585' title='bbox 2671 3248 2760 3300; x_wconf 90' lang='lat' dir='ltr'><strong>est</strong></span> <span class='ocrx_word' id='word_1_586' title='bbox 2779 3243 2982 3300; x_wconf 93' lang='lat' dir='ltr'><strong>doctos</strong></span> <span class='ocrx_word' id='word_1_587' title='bbox 3001 3259 3275 3316; x_wconf 89' lang='lat' dir='ltr'><strong>quosque</strong></span> <span class='ocrx_word' id='word_1_588' title='bbox 3298 3241 3698 3314; x_wconf 81' lang='lat' dir='ltr'><strong>sapientesque</strong></span> 
     </span>
    </p>
   </div>
   <div class='ocr_carea' id='block_1_80' title="bbox 2057 3325 3697 3403">
    <p class='ocr_par' dir='ltr' id='par_1_80' title="bbox 2057 3325 3697 3403">
     <span class='ocr_line' id='line_1_80' title="bbox 2057 3325 3697 3403; baseline -0.005 -15"><span class='ocrx_word' id='word_1_589' title='bbox 2057 3331 2354 3403; x_wconf 85' lang='lat' dir='ltr'><strong>subjiciat,</strong></span> <span class='ocrx_word' id='word_1_590' title='bbox 2378 3331 2464 3388; x_wconf 91' lang='lat' dir='ltr'><strong>vel</strong></span> <span class='ocrx_word' id='word_1_591' title='bbox 2487 3349 2721 3399; x_wconf 91' lang='lat' dir='ltr'><strong>aurum,</strong></span> <span class='ocrx_word' id='word_1_592' title='bbox 2744 3331 2852 3388; x_wconf 89' lang='lat' dir='ltr'><strong>hoc</strong></span> <span class='ocrx_word' id='word_1_593' title='bbox 2873 3334 2963 3388; x_wconf 89' lang='lat' dir='ltr'><strong>est</strong></span> <span class='ocrx_word' id='word_1_594' title='bbox 2980 3331 3134 3388; x_wconf 88' lang='lat' dir='ltr'><strong>viros</strong></span> <span class='ocrx_word' id='word_1_595' title='bbox 3165 3329 3506 3388; x_wconf 90' lang='lat' dir='ltr'><strong>sanctitatis</strong></span> <span class='ocrx_word' id='word_1_596' title='bbox 3536 3325 3697 3383; x_wconf 85' lang='lat' dir='ltr'><strong>clari-</strong></span> 
     </span>
    </p>
   </div>
   <div class='ocr_carea' id='block_1_81' title="bbox 2057 3413 3701 3493">
    <p class='ocr_par' dir='ltr' id='par_1_81' title="bbox 2057 3413 3701 3493">
     <span class='ocr_line' id='line_1_81' title="bbox 2057 3413 3701 3493; baseline -0.004 -17"><span class='ocrx_word' id='word_1_597' title='bbox 2057 3424 2176 3476; x_wconf 87' lang='lat' dir='ltr'><strong>tate</strong></span> <span class='ocrx_word' id='word_1_598' title='bbox 2207 3419 2691 3493; x_wconf 80' lang='lat' dir='ltr'><strong>fulgentes,quasi</strong></span> <span class='ocrx_word' id='word_1_599' title='bbox 2715 3418 2907 3476; x_wconf 90' lang='lat' dir='ltr'><strong>lutum</strong></span> <span class='ocrx_word' id='word_1_600' title='bbox 2939 3418 3051 3476; x_wconf 88' lang='lat' dir='ltr'><strong>sibi</strong></span> <span class='ocrx_word' id='word_1_601' title='bbox 3081 3419 3248 3477; x_wconf 90' lang='lat' dir='ltr'><strong>vitiis</strong></span> <span class='ocrx_word' id='word_1_602' title='bbox 3279 3413 3701 3490; x_wconf 87' lang='lat' dir='ltr'><strong>coinquinando</strong></span> 
     </span>
    </p>
   </div>
   <div class='ocr_carea' id='block_1_82' title="bbox 2058 3500 3700 3582">
    <p class='ocr_par' dir='ltr' id='par_1_82' title="bbox 2058 3500 3700 3582">
     <span class='ocr_line' id='line_1_82' title="bbox 2058 3500 3700 3582; baseline -0.004 -17"><span class='ocrx_word' id='word_1_603' title='bbox 2058 3509 2414 3565; x_wconf 86' lang='lat' dir='ltr'><strong>substernat.</strong></span> <span class='ocrx_word' id='word_1_604' title='bbox 2439 3509 2551 3564; x_wconf 91' lang='lat' dir='ltr'><strong>Sed</strong></span> <span class='ocrx_word' id='word_1_605' title='bbox 2591 3507 2764 3565; x_wconf 91' lang='lat' dir='ltr'><strong>citius</strong></span> <span class='ocrx_word' id='word_1_606' title='bbox 2794 3507 3173 3582; x_wconf 91' lang='lat' dir='ltr'><strong>respondens,</strong></span> <span class='ocrx_word' id='word_1_607' title='bbox 3205 3509 3371 3582; x_wconf 91' lang='lat' dir='ltr'><strong>quod</strong></span> <span class='ocrx_word' id='word_1_608' title='bbox 3395 3505 3496 3581; x_wconf 90' lang='lat' dir='ltr'><strong>qui</strong></span> <span class='ocrx_word' id='word_1_609' title='bbox 3522 3500 3700 3579; x_wconf 80' lang='lat' dir='ltr'><strong>pravis</strong></span> 
     </span>
    </p>
   </div>
   <div class='ocr_carea' id='block_1_83' title="bbox 2056 3590 3702 3671">
    <p class='ocr_par' dir='ltr' id='par_1_83' title="bbox 2056 3590 3702 3671">
     <span class='ocr_line' id='line_1_83' title="bbox 2056 3590 3702 3671; baseline -0.005 -17"><span class='ocrx_word' id='word_1_610' title='bbox 2056 3599 2186 3671; x_wconf 89' lang='lat' dir='ltr'><strong>ejus</strong></span> <span class='ocrx_word' id='word_1_611' title='bbox 2216 3597 2698 3670; x_wconf 89' lang='lat' dir='ltr'><strong>persuasionibus</strong></span> <span class='ocrx_word' id='word_1_612' title='bbox 2738 3597 2906 3670; x_wconf 89' lang='lat' dir='ltr'><strong>quasi</strong></span> <span class='ocrx_word' id='word_1_613' title='bbox 2954 3596 3146 3653; x_wconf 92' lang='lat' dir='ltr'><strong>lutum</strong></span> <span class='ocrx_word' id='word_1_614' title='bbox 3197 3595 3390 3654; x_wconf 89' lang='lat' dir='ltr'><strong>sterni</strong></span> <span class='ocrx_word' id='word_1_615' title='bbox 3443 3590 3702 3670; x_wconf 86' lang='lat' dir='ltr'><strong>potuerit,</strong></span> 
     </span>
    </p>
   </div>
   <div class='ocr_carea' id='block_1_84' title="bbox 2058 3679 3704 3758">
    <p class='ocr_par' dir='ltr' id='par_1_84' title="bbox 2058 3679 3704 3758">
     <span class='ocr_line' id='line_1_84' title="bbox 2058 3679 3704 3758; baseline -0.007 -12"><span class='ocrx_word' id='word_1_616' title='bbox 2058 3705 2268 3746; x_wconf 87' lang='lat' dir='ltr'><strong>aurum</strong></span> <span class='ocrx_word' id='word_1_617' title='bbox 2311 3692 2444 3744; x_wconf 89' lang='lat' dir='ltr'><strong>ante</strong></span> <span class='ocrx_word' id='word_1_618' title='bbox 2491 3687 2591 3743; x_wconf 89' lang='lat' dir='ltr'><strong>Dei</strong></span> <span class='ocrx_word' id='word_1_619' title='bbox 2636 3685 2836 3743; x_wconf 91' lang='lat' dir='ltr'><strong>oculos</strong></span> <span class='ocrx_word' id='word_1_620' title='bbox 2882 3702 3189 3758; x_wconf 89' lang='lat' dir='ltr'><strong>nunquam</strong></span> <span class='ocrx_word' id='word_1_621' title='bbox 3249 3685 3388 3742; x_wconf 83' lang='lat' dir='ltr'><strong>fuit.</strong></span> <span class='ocrx_word' id='word_1_622' title='bbox 3423 3683 3530 3752; x_wconf 88' lang='lat' dir='ltr'><strong>Qui</strong></span> <span class='ocrx_word' id='word_1_623' title='bbox 3560 3679 3704 3738; x_wconf 88' lang='lat' dir='ltr'><strong>enim</strong></span> 
     </span>
    </p>
   </div>
   <div class='ocr_carea' id='block_1_85' title="bbox 2058 3767 3706 3849">
    <p class='ocr_par' dir='ltr' id='par_1_85' title="bbox 2058 3767 3706 3849">
     <span class='ocr_line' id='line_1_85' title="bbox 2058 3767 3706 3849; baseline -0.007 -15"><span class='ocrx_word' id='word_1_624' title='bbox 2058 3775 2256 3834; x_wconf 90' lang='lat' dir='ltr'><strong>seduci</strong></span> <span class='ocrx_word' id='word_1_625' title='bbox 2270 3776 2622 3849; x_wconf 90' lang='lat' dir='ltr'><strong>quandoque</strong></span> <span class='ocrx_word' id='word_1_626' title='bbox 2635 3791 2750 3830; x_wconf 91' lang='lat' dir='ltr'><strong>non</strong></span> <span class='ocrx_word' id='word_1_627' title='bbox 2769 3773 3056 3830; x_wconf 91' lang='lat' dir='ltr'><strong>reversuri</strong></span> <span class='ocrx_word' id='word_1_628' title='bbox 3074 3771 3537 3847; x_wconf 88' lang='lat' dir='ltr'><strong>possunt,quasi</strong></span> <span class='ocrx_word' id='word_1_629' title='bbox 3551 3767 3706 3827; x_wconf 82' lang='lat' dir='ltr'><strong>habi-</strong></span> 
     </span>
    </p>
   </div>
   <div class='ocr_carea' id='block_1_86' title="bbox 2057 3862 3709 3921">
    <p class='ocr_par' dir='ltr' id='par_1_86' title="bbox 2057 3862 3709 3921">
     <span class='ocr_line' id='line_1_86' title="bbox 2057 3862 3709 3921; baseline -0.006 0"><span class='ocrx_word' id='word_1_630' title='bbox 2057 3870 2178 3921; x_wconf 89' lang='lat' dir='ltr'><strong>tam</strong></span> <span class='ocrx_word' id='word_1_631' title='bbox 2229 3865 2598 3921; x_wconf 79' lang='lat' dir='ltr'><strong>sanctitatem</strong></span> <span class='ocrx_word' id='word_1_632' title='bbox 2649 3868 2782 3920; x_wconf 89' lang='lat' dir='ltr'><strong>ante</strong></span> <span class='ocrx_word' id='word_1_633' title='bbox 2830 3863 3032 3920; x_wconf 88' lang='lat' dir='ltr'><strong>oculos</strong></span> <span class='ocrx_word' id='word_1_634' title='bbox 3079 3863 3403 3920; x_wconf 88' lang='lat' dir='ltr'><strong>hominum</strong></span> <span class='ocrx_word' id='word_1_635' title='bbox 3451 3862 3709 3918; x_wconf 89' lang='lat' dir='ltr'><strong>videntur</strong></span> 
     </span>
    </p>
   </div>
   <div class='ocr_carea' id='block_1_87' title="bbox 2058 3947 3710 4024">
    <p class='ocr_par' dir='ltr' id='par_1_87' title="bbox 2058 3947 3710 4024">
     <span class='ocr_line' id='line_1_87' title="bbox 2058 3947 3710 4024; baseline -0.004 -17"><span class='ocrx_word' id='word_1_636' title='bbox 2058 3951 2344 4016; x_wconf 90' lang='lat' dir='ltr'><strong>amittere,</strong></span> <span class='ocrx_word' id='word_1_637' title='bbox 2363 3951 2462 4007; x_wconf 91' lang='lat' dir='ltr'><strong>sed</strong></span> <span class='ocrx_word' id='word_1_638' title='bbox 2485 3967 2613 4006; x_wconf 89' lang='lat' dir='ltr'><strong>eam</strong></span> <span class='ocrx_word' id='word_1_639' title='bbox 2635 3954 2772 4006; x_wconf 88' lang='lat' dir='ltr'><strong>ante</strong></span> <span class='ocrx_word' id='word_1_640' title='bbox 2794 3950 2896 4006; x_wconf 92' lang='lat' dir='ltr'><strong>Dei</strong></span> <span class='ocrx_word' id='word_1_641' title='bbox 2926 3949 3128 4007; x_wconf 91' lang='lat' dir='ltr'><strong>oculos</strong></span> <span class='ocrx_word' id='word_1_642' title='bbox 3151 3967 3478 4024; x_wconf 86' lang='lat' dir='ltr'><strong>nunquam</strong></span> <span class='ocrx_word' id='word_1_643' title='bbox 3511 3947 3710 4005; x_wconf 84' lang='lat' dir='ltr'><strong>habue-</strong></span> 
     </span>
    </p>
   </div>
   <div class='ocr_carea' id='block_1_88' title="bbox 2058 4034 3710 4112">
    <p class='ocr_par' dir='ltr' id='par_1_88' title="bbox 2058 4034 3710 4112">
     <span class='ocr_line' id='line_1_88' title="bbox 2058 4034 3710 4112; baseline -0.003 -17"><span class='ocrx_word' id='word_1_644' title='bbox 2058 4044 2212 4096; x_wconf 90' lang='lat' dir='ltr'><strong>runt.</strong></span> <span class='ocrx_word' id='word_1_645' title='bbox 2248 4041 2410 4112; x_wconf 62' lang='lat' dir='ltr'><strong>Saepe</strong></span> <span class='ocrx_word' id='word_1_646' title='bbox 2439 4057 2692 4111; x_wconf 88' lang='lat' dir='ltr'><strong>namque</strong></span> <span class='ocrx_word' id='word_1_647' title='bbox 2739 4039 2916 4095; x_wconf 89' lang='lat' dir='ltr'><strong>homo</strong></span> <span class='ocrx_word' id='word_1_648' title='bbox 2958 4038 3164 4095; x_wconf 91' lang='lat' dir='ltr'><strong>multis</strong></span> <span class='ocrx_word' id='word_1_649' title='bbox 3197 4039 3437 4097; x_wconf 89' lang='lat' dir='ltr'><strong>occulte</strong></span> <span class='ocrx_word' id='word_1_650' title='bbox 3471 4034 3710 4112; x_wconf 85' lang='lat' dir='ltr'><strong>peccatis</strong></span> 
     </span>
    </p>
   </div>
   <div class='ocr_carea' id='block_1_89' title="bbox 2055 4126 3709 4202">
    <p class='ocr_par' dir='ltr' id='par_1_89' title="bbox 2055 4126 3709 4202">
     <span class='ocr_line' id='line_1_89' title="bbox 2055 4126 3709 4202; baseline -0.004 -18"><span class='ocrx_word' id='word_1_651' title='bbox 2055 4127 2387 4195; x_wconf 87' lang='lat' dir='ltr'><strong>involvitur,</strong></span> <span class='ocrx_word' id='word_1_652' title='bbox 2413 4127 2544 4184; x_wconf 89' lang='lat' dir='ltr'><strong>etin</strong></span> <span class='ocrx_word' id='word_1_653' title='bbox 2571 4146 2686 4184; x_wconf 89' lang='lat' dir='ltr'><strong>una</strong></span> <span class='ocrx_word' id='word_1_654' title='bbox 2711 4127 2910 4200; x_wconf 88' lang='lat' dir='ltr'><strong>aliqua</strong></span> <span class='ocrx_word' id='word_1_655' title='bbox 2928 4127 3142 4184; x_wconf 85' lang='lat' dir='ltr'><strong>virtute</strong></span> <span class='ocrx_word' id='word_1_656' title='bbox 3171 4145 3442 4202; x_wconf 86' lang='lat' dir='ltr'><strong>magnus</strong></span> <span class='ocrx_word' id='word_1_657' title='bbox 3472 4126 3709 4190; x_wconf 87' lang='lat' dir='ltr'><strong>videtur,</strong></span> 
     </span>
    </p>
   </div>
   <div class='ocr_carea' id='block_1_90' title="bbox 2056 4215 3711 4290">
    <p class='ocr_par' dir='ltr' id='par_1_90' title="bbox 2056 4215 3711 4290">
     <span class='ocr_line' id='line_1_90' title="bbox 2056 4215 3711 4290; baseline -0.004 -17"><span class='ocrx_word' id='word_1_658' title='bbox 2056 4234 2184 4290; x_wconf 76' lang='lat' dir='ltr'><strong>qua:</strong></span> <span class='ocrx_word' id='word_1_659' title='bbox 2207 4217 2336 4290; x_wconf 90' lang='lat' dir='ltr'><strong>ipsa</strong></span> <span class='ocrx_word' id='word_1_660' title='bbox 2355 4231 2587 4290; x_wconf 89' lang='lat' dir='ltr'><strong>quoque</strong></span> <span class='ocrx_word' id='word_1_661' title='bbox 2610 4217 2796 4274; x_wconf 88' lang='lat' dir='ltr'><strong>virtus</strong></span> <span class='ocrx_word' id='word_1_662' title='bbox 2818 4215 3154 4274; x_wconf 87' lang='lat' dir='ltr'><strong>inaniscens</strong></span> <span class='ocrx_word' id='word_1_663' title='bbox 3175 4216 3561 4290; x_wconf 79' lang='lat' dir='ltr'><strong>deﬁcit,quia</strong></span> <span class='ocrx_word' id='word_1_664' title='bbox 3579 4215 3711 4270; x_wconf 87' lang='lat' dir='ltr'><strong>dum</strong></span> 
     </span>
    </p>
   </div>
   <div class='ocr_carea' id='block_1_91' title="bbox 2057 4303 3714 4376">
    <p class='ocr_par' dir='ltr' id='par_1_91' title="bbox 2057 4303 3714 4376">
     <span class='ocr_line' id='line_1_91' title="bbox 2057 4303 3714 4376; baseline -0.003 -16"><span class='ocrx_word' id='word_1_665' title='bbox 2057 4303 2948 4376; x_wconf 88' lang='lat' dir='ltr'><strong>innotescithominibus,procul</strong></span> <span class='ocrx_word' id='word_1_666' title='bbox 2961 4303 3142 4362; x_wconf 89' lang='lat' dir='ltr'><strong>dubio</strong></span> <span class='ocrx_word' id='word_1_667' title='bbox 3156 4303 3714 4376; x_wconf 87' lang='lat' dir='ltr'><strong>laudatur,ejusque</strong></span> 
     </span>
    </p>
   </div>
   <div class='ocr_carea' id='block_1_92' title="bbox 2056 4391 3716 4467">
    <p class='ocr_par' dir='ltr' id='par_1_92' title="bbox 2056 4391 3716 4467">
     <span class='ocr_line' id='line_1_92' title="bbox 2056 4391 3716 4467; baseline -0.002 -19"><span class='ocrx_word' id='word_1_668' title='bbox 2056 4391 2187 4449; x_wconf 89' lang='lat' dir='ltr'><strong>laus</strong></span> <span class='ocrx_word' id='word_1_669' title='bbox 2218 4391 2512 4449; x_wconf 87' lang='lat' dir='ltr'><strong>inhianter</strong></span> <span class='ocrx_word' id='word_1_670' title='bbox 2535 4393 2848 4465; x_wconf 89' lang='lat' dir='ltr'><strong>appetitur.</strong></span> <span class='ocrx_word' id='word_1_671' title='bbox 2883 4393 3047 4450; x_wconf 92' lang='lat' dir='ltr'><strong>Unde</strong></span> <span class='ocrx_word' id='word_1_672' title='bbox 3079 4393 3146 4448; x_wconf 83' lang='lat' dir='ltr'><strong>{it</strong></span> <span class='ocrx_word' id='word_1_673' title='bbox 3174 4398 3247 4450; x_wconf 85' lang='lat' dir='ltr'><strong>ut</strong></span> <span class='ocrx_word' id='word_1_674' title='bbox 3277 4399 3342 4452; x_wconf 92' lang='lat' dir='ltr'><strong>et</strong></span> <span class='ocrx_word' id='word_1_675' title='bbox 3375 4394 3511 4467; x_wconf 88' lang='lat' dir='ltr'><strong>ipsa</strong></span> <span class='ocrx_word' id='word_1_676' title='bbox 3541 4393 3716 4448; x_wconf 88' lang='lat' dir='ltr'><strong>virtus</strong></span> 
     </span>
    </p>
   </div>
   <div class='ocr_carea' id='block_1_93' title="bbox 2055 4479 3715 4552">
    <p class='ocr_par' dir='ltr' id='par_1_93' title="bbox 2055 4479 3715 4552">
     <span class='ocr_line' id='line_1_93' title="bbox 2055 4479 3715 4552; baseline -0.003 -14"><span class='ocrx_word' id='word_1_677' title='bbox 2055 4486 2190 4538; x_wconf 91' lang='lat' dir='ltr'><strong>ante</strong></span> <span class='ocrx_word' id='word_1_678' title='bbox 2225 4481 2319 4536; x_wconf 87' lang='lat' dir='ltr'><strong>Dei</strong></span> <span class='ocrx_word' id='word_1_679' title='bbox 2351 4479 2552 4538; x_wconf 91' lang='lat' dir='ltr'><strong>oculos</strong></span> <span class='ocrx_word' id='word_1_680' title='bbox 2581 4481 2770 4538; x_wconf 88' lang='lat' dir='ltr'><strong>virtus</strong></span> <span class='ocrx_word' id='word_1_681' title='bbox 2801 4499 2914 4538; x_wconf 91' lang='lat' dir='ltr'><strong>non</strong></span> <span class='ocrx_word' id='word_1_682' title='bbox 2946 4481 3044 4548; x_wconf 88' lang='lat' dir='ltr'><strong>sit,</strong></span> <span class='ocrx_word' id='word_1_683' title='bbox 3076 4481 3221 4538; x_wconf 90' lang='lat' dir='ltr'><strong>dum</strong></span> <span class='ocrx_word' id='word_1_684' title='bbox 3262 4481 3586 4540; x_wconf 88' lang='lat' dir='ltr'><strong>abscondit</strong></span> <span class='ocrx_word' id='word_1_685' title='bbox 3609 4493 3715 4552; x_wconf 88' lang='lat' dir='ltr'><strong>quo</strong></span> 
     </span>
    </p>
   </div>
   <div class='ocr_carea' id='block_1_94' title="bbox 296 4567 3715 4656">
    <p class='ocr_par' dir='ltr' id='par_1_94' title="bbox 296 4567 3715 4656">
     <span class='ocr_line' id='line_1_94' title="bbox 296 4567 3715 4656; baseline 0.003 -34"><span class='ocrx_word' id='word_1_686' title='bbox 296 4567 466 4639; x_wconf 90' lang='lat' dir='ltr'><strong>justi,</strong></span> <span class='ocrx_word' id='word_1_687' title='bbox 489 4569 702 4624; x_wconf 78' lang='lat' dir='ltr'><strong>cmlum</strong></span> <span class='ocrx_word' id='word_1_688' title='bbox 731 4571 838 4625; x_wconf 74' lang='lat' dir='ltr'><strong>fuit</strong></span> <span class='ocrx_word' id='word_1_689' title='bbox 865 4571 1331 4629; x_wconf 82' lang='lat' dir='ltr'><strong>Abraham.Cum</strong></span> <span class='ocrx_word' id='word_1_690' title='bbox 1363 4573 1519 4629; x_wconf 88' lang='lat' dir='ltr'><strong>enim</strong></span> <span class='ocrx_word' id='word_1_691' title='bbox 1552 4574 1624 4630; x_wconf 92' lang='lat' dir='ltr'><strong>de</strong></span> <span class='ocrx_word' id='word_1_692' title='bbox 1652 4574 1945 4630; x_wconf 80' lang='lat' dir='ltr'><strong>Abraham</strong></span> <span class='ocrx_word' id='word_1_693' title='bbox 1976 4591 2024 4656; x_wconf 73' lang='grc' dir='ltr'>υ</span> <span class='ocrx_word' id='word_1_694' title='bbox 2055 4569 2345 4642; x_wconf 88' lang='lat' dir='ltr'><strong>displicet,</strong></span> <span class='ocrx_word' id='word_1_695' title='bbox 2407 4569 2601 4642; x_wconf 87' lang='lat' dir='ltr'><strong>prodit</strong></span> <span class='ocrx_word' id='word_1_696' title='bbox 2651 4588 2766 4643; x_wconf 87' lang='lat' dir='ltr'><strong>quo</strong></span> <span class='ocrx_word' id='word_1_697' title='bbox 2827 4569 3034 4644; x_wconf 90' lang='lat' dir='ltr'><strong>placet.</strong></span> <span class='ocrx_word' id='word_1_698' title='bbox 3071 4593 3100 4620; x_wconf 85' lang='grc'><strong>››</strong></span> <span class='ocrx_word' id='word_1_699' title='bbox 3151 4571 3224 4626; x_wconf 89' lang='lat' dir='ltr'><strong>Et</strong></span> <span class='ocrx_word' id='word_1_700' title='bbox 3287 4577 3430 4645; x_wconf 88' lang='lat' dir='ltr'><strong>post</strong></span> <span class='ocrx_word' id='word_1_701' title='bbox 3489 4582 3715 4645; x_wconf 70' lang='lat' dir='ltr'><strong>pauca:</strong></span> 
     </span>
    </p>
   </div>
   <div class='ocr_carea' id='block_1_95' title="bbox 305 4656 1943 4735">
    <p class='ocr_par' dir='ltr' id='par_1_95' title="bbox 305 4656 1943 4735">
     <span class='ocr_line' id='line_1_95' title="bbox 305 4656 1943 4735; baseline 0.005 -25"><span class='ocrx_word' id='word_1_702' title='bbox 305 4659 478 4711; x_wconf 88' lang='lat' dir='ltr'><strong>natus</strong></span> <span class='ocrx_word' id='word_1_703' title='bbox 508 4661 597 4712; x_wconf 90' lang='lat' dir='ltr'><strong>est</strong></span> <span class='ocrx_word' id='word_1_704' title='bbox 625 4656 896 4730; x_wconf 88' lang='lat' dir='ltr'><strong>Caiphas,</strong></span> <span class='ocrx_word' id='word_1_705' title='bbox 929 4659 1070 4731; x_wconf 92' lang='lat' dir='ltr'><strong>quid</strong></span> <span class='ocrx_word' id='word_1_706' title='bbox 1129 4659 1288 4717; x_wconf 90' lang='lat' dir='ltr'><strong>aliud</strong></span> <span class='ocrx_word' id='word_1_707' title='bbox 1347 4661 1459 4718; x_wconf 92' lang='lat' dir='ltr'><strong>nisi</strong></span> <span class='ocrx_word' id='word_1_708' title='bbox 1518 4661 1653 4735; x_wconf 90' lang='lat' dir='ltr'><strong>gelu</strong></span> <span class='ocrx_word' id='word_1_709' title='bbox 1698 4662 1769 4718; x_wconf 92' lang='lat' dir='ltr'><strong>de</strong></span> <span class='ocrx_word' id='word_1_710' title='bbox 1800 4661 1943 4719; x_wconf 77' lang='lat' dir='ltr'><strong>cmlo</strong></span> 
     </span>
    </p>
   </div>
   <div class='ocr_carea' id='block_1_96' title="bbox 301 4744 1945 4824">
    <p class='ocr_par' dir='ltr' id='par_1_96' title="bbox 301 4744 1945 4824">
     <span class='ocr_line' id='line_1_96' title="bbox 301 4744 1945 4824; baseline 0.006 -26"><span class='ocrx_word' id='word_1_711' title='bbox 301 4744 778 4816; x_wconf 86' lang='lat' dir='ltr'><strong>processit?0uod</strong></span> <span class='ocrx_word' id='word_1_712' title='bbox 793 4749 984 4802; x_wconf 90' lang='lat' dir='ltr'><strong>tamen</strong></span> <span class='ocrx_word' id='word_1_713' title='bbox 999 4747 1130 4820; x_wconf 85' lang='lat' dir='ltr'><strong>gelu</strong></span> <span class='ocrx_word' id='word_1_714' title='bbox 1148 4748 1361 4804; x_wconf 89' lang='lat' dir='ltr'><strong>idcirco</strong></span> <span class='ocrx_word' id='word_1_715' title='bbox 1373 4749 1657 4807; x_wconf 89' lang='lat' dir='ltr'><strong>Dominus</strong></span> <span class='ocrx_word' id='word_1_716' title='bbox 1668 4749 1945 4824; x_wconf 84' lang='lat' dir='ltr'><strong>genuisse</strong></span> 
     </span>
    </p>
   </div>
   <div class='ocr_carea' id='block_1_97' title="bbox 301 4832 1944 4912">
    <p class='ocr_par' dir='ltr' id='par_1_97' title="bbox 301 4832 1944 4912">
     <span class='ocr_line' id='line_1_97' title="bbox 301 4832 1944 4912; baseline 0.004 -24"><span class='ocrx_word' id='word_1_717' title='bbox 301 4849 363 4888; x_wconf 83' lang='lat' dir='ltr'><strong>se</strong></span> <span class='ocrx_word' id='word_1_718' title='bbox 393 4832 555 4900; x_wconf 85' lang='lat' dir='ltr'><strong>dicit,</strong></span> <span class='ocrx_word' id='word_1_719' title='bbox 589 4833 728 4906; x_wconf 87' lang='lat' dir='ltr'><strong>quia</strong></span> <span class='ocrx_word' id='word_1_720' title='bbox 774 4835 1008 4891; x_wconf 74' lang='lat' dir='ltr'><strong>Judazos</strong></span> <span class='ocrx_word' id='word_1_721' title='bbox 1057 4854 1203 4909; x_wconf 90' lang='lat' dir='ltr'><strong>quos</strong></span> <span class='ocrx_word' id='word_1_722' title='bbox 1234 4838 1578 4895; x_wconf 87' lang='lat' dir='ltr'><strong>naturaliter</strong></span> <span class='ocrx_word' id='word_1_723' title='bbox 1606 4838 1731 4912; x_wconf 90' lang='lat' dir='ltr'><strong>ipse</strong></span> <span class='ocrx_word' id='word_1_724' title='bbox 1759 4839 1944 4896; x_wconf 89' lang='lat' dir='ltr'><strong>bonos</strong></span> 
     </span>
    </p>
   </div>
   <div class='ocr_carea' id='block_1_98' title="bbox 299 4921 1944 5000">
    <p class='ocr_par' dir='ltr' id='par_1_98' title="bbox 299 4921 1944 5000">
     <span class='ocr_line' id='line_1_98' title="bbox 299 4921 1944 5000; baseline 0.002 -21"><span class='ocrx_word' id='word_1_725' title='bbox 299 4921 997 4994; x_wconf 85' lang='lat' dir='ltr'><strong>condidit,justojudicio</strong></span> <span class='ocrx_word' id='word_1_726' title='bbox 1019 4941 1120 4996; x_wconf 86' lang='lat' dir='ltr'><strong>per</strong></span> <span class='ocrx_word' id='word_1_727' title='bbox 1147 4942 1350 4982; x_wconf 89' lang='lat' dir='ltr'><strong>eorum</strong></span> <span class='ocrx_word' id='word_1_728' title='bbox 1381 4926 1666 4983; x_wconf 91' lang='lat' dir='ltr'><strong>malitiam</strong></span> <span class='ocrx_word' id='word_1_729' title='bbox 1701 4927 1944 5000; x_wconf 83' lang='lat' dir='ltr'><strong>frigidos</strong></span> 
     </span>
    </p>
   </div>
   <div class='ocr_carea' id='block_1_99' title="bbox 299 5010 1946 5084">
    <p class='ocr_par' dir='ltr' id='par_1_99' title="bbox 299 5010 1946 5084">
     <span class='ocr_line' id='line_1_99' title="bbox 299 5010 1946 5084; baseline 0.002 -16"><span class='ocrx_word' id='word_1_730' title='bbox 299 5028 420 5068; x_wconf 87' lang='lat' dir='ltr'><strong>asc</strong></span> <span class='ocrx_word' id='word_1_731' title='bbox 447 5010 603 5068; x_wconf 85' lang='lat' dir='ltr'><strong>exire</strong></span> <span class='ocrx_word' id='word_1_732' title='bbox 662 5011 946 5084; x_wconf 89' lang='lat' dir='ltr'><strong>permisit.</strong></span> <span class='ocrx_word' id='word_1_733' title='bbox 981 5013 1265 5071; x_wconf 89' lang='lat' dir='ltr'><strong>Dominus</strong></span> <span class='ocrx_word' id='word_1_734' title='bbox 1321 5015 1478 5072; x_wconf 91' lang='lat' dir='ltr'><strong>enim</strong></span> <span class='ocrx_word' id='word_1_735' title='bbox 1537 5017 1802 5072; x_wconf 88' lang='lat' dir='ltr'><strong>conditor</strong></span> <span class='ocrx_word' id='word_1_736' title='bbox 1855 5020 1946 5072; x_wconf 91' lang='lat' dir='ltr'><strong>est</strong></span> 
     </span>
    </p>
   </div>
   <div class='ocr_carea' id='block_1_100' title="bbox 300 5099 1939 5176">
    <p class='ocr_par' dir='ltr' id='par_1_100' title="bbox 300 5099 1939 5176">
     <span class='ocr_line' id='line_1_100' title="bbox 300 5099 1939 5176; baseline 0.001 -20"><span class='ocrx_word' id='word_1_737' title='bbox 300 5106 540 5167; x_wconf 70' lang='lat' dir='ltr'><strong>naturae,</strong></span> <span class='ocrx_word' id='word_1_738' title='bbox 566 5118 680 5157; x_wconf 91' lang='lat' dir='ltr'><strong>non</strong></span> <span class='ocrx_word' id='word_1_739' title='bbox 703 5099 1127 5174; x_wconf 71' lang='lat' dir='ltr'><strong>culpze.Genuit</strong></span> <span class='ocrx_word' id='word_1_740' title='bbox 1145 5119 1281 5176; x_wconf 91' lang='lat' dir='ltr'><strong>ergo</strong></span> <span class='ocrx_word' id='word_1_741' title='bbox 1306 5103 1555 5160; x_wconf 85' lang='lat' dir='ltr'><strong>creando</strong></span> <span class='ocrx_word' id='word_1_742' title='bbox 1573 5103 1939 5172; x_wconf 86' lang='lat' dir='ltr'><strong>naturaliter,</strong></span> 
     </span>
    </p>
   </div>
   <div class='ocr_carea' id='block_1_101' title="bbox 297 5188 1941 5262">
    <p class='ocr_par' dir='ltr' id='par_1_101' title="bbox 297 5188 1941 5262">
     <span class='ocr_line' id='line_1_101' title="bbox 297 5188 1941 5262; baseline -0.001 -18"><span class='ocrx_word' id='word_1_743' title='bbox 297 5206 446 5260; x_wconf 86' lang='lat' dir='ltr'><strong>quos</strong></span> <span class='ocrx_word' id='word_1_744' title='bbox 473 5189 706 5262; x_wconf 90' lang='lat' dir='ltr'><strong>iniquos</strong></span> <span class='ocrx_word' id='word_1_745' title='bbox 728 5188 994 5262; x_wconf 85' lang='lat' dir='ltr'><strong>permisit</strong></span> <span class='ocrx_word' id='word_1_746' title='bbox 1022 5190 1323 5246; x_wconf 86' lang='lat' dir='ltr'><strong>tolerando</strong></span> <span class='ocrx_word' id='word_1_747' title='bbox 1354 5191 1540 5247; x_wconf 84' lang='lat' dir='ltr'><strong>vivere</strong></span> <span class='ocrx_word' id='word_1_748' title='bbox 1569 5192 1876 5262; x_wconf 86' lang='lat' dir='ltr'><strong>patienter.</strong></span> <span class='ocrx_word' id='word_1_749' title='bbox 1913 5215 1941 5242; x_wconf 83' lang='lat'><strong>»</strong></span> 
     </span>
    </p>
   </div>
   <div class='ocr_carea' id='block_1_102' title="bbox 297 5277 1938 5352">
    <p class='ocr_par' dir='ltr' id='par_1_102' title="bbox 297 5277 1938 5352">
     <span class='ocr_line' id='line_1_102' title="bbox 297 5277 1938 5352; baseline 0.003 -20"><span class='ocrx_word' id='word_1_750' title='bbox 297 5283 354 5332; x_wconf 88' lang='lat' dir='ltr'><strong>et</strong></span> <span class='ocrx_word' id='word_1_751' title='bbox 379 5278 514 5334; x_wconf 86' lang='lat' dir='ltr'><strong>item</strong></span> <span class='ocrx_word' id='word_1_752' title='bbox 537 5278 595 5334; x_wconf 91' lang='lat' dir='ltr'><strong>in</strong></span> <span class='ocrx_word' id='word_1_753' title='bbox 616 5279 818 5335; x_wconf 90' lang='lat' dir='ltr'><strong>eodem</strong></span> <span class='ocrx_word' id='word_1_754' title='bbox 845 5277 992 5334; x_wconf 85' lang='lat' dir='ltr'><strong>libro</strong></span> <span class='ocrx_word' id='word_1_755' title='bbox 1012 5283 1152 5352; x_wconf 89' lang='lat' dir='ltr'><strong>(cap.</strong></span> <span class='ocrx_word' id='word_1_756' title='bbox 1177 5279 1299 5348; x_wconf 80' lang='lat'><strong>19):</strong></span> <span class='ocrx_word' id='word_1_757' title='bbox 1335 5302 1363 5330; x_wconf 85' lang='lat'><strong><em>«</em></strong></span> <span class='ocrx_word' id='word_1_758' title='bbox 1388 5279 1532 5335; x_wconf 89' lang='lat' dir='ltr'><strong>Hinc</strong></span> <span class='ocrx_word' id='word_1_759' title='bbox 1566 5279 1779 5336; x_wconf 86' lang='lat' dir='ltr'><strong>Paulus</strong></span> <span class='ocrx_word' id='word_1_760' title='bbox 1809 5280 1892 5336; x_wconf 92' lang='lat' dir='ltr'><strong>ait</strong></span> <span class='ocrx_word' id='word_1_761' title='bbox 1923 5298 1938 5337; x_wconf 90' lang='lat'><strong>:</strong></span> 
     </span>
    </p>
   </div>
   <div class='ocr_carea' id='block_1_103' title="bbox 297 5365 1944 5440">
    <p class='ocr_par' dir='ltr' id='par_1_103' title="bbox 297 5365 1944 5440">
     <span class='ocr_line' id='line_1_103' title="bbox 297 5365 1944 5440; baseline 0.003 -20"><span class='ocrx_word' id='word_1_762' title='bbox 297 5366 371 5421; x_wconf 84' lang='lat' dir='ltr'><strong>Eo</strong></span> <span class='ocrx_word' id='word_1_763' title='bbox 395 5365 534 5438; x_wconf 86' lang='lat' dir='ltr'><strong>quod</strong></span> <span class='ocrx_word' id='word_1_764' title='bbox 579 5367 903 5423; x_wconf 78' lang='lat' dir='ltr'><strong>charitatem</strong></span> <span class='ocrx_word' id='word_1_765' title='bbox 951 5369 1190 5422; x_wconf 75' lang='lat' dir='ltr'><strong>veritatis</strong></span> <span class='ocrx_word' id='word_1_766' title='bbox 1231 5384 1341 5422; x_wconf 84' lang='lat' dir='ltr'><strong>non</strong></span> <span class='ocrx_word' id='word_1_767' title='bbox 1372 5375 1685 5440; x_wconf 84' lang='lat' dir='ltr'><strong>receperunt</strong></span> <span class='ocrx_word' id='word_1_768' title='bbox 1711 5377 1771 5424; x_wconf 89' lang='lat' dir='ltr'><strong>ut</strong></span> <span class='ocrx_word' id='word_1_769' title='bbox 1797 5369 1944 5425; x_wconf 81' lang='lat' dir='ltr'><strong>salvi</strong></span> 
     </span>
    </p>
   </div>
   <div class='ocr_carea' id='block_1_104' title="bbox 295 5454 1946 5527">
    <p class='ocr_par' dir='ltr' id='par_1_104' title="bbox 295 5454 1946 5527">
     <span class='ocr_line' id='line_1_104' title="bbox 295 5454 1946 5527; baseline 0.004 -20"><span class='ocrx_word' id='word_1_770' title='bbox 295 5454 504 5523; x_wconf 80' lang='lat' dir='ltr'><strong>ﬁerent,</strong></span> <span class='ocrx_word' id='word_1_771' title='bbox 541 5454 658 5511; x_wconf 79' lang='lat' dir='ltr'><strong>ideo</strong></span> <span class='ocrx_word' id='word_1_772' title='bbox 683 5458 856 5512; x_wconf 82' lang='lat' dir='ltr'><strong>mittet</strong></span> <span class='ocrx_word' id='word_1_773' title='bbox 885 5457 1000 5512; x_wconf 80' lang='lat' dir='ltr'><strong>illis</strong></span> <span class='ocrx_word' id='word_1_774' title='bbox 1039 5461 1182 5512; x_wconf 84' lang='lat' dir='ltr'><strong>Deus</strong></span> <span class='ocrx_word' id='word_1_775' title='bbox 1236 5459 1600 5527; x_wconf 84' lang='lat' dir='ltr'><strong>operationem</strong></span> <span class='ocrx_word' id='word_1_776' title='bbox 1649 5460 1854 5514; x_wconf 85' lang='lat' dir='ltr'><strong>erroris</strong></span> <span class='ocrx_word' id='word_1_777' title='bbox 1887 5465 1946 5514; x_wconf 89' lang='lat' dir='ltr'><strong>ut</strong></span> 
     </span>
    </p>
   </div>
   <div class='ocr_carea' id='block_1_105' title="bbox 298 5541 1941 5618">
    <p class='ocr_par' dir='ltr' id='par_1_105' title="bbox 298 5541 1941 5618">
     <span class='ocr_line' id='line_1_105' title="bbox 298 5541 1941 5618; baseline 0.004 -23"><span class='ocrx_word' id='word_1_778' title='bbox 298 5541 519 5597; x_wconf 80' lang='lat' dir='ltr'><strong>credant</strong></span> <span class='ocrx_word' id='word_1_779' title='bbox 570 5544 870 5609; x_wconf 84' lang='lat' dir='ltr'><strong>mendacio,</strong></span> <span class='ocrx_word' id='word_1_780' title='bbox 929 5553 988 5602; x_wconf 88' lang='lat' dir='ltr'><strong>ut</strong></span> <span class='ocrx_word' id='word_1_781' title='bbox 1045 5544 1366 5618; x_wconf 83' lang='lat' dir='ltr'><strong>judicenlur</strong></span> <span class='ocrx_word' id='word_1_782' title='bbox 1437 5562 1621 5602; x_wconf 82' lang='lat' dir='ltr'><strong>omnes</strong></span> <span class='ocrx_word' id='word_1_783' title='bbox 1677 5548 1776 5618; x_wconf 85' lang='lat' dir='ltr'><strong>qui</strong></span> <span class='ocrx_word' id='word_1_784' title='bbox 1831 5562 1941 5603; x_wconf 86' lang='lat' dir='ltr'><strong>non</strong></span> 
     </span>
    </p>
   </div>
   <div class='ocr_carea' id='block_1_106' title="bbox 297 5627 1940 5707">
    <p class='ocr_par' dir='ltr' id='par_1_106' title="bbox 297 5627 1940 5707">
     <span class='ocr_line' id='line_1_106' title="bbox 297 5627 1940 5707; baseline 0.004 -23"><span class='ocrx_word' id='word_1_785' title='bbox 297 5627 522 5684; x_wconf 82' lang='lat' dir='ltr'><strong>credunt</strong></span> <span class='ocrx_word' id='word_1_786' title='bbox 547 5635 780 5701; x_wconf 83' lang='lat' dir='ltr'><strong>veritati,</strong></span> <span class='ocrx_word' id='word_1_787' title='bbox 805 5631 898 5687; x_wconf 85' lang='lat' dir='ltr'><strong>sed</strong></span> <span class='ocrx_word' id='word_1_788' title='bbox 940 5641 1329 5690; x_wconf 81' lang='lat' dir='ltr'><strong>consenserunt</strong></span> <span class='ocrx_word' id='word_1_789' title='bbox 1369 5635 1672 5706; x_wconf 82' lang='lat' dir='ltr'><strong>iniquitati.</strong></span> <span class='ocrx_word' id='word_1_790' title='bbox 1706 5637 1940 5707; x_wconf 87' lang='lat' dir='ltr'><strong>Nequa-</strong></span> 
     </span>
    </p>
   </div>
   <div class='ocr_carea' id='block_1_107' title="bbox 2053 4657 3716 4730">
    <p class='ocr_par' dir='ltr' id='par_1_107' title="bbox 2053 4657 3716 4730">
     <span class='ocr_line' id='line_1_107' title="bbox 2053 4657 3716 4730; baseline -0.001 -20"><span class='ocrx_word' id='word_1_791' title='bbox 2053 4682 2082 4710; x_wconf 84' lang='lat'><strong>«</strong></span> <span class='ocrx_word' id='word_1_792' title='bbox 2117 4658 2222 4714; x_wconf 90' lang='lat' dir='ltr'><strong>Eat</strong></span> <span class='ocrx_word' id='word_1_793' title='bbox 2267 4674 2404 4730; x_wconf 88' lang='lat' dir='ltr'><strong>ergo</strong></span> <span class='ocrx_word' id='word_1_794' title='bbox 2461 4657 2777 4714; x_wconf 86' lang='lat' dir='ltr'><strong>Levialhan</strong></span> <span class='ocrx_word' id='word_1_795' title='bbox 2835 4657 2968 4728; x_wconf 90' lang='lat' dir='ltr'><strong>iste,</strong></span> <span class='ocrx_word' id='word_1_796' title='bbox 3022 4662 3080 4714; x_wconf 91' lang='lat' dir='ltr'><strong>et</strong></span> <span class='ocrx_word' id='word_1_797' title='bbox 3136 4658 3288 4716; x_wconf 92' lang='lat' dir='ltr'><strong>solis</strong></span> <span class='ocrx_word' id='word_1_798' title='bbox 3351 4659 3474 4716; x_wconf 88' lang='lat' dir='ltr'><strong>sibi</strong></span> <span class='ocrx_word' id='word_1_799' title='bbox 3530 4657 3716 4715; x_wconf 84' lang='lat' dir='ltr'><strong>radios</strong></span> 
     </span>
    </p>
   </div>
   <div class='ocr_carea' id='block_1_108' title="bbox 2051 4743 3721 4820">
    <p class='ocr_par' dir='ltr' id='par_1_108' title="bbox 2051 4743 3721 4820">
     <span class='ocr_line' id='line_1_108' title="bbox 2051 4743 3721 4820; baseline -0.002 -17"><span class='ocrx_word' id='word_1_800' title='bbox 2051 4747 2286 4813; x_wconf 86' lang='lat' dir='ltr'><strong>subdat,</strong></span> <span class='ocrx_word' id='word_1_801' title='bbox 2315 4751 2488 4820; x_wconf 90' lang='lat' dir='ltr'><strong>atque</strong></span> <span class='ocrx_word' id='word_1_802' title='bbox 2511 4764 2720 4803; x_wconf 91' lang='lat' dir='ltr'><strong>aurum</strong></span> <span class='ocrx_word' id='word_1_803' title='bbox 2743 4745 2849 4804; x_wconf 89' lang='lat' dir='ltr'><strong>luti</strong></span> <span class='ocrx_word' id='word_1_804' title='bbox 2875 4763 3036 4804; x_wconf 91' lang='lat' dir='ltr'><strong>more</strong></span> <span class='ocrx_word' id='word_1_805' title='bbox 3057 4747 3372 4820; x_wconf 88' lang='lat' dir='ltr'><strong>subjiciat.</strong></span> <span class='ocrx_word' id='word_1_806' title='bbox 3397 4747 3528 4806; x_wconf 91' lang='lat' dir='ltr'><strong>Scit</strong></span> <span class='ocrx_word' id='word_1_807' title='bbox 3547 4743 3721 4804; x_wconf 85' lang='lat' dir='ltr'><strong>omni-</strong></span> 
     </span>
    </p>
   </div>
   <div class='ocr_carea' id='block_1_109' title="bbox 2051 4830 3718 4907">
    <p class='ocr_par' dir='ltr' id='par_1_109' title="bbox 2051 4830 3718 4907">
     <span class='ocr_line' id='line_1_109' title="bbox 2051 4830 3718 4907; baseline -0.004 -15"><span class='ocrx_word' id='word_1_808' title='bbox 2051 4838 2256 4907; x_wconf 90' lang='lat' dir='ltr'><strong>potens</strong></span> <span class='ocrx_word' id='word_1_809' title='bbox 2277 4835 2430 4893; x_wconf 90' lang='lat' dir='ltr'><strong>Deus</strong></span> <span class='ocrx_word' id='word_1_810' title='bbox 2450 4835 2523 4892; x_wconf 90' lang='lat' dir='ltr'><strong>ad</strong></span> <span class='ocrx_word' id='word_1_811' title='bbox 2545 4834 2860 4891; x_wconf 88' lang='lat' dir='ltr'><strong>electorum</strong></span> <span class='ocrx_word' id='word_1_812' title='bbox 2882 4853 3126 4894; x_wconf 89' lang='lat' dir='ltr'><strong>suorum</strong></span> <span class='ocrx_word' id='word_1_813' title='bbox 3149 4835 3450 4894; x_wconf 89' lang='lat' dir='ltr'><strong>solatium</strong></span> <span class='ocrx_word' id='word_1_814' title='bbox 3473 4837 3622 4892; x_wconf 88' lang='lat' dir='ltr'><strong>bene</strong></span> <span class='ocrx_word' id='word_1_815' title='bbox 3639 4830 3718 4888; x_wconf 90' lang='lat' dir='ltr'><strong>uti</strong></span> 
     </span>
    </p>
   </div>
   <div class='ocr_carea' id='block_1_110' title="bbox 2052 4918 3724 4998">
    <p class='ocr_par' dir='ltr' id='par_1_110' title="bbox 2052 4918 3724 4998">
     <span class='ocr_line' id='line_1_110' title="bbox 2052 4918 3724 4998; baseline -0.002 -18"><span class='ocrx_word' id='word_1_816' title='bbox 2052 4923 2206 4980; x_wconf 89' lang='lat' dir='ltr'><strong>malo</strong></span> <span class='ocrx_word' id='word_1_817' title='bbox 2225 4924 2941 4997; x_wconf 84' lang='lat' dir='ltr'><strong>reproborum,quandohi</strong></span> <span class='ocrx_word' id='word_1_818' title='bbox 2958 4923 3058 4997; x_wconf 93' lang='lat' dir='ltr'><strong>qui</strong></span> <span class='ocrx_word' id='word_1_819' title='bbox 3083 4925 3155 4980; x_wconf 89' lang='lat' dir='ltr'><strong>ad</strong></span> <span class='ocrx_word' id='word_1_820' title='bbox 3181 4923 3364 4982; x_wconf 89' lang='lat' dir='ltr'><strong>illum</strong></span> <span class='ocrx_word' id='word_1_821' title='bbox 3384 4918 3724 4998; x_wconf 84' lang='lat' dir='ltr'><strong>perventuri</strong></span> 
     </span>
    </p>
   </div>
   <div class='ocr_carea' id='block_1_111' title="bbox 2051 5009 3722 5086">
    <p class='ocr_par' dir='ltr' id='par_1_111' title="bbox 2051 5009 3722 5086">
     <span class='ocr_line' id='line_1_111' title="bbox 2051 5009 3722 5086; baseline -0.003 -16"><span class='ocrx_word' id='word_1_822' title='bbox 2051 5019 2209 5079; x_wconf 88' lang='lat' dir='ltr'><strong>sunt,</strong></span> <span class='ocrx_word' id='word_1_823' title='bbox 2243 5017 2300 5069; x_wconf 91' lang='lat' dir='ltr'><strong>et</strong></span> <span class='ocrx_word' id='word_1_824' title='bbox 2328 5013 2454 5070; x_wconf 88' lang='lat' dir='ltr'><strong>suis</strong></span> <span class='ocrx_word' id='word_1_825' title='bbox 2484 5014 2556 5070; x_wconf 89' lang='lat' dir='ltr'><strong>ad</strong></span> <span class='ocrx_word' id='word_1_826' title='bbox 2587 5029 2722 5069; x_wconf 93' lang='lat' dir='ltr'><strong>eum</strong></span> <span class='ocrx_word' id='word_1_827' title='bbox 2751 5012 2974 5070; x_wconf 88' lang='lat' dir='ltr'><strong>meritis</strong></span> <span class='ocrx_word' id='word_1_828' title='bbox 3004 5011 3354 5086; x_wconf 80' lang='lat' dir='ltr'><strong>proﬁciunt,</strong></span> <span class='ocrx_word' id='word_1_829' title='bbox 3391 5019 3455 5085; x_wconf 86' lang='lat' dir='ltr'><strong>et</strong></span> <span class='ocrx_word' id='word_1_830' title='bbox 3485 5028 3640 5085; x_wconf 62' lang='lat' dir='ltr'><strong>sape</strong></span> <span class='ocrx_word' id='word_1_831' title='bbox 3667 5009 3722 5066; x_wconf 87' lang='lat' dir='ltr'><strong>in</strong></span> 
     </span>
    </p>
   </div>
   <div class='ocr_carea' id='block_1_112' title="bbox 2051 5101 3726 5176">
    <p class='ocr_par' dir='ltr' id='par_1_112' title="bbox 2051 5101 3726 5176">
     <span class='ocr_line' id='line_1_112' title="bbox 2051 5101 3726 5176; baseline -0.002 -18"><span class='ocrx_word' id='word_1_832' title='bbox 2051 5118 2118 5158; x_wconf 91' lang='lat' dir='ltr'><strong>eo</strong></span> <span class='ocrx_word' id='word_1_833' title='bbox 2140 5103 2293 5175; x_wconf 89' lang='lat' dir='ltr'><strong>quod</strong></span> <span class='ocrx_word' id='word_1_834' title='bbox 2325 5103 2572 5174; x_wconf 88' lang='lat' dir='ltr'><strong>superbe</strong></span> <span class='ocrx_word' id='word_1_835' title='bbox 2605 5102 2843 5175; x_wconf 88' lang='lat' dir='ltr'><strong>sapiunt</strong></span> <span class='ocrx_word' id='word_1_836' title='bbox 2871 5101 3079 5159; x_wconf 90' lang='lat' dir='ltr'><strong>alienis</strong></span> <span class='ocrx_word' id='word_1_837' title='bbox 3108 5101 3394 5174; x_wconf 88' lang='lat' dir='ltr'><strong>lapsibus</strong></span> <span class='ocrx_word' id='word_1_838' title='bbox 3427 5101 3726 5176; x_wconf 87' lang='lat' dir='ltr'><strong>corrigun-</strong></span> 
     </span>
    </p>
   </div>
   <div class='ocr_carea' id='block_1_113' title="bbox 2050 5190 3726 5264">
    <p class='ocr_par' dir='ltr' id='par_1_113' title="bbox 2050 5190 3726 5264">
     <span class='ocr_line' id='line_1_113' title="bbox 2050 5190 3726 5264; baseline -0.001 -18"><span class='ocrx_word' id='word_1_839' title='bbox 2050 5195 2166 5247; x_wconf 93' lang='lat' dir='ltr'><strong>tur.</strong></span> <span class='ocrx_word' id='word_1_840' title='bbox 2203 5214 2230 5240; x_wconf 87' lang='grc'><strong>››</strong></span> <span class='ocrx_word' id='word_1_841' title='bbox 2255 5193 2327 5247; x_wconf 88' lang='lat' dir='ltr'><strong>Et</strong></span> <span class='ocrx_word' id='word_1_842' title='bbox 2354 5191 2494 5264; x_wconf 89' lang='lat' dir='ltr'><strong>quia</strong></span> <span class='ocrx_word' id='word_1_843' title='bbox 2536 5190 2798 5264; x_wconf 89' lang='lat' dir='ltr'><strong>reprobis</strong></span> <span class='ocrx_word' id='word_1_844' title='bbox 2836 5208 3027 5264; x_wconf 75' lang='lat' dir='ltr'><strong>poena,</strong></span> <span class='ocrx_word' id='word_1_845' title='bbox 3061 5190 3272 5250; x_wconf 91' lang='lat' dir='ltr'><strong>electis</strong></span> <span class='ocrx_word' id='word_1_846' title='bbox 3304 5198 3520 5249; x_wconf 87' lang='lat' dir='ltr'><strong>autem</strong></span> <span class='ocrx_word' id='word_1_847' title='bbox 3551 5209 3586 5247; x_wconf 87' lang='lat' dir='ltr'><strong>a</strong></span> <span class='ocrx_word' id='word_1_848' title='bbox 3615 5191 3726 5247; x_wconf 81' lang='lat' dir='ltr'><strong>Deo</strong></span> 
     </span>
    </p>
   </div>
   <div class='ocr_carea' id='block_1_114' title="bbox 2049 5279 3724 5354">
    <p class='ocr_par' dir='ltr' id='par_1_114' title="bbox 2049 5279 3724 5354">
     <span class='ocr_line' id='line_1_114' title="bbox 2049 5279 3724 5354; baseline -0.001 -19"><span class='ocrx_word' id='word_1_849' title='bbox 2049 5284 2264 5337; x_wconf 60' lang='lat' dir='ltr'><strong>reterns.</strong></span> <span class='ocrx_word' id='word_1_850' title='bbox 2292 5281 2409 5335; x_wconf 88' lang='lat' dir='ltr'><strong>vita</strong></span> <span class='ocrx_word' id='word_1_851' title='bbox 2449 5284 2538 5336; x_wconf 88' lang='lat' dir='ltr'><strong>est</strong></span> <span class='ocrx_word' id='word_1_852' title='bbox 2585 5284 2928 5352; x_wconf 66' lang='lat' dir='ltr'><strong>prmparata,</strong></span> <span class='ocrx_word' id='word_1_853' title='bbox 2960 5279 3135 5353; x_wconf 89' lang='lat' dir='ltr'><strong>paulo</strong></span> <span class='ocrx_word' id='word_1_854' title='bbox 3194 5285 3344 5352; x_wconf 90' lang='lat' dir='ltr'><strong>post</strong></span> <span class='ocrx_word' id='word_1_855' title='bbox 3404 5280 3724 5354; x_wconf 85' lang='lat' dir='ltr'><strong>sequilur:</strong></span> 
     </span>
    </p>
   </div>
   <div class='ocr_carea' id='block_1_115' title="bbox 2051 5367 3730 5442">
    <p class='ocr_par' dir='ltr' id='par_1_115' title="bbox 2051 5367 3730 5442">
     <span class='ocr_line' id='line_1_115' title="bbox 2051 5367 3730 5442; baseline -0.002 -18"><span class='ocrx_word' id='word_1_856' title='bbox 2051 5391 2078 5418; x_wconf 90' lang='grc'><em>‹‹</em></span> <span class='ocrx_word' id='word_1_857' title='bbox 2104 5368 2210 5424; x_wconf 85' lang='lat' dir='ltr'><strong>Per</strong></span> <span class='ocrx_word' id='word_1_858' title='bbox 2228 5369 2604 5440; x_wconf 87' lang='lat' dir='ltr'><strong>semetipsam</strong></span> <span class='ocrx_word' id='word_1_859' title='bbox 2641 5385 2892 5442; x_wconf 90' lang='lat' dir='ltr'><strong>namque</strong></span> <span class='ocrx_word' id='word_1_860' title='bbox 2922 5368 3154 5425; x_wconf 87' lang='lat' dir='ltr'><strong>Veritas</strong></span> <span class='ocrx_word' id='word_1_861' title='bbox 3175 5367 3333 5425; x_wconf 91' lang='lat' dir='ltr'><strong>dicit</strong></span> <span class='ocrx_word' id='word_1_862' title='bbox 3359 5387 3373 5424; x_wconf 94' lang='lat'><strong>:</strong></span> <span class='ocrx_word' id='word_1_863' title='bbox 3401 5370 3574 5426; x_wconf 82' lang='lat' dir='ltr'><strong>Ibunt</strong></span> <span class='ocrx_word' id='word_1_864' title='bbox 3591 5369 3653 5424; x_wconf 85' lang='lat' dir='ltr'><strong>hi</strong></span> <span class='ocrx_word' id='word_1_865' title='bbox 3673 5368 3730 5422; x_wconf 79' lang='lat' dir='ltr'><strong>in</strong></span> 
     </span>
    </p>
   </div>
   <div class='ocr_carea' id='block_1_116' title="bbox 2046 5458 3729 5530">
    <p class='ocr_par' dir='ltr' id='par_1_116' title="bbox 2046 5458 3729 5530">
     <span class='ocr_line' id='line_1_116' title="bbox 2046 5458 3729 5530; baseline -0.002 -17"><span class='ocrx_word' id='word_1_866' title='bbox 2046 5459 2380 5530; x_wconf 81' lang='lat' dir='ltr'><strong>supplicium</strong></span> <span class='ocrx_word' id='word_1_867' title='bbox 2408 5465 2697 5527; x_wconf 60' lang='lat' dir='ltr'><strong>aeternum,</strong></span> <span class='ocrx_word' id='word_1_868' title='bbox 2716 5458 2860 5530; x_wconf 91' lang='lat' dir='ltr'><strong>justi</strong></span> <span class='ocrx_word' id='word_1_869' title='bbox 2895 5466 3079 5514; x_wconf 86' lang='lat' dir='ltr'><strong>autem</strong></span> <span class='ocrx_word' id='word_1_870' title='bbox 3111 5459 3170 5513; x_wconf 85' lang='lat' dir='ltr'><strong>in</strong></span> <span class='ocrx_word' id='word_1_871' title='bbox 3218 5459 3406 5514; x_wconf 81' lang='lat' dir='ltr'><strong>vitam</strong></span> <span class='ocrx_word' id='word_1_872' title='bbox 3457 5465 3729 5517; x_wconf 67' lang='lat' dir='ltr'><strong>aeternam</strong></span> 
     </span>
    </p>
   </div>
   <div class='ocr_carea' id='block_1_117' title="bbox 2047 5545 3728 5619">
    <p class='ocr_par' dir='ltr' id='par_1_117' title="bbox 2047 5545 3728 5619">
     <span class='ocr_line' id='line_1_117' title="bbox 2047 5545 3728 5619; baseline -0.001 -17"><span class='ocrx_word' id='word_1_873' title='bbox 2047 5546 2254 5614; x_wconf 69' lang='lat' dir='ltr'><strong>(Matth.</strong></span> <span class='ocrx_word' id='word_1_874' title='bbox 2286 5545 2436 5616; x_wconf 83' lang='lat' dir='ltr'><strong>xxv).</strong></span> <span class='ocrx_word' id='word_1_875' title='bbox 2465 5568 2492 5594; x_wconf 87' lang='grc'><strong>››</strong></span> <span class='ocrx_word' id='word_1_876' title='bbox 2535 5546 2603 5600; x_wconf 84' lang='lat' dir='ltr'><strong>Et</strong></span> <span class='ocrx_word' id='word_1_877' title='bbox 2642 5545 2779 5602; x_wconf 90' lang='lat' dir='ltr'><strong>item</strong></span> <span class='ocrx_word' id='word_1_878' title='bbox 2802 5551 2936 5618; x_wconf 88' lang='lat' dir='ltr'><strong>post</strong></span> <span class='ocrx_word' id='word_1_879' title='bbox 2956 5563 3142 5618; x_wconf 89' lang='lat' dir='ltr'><strong>pauca</strong></span> <span class='ocrx_word' id='word_1_880' title='bbox 3163 5546 3316 5619; x_wconf 85' lang='lat' dir='ltr'><strong>(cap.</strong></span> <span class='ocrx_word' id='word_1_881' title='bbox 3347 5549 3446 5617; x_wconf 82' lang='grc'><strong>16)</strong></span> <span class='ocrx_word' id='word_1_882' title='bbox 3475 5547 3728 5618; x_wconf 85' lang='lat' dir='ltr'><strong>subjun-</strong></span> 
     </span>
    </p>
   </div>
   <div class='ocr_carea' id='block_1_118' title="bbox 2045 5633 3728 5720">
    <p class='ocr_par' dir='ltr' id='par_1_118' title="bbox 2045 5633 3728 5720">
     <span class='ocr_line' id='line_1_118' title="bbox 2045 5633 3728 5720; baseline -0.003 -29"><span class='ocrx_word' id='word_1_883' title='bbox 2045 5635 2168 5720; x_wconf 87' lang='lat' dir='ltr'><strong>git:</strong></span> <span class='ocrx_word' id='word_1_884' title='bbox 2195 5657 2223 5685; x_wconf 79' lang='grc' dir='ltr'><strong>(ι</strong></span> <span class='ocrx_word' id='word_1_885' title='bbox 2245 5637 2334 5702; x_wconf 87' lang='lat' dir='ltr'><strong>At,</strong></span> <span class='ocrx_word' id='word_1_886' title='bbox 2361 5633 2655 5706; x_wconf 90' lang='lat' dir='ltr'><strong>inquiunt,</strong></span> <span class='ocrx_word' id='word_1_887' title='bbox 2681 5634 2806 5691; x_wconf 90' lang='lat' dir='ltr'><strong>sine</strong></span> <span class='ocrx_word' id='word_1_888' title='bbox 2829 5636 2942 5692; x_wconf 79' lang='lat' dir='ltr'><strong>{ine</strong></span> <span class='ocrx_word' id='word_1_889' title='bbox 2967 5634 3158 5708; x_wconf 90' lang='lat' dir='ltr'><strong>puniri</strong></span> <span class='ocrx_word' id='word_1_890' title='bbox 3181 5651 3307 5692; x_wconf 87' lang='lat' dir='ltr'><strong>non</strong></span> <span class='ocrx_word' id='word_1_891' title='bbox 3334 5636 3524 5694; x_wconf 88' lang='lat' dir='ltr'><strong>debet</strong></span> <span class='ocrx_word' id='word_1_892' title='bbox 3555 5633 3728 5706; x_wconf 84' lang='lat' dir='ltr'><strong>culpa</strong></span> 
     </span>
    </p>
   </div>
  </div>
