3962 6178
271 388 375 449 43⁸7

980 387 1084 448 DE
1126 386 1892 449 PBzEDESTINA'l‘lONE
1936 388 2452 451 DISSER'I‘ATIO
2494 388 2959 452 POSTERIOR.

3553 388 3674 454 438

270 537 394 577 cum
428 520 565 577 fine.
599 520 807 577 Justus
836 519 1117 576 nimirum
1148 525 1239 576 est
1268 520 1639 594 omnipotens
1667 520 1916 590 Deus,et
1942 524 1998 591 Α
2030 519 2110 577 tia
2157 520 2439 593 condidit,
2489 521 2725 594 justitia
2780 521 3097 592 damnavit,
3148 524 3333 598 gratia
3388 523 3673 583 liberavit.

269 611 410 684 quod
442 627 561 665 non
593 614 808 667 mterno
850 614 1085 683 peccato
1125 610 1510 666 commissum
1558 614 1664 679 est,
1698 615 1914 667 interno

267 717 371 756 non
402 700 579 755 debet
609 699 809 773 puniri
835 700 1383 766 tormento.Quibus
1405 700 1581 755 citius
1604 701 1912 772 responde-

265 807 410 859 mus,
443 790 602 861 quod
657 794 810 845 recte
859 790 1140 856 dicerent,
1175 788 1221 845 si
1264 791 1466 861 justus
1503 791 1687 863 judex
1716 789 1912 845 distri-

263 884 503 951 ctusque
561 878 824 947 veniens,
859 896 971 935 non
1021 880 1197 934 corda
1240 878 1571 946 hominum,
1606 880 1707 935 sed
1760 879 1915 935 facta

264 970 407 1026 818
440 974 738 1040 pensaret.
773 966 965 1040 Iniqui
996 967 1149 1023 enim
1174 967 1303 1023 ideo
1336 986 1469 1023 cum
1502 970 1617 1024 fine
1660 968 1915 1041 delique-

264 1062 407 1125 runt,
425 1057 569 1131 quia
588 1073 723 1112 cum
746 1058 862 1112 fine
890 1056 1175 1112 vixerunt.
1192 1056 1531 1113 Voluissent
1552 1057 1768 1131 quippe
1789 1057 1913 1113 sine

262 1149 365 1204 ﬁne
394 1146 607 1215 vivere,
641 1150 709 1203 ut
738 1146 863 1202 sine
894 1147 1008 1201 fine
1040 1147 1371 1218 potuissent
1410 1147 1469 1202 in
1499 1146 1914 1219 iniquitatibus

263 1253 619 1310 permanere.
652 1235 801 1291 Nam
834 1234 1022 1308 magis
1052 1240 1336 1307 appetunt
1366 1253 1604 1309 peccare
1627 1254 1803 1309 quam
1830 1236 1913 1292 vi-

260 1330 464 1395 vere,et
486 1325 617 1380 ideo
636 1324 735 1381 hic
756 1340 989 1397 semper
1015 1325 1204 1380 vivere
1234 1325 1500 1397 cupiunt,
1526 1329 1589 1381 ut
1610 1342 1913 1398 nunquam

262 1414 529 1471 desinant
551 1430 794 1487 peccare
816 1429 949 1469 cum
970 1413 1191 1469 vivunt.
1206 1413 1288 1469 Ad
1307 1414 1555 1469 districti
1579 1431 1716 1487 ergo
1730 1415 1913 1487 justi-

259 1506 390 1562 tiam
406 1506 433 1577 j
446 1503 640 1559 udicis
664 1502 1005 1576 pertinet,ut
1020 1519 1323 1575 nunquam
1346 1508 1583 1559 careant
1603 1504 1911 1577 supplicio,

260 1610 504 1667 quorum
544 1608 715 1648 mens
749 1593 808 1646 in
840 1591 948 1647 hac
977 1591 1094 1647 vita
1143 1609 1446 1665 nunquam
1491 1592 1675 1648 voluit
1719 1610 1914 1649 carere

261 1688 511 1757 peccato,
551 1686 611 1738 et
640 1681 843 1737 nullus
868 1682 1039 1737 detur
1066 1680 1268 1753 iniquo
1319 1682 1606 1737 terminus
1650 1680 1910 1743 ultionis,

262 1773 348 1846 qui
377 1771 654 1846 quandiu
688 1769 874 1826 valuit
893 1770 1108 1827 habere
1140 1770 1327 1827 noluit
1356 1770 1675 1828 terminum
1723 1770 1915 1826 crimi‘

258 1880 356 1919 ms.
392 1886 423 1913 ›ι

316 1952 605 2018 Quoniam
640 1951 876 2025 quidem
901 1949 1380 2007 adinventionum
1412 1951 1484 2006 de
1527 1949 1902 2023 praedestina-

257 2042 401 2097 tione
432 2041 854 2107 resufllatores,
870 2041 1029 2112 pravi
1053 2056 1264 2096 sensus
1288 2040 1615 2112 scalpentes
1638 2040 1899 2105 auribus,

252 2129 444 2204 lingua
474 2131 777 2204 pruriente
799 2147 905 2185 nos
936 2130 1142 2185 dicunt
1160 2130 1253 2185 Dei
1277 2129 1620 2185 mutabilem
1642 2128 1901 2184 volunta-

254 2223 376 2288 tem,
394 2236 734 2292 novumque
762 2220 890 2291 ejus
912 2218 1225 2292 praedicare
1246 2217 1578 2286 consilium,
1594 2217 1644 2274 si
1664 2220 1904 2274 damnet

253 2325 386 2381 quos
420 2313 559 2364 ante
591 2307 804 2365 saecula
834 2309 906 2363 ad
942 2312 1189 2364 mortem
1221 2312 1278 2363 et
1309 2308 1747 2364 damnationem
1798 2325 1897 2363 ne-

254 2414 542 2471 quaquam
596 2397 1050 2471 praedestinavit,
1083 2398 1395 2470 accipiant,
1429 2398 1645 2471 legant,
1691 2402 1748 2454 et
1795 2414 1898 2453 au-

250 2487 407 2542 diant
437 2491 620 2560 atque
650 2486 1000 2561 intelligant,
1033 2504 1141 2543 nos
1188 2486 1607 2543 catholicorum
1660 2488 1897 2543 Patrum

254 2577 407 2649 sequi
433 2576 861 2644 doctrinam,et
890 2576 1079 2632 dicere
1107 2576 1260 2632 sicut
1283 2576 1678 2648 praediximus,
1704 2581 1761 2632 et
1791 2578 1898 2632 ad-

253 2665 357 2721 huc
378 2666 597 2721 iterare
621 2683 736 2721 non
760 2666 938 2738 piget,
956 2665 1093 2737 quia
1111 2665 1329 2721 multos
1351 2666 1505 2721 Deus
1525 2665 1713 2739 gratia
1753 2682 1896 2737 pra;-

252 2754 556 2810 destinavit
568 2755 638 2809 ad
655 2754 1220 2827 gloriam,neminem
1237 2759 1429 2809 autem
1445 2754 1895 2827 praedestinavit,

251 2844 340 2899 sed
361 2843 628 2899 deseruit
641 2843 802 2915 juste
824 2843 895 2899 ad
921 2843 1358 2899 damnationem
1377 2848 1433 2899 et
1463 2860 1717 2915 pcenam.
1742 2846 1897 2909 Quos

249 2936 437 2987 autem
460 2936 595 2987 ante
631 2930 844 2987 saecula
874 2931 1179 3004 prascivit,
1206 2949 1319 2987 non
1360 2931 1810 3004 praedestinavit,
1836 2931 1895 2987 in

248 3018 540 3093 impietate
561 3024 619 3076 et
640 3019 947 3093 iniquitate
968 3020 1897 3093 perseveraturos,przedestinavit

240 3113 305 3163 ut
330 3126 396 3164 ex
416 3109 669 3181 justitize
702 3110 1082 3166 retributione
1111 3111 1488 3179 damnentur,
1520 3116 1577 3166 et
1598 3111 1893 3182 judicium

241 3214 391 3270 aque
424 3198 863 3271 praedestinavit
883 3215 999 3271 quo
1022 3198 1357 3270 justissime
1382 3200 1890 3272 puniantur,sicut

243 3287 608 3358 apertissime
629 3287 885 3344 ostendit
906 3293 1145 3343 sanctus
1156 3288 1520 3359 Augustinus
1533 3288 1591 3343 in
1607 3287 1891 3361 principio

240 3374 533 3449 Evangelii
582 3376 828 3432 Joannis
862 3394 875 3432 :
912 3398 940 3426 «
974 3378 1231 3443 Factam,
1264 3377 1477 3448 inquit,
1522 3378 1579 3432 in
1633 3382 1892 3450 tempore

238 3462 443 3520 Creatu
456 3465 707 3531 ram,sed
732 3465 791 3520 in
810 3470 1023 3521 aeterna
1034 3465 1320 3522 Creatoris
1338 3466 1624 3539 sapientia
1656 3467 1891 3538 quando

238 3556 290 3607 et
316 3553 517 3626 qualis
537 3558 834 3610 crearetur
851 3571 1081 3627 semper
1110 3554 1290 3610 fuisse
1304 3554 1686 3626 dispositum;
1710 3560 1767 3611 et
1782 3555 1891 3611 hoc

235 3647 319 3697 est
345 3643 510 3716 quod
544 3642 625 3699 ait
648 3659 663 3698 :
688 3643 847 3717 Quod
875 3645 1080 3715 factum
1096 3652 1177 3699 est
1204 3646 1264 3699 in
1296 3646 1413 3715 ipso
1434 3647 1544 3701 vita
1562 3653 1696 3709 erat,
1721 3644 1778 3699 id
1802 3649 1892 3701 est

236 3732 382 3802 quod
404 3733 635 3787 factum
660 3733 717 3787 in
744 3737 1025 3804 tempore,
1049 3732 1168 3788 sive
1188 3732 1384 3788 vivum
1407 3734 1525 3789 sive
1545 3734 1664 3789 vita
1684 3750 1889 3789 carens

233 3821 525 3892 apparuit,
541 3837 714 3877 omne
731 3821 841 3876 hoc
862 3822 921 3876 in
945 3820 1193 3893 spiritali
1217 3822 1453 3877 factoris
1474 3822 1699 3878 ratione
1720 3822 1889 3895 quasi

233 3924 466 3981 semper
492 3910 713 3965 vixerat
759 3915 817 3964 et
858 3910 996 3965 vivit
1028 3928 1040 3967 :
1076 3927 1192 3965 non
1224 3910 1363 3982 quia
1409 3917 1759 3967 coaeternum
1799 3915 1890 3968 est

230 3995 484 4053 Creatori
504 4000 659 4071 quod
691 3999 923 4066 creavit,
941 3999 1040 4055 sed
1064 3999 1202 4071 quia
1225 4004 1508 4055 coaaterna
1528 4004 1615 4055 est
1637 4000 1719 4055 illi
1743 4000 1887 4057 ratio

230 4085 551 4144 voluntatis
581 4104 724 4156 sum,
748 4086 807 4143 in
842 4105 958 4159 qua
986 4088 1057 4143 ab
1108 4093 1318 4144 aeterno
1368 4088 1575 4144 habuit
1618 4094 1674 4145 et
1711 4090 1888 4147 habet

230 4174 365 4245 quid
397 4179 458 4231 et
492 4176 729 4247 quando
761 4179 1004 4243 crearet,
1040 4175 1289 4248 qualiter
1317 4182 1576 4233 creatum
1603 4180 1889 4250 gubernet

229 4266 293 4316 ut
313 4269 578 4331 maneat,
601 4264 675 4319 ad
707 4280 883 4335 quem
914 4264 1091 4319 finem
1117 4264 1353 4337 singula
1372 4283 1499 4338 quae
1530 4266 1744 4322 creavit
1764 4283 1889 4339 per-

228 4350 461 4407 ducat.»
484 4354 555 4407 Et
588 4357 832 4408 sanctus
850 4353 1163 4426 Gregorius
1192 4353 1251 4408 in
1282 4353 1431 4410 libro
1453 4354 1760 4411 Moralium
1777 4374 1888 4413 xxv

227 4444 363 4512 (cap.
387 4445 449 4509 7)
477 4441 619 4497 dicit
643 4459 656 4496 :
684 4465 712 4490 ‹‹
736 4442 977 4498 Cunctis
1008 4442 1192 4515 liquet
1214 4445 1367 4516 quod
1399 4444 1459 4499 in
1490 4444 1591 4499 illa
1628 4449 1887 4502 extrema

226 4530 607 4602 requisitione
627 4546 870 4586 examen
893 4530 1195 4602 publicum
1219 4532 1481 4589 facturus
1502 4538 1592 4589 est
1613 4535 1771 4590 omni
1780 4552 1885 4607 po-

221 4619 562 4707 tensDeus,
599 4623 665 4674 ut
695 4618 842 4675 alios
887 4620 958 4675 ad
1005 4623 1295 4677 tormenta
1342 4623 1590 4689 deserat,
1623 4623 1769 4680 alios
1809 4626 1882 4681 ad
1914 4642 1961 4707 D

221 4706 738 4780 participationem
760 4707 922 4780 regni
956 4706 1207 4766 caelestis
1236 4711 1527 4767 admittat.
1552 4713 1662 4768 Sed
1696 4716 1752 4768 et
1773 4712 1882 4768 hoc

219 4811 375 4851 nunc
409 4802 636 4853 secreto
659 4796 885 4868 judicio
911 4798 1171 4869 quotidie
1201 4800 1413 4873 agitur,
1444 4802 1596 4872 quod
1632 4806 1772 4857 tunc
1822 4800 1882 4857 in

220 4883 457 4954 publico
480 4886 999 4941 demonstrabitur.
1014 4887 1161 4942 Nam
1176 4890 1337 4960 juste
1358 4894 1415 4945 et
1433 4890 1886 4949 misericorditer

219 4971 596 5046 singulorum
619 4974 799 5029 corda
817 4974 902 5030 vel
925 4976 1266 5032 examinans
1281 4978 1369 5033 vel
1392 4979 1882 5051 disponens,alios

218 5059 277 5114 in
306 5061 608 5118 exteriora
636 5064 881 5135 respuit,
901 5064 1047 5121 alios
1075 5066 1146 5122 ad
1179 5084 1244 5123 ea
1277 5085 1405 5140 quae
1437 5075 1576 5125 sunt
1605 5071 1882 5127 intrinse-

216 5166 318 5205 cus
344 5150 556 5219 trahit,
582 5152 691 5208 hos
723 5153 990 5209 accendit
1017 5154 1249 5212 interna
1302 5162 1592 5230 appetere,
1616 5158 1749 5217 illos
1778 5177 1883 5233 pro

213 5237 627 5311 voluptatibus
651 5239 776 5296 suis
808 5241 1022 5298 deserit
1063 5245 1347 5302 exteriora
1370 5247 1640 5321 cogitare.
1678 5271 1706 5298 »
1738 5249 1881 5305 Item

212 5332 464 5384 sanctus
488 5329 857 5402 Augustinus
883 5331 941 5386 in
966 5330 1112 5389 libro
1134 5334 1204 5389 de
1226 5334 1737 5392 Praadestinatione
1759 5354 1886 5410 gra-

211 5414 305 5469 tize
327 5420 481 5488 (cap.
520 5416 595 5488 5),
619 5418 689 5472 ad
724 5417 916 5474 locum
949 5420 1088 5476 dicit
1123 5440 1136 5477 :
1174 5423 1311 5491 Quos
1343 5433 1521 5480 autem
1528 5426 1886 5496 praedestina-

213 5507 290 5561 vi!
320 5506 457 5562 illos
488 5513 546 5561 et
572 5510 804 5575 vocavit,
835 5517 885 5564 et
916 5526 1044 5581 quos
1074 5514 1282 5569 vocavit
1310 5514 1433 5569 illos
1474 5522 1527 5570 et
1562 5517 1888 5587 justiﬁcavit

214 5595 394 5663 (Rom,
430 5597 586 5663 VIII).
612 5619 637 5644 α
665 5595 793 5667 Ipse
821 5598 975 5654 enim
1008 5594 1170 5656 dedit
1199 5606 1265 5656 ut
1296 5601 1643 5676 simus,ipse
1665 5609 1729 5660 ut
1748 5605 1883 5661 boni

215 5698 344 5741 esse
378 5683 714 5757 possimus.
740 5685 1031 5745 Praescivit
1060 5707 1166 5747 nos
1197 5691 1325 5762 ejus
1355 5692 1887 5767 divinitas,sapien-

1936 1902 1984 1968 B

2024 610 2283 667 Mundus
2315 610 2780 684 enim,quamvis
2811 628 2914 683 pro
2941 616 3201 685 tempore
3229 630 3297 669 ex
3326 632 3442 687 quo
3488 616 3678 672 factus

2025 705 2115 756 est
2147 700 2402 773 cceperit,
2429 700 2488 754 in
2538 700 2639 756 illa
2688 700 2883 755 divina
2911 700 3275 772 prmscientia
3311 701 3440 758 luce
3469 704 3679 760 facien-

2024 788 2136 843 dus
2158 787 2387 844 nullum
2414 789 2605 861 potuit
2624 789 2839 844 habere
2859 788 3213 862 principium
3234 793 3318 845 :et
3334 792 3678 861 quanticun-

2026 894 2139 949 que
2168 876 2254 933 vel
2288 895 2355 933 ex
2374 879 2558 933 Adam
2593 895 2780 951 usque
2803 878 2859 933 in
2893 877 3241 933 hodiernum
3264 877 3534 935 homines
3554 880 3674 934 nati

2025 971 2185 1037 sunt,
2216 966 2301 1022 vel
2335 972 2469 1039 post
2498 970 2653 1023 374
2691 970 2920 1023 aetatem
2972 970 3233 1023 nostram
3283 967 3677 1039 generationis

2025 1060 2166 1111 sunt
2195 1056 2514 1129 propagine
2546 1056 2848 1125 nascituri,
2882 1057 3035 1128 apud
3067 1057 3250 1111 Deum
3299 1060 3357 1111 et
3394 1056 3521 1128 jam
3554 1056 3676 1113 nati

2024 1151 2182 1212 sunt,
2204 1149 2261 1201 et
2288 1146 2532 1202 decurso
2559 1147 2741 1201 totius
2761 1146 2889 1199 vita:
2910 1150 3171 1219 tempore
3210 1146 3591 1212 transierunt,
3615 1146 3675 1202 in

2023 1234 2123 1291 illo
2142 1234 2526 1290 nihilominus
2544 1234 2723 1289 divini
2739 1235 2979 1290 obtutus
2998 1234 3219 1291 lumine
3242 1240 3672 1307 permanentes.

2024 1326 2177 1381 Deus
2215 1324 2393 1393 enim,
2427 1325 2525 1397 qui
2575 1341 2678 1380 nec
2727 1324 2852 1380 loco
2907 1323 3223 1393 clauditur,
3254 1342 3359 1380 nec
3417 1328 3676 1397 tempore

2025 1413 2394 1487 prmvenitur,
2423 1413 2686 1471 omnium
2714 1431 2910 1472 rerum
2934 1418 3054 1469 tam
3097 1414 3519 1486 praeteritarum
3551 1431 3673 1470 me-

2024 1504 2426 1576 moria,quam
2449 1504 2884 1560 imminentium
2908 1502 3153 1559 scientia
3182 1502 3392 1576 plenus
3421 1508 3543 1560 est:
3568 1520 3674 1559 nec

2024 1592 2407 1649 reminiscens
2455 1591 2706 1648 volvitur
2754 1593 2813 1647 in
2864 1592 3243 1665 prmteritum,
3278 1609 3384 1647 nec
3429 1609 3673 1665 sperans

1996 1682 2285 1737 tenditur
2313 1684 2371 1737 in
2405 1684 2693 1738 futurum.
2718 1683 2787 1738 Et
2812 1699 3175 1754 qumcunque
3224 1680 3462 1737 omnino
3512 1685 3670 1747 sunt,

2023 1788 2150 1843 quae
2179 1775 2509 1843 temporum
2541 1770 2799 1826 motibus
2849 1770 3146 1844 agitantur
3192 1770 3264 1825 ab
3289 1786 3355 1826 eo
3387 1768 3671 1843 principio

2021 1859 2082 1915 in
2113 1877 2228 1933 quo
2259 1864 2383 1916 erat
2409 1860 2686 1927 Verbum,
2722 1864 2779 1915 et
2801 1859 3059 1915 Verbum
3107 1864 3231 1915 erat
3276 1859 3431 1932 apud
3483 1858 3666 1914 Deum

2017 1953 2075 2004 et
2103 1950 2258 2005 Deus
2274 1953 2400 2005 erat
2420 1949 2901 2019 Verbum,usque
2921 1947 2981 2003 in
3006 1949 3179 2004 ﬁnem
3208 1948 3473 2003 omnium
3494 1964 3667 2002 saecu-

2015 2037 2326 2095 lorum.De
2355 2056 2471 2111 quo
2493 2039 2608 2093 ﬁne
2631 2053 2763 2093 cum
2811 2037 3027 2093 diceret
3055 2038 3262 2093 beatus
3294 2038 3541 2109 Moyses,
3573 2037 3672 2091 Do-

2011 2130 2183 2195 mine,
2217 2128 2429 2201 inquit,
2452 2129 2547 2200 qui
2576 2144 2770 2199 regnas
2804 2129 2862 2182 in
2891 2128 3158 2184 arculum
3195 2134 3247 2182 et
3290 2126 3575 2183 saeculum.
3599 2125 3669 2179 Et

2012 2218 2202 2273 adhuc
2224 2234 2329 2273 nec
2359 2221 2672 2289 sperantur
2703 2216 2918 2283 futura,
2943 2233 3048 2271 nec
3090 2215 3385 2287 praeterita
3426 2212 3666 2269 transie-

2011 2312 2169 2375 runt,
2202 2308 2303 2363 sed
2338 2307 2395 2362 in
2426 2305 2738 2378 praesentia
2765 2304 3084 2360 divinitatis
3134 2303 3403 2376 praesenti
3437 2307 3669 2375 semper
3760 2364 3763 2365 ν

2009 2396 2139 2451 luce
2156 2400 2494 2451 cernuntur.
2512 2396 2596 2450 Ab
2615 2393 2716 2450 illo
2739 2410 2875 2466 ergo
2897 2394 2995 2465 qui
3020 2397 3271 2449 aeternus
3295 2396 3351 2447 et
3366 2391 3667 2465 praescius,

2008 2485 2107 2558 qui
2134 2490 2192 2540 et
2213 2486 2418 2556 justus
2441 2488 2497 2540 et
2528 2484 2660 2556 pius
2691 2489 2798 2550 est,
2816 2484 2913 2555 qui
2938 2488 2996 2537 et
3020 2482 3203 2539 exerit
3223 2481 3481 2537 debitam
3506 2498 3665 2536 seve-

2011 2575 2340 2643 ritatem,et
2368 2572 2602 2628 exhibet
2632 2572 2951 2627 indebitam
2986 2572 3282 2644 pietatem,
3315 2575 3372 2626 et
3403 2569 3579 2625 hahct
3606 2569 3665 2624 in

2010 2661 2274 2718 creandis
2305 2666 2480 2734 atque
2506 2660 2790 2734 eligendis
2839 2660 3201 2731 hominibus,
3235 2659 3389 2716 sicut
3437 2658 3494 2713 in
3537 2657 3662 2713 luto

2006 2751 2243 2824 ﬁgulus,
2278 2753 2645 2823 potestatem,
2682 2750 2834 2804 facta
2865 2754 3003 2804 sunt
3032 2748 3147 2804 alia
3177 2749 3413 2821 quidem
3442 2764 3581 2803 vasa
3601 2745 3661 2803 in

2005 2840 2306 2907 honorem,
2340 2838 2455 2895 alia
2483 2856 2615 2895 vero
2645 2839 2705 2893 in
2736 2837 3171 2894 contumeliam.
3196 2840 3521 2908 Antequam
3575 2836 3657 2892 fa-

2005 2933 2159 2985 ceret
2190 2946 2295 2983 nos
2328 2927 2616 3000 prmscivit
2662 2944 2787 2995 nos,
2803 2931 2860 2982 et
2888 2926 2945 2980 in
2979 2926 3109 2998 ipsa
3138 2943 3244 2981 nos
3292 2924 3661 2997 prmseientia

2005 3034 2139 3074 cum
2187 3017 2448 3072 nondum
2498 3015 2732 3071 fecisset
2782 3014 2975 3089 elegit.
3008 3015 3119 3070 Sed
3170 3032 3203 3069 a
3247 3030 3361 3085 quo
3393 3013 3501 3069 hoc
3532 3012 3658 3069 ﬁeri

2004 3103 2211 3177 potuit,
2246 3103 2359 3159 nisi
2391 3103 2463 3159 ab
2484 3120 2549 3158 eo
2582 3102 2681 3174 qui
2712 3106 2876 3158 vocat
2917 3120 2984 3157 ea
3029 3119 3154 3174 quae
3201 3118 3317 3157 non
3367 3105 3507 3157 sunt
3536 3104 3660 3156 tan-

2002 3211 2181 3267 quam
2212 3210 2280 3249 ea
2310 3211 2437 3266 quae
2463 3193 2640 3249 sunt?
2657 3192 2970 3265 Apostblus
2991 3192 3148 3247 enim
3171 3190 3312 3247 dicit
3336 3208 3349 3246 :
3377 3191 3482 3259 Qui
3500 3192 3665 3263 elegit

1923 3274 1966 3340 C
2003 3299 2102 3338 nos
2131 3290 2256 3338 ante
2283 3281 2480 3338 mundi
2507 3282 2941 3336 constitutionem
2971 3282 3143 3351 (Rom.
3168 3297 3254 3347 iv;
3291 3279 3426 3352 Eph.
3458 3294 3543 3347 m,
3579 3280 3652 3352 1).

2002 3372 2159 3427 Intra
2192 3372 2481 3426 mundum
2514 3369 2650 3425 facti
2683 3373 2984 3439 sumus,et
3014 3372 3149 3423 ante
3165 3368 3455 3423 mundum
3486 3366 3653 3425 electi

2002 3461 2433 3530 sumus.Atque
2453 3458 2535 3512 ita
2556 3473 2672 3511 uno
2696 3457 3036 3529 eodemque,
3052 3472 3158 3511 nec
3179 3459 3520 3513 transeunte
3549 3472 3654 3513 nec

2002 3548 2220 3614 futuro,
2248 3547 2350 3601 sed
2376 3545 2652 3601 continuo
2672 3549 2951 3617 tempore,
2971 3545 3056 3600 vel
3089 3545 3140 3600 si
3166 3562 3282 3617 quo
3316 3545 3430 3601 alio
3479 3548 3652 3603 modo

2001 3636 2113 3690 dici
2148 3640 2358 3707 potest,
2376 3635 2423 3689 si
2458 3638 2653 3689 tamen
2683 3638 2892 3706 potest,
2911 3634 3063 3706 apud
3088 3634 3272 3689 Deum
3298 3638 3387 3689 est
3420 3639 3478 3689 et
3508 3652 3651 3707 pra:-

2000 3724 2168 3792 scire,
2198 3728 2256 3777 et
2285 3714 2491 3789 facere,
2525 3727 2581 3778 et
2627 3722 2859 3795 eligere.
2891 3723 2961 3777 Et
3008 3722 3372 3795 praascientia
3419 3740 3526 3779 sua
3557 3723 3651 3779 in-

1998 3810 2495 3867 commutabiliter
2508 3810 3167 3884 permanente,elegerat
3187 3811 3481 3868 faciendos
3502 3829 3651 3884 quos

1999 3900 2260 3955 facturus
2284 3900 2470 3955 fuerat
2490 3899 2809 3973 eligendos.
2830 3922 2855 3948 ››
2885 3901 2954 3954 Et
2986 3900 3230 3973 Prosper
3258 3900 3317 3955 in
3348 3899 3495 3956 libro
3516 3901 3647 3973 Epi-

1996 3992 2392 4061 grammatum
2429 3991 2713 4060 (epigram.
2746 3990 2857 4060 58),
2877 3989 2949 4043 De
2971 3990 3319 4060 intemperati
3336 4006 3495 4062 opere
3512 3990 3647 4046 Dei:

1999 4077 2150 4132 Ordo
2180 4080 2511 4149 temporum
2544 4077 2603 4132 in
2634 4081 2850 4132 aeterna
2888 4077 2986 4132 Dei
3021 4078 3308 4149 sapientia
3337 4078 3462 4133 sine
3501 4082 3648 4133 tem-

1996 4183 2134 4238 pore
2156 4170 2264 4233 est,
2288 4183 2394 4221 nec
2425 4166 2624 4238 aliqua
2653 4170 2793 4221 sunt
2821 4167 2975 4238 apud
3006 4165 3176 4221 illum
3208 4168 3491 4239 nova,qui
3514 4167 3650 4223 fecit

1996 4273 2124 4328 qua:
2157 4255 2356 4311 futura
2386 4259 2544 4310 sunt.

2058 4360 2267 4411 Artiﬁce
2296 4360 2350 4409 in
2377 4373 2585 4409 summo
2610 4360 2725 4409 sine
2755 4363 2993 4422 tempore
3015 4360 3272 4422 temporis
3292 4360 3422 4410 ordo
3452 4364 3549 4421 est,

2119 4423 2286 4486 Inque
2315 4424 2422 4472 Deo
2451 4435 2629 4471 rerum
2660 4436 2782 4486 non
2800 4422 2974 4471 variat
3000 4422 3181 4486 series.

2054 4484 2268 4537 Eterno
2298 4486 2503 4534 auctori
2534 4485 2691 4533 simul
2721 4484 2918 4533 adsunt
2944 4484 3127 4547 omnia
3154 4498 3383 4547 semper,

2117 4548 2243 4597 Cum
2270 4561 2375 4610 quo
2407 4547 2461 4595 in
2493 4547 2753 4596 factorum
2786 4551 2864 4596 est
2892 4546 3080 4596 ordine
3110 4546 3368 4610 quidquid
3399 4547 3518 4596 erit.

2540 4660 2763 4699 FPILOGI
2804 4661 2983 4700 CAPUT
3021 4662 3099 4701 IV.

1995 4731 2225 4795 Qualiter
2260 4702 2507 4781 catholica
2554 4731 2778 4852 Ecclesia
2826 4732 2892 4853 de;
2928 4734 3106 4798 gratia
3133 4737 3182 4784 et
3224 4733 3385 4784 libero
3426 4734 3646 4785 arbitrio

2746 4818 2868 4853 mea
2898 4841 2909 4853 .

2746 4818 2892 4853 meat
2898 4841 2909 4853 .

2065 4886 2315 4940 Sanctus
2347 4884 2723 4939 Innocentius
2763 4883 2822 4939 in
2875 4885 3123 4958 epistola
3153 4887 3224 4943 ad
3255 4887 3555 4944 Aurelium
3587 4891 3645 4943 et

1991 4972 2446 5045 Carthaginense
2477 4972 2824 5042 Concilium,
2859 4975 3117 5048 itemque
3148 4982 3387 5033 sanctus
3426 4977 3643 5033 Cwles-

1992 5062 2155 5118 tinus
2185 5063 2257 5117 ad
2304 5062 2617 5117 Venerium
2665 5067 2722 5117 et
2771 5068 3009 5119 czeteros
3057 5064 3382 5121 Gallicanos
3419 5064 3640 5136 episco-

1992 5169 2097 5224 pos
2115 5152 2413 5221 (Innocent.
2447 5168 2530 5224 ep.
2555 5152 2652 5209 31:
2688 5152 2891 5210 Ccelest.
2926 5171 3007 5226 ep.
3040 5157 3135 5223 8):
3167 5178 3194 5203 ‹‹
3229 5153 3501 5209 Liberum
3547 5170 3640 5209 ar-

1991 5241 2234 5297 bitrium
2267 5241 2404 5296 olim
2436 5258 2584 5309 esse,
2617 5242 2675 5298 id
2707 5248 2797 5298 est
2825 5243 3053 5315 primus
3084 5244 3256 5299 homo
3304 5259 3636 5314 perpessus,

1992 5333 2135 5387 dum
2190 5330 2316 5387 suis
2370 5329 2760 5387 inconsultius
2819 5333 3003 5387 utitur
3059 5330 3247 5397 bonis,
3307 5330 3521 5386 cadens
3578 5330 3679 5387 in:

1993 5420 2484 5494 praevaricationis
2534 5421 2824 5491 profunda
2881 5421 3184 5474 demersus
3243 5423 3350 5485 est,
3384 5423 3443 5475 et
3491 5418 3636 5476 nihil

1994 5510 2493 5582 quemadmodum
2553 5510 2759 5564 exinde
2830 5524 3068 5580 surgere
3131 5512 3330 5580 posset
3394 5509 3635 5577 invenit,

1994 5618 2218 5673 suaque
2283 5600 2340 5653 in
2417 5603 2694 5654 aeternum
2758 5596 3023 5652 libertate
3097 5598 3397 5670 deceptus,
3456 5597 3636 5671 hujus

1970 5690 2176 5747 ’ruinae
2205 5688 2473 5745 latuisset
2501 5702 2837 5758 oppressus,
2873 5684 2984 5741 nisi
3015 5703 3150 5743 eum
3191 5692 3395 5760 postea
3421 5687 3633 5747 Christi
