3962 6178
341 359 464 428 439

1272 359 1660 423 HINCMAPJ
1702 357 2150 422 RHEMENSIS
2192 357 2818 424 ARCHIEPISGOPI.

3591 365 3694 428 440

341 495 494 556 ³75
531 513 635 570 pro
674 513 782 554 sua
831 494 1020 569 gratia
1064 493 1380 549 relevasset
1424 493 1742 560 adventus;
1767 491 1866 566 qui
1897 508 2002 565 per
2027 491 2291 560 A‘minis
2322 491 2477 549 mala
2498 493 2653 550 8'18
2675 492 2949 567 cogitatio
2973 507 3089 549 non
3113 495 3296 566 potest
3320 493 3702 568 inperpetuum

339 603 498 643 nova:
532 582 984 660 regenerationis
1032 581 1494 654 puriﬁcationem
1546 598 1719 638 omne
1760 586 1993 654 praeter-

341 675 490 732 itum
505 673 710 730 vitium
735 671 822 728 sui
848 669 1218 743 baptismatis
1241 670 1468 726 lavacro
1485 670 1770 743 purgavit,
1793 673 1848 725 et
1871 670 1998 741 ejus

346 765 588 818 ﬁrmans
621 766 862 827 statum,
897 777 1010 832 quo
1039 759 1254 816 rectius
1293 758 1682 832 stabiliusque
1731 760 2000 832 procede-

346 855 452 918 ret,
466 855 662 906 tamen
695 865 862 906 suam
896 848 1226 922 gratiamin
1251 853 1547 921 posterum
1590 865 1704 904 non
1747 848 1996 921 negavit.

346 941 490 996 Nam
523 938 792 1012 quamvis
823 937 1121 994 hominem
1153 937 1498 993 redemisset
1518 953 1550 991 a
1573 936 1880 1008 prateritis
1902 936 2000 992 ille

347 1027 620 1101 peccatis,
654 1031 852 1082 tamen
901 1025 1094 1082 sciens
1143 1025 1358 1081 iterum
1413 1041 1585 1098 posse
1635 1037 1894 1098 peccare,
1927 1027 1999 1082 ad

346 1114 773 1189 reparationem
806 1114 941 1184 sibi,
974 1114 1470 1187 quemadmodum
1505 1119 1702 1186 posset
1733 1113 1897 1170 illum
1946 1119 2002 1172 et

349 1208 480 1278 post
510 1203 624 1260 ista
649 1203 958 1276 corrigere,
984 1203 1170 1258 multa
1199 1202 1824 1274 servavit,quotidiana
1855 1221 1998 1276 prte-

347 1298 510 1350 stans
542 1291 624 1350 illi
650 1292 928 1358 remedia,
960 1290 1176 1364 quibus
1206 1289 1319 1347 nisi
1351 1291 1480 1348 freti
1511 1291 1833 1366 conﬁsiquc
1859 1293 2004 1350 nita-

349 1399 502 1450 mur,
522 1380 856 1437 nullrtenus
887 1380 1179 1438 humanos
1199 1378 1436 1442 ,vincere
1477 1379 1798 1452 poterimus
1845 1399 2000 1440 erro-

351 1487 466 1526 res.
495 1470 741 1526 Necesse
771 1474 860 1525 est
888 1468 1044 1525 enim
1073 1473 1140 1527 ut
1181 1485 1297 1542 quo
1328 1467 1644 1525 auxiliante
1688 1469 2001 1538 vincimus,

353 1576 421 1615 eo
453 1557 668 1614 iterum
701 1575 816 1614 non
839 1558 1153 1631 adjuvante
1182 1557 1799 1614 vincamus.0mnium
1824 1559 2006 1632 igitur

351 1647 639 1704 bonorum
669 1648 984 1702 affectuum
1015 1651 1190 1718 atque
1219 1663 1485 1719 operum,
1518 1650 1576 1704 et
1603 1648 1865 1704 omnium
1889 1653 2008 1705 stu-

349 1735 603 1804 diorum,
621 1734 1004 1808 omniumque
1019 1735 1326 1801 virtutum,
1341 1737 1558 1808 quibus
1588 1737 1660 1792 ab
1682 1737 1852 1794 initio
1870 1739 2003 1794 ﬁdei

2107 581 2486 649 mutari,nisi
2510 582 2649 654 quia
2696 600 2800 656 per
2846 582 3100 655 seipsam
3147 599 3259 639 non
3309 586 3506 656 potest,
3533 587 3621 642 sed
3663 587 3706 644 si

2109 670 2296 743 gratia
2327 669 2523 726 divina
2551 671 2876 740 subveniat,
2901 687 3017 742 qua
3048 687 3162 726 non
3195 671 3567 740 subveniente,
3585 674 3707 746 quid

2111 763 2250 816 sunt
2280 759 2700 828 homines,nisi
2732 761 2898 832 quod
2920 760 3004 816 ait
3033 759 3328 833 apostolus
3361 761 3568 830 Petrus,
3586 764 3710 820 velut

2107 855 2260 904 muta
2289 849 2580 914 animalia,
2612 857 2892 921 procreata
2918 850 3242 906 naturaliter
3285 851 3344 906 in
3387 853 3712 922 captivitatem

2108 944 2160 994 et
2183 939 2504 994 interitum?
2533 938 2606 1010 (ΙΙ
2629 945 2778 994 Pctr.
2809 955 2871 1004 11,
2907 938 3013 1011 12).
3045 937 3208 996 Unde
3237 955 3350 995 uno
3378 937 3496 994 loco
3525 939 3710 998 Paulus

2110 1027 2412 1098 apostolus
2431 1031 2746 1100 utrumque
2768 1031 3318 1095 commemorans,et
3335 1025 3475 1082 iram
3487 1027 3578 1084 Dei
3595 1045 3712 1088 cum

2111 1131 2228 1187 qua
2275 1115 2592 1182 nascimur,
2625 1121 2683 1172 et
2726 1115 2974 1189 gratiam
3023 1115 3594 1188 qualiberamurzEt
3632 1133 3716 1178 nos

2110 1220 2325 1270 omnes,
2356 1203 2913 1278 inquit,aliquando
2934 1205 3262 1262 conversari
3286 1217 3476 1260 sumus
3504 1207 3560 1260 in
3585 1205 3716 1262 desi-

2109 1293 2296 1348 deriis
2322 1293 2522 1349 carnis
2541 1299 2770 1364 nos/reo,
2783 1293 3067 1368 ﬂzcicntes
3085 1291 3440 1350 uoluntatem
3467 1295 3646 1350 carnis
3671 1300 3720 1350 et

2110 1379 2574 1456 aﬁ’cc/ionum,ct
2595 1399 2758 1438 cram
2770 1399 2834 1437 ns
2853 1387 3077 1440 natura.
3090 1383 3208 1454 ﬁlii
3223 1383 3480 1440 ἐνδεῆσαι
3495 1388 3546 1437 cl
3569 1391 3719 1440 σξιρ-

2111 1471 2186 1526 ri.
2209 1475 2360 1527 Deus
2385 1473 2718 1544 autcm,qui
2737 1471 2896 1528 dives
2913 1477 2996 1528 est
3015 1472 3076 1527 in
3094 1471 3490 1528 misericordia
3513 1481 3725 1544 propter

2111 1559 2368 1616 multum
2394 1559 2770 1617 dilectionem
2801 1577 2918 1634 qua
2943 1561 3157 1618 dilexit
3174 1569 3490 1628 nos,ctcum
3507 1576 3726 1616 essemus

2112 1649 2334 1706 mortui
2347 1650 2604 1723 peccatis
2621 1649 3050 1722 conriviﬁcavit
3063 1665 3166 1707 nos
3183 1649 3530 1720 Christo,cuj
3538 1665 3595 1704 us
3609 1665 3730 1722 gra-

2113 1738 2205 1795 tia,
2221 1755 2418 1794 πίννας
2434 1740 2654 1795 salvari
2677 1742 2906 1811 (Ephcs.
2930 1757 2990 1796 ιι.
3006 1740 3081 1811 3).
3097 1739 3248 1806 Quid
3273 1741 3515 1810 estergo
3532 1735 3728 1792 malitia

350 1827 422 1882 ad
454 1826 638 1882 Deum
669 1825 952 1893 tenditur,
975 1825 1158 1881 Deum
1191 1827 1573 1897 proﬁteamur
1603 1831 1922 1896 auctorem,
1945 1833 2004 1884 et
2031 1862 2080 1928 Β
2117 1827 2401 1884 naturalis
2431 1827 2706 1897 hominis,
2731 1833 2790 1884 et
2809 1844 3007 1884 semen
3039 1826 3419 1883 maledictum
3447 1826 3516 1882 ab
3563 1825 3728 1896 initio,

349 1932 466 1970 non
496 1913 839 1970 dubitemus
869 1914 940 1969 ab
970 1913 1158 1986 ipsius
1178 1913 1367 1986 gratia
1391 1915 1588 1970 omnia
1609 1915 1866 1972 hominis
1887 1935 2003 1974 me-

349 1999 462 2056 rita
488 1999 810 2072 praeveniri,
833 2017 936 2072 per
955 2017 1128 2072 quem
1154 2002 1219 2056 ﬁt
1239 2007 1303 2056 ut
1340 2001 1560 2073 aliquid
1607 2002 1743 2060 boni
1775 2008 1832 2060 et
1859 2003 2004 2061 velle

347 2086 699 2159 incipiamus
721 2093 777 2142 et
809 2089 1014 2144 facere.
1035 2091 1158 2154 Quo
1185 2088 1388 2160 utique
1426 2089 1641 2146 auxilio
1673 2096 1731 2147 et
1760 2109 2002 2149 munere

347 2174 450 2230 Dei
469 2191 584 2230 non
609 2176 871 2231 aufertur
892 2175 1142 2232 liberum
1169 2176 1472 2234 arbitrium
1497 2179 1596 2234 sed
1621 2179 1920 2248 liberatur,
1938 2185 2004 2237 ut

345 2264 417 2320 de
438 2265 744 2320 tenebroso
777 2263 1061 2335 lucidum,
1089 2265 1158 2320 de
1179 2273 1354 2338 pravo
1379 2268 1700 2334 rectum,de
1721 2267 2000 2341 languido

351 2369 586 2421 sanum,
619 2353 689 2409 de
720 2353 1090 2426 imprudente
1122 2353 1199 2408 sit
1231 2355 1558 2426 providum.
1592 2378 1620 2406 ››
1653 2359 1722 2412 Et
1759 2363 2000 2415 sanctus

359 2441 726 2515 Augustinus
755 2441 812 2496 in
848 2442 1213 2498 absolutione
1243 2443 1581 2516 quaestionis
1601 2447 1780 2502 tertia:
1802 2453 2004 2503 contra

353 2529 692 2604 Pelagianos
713 2535 770 2588 et
800 2530 1176 2588 Coelestianos
1201 2533 1686 2605 Hypomnesticon
1707 2535 1856 2592 libro
1877 2537 1996 2607 (lib.

357 2637 420 2675 In
448 2619 544 2674 svb
575 2621 822 2688 initium)
855 2637 870 2675 :
895 2644 922 2670 ‹‹
949 2619 1400 2694 Igiturliberuzn
1422 2621 1730 2680 arbitrium
1753 2625 2000 2682 homini-

351 2707 464 2764 bus
489 2724 617 2764 esse
647 2713 806 2765 certa
826 2709 940 2765 ﬁde
983 2709 1296 2776 credimus,
1321 2714 1378 2766 et
1423 2709 1826 2770 indubitanter
1854 2731 2000 2786 prse-

350 2795 618 2855 dicamus
651 2814 664 2853 :
689 2802 746 2854 et
772 2815 878 2854 cur
906 2798 1155 2855 liberum
1179 2798 1408 2855 dicatur
1426 2801 1734 2858 arbitrium
1755 2807 1844 2859 est
1864 2820 2001 2875 pau-

349 2884 538 2942 lulum
553 2887 1311 2944 disserendum.Arhitrium
1333 2889 1556 2947 scilicet
1577 2891 1649 2947 ab
1661 2891 1998 2950 arbitrando

348 2973 618 3032 rationali
645 2977 1130 3045 consideratione,
1149 2977 1236 3034 vel
1259 2979 1642 3036 discernenda
1663 2981 1802 3052 quid
1825 2981 2001 3055 eligat

347 3063 560 3136 quidve
590 3071 991 3139 recuset,puto
1031 3067 1185 3139 quod
1225 3083 1437 3124 nomen
1471 3069 1692 3142 accepit
1714 3085 1728 3126 :
1749 3069 1834 3126 vel
1868 3069 1996 3126 ideo

347 3153 599 3210 liberum
631 3153 875 3221 dictum,
896 3155 1048 3226 quod
1080 3154 1139 3210 in
1171 3172 1280 3210 sua
1309 3155 1387 3212 sit
1408 3157 1666 3228 positum
1691 3163 1991 3230 potestate,

345 3240 571 3298 habens
590 3242 799 3314 agendi
831 3217 988 3314 quod
1019 3243 1156 3299 velit
1201 3217 1670 3316 possibilitatem,
1691 3217 1858 3317 .quod
1909 3217 1998 3303 est
2025 3217 2069 3282 Ο

341 3327 537 3384 vitalis
567 3334 623 3384 et
650 3330 952 3385 rationalis
984 3331 1191 3385 animae
1223 3337 1436 3387 motus.
1471 3333 1582 3387 Sed
1631 3333 1994 3405 hujusmodi,

344 3420 411 3472 ut
437 3417 712 3488 antejam
745 3417 1016 3484 dixi,fuit
1064 3419 1123 3474 in
1173 3419 1410 3475 homine
1458 3420 1994 3492 protopla’sto,cum

346 3508 480 3559 ante
502 3509 803 3578 peccatum
828 3511 1087 3562 maneret
1111 3506 1487 3563 illacsus.Non
1519 3509 1672 3564 enim
1701 3528 1803 3583 per
1835 3511 1994 3568 aliud

343 3593 634 3649 contraxit
657 3595 960 3663 offensam,
993 3595 1106 3652 nisi
1137 3613 1240 3668 per
1279 3595 1334 3652 id
1371 3599 1523 3670 quod
1555 3599 1746 3670 potuit
1795 3618 1866 3656 nc
1903 3602 1997 3656 de-

346 3681 640 3756 linqueret
677 3683 948 3740 resistere
978 3685 1268 3740 suadenti.
1293 3685 1400 3741 Per
1427 3685 1572 3742 velle
1603 3704 1738 3761 ergo
1772 3689 1992 3744 malum

347 3775 504 3826 recte
534 3771 787 3842 perdidit
818 3789 986 3844 posse
1017 3772 1260 3834 bonum.
1293 3775 1391 3845 qui
1426 3792 1527 3847 per
1571 3793 1742 3848 posse
1773 3778 1992 3834 bonum

343 3857 538 3930 potuit
565 3857 792 3915 vincere
822 3859 965 3916 velle
995 3861 1239 3917 malum.
1271 3865 1450 3928 Quem
1475 3865 1637 3935 juste
1669 3865 1822 3922 Deus
1865 3867 1990 3938 jam

342 3945 554 4002 delicto
603 3947 894 4020 captivum
937 3949 1220 4006 voluntati
1269 3953 1590 4024 depravatae
1650 3954 1894 4024 dimisit,
1928 3959 1996 4012 ut

343 4033 464 4091 haec
493 4035 681 4091 eidem
713 4043 867 4092 esset
899 4055 1068 4110 pmna
1098 4040 1156 4094 in
1187 4057 1302 4097 non
1337 4040 1599 4098 faciendo
1629 4043 1786 4115 quod
1833 4043 1989 4110 velit,

342 4139 470 4196 qua:
499 4141 732 4196 semper
750 4125 798 4181 si
822 4126 936 4183 Deo
961 4127 1166 4184 fuisset
1187 4129 1466 4186 obediens
1484 4132 1756 4187 sufﬁcere
1773 4133 1991 4203 potuis~

341 4216 430 4268 set
449 4213 518 4268 ad
544 4229 716 4268 omne
747 4215 968 4270 bonum
1001 4217 1155 4289 quod
1206 4217 1503 4274 voluisset.
1531 4219 1773 4295 Malum»
1795 4221 1990 4293 itaque

339 4299 485 4358 velle
509 4318 622 4358 non
653 4319 723 4358 ex
753 4307 974 4360 natura:
1017 4323 1136 4361 suae
1183 4307 1515 4363 conditione
1563 4308 1716 4364 bona
1764 4309 1990 4377 habuit,

338 4393 620 4458 tanquam
651 4408 718 4446 ex
749 4394 1054 4465 congenito
1085 4393 1260 4463 malo,
1286 4401 1351 4451 ut
1384 4396 1744 4454 Manichacus
1783 4399 1987 4465 credit,

341 4477 442 4533 sed
463 4494 531 4534 ex
559 4480 840 4536 accidenti
873 4483 1161 4539 desiderio
1193 4501 1366 4556 pravo
1397 4486 1683 4558 concepit.
1719 4509 1746 4536 υ
1778 4487 1992 4544 Contra

2111 1921 2170 1974 et
2187 1917 2469 1989 procreati
2496 1915 2842 1973 naturaliter
2862 1917 2920 1972 in
2942 1915 3338 1988 captivitatem
3363 1919 3418 1972 et
3438 1913 3726 1982 interitum,

2110 2010 2169 2062 et
2199 2009 2405 2062 natura
2436 2005 2538 2060 ﬁlii
2565 2005 2700 2060 irai?
2717 2003 2991 2078 Nunquid
3014 2005 3074 2060 in
3091 2005 3280 2059 Adam
3305 2008 3511 2060 natura
3529 2001 3633 2059 ista
3659 2001 3730 2058 sic

2111 2093 2347 2149 condita
2375 2093 2504 2149 est?
2533 2093 2705 2149 absit.
2739 2093 2850 2150 Sed
2882 2093 3022 2166 quia
3051 2093 3111 2148 in
3141 2090 3246 2148 illo
3291 2091 3503 2159 vitiata,
3526 2090 3606 2148 sic
3647 2105 3734 2162 per

2111 2198 2315 2238 omnes
2335 2181 2460 2252 jam
2495 2180 2841 2238 natural-iter
2869 2181 3128 2237 cucurrit
3157 2183 3220 2236 et
3247 2179 3448 2248 currit,
3465 2183 3520 2234 et
3546 2178 3612 2233 ab
3639 2177 3732 2233 hac

2112 2269 2434 2342 perditione
2488 2287 2602 2325 non
2645 2269 2851 2328 liberet
2898 2269 3012 2326 nisi
3055 2269 3252 2342 gratia
3293 2269 3392 2326 Dei
3433 2284 3532 2341 per
3555 2267 3731 2323 Jesum

2109 2357 2404 2414 Christum
2438 2359 2752 2415 Dominum
2782 2365 3108 2416 nostrum.»
3132 2360 3208 2416 Et
3235 2357 3374 2414 item
3397 2359 3454 2412 in
3484 2357 3622 2412 libro
3641 2354 3732 2426 Hy-

2111 2447 2509 2520 pomnesticon
2545 2449 2741 2520 (lib.m
2771 2449 2891 2504 sub.
2913 2449 3079 2519 med.)
3105 2465 3118 2504 :
3141 2472 3169 2498 «
3198 2449 3303 2504 Est
3320 2445 3731 2520 igiturliherum

2109 2537 2440 2603 arbitrium,
2475 2538 2632 2609 quod
2663 2538 2915 2610 quisque
2945 2553 3074 2593 esse
3111 2535 3417 2610 negaverit
3445 2531 3734 2590 catholicus

2109 2641 2224 2680 non
2255 2629 2436 2693 est,et
2464 2625 2714 2698 quisque
2740 2624 2824 2682 sic
2866 2641 2994 2681 esse
3037 2625 3274 2694 dixerit,
3300 2625 3452 2698 quod
3497 2623 3615 2678 sine
3641 2625 3736 2676 Deo

2107 2713 2329 2769 bonum
2351 2731 2520 2786 opus.
2555 2713 2611 2769 id
2635 2719 2726 2770 est
2755 2714 2910 2788 quod
2942 2715 3015 2770 ad
3045 2714 3174 2786 ejus
3209 2717 3478 2770 sanctum
3508 2705 3738 2784 proposi-

2109 2806 2234 2857 tum
2267 2803 2660 2875 pertinet,nec
2697 2802 2952 2876 incipere
2990 2819 3094 2859 nec
3119 2803 3406 2875 perﬁcere
3437 2797 3630 2874 possit,
3653 2811 3738 2852 ca-

2105 2889 2361 2947 tholicus
2409 2895 2517 2946 est.
2556 2913 2584 2939 »
2615 2893 2683 2947 Et
2731 2889 2870 2947 item
2900 2908 2914 2947 :
2945 2891 3117 2959 Audi,
3153 2889 3451 2956 haeretica,
3485 2887 3651 2944 stulte
3689 2887 3740 2940 et

2105 2977 2341 3036 inimice
2372 2979 2506 3036 ﬁdei
2539 2979 2834 3036 veritatis:
2863 3001 2892 3030 ‹‹
2923 2979 3109 3052 Opera
3137 2978 3312 3036 liberi
3345 2975 3564 3034 arbitrii
3584 2975 3738 3040 bona,

2107 3084 2234 3140 quae
2263 3072 2330 3123 ut
2359 3069 2505 3124 ﬁant
2547 3073 2948 3141 praeparantur
2988 3085 3092 3140 per
3133 3067 3342 3141 gratiae
3387 3067 3739 3139 praeventum,

2109 3156 2289 3212 nullis
2319 3157 2483 3213 liberi
2516 3157 2741 3212 arbitrii
2766 3156 3011 3225 meritis,
3045 3157 3148 3213 sed
3181 3157 3321 3230 ipsa
3361 3154 3619 3219 faciente,
3649 3165 3741 3224 gu-

2108 3245 2407 3313 bernante,
2425 3245 2780 3318 proﬁciente,
2795 3249 2862 3301 ut
2893 3245 3198 3302 abundent
3237 3246 3299 3301 in
3327 3245 3508 3301 libero
3527 3235 3742 3298 arbitrio

2106 3351 2220 3390 non
2247 3333 2774 3406 damnamus,quia
2802 3351 2871 3390 ex
2892 3333 2986 3390 his
3013 3333 3102 3390 vel
3125 3333 3478 3406 hujusmodi
3499 3327 3743 3386 homines
3784 3364 3794 3370 μ

2105 3423 2204 3478 Dei
2230 3423 2534 3493 justiﬁcati
2571 3428 2731 3493 sunt,
2743 3422 3164 3496 justiﬁcantur,
3180 3422 3674 3496 justiﬁcabuntur
3693 3415 3744 3470 in

2104 3511 2350 3568 Christo.
2387 3512 2750 3568 Damnamus
2775 3529 2910 3569 vero
2949 3510 3301 3569 auctoritate
3348 3510 3546 3567 divina
3591 3519 3745 3580 opera

2103 3600 2268 3657 liberi
2300 3601 2544 3667 arbitrii,
2566 3619 2694 3674 quae
2725 3601 2924 3674 gratias
2971 3605 3427 3673 praeponuntur,
3462 3604 3520 3655 et
3564 3615 3630 3652 ex
3667 3593 3748 3650 his

2105 3694 2384 3762 tanquam
2416 3690 2641 3746 meritis
2665 3689 2722 3745 in
2744 3689 2976 3746 Christo
2987 3689 3312 3761 justiﬁcari
3343 3687 3707 3744 extolluntur.
3721 3703 3745 3730 υ

2101 3779 2174 3834 Et
2203 3779 2342 3833 item
2377 3777 2434 3832 in
2467 3777 2616 3834 libro
2641 3779 2711 3834 de
2741 3779 2939 3834 Gratia
2984 3781 3042 3834 et
3089 3777 3278 3833 libero
3326 3775 3584 3833 Arbitrio
3627 3775 3746 3845 (cap.

2105 3869 2192 3935 15)
2227 3883 2241 3922 :
2276 3891 2304 3916 «
2338 3867 2580 3938 Semper
2607 3871 2694 3922 est
2721 3871 2918 3922 autem
2949 3865 3007 3920 in
3040 3866 3215 3923 nobis
3245 3867 3524 3923 voluntas
3565 3862 3746 3927 libera,

2103 3955 2201 4010 scd
2236 3972 2350 4011 non
2373 3971 2606 4026 semper
2625 3959 2716 4010 est
2739 3955 3040 4010 bona.Aut
3067 3953 3232 4010 enim
3271 3952 3562 4026 ajustitia
3585 3949 3754 4006 libera

2101 4047 2190 4100 est
2221 4044 2456 4115 quando
2486 4043 2662 4098 servit
2693 4046 2947 4116 peccato,
2981 4047 3040 4099 et
3067 4046 3213 4098 tunc
3259 4047 3356 4100 est
3385 4041 3572 4108 mala;
3605 4041 3700 4094 aut
3722 4046 3753 4090 ιι

2101 4137 2336 4205 peccato
2355 4130 2540 4188 libera
2557 4137 2647 4188 est
2666 4132 2902 4204 quando
2927 4129 3105 4188 servit
3137 4131 3418 4204 justitiae,
3432 4135 3494 4188 et
3512 4133 3650 4186 tunc
3675 4126 3754 4182 est

2100 4222 2272 4277 bona.
2299 4221 2496 4278 Gratia
2525 4237 2658 4276 vero
2690 4220 2792 4276 Dei
2825 4237 3060 4292 semper
3080 4224 3170 4276 est
3199 4221 3389 4286 bona,
3407 4224 3469 4276 et
3497 4235 3601 4292 per
3618 4215 3755 4270 hanc

2102 4310 2168 4365 ﬁt
2196 4313 2261 4365 ut
2291 4309 2370 4366 sit
2397 4309 2572 4366 homo
2590 4307 2908 4365 voluntatis
2936 4308 3122 4376 bona},
3155 4309 3264 4382 qui
3300 4307 3474 4382 prius
3522 4306 3634 4363 fuit
3667 4318 3754 4359 vo-

2099 4397 2342 4454 luntatis
2374 4397 2538 4452 mala:
2565 4415 2577 4453 :
2603 4414 2706 4470 per
2733 4397 2885 4452 hanc
2915 4397 3092 4453 etiam
3126 4399 3191 4452 ﬁt
3223 4402 3294 4454 ut
3327 4399 3464 4470 ipsa
3494 4397 3645 4453 bona
3671 4408 3756 4448 vo-

2102 4483 2298 4540 luntas
2318 4501 2444 4557 quae
2467 4485 2593 4555 jam
2625 4501 2756 4540 esse
2785 4483 2957 4556 cmpit
2987 4489 3300 4556 augeatur,
3321 4491 3383 4540 et
3413 4490 3538 4541 tam
3561 4494 3760 4554 magna

341 4581 514 4636 quem
573 4567 710 4622 facit
755 4570 1066 4641 Scriptura:
1109 4573 1408 4628 sententia:
1457 4574 1760 4646 expositio,
1811 4593 1999 4648 quam
2023 4581 2066 4645 Ι)
2100 4574 2304 4642 ﬁat,ut
2332 4572 2518 4645 possit
2546 4571 2788 4644 implere
2817 4571 3014 4628 divina
3037 4573 3328 4629 mandata
3350 4591 3487 4647 quae
3507 4567 3759 4633 voluerit,

338 4652 527 4708 isdem
559 4654 761 4711 doctor
781 4657 838 4712 in
865 4675 900 4712 ιι
923 4658 1069 4714 libro
1087 4661 1158 4716 de
1179 4661 1412 4733 Nuptiis
1431 4667 1486 4718 et
1504 4663 1988 4736 Concupiscentia

339 4740 667 4813 explanavit
696 4745 817 4812 (lib.
854 4763 910 4812 ll,
943 4765 1092 4819 θείῳ.
1127 4749 1212 4822 13)
1247 4765 1260 4804 :
1296 4753 1574 4823 Quoniam
1619 4768 1854 4824 nequam
1911 4759 1990 4808 est

337 4831 488 4888 natio
513 4831 736 4888 illorum
763 4841 814 4890 et
832 4837 1103 4892 naturalis
1130 4838 1338 4893 militia
1377 4840 1702 4910 ipsorum,et
1729 4843 1990 4912 quoniam

336 4935 449 4975 non
475 4923 674 4992 poterit
716 4925 924 4979 mutari
967 4927 1220 4996 cogitatio
1266 4927 1492 4983 illorum
1539 4930 1599 4983 in
1643 4937 1984 5000 perpetuum.

338 5008 533 5066 Semen
559 5012 709 5066 enim
738 5021 856 5068 erat
883 5013 1232 5070 maledictum
1259 5017 1327 5072 ab
1361 5018 1520 5072 initio
1569 5017 1716 5088 (Sap.
1742 5035 1840 5084 XII,
1877 5019 1983 5090 t0).

339 5119 370 5148 «
404 5098 641 5172 Nempe,
673 5099 968 5174 inquiens,
1001 5105 1072 5159 de
1101 5104 1551 5177 quibuscumque
1575 5105 1728 5161 dicat
1761 5106 1892 5173 ista,
1917 5107 1990 5164 de

337 5184 680 5244 hominibus
707 5190 868 5246 dicit.
884 5194 1182 5258 Quomodo
1203 5198 1291 5248 est
1311 5210 1447 5266 ergo
1468 5194 1782 5266 cujuslibet
1798 5195 1986 5250 homi-

338 5273 428 5329 nis
460 5276 686 5332 malitia
705 5279 1011 5347 naturalis,
1035 5285 1101 5334 et.
1121 5297 1320 5336 semen
1355 5281 1732 5338 maledictum
1771 5284 1844 5339 ab
1875 5283 1985 5339 ini-

335 5361 438 5427 tio,
472 5365 580 5420 nisi
615 5367 685 5420 ad
720 5367 861 5422 illud
897 5368 1258 5440 respiciatur.
1281 5371 1432 5442 quod
1463 5389 1561 5443 per
1587 5389 1760 5427 unum
1809 5374 1983 5429 homi-

332 5464 457 5504 nem
489 5461 764 5522 peccatum
816 5457 1045 5512 intravit
1081 5458 1141 5512 in
1184 5457 1472 5523 mundum,
1499 5467 1550 5514 et
1583 5476 1683 5531 per
1711 5469 1986 5531 peccatum

333 5553 508 5604 mors,
527 5550 578 5597 et
631 5544 707 5598 ita
749 5545 808 5599 in
850 5562 1034 5602 omnes
1083 5546 1327 5603 homines
1374 5551 1730 5620 pertransivit
1777 5551 1836 5604 in
1883 5565 1985 5620 quo

2095 4677 2228 4718 cum
2257 4661 2423 4718 valde
2450 4663 2816 4734 perfectaque
2853 4660 3218 4718 voluerit.Ad
3265 4661 3385 4718 hoc
3427 4661 3590 4718 enim
3624 4654 3762 4711 valet

2097 4751 2251 4824 quod
2283 4749 2564 4822 scripturn
2597 4755 2706 4818 est,
2729 4751 2782 4806 si
2810 4751 3048 4806 volueris
3075 4753 3436 4808 emiservabis
3467 4748 3722 4806 mandata
3749 4758 3761 4798 :

2097 4843 2163 4894 ut
2191 4839 2366 4894 homo
2399 4837 2498 4910 qui
2527 4837 2775 4894 voluerit
2822 4843 2880 4894 et
2925 4855 3042 4894 non
3092 4839 3379 4911 potuerit,
3416 4839 3682 4894 nondum
3709 4845 3764 4886 se

2097 4927 2265 5000 plene
2293 4927 2438 4984 velle
2470 4931 2802 5001 cognoscat,
2837 4931 2894 4983 et
2923 4931 3049 4984 oret
3079 4931 3146 4982 ut
3174 4927 3406 4984 haheat
3437 4931 3672 4983 tantam
3686 4936 3770 4976 vo-

2097 5015 2381 5072 luntatem
2413 5021 2634 5088 quanta
2664 5015 2884 5072 sufﬁcit
2914 5017 2986 5071 ad
3015 5014 3328 5088 implenda
3361 5016 3669 5071 mandata.
3682 5007 3768 5065 Sic

2096 5105 2314 5178 quippe
2345 5105 2436 5176 adj
2448 5108 2656 5160 uvatur
2677 5109 2742 5160 ut
2764 5104 2938 5161 faciat
2959 5104 3112 5176 quod
3131 5104 3414 5176 jubetur.
3429 5105 3604 5160 Tunc
3625 5095 3769 5156 enim

2098 5193 2238 5250 utile
2268 5199 2358 5250 est
2385 5192 2533 5250 velle
2553 5211 2688 5249 cum
2713 5197 3125 5266 possumus,et
3145 5197 3294 5248 tunc
3318 5192 3476 5249 utile
3493 5195 3590 5248 est
3611 5199 3772 5262 posse

2099 5299 2233 5339 cum
2263 5281 2554 5338 volumus.
2581 5306 2608 5333 »
2641 5283 2712 5338 Et
2741 5288 2982 5338 sanctus
3013 5281 3339 5354 Gregorius
3371 5281 3436 5338 in
3471 5281 3626 5337 libro
3655 5275 3774 5333 Mc»

2095 5371 2308 5426 ratium
2337 5371 2618 5442 vigesimo
2657 5375 2864 5444 quarto
2897 5389 2909 5426 :
2946 5395 2972 5422 ‹‹
3011 5371 3287 5426 Liberavit
3333 5373 3496 5426 enim
3537 5369 3776 5425 animum

2092 5476 2251 5515 suam.
2303 5476 2372 5516 ne
2421 5468 2668 5531 pergeret
2720 5463 2781 5516 in
2836 5463 3140 5516 interitum.
3193 5459 3352 5525 Quia
3405 5454 3778 5533 prevenicnte

2094 5547 2289 5604 divina
2321 5548 2506 5620 gratia
2535 5549 2594 5604 in
2625 5549 2956 5621 operatione
2987 5549 3142 5604 bona
3194 5552 3489 5603 nostrum
3531 5547 3779 5602 liberum

335 5638 518 5682 omnes
545 5637 942 5701 peccaverunt?
968 5637 1140 5704 (Rom.
1171 5651 1224 5703 v,
1275 5637 1382 5702 t2).
1415 5637 1594 5708 Cujus
1647 5641 1841 5692 autem
1882 5636 2002 5692 ho~
2094 5635 2402 5692 arbitrium
2425 5635 3190 5710 sequitur,nosmetipsinon
3213 5633 3777 5693 liberaredicimur,
