3962 6178
203 359 294 426 Mt

206 496 320 572 quia
345 492 619 552 liberanti
655 508 762 548 nos
783 491 1030 548 Domino
1050 489 1477 547 consentimus.
1502 487 1664 544 Unde
1686 486 1827 541 Pau-
1855 485 1904 552 Α

208 588 284 644 lus
325 601 460 641 cum
511 583 748 645 diceret.
789 581 1166 637 Abundantius
1218 580 1334 636 illis
1379 578 1633 635 omnibus
1682 575 1828 630 labo-

206 676 322 744 ravi,
342 673 440 730 87
453 675 490 728 τ
531 689 602 728 ne
633 670 863 727 labores
895 687 1034 726 suos
1061 669 1174 726 sibi
1204 667 1484 724 tribuisse
1514 666 1826 730 videretur,

205 762 449 836 adjunxit
480 779 495 817 :
526 763 647 818 Non
691 768 874 838 autem
908 777 1024 833 ego,
1055 759 1148 816 sed
1176 761 1354 830 gratia
1399 759 1500 814 Dei
1546 772 1758 812 mecum
1787 754 1834 815 (Ι

205 853 304 910 Cor.
323 870 417 917 xv,
444 853 555 920 10).
580 849 727 917 Quia
768 849 924 905 enim
956 849 1400 921 praevenientem
1434 844 1536 902 Dei
1581 843 1828 917 gratiam

204 944 306 1015 ipse
332 942 512 998 etiam
561 940 746 996 libero
784 938 1026 995 arbitrio
1056 937 1246 994 fuerat
1291 935 1668 1004 subsecutus,
1701 935 1832 1005 apte

203 1029 484 1101 subjunxit
525 1045 739 1085 mecum
768 1047 786 1084 :
818 1031 968 1084 utet
998 1025 1191 1082 divino
1240 1023 1470 1081 muneri
1513 1040 1628 1080 non
1676 1025 1833 1078 esset

204 1118 472 1192 ingratus,
505 1123 566 1174 et
591 1122 792 1174 tamen
822 1135 856 1173 a
887 1116 1094 1172 merito
1133 1115 1298 1171 liberi
1342 1113 1566 1169 arbitrii
1597 1129 1712 1167 non
1742 1127 1831 1166 re-

208 1212 450 1265 maneret
477 1212 811 1263 extraneus.
838 1229 866 1256 »
886 1207 956 1262 Et
973 1205 1113 1261 item
1143 1204 1202 1259 in
1232 1204 1382 1258 libro
1406 1202 1707 1275 trigesimo
1728 1205 1836 1256 ter-

206 1298 421 1370 tio(cap.
440 1298 536 1365 20)
555 1313 603 1350 :«
635 1297 766 1365 Qui:
795 1303 920 1352 ante
945 1295 1093 1351 dedit
1118 1295 1282 1360 mihi,
1305 1301 1366 1349 ut
1392 1291 1614 1348 reddam
1637 1291 1727 1346 ei?
1755 1291 1834 1346 Ac

206 1387 244 1443 si
270 1389 460 1458 aperte
509 1384 836 1442 diceretur:
869 1385 952 1440 Ad
986 1385 1309 1456 parendum
1365 1380 1627 1455 reprobis
1673 1379 1836 1435 nulla

203 1477 404 1532 ratione
437 1474 775 1547 compellor,
809 1474 949 1547 quia
977 1473 1063 1529 eis
1099 1473 1330 1528 debitor
1358 1489 1428 1528 ex
1465 1488 1574 1527 sua
1609 1470 1836 1526 actione

199 1581 298 1620 non
325 1568 551 1620 teneor.
585 1563 804 1620 Idcirco
843 1563 1002 1619 enim
1043 1577 1416 1634 nequaquam
1451 1559 1703 1616 scelestis
1733 1575 1834 1631 pa-

203 1655 310 1709 triae
337 1653 582 1726 praamia
622 1657 836 1708 aeterna
868 1650 1219 1724 percipiunt,
1239 1650 1378 1722 quia
1407 1666 1476 1705 ea
1505 1666 1663 1704 nunc
1692 1649 1834 1703 dum

203 1741 502 1814 promereri
534 1746 802 1814 poterant
843 1758 914 1797 ex
953 1740 1138 1796 libero
1171 1739 1416 1796 arbitrio
1466 1743 1833 1809 contempse-

201 1831 521 1898 runt.Quod
543 1829 814 1886 videlicet
837 1829 1085 1886 liberum
1107 1829 1418 1884 arbitrium
1440 1827 1500 1918 in
1525 1830 1677 1918 bono
1695 1843 1828 1898 ope-
1860 1855 1906 1918 Β

195 1923 337 1975 ratur
361 1919 591 1986 electis,
615 1937 751 1974 cum
779 1936 981 1976 eorum
1012 1935 1180 1974 mens
1201 1936 1236 1974 a
1256 1917 1503 1974 terrenis
1524 1916 1830 1973 desideriis

196 2009 362 2081 gratia
389 2009 695 2081 aspiraute
737 2009 1137 2080 suspenditur.
1171 2009 1395 2063 Bonum
1428 2007 1644 2080 quippe
1675 2005 1828 2078 quod

196 2096 427 2168 agimus,
452 2101 514 2152 et
541 2097 645 2152 Dei
675 2101 782 2164 est,
806 2101 865 2153 et
895 2101 1184 2152 nostrum.
1210 2097 1312 2152 Dei
1339 2113 1443 2168 per
1472 2096 1829 2168 praevenien-

197 2191 297 2240 tem
317 2186 596 2258 gratiam,
615 2191 882 2242 nostrum
905 2203 1006 2258 per
1023 2187 1444 2258 obhequentem
1467 2185 1710 2240 liberam
1733 2201 1828 2239 vo-

199 2273 493 2330 luntatem.
518 2275 578 2332 Si
605 2273 762 2330 enim
783 2274 883 2330 Dei
913 2291 1030 2330 non
1061 2283 1166 2342 est,
1190 2276 1346 2330 unde
1372 2274 1424 2329 ei
1457 2274 1515 2329 iu
1547 2278 1829 2328 aeternum

198 2363 396 2434 gratias
425 2363 708 2435 agimus?
739 2380 973 2420 rursum
1006 2363 1056 2420 si
1095 2367 1361 2419 nostrum
1393 2381 1505 2418 non
1539 2367 1646 2430 est,
1676 2363 1832 2417 unde

201 2451 350 2507 nobis
369 2451 616 2507 retribui
641 2453 878 2524 praemia
898 2453 1244 2524 speramus?
1265 2453 1410 2518 Quia
1430 2469 1566 2523 ergo
1590 2470 1704 2507 non
1729 2451 1831 2505 im-

200 2541 385 2598 merito
413 2541 641 2614 gratias
685 2541 938 2614 agimus,
971 2541 1193 2598 scimus
1223 2541 1380 2614 quod
1420 2543 1550 2612 ejus
1593 2557 1832 2596 munere

199 2630 575 2700 praevenimur
607 2646 621 2686 :
653 2635 712 2687 et
743 2647 1001 2698 rursum,
1035 2629 1175 2703 quia
1203 2646 1317 2686 non
1353 2628 1644 2686 immerito
1676 2627 1836 2685 retri-

199 2716 484 2774 butionem
517 2719 857 2791 quaerimus,
881 2719 1103 2776 scimus
1141 2719 1298 2790 quod
1337 2719 1732 2790 subsequente
1762 2717 1832 2772 li-

201 2804 320 2866 bero
347 2805 596 2862 arbitrio
626 2807 781 2863 bona
807 2805 1092 2880 elegimus
1113 2823 1242 2880 quae
1263 2822 1628 2878 ageremus.»
1650 2806 1719 2860 Et
1748 2821 1837 2861 ve-

197 2896 479 2951 nerandus
508 2895 794 2952 Alcuinus
839 2895 901 2950 in
949 2896 1231 2968 opusculo
1261 2896 1651 2968 quaestionum
1699 2894 1832 2950 libri

200 2981 496 3051 Geneseos,
530 2985 604 3040 ad
651 2984 943 3056 Sigulfum
983 2985 1410 3059 presbyterum,
1443 2983 1835 3054 interrogatus

192 3087 290 3142 cur
307 3072 482 3130 homo
505 3073 700 3130 factus
723 3079 812 3130 est
833 3073 996 3130 liberi
1023 3073 1268 3142 arbitrii,
1293 3072 1596 3146 respondit
1619 3089 1666 3128 ;‹‹
1691 3071 1837 3138 Quia

197 3159 370 3217 noluit
395 3161 640 3218 Creator
680 3163 980 3220 hominem
1010 3161 1328 3234 cujuslibet
1354 3179 1550 3218 creare
1579 3178 1833 3227 servum,

194 3265 354 3320 quem
382 3251 456 3306 ad
490 3251 815 3324 imaginem
847 3268 1016 3308 suam
1049 3251 1202 3316 fecit,
1224 3256 1514 3324 quatenus
1544 3267 1612 3306 ex
1641 3248 1838 3306 volun-
1867 3225 1910 3291 Ο

194 3338 329 3394 tario
359 3339 519 3399 bono
562 3339 879 3397 laudabilis
917 3344 1240 3412 appareret,
1273 3339 1361 3396 vel
1393 3339 1656 3412 appetitu
1687 3336 1840 3394 malo

191 3425 561 3484 damnabilis.
581 3429 652 3484 Et
685 3429 1078 3501 interrogatus
1107 3446 1214 3484 cur
1243 3428 1452 3484 tentari
1475 3429 1630 3483 Deus
1661 3425 1844 3482 homi-

193 3531 314 3570 nem
344 3517 642 3588 permisit,
657 3534 832 3589 quem
863 3517 1193 3580 consentire
1224 3516 1585 3588 praesciebat,
1611 3533 1844 3588 respon-

191 3603 310 3660 dit:
343 3605 494 3672 Quia
536 3623 762 3678 magnis
812 3605 1007 3662 laudis
1038 3623 1152 3660 non
1185 3611 1359 3676 esset,
1394 3607 1442 3662 si
1491 3606 1619 3661 ideo
1667 3605 1844 3660 homo

194 3709 299 3749 non
331 3694 814 3766 peecasset,quia
834 3695 986 3752 male
1007 3695 1196 3751 facere
1220 3713 1334 3750 non
1369 3694 1672 3766 potuisset.
1698 3695 1842 3750 Nam

191 3785 243 3836 et
269 3781 442 3839 hodie
473 3783 608 3840 sine
655 3783 1091 3840 intermissione
1125 3801 1228 3855 per
1272 3783 1608 3840 universum
1659 3800 1846 3856 genus

191 3869 514 3928 humanum
536 3889 607 3928 ex
633 3871 868 3928 insidiis
891 3872 1107 3929 diaboli
1135 3871 1404 3928 homines
1432 3877 1752 3945 tentantur,
1776 3869 1848 3929 ut

187 3975 252 4019 ex
278 3977 345 4016 eo
373 3961 588 4017 tentati
612 3961 802 4018 virtus
834 3961 1135 4034 probetur,
1157 3966 1216 4017 et
1242 3961 1441 4034 palma
1471 3979 1588 4018 non
1609 3979 1848 4020 consen-

186 4048 376 4107 tientis
407 4049 730 4124 gloriosior
757 4055 1055 4124 appareat.
1089 4051 1160 4106 Et
1208 4051 1278 4106 de
1327 4051 1665 4123 quaestione,
1700 4070 1845 4124 quo-

187 4139 352 4196 modo
381 4139 842 4211 intelligendum
873 4139 972 4206 sit,
995 4139 1106 4195 Sub
1135 4147 1186 4196 te
1206 4142 1312 4196 erit
1339 4141 1608 4211 appetitus
1635 4143 1772 4214 ejus,
1797 4135 1852 4199 et

185 4227 632 4286 tudominaberis
655 4229 838 4296 illius,
861 4227 1163 4300 respondit
1187 4245 1199 4283 :
1225 4228 1372 4295 Quia
1391 4232 1455 4284 tu
1476 4228 1644 4286 liberi
1667 4247 1730 4287 es
1761 4249 1848 4287 ar-

185 4315 503 4386 bitrii,non
537 4317 722 4373 habet
747 4321 1050 4388 peccatum
1075 4333 1252 4388 super
1280 4323 1336 4373 te
1367 4317 1718 4389 dominium,
1743 4321 1844 4376 sed

183 4409 238 4460 tu
270 4423 456 4478 super
486 4405 659 4472 illud,
694 4412 753 4461 et
783 4405 842 4460 in
875 4410 978 4461 tua
1007 4409 1296 4478 potestate
1317 4410 1426 4472 est,
1447 4406 1564 4463 sive
1588 4425 1720 4463 cum
1744 4409 1845 4464 Dei

185 4493 365 4564 gratia
394 4510 796 4568 compescere,
831 4493 950 4550 sive
991 4493 1253 4566 appetitu
1294 4499 1395 4551 tuo
1435 4495 1846 4568 concupiscere

885 357 987 420 DE
1026 353 1790 420 PRIEDESTINATIONE
1837 346 2360 412 DISSERTATIO
2402 340 2869 407 POSTERIOR.

3461 330 3582 401 με

2034 481 2180 532 Sicut
2209 480 2351 529 enim
2380 477 2585 541 palmes
2611 473 2788 525 nullos
2815 471 2956 541 valet
2981 469 3138 541 edere
3165 468 3370 541 fruetus

1942 531 2078 593 878
2099 545 2212 593 Non
2245 543 2300 591 in
2328 531 2433 590 vite
2465 552 2704 600 manens,
2734 549 2853 600 quae
2884 535 2948 584 de
2977 533 3151 582 radice
3186 531 3427 600 ministra

2033 607 2256 656 Succum
2289 608 2411 667 agat
2436 603 2490 667 in
2523 594 2839 667 frondes-ret
2865 600 3042 646 musto
3071 594 3330 667 compleat
3351 605 3515 642 uvas:

2032 669 2116 719 Sic
2144 660 2417 718 infecundi
2447 666 2703 714 virtutum
2729 666 2782 711 et
2811 661 2960 718 fruge
2990 660 3250 719 calentes.

2033 717 2283 790 Perpetui
2313 730 2462 778 ribus
2492 727 2628 790 ignis
2653 728 2810 774 erunt
2840 737 2853 770 :
2886 717 2996 785 qui,
3027 719 3136 768 vite
3165 717 3365 775 relicta,

2033 789 2244 843 Audeat
2273 792 2440 840 effusa
2469 790 2533 838 de
2563 789 2804 838 libertate
2835 795 3107 834 comarum

2033 857 2232 910 Fidere,
2267 868 2334 903 ne
2363 853 2553 903 Christi
2581 851 2689 899 sint
2717 849 2958 898 ubertate
2988 844 3211 910 feraces.

2033 905 2096 982 Et
2125 905 2274 982 mage
2305 931 2360 982 se
2391 909 2874 982 creduutpropriis
2899 905 3158 982 excellere
3189 915 3364 982 posse,

2034 969 2277 1039 Quamusi
2305 980 2563 1027 virtutum
2595 969 2906 1040 placiturum
2937 969 3006 1019 sit
3032 970 3172 1018 Deus
3201 969 3403 1016 auctor.

1939 1072 2008 1127 Et
2040 1069 2210 1142 paulo
2240 1072 2372 1142 post
2398 1085 2412 1122 :

2037 1168 2184 1227 Quod
2217 1181 2326 1216 non
2357 1169 2436 1215 est
2465 1163 2567 1212 nisi
2597 1165 2905 1227 peccatum,_
2921 1172 3028 1223 quo
3057 1153 3402 1227 discruciatur

2035 1216 2289 1286 Dibcrtas,
2322 1229 2386 1278 ad
2418 1240 2578 1290 quam
2601 1216 2774 1290 'solam
2805 1216 2953 1272 male'
2971 1223 3121 1290 gesta
3146 1216 3447 1290 recurrunt:

2034 1279 2097 1342 lit
2118 1279 2290 1342 tamen
2315 1293 2371 1339 in
2395 1279 2606 1338 sductos
2625 1288 2860 1336 animum
2885 1279 3005 1332 cum
3026 1279 3355 1332 intendimus
3374 1279 3549 1335 actus,

2035 1356 2164 1404 Cum
2195 1353 2472 1403 desideriis
2501 1350 2675 1401 carius
2699 1361 2850 1397 mens
2879 1349 3026 1395 easta
3051 1343 3337 1406 repugnat,

2035 1403 2163 1467 cum
2195 1415 2445 1465 teutatori
2475 1427 2583 1462 non
2615 1411 2873 1468 cedimus,
2907 1411 2959 1458 et
2983 1420 3078 1470 per
3106 1403 3322 1454 acerbas

2035 1481 2218 1530 Vexati
2245 1492 2453 1542 pinnas,
2485 1473 3169 1542 illaeso‘cordemanemus,

2035 1530 2298 1593 Libertate
2327 1530 2554 1603 agimus.
2585 1537 2678 1587 sed
2713 1536 2952 1586 libertate
2982 1530 3274 1592 redempta,

2036 1605 2128 1654 Cui
2159 1605 2298 1654 Deus
2327 1607 2407 1652 est
2434 1607 2623 1651 rector.

1943 1694 2014 1748 Et
2040 1692 2180 1748 item
2212 1692 2271 1747 in
2302 1691 2505 1747 eodem
2536 1693 2677 1762 (cap.
2716 1688 2803 1756 15)
2835 1702 2848 1741 :

2036 1791 2100 1839 Et
2125 1803 2222 1838 nos
2251 1787 2550 1852 istaiin‘quit
2579 1785 2839 1852 sentimus
2867 1781 2933 1852 de
2962 1780 3200 1852 bonitate

2027 1852 2101 1902 Ac
2128 1853 2323 1900 virtute
2357 1845 2469 1908 Dei;
2497 1863 2604 1912 quo
2634 1849 2687 1898 ni
2716 1848 3004 1908 foveatque
3033 1845 3288 1952 regnique
3393 1899 3406 1910 _

2031 1914 2175 1952 num
2202 1919 2373 1952 vnnnL
2409 1917 2462 1952 at.
2490 1916 2632 1952 tutos
2662 1913 2882 1952 naccam
2920 1909 3135 1952 nrmstet
3163 1917 3194 1952 tl
3261 1913 3406 1951 omni

2031 1914 2175 1972 Quos
2202 1919 2375 1972 vocat,
2409 1917 2462 1961 et
2490 1909 2632 1961 tutos
2662 1913 2882 1974 peccato
2920 1909 3231 1974 prmstet‘ab
3261 1909 3430 1958 omni,

2031 1965 2146 2026 Non
2179 1990 2276 2025 sua
2304 1965 2537 2024 servabit
2568 1965 2890 2037 quamquam
2921 1965 3228 2037 prudentia,
3257 1976 3360 2012 nec
3388 1975 3445 2010 se

2036 2039 2274 2088 Perﬁciet
2299 2037 2426 2086 solis
2457 2030 2660 2085 natura;
2685 2030 2890 2083 viribus
2917 2030 3078 2080 ullus.

2034 2086 2144 2152 Sed
2158 2086 2288 2164 quia
2309 2100 2420 2163 jam
2450 2099 2504 2164 in
2526 2097 2685 2147 nobis
2700 2101 2754 2164 et
2770 2095 2908 2164 velle
2929 2095 2982 2164 et
3001 2089 3141 2140 nolle
3162 2089 3399 2164 creatum
3425 2086 3526 2144 est,

2031 2155 2354 2226 Arbit'riiqu'e
2383 2162 2465 2226 sui
2495 2175 2602 2224 quo
2631 2159 2748 2226 vult
2775 2155 3051 2226 intendere
3081 2155 3260 2203 motus

2033 2219 2282 2276 Libertas
2299 2225 2464 2273 accita
2493 2219 2682 2286 potest,
2715 2219 2992 2286 patuitque
3025 2229 3124 2278 per
3151 2225 3334 2286 aurem

2029 2288 2238 2338 Judicio
2269 2287 2462 2342 θοι-ὼε,
2493 2278 2600 2348 quo
2631 2278 2893 2333 mundum
2907 2278 3292 2348 proposuisset

2031 2350 2261 2401 Consilio
2289 2341 2492 2398 salvare
2511 2341 2679 2404 'Deus,
2706 2359 2857 2395 meus
2886 2341 3056 2404 excita
3087 2341 3307 2404 longum

2033 2413 2272 2462 Excutiat
2299 2425 2564 2464 somnum.
2599 2401 2762 2472 seque
2792 2407 2875 2472 illi
2900 2403 3096 2472 subilat
3123 2405 3177 2451 et
3205 2401 3369 2472 aptet,

2033 2461 2132 2534 Qui
2161 2475 2405 2538 cupidam
2437 2477 2491 2522 et
2518 2461 2691 2520 ﬁdanf
2709 2469 2969 2533 promissa
2995 2467 3049 2516 in
3079 2461 3278 2529 gaudia
3305 2461 3484 2510 ducat.

1940 2565 2010 2620 Et
2037 2563 2096 2618 in
2127 2563 2276 2618 libro
2307 2563 2377 2617 de
2407 2559 2776 2616 Providentia
2805 2557 3002 2613 divina
3033 2571 3048 2611 :

2378 2697 2391 2708 .
2461 2695 2475 2708 .
2543 2692 2557 2706 .
2625 2692 2639 2706 .
2710 2691 2724 2705 .
2791 2655 2945 2704 Dedit
2970 2653 3202 2716 optimus
3233 2650 3420 2716 auctor

2037 2725 2147 2773 Hoc
2175 2722 2378 2772 homini
2408 2720 2634 2783 speciale
2653 2719 2844 2783 decus.
2866 2709 3104 2783 (Eumque
3135 2713 3322 2783 omnia
3346 2709 3514 2759 verbo

2034 2785 2317 2842 Conderet,
2346 2774 2491 2832 hunc
2519 2782 2786 2838 manibus,
2817 2774 3117 2846 substantia
3145 2774 3345 2846 duplex

2033 2838 2314 2910 Jungitur,
2333 2847 2495 2910 inque
2526 2845 2914 2910 unam_eoeu:it
2936 2838 3204 2910 contraria
3229 2838 3411 2910 vitam.

2037 2899 2270 2970 Namque
2291 2899 2477 2956 anima
2506 2921 2568 2956 ex
2595 2905 2762 2971 nullis
2780 2908 2850 2971 _ut
2879 2899 3352 2971 ceteragiguitur,
3375 2905 3564 2971 capere

2037 2961 2304 3026 lnteritus.
2337 2971 2438 3020 nisi
2467 2969 2612 3032 quod
2642 2966 2868 3017 Domino
2899 2961 3200 3032 cruciabilis
3231 2961 3324 3008 uni
3352 2961 3450 3032 est,

2036 3035 2099 3083 Et
2127 3047 2216 3082 rea
2246 3023 2381 3082 ferre
2410 3023 2586 3095 potest
2615 3043 2830 3095 prauam
2861 3027 2962 3095 sub
2989 3023 3206 3095 nomine
3236 3023 3438 3095 mortis,

2035 3086 2428 3158 Terreuamqué
2456 3086 2647 3158 illapsu
2675 3091 2909 3158 domum,
2932 3088 3026 3158 dat
3051 3086 3231 3158 vivere
3259 3093 3440 3158 secum

2036 3151 2364 3214 Consorteuf,
2399 3161 2454 3206 et
2481 3151 2682 3219 pariter
2709 3152 2951 3219 divinum
2983 3151 3194 3219 haurire
3222 3155 3498 3219 vaporem.

2038 3208 2144 3270 Nec
2173 3219 2301 3284 quia
2328 3208 2602 3284 dissimilis
2629 3217 3029 3284 rerumnatura
3057 3211 3284 3284 duarum
3313 3208 3410 3262 est,

2045 3273 2229 3346 Dispdr
2257 3281 2493 3346 conditio
2523 3281 2831 3346 est._rnanet
2858 3277 3032 3346 critus
3060 3285 3202 3346 unus
3232 3273 3541 3330 utrumque,

2044 3337 2150 3396 Sed
2178 3344 2355 3407 potior
2377 3343 2484 3407 juri
2503 3337 3126 3407 subdaturpgsterioris,

1952 3409 2089 3456 879
2119 3399 2222 3458 Se'u
2251 3420 2306 3454 se
2327 3399 2542 3467 majoris
2570 3403 2752 3467 virtuti
2772 3399 3034 3467 inﬁrmior
3056 3399 3250 3467 aequet.

2044 3472 2134 3519 Est
2161 3469 2302 3518 enim
2339 3461 2616 3516 cntharum
2645 3465 2806 3520 vinci,
2835 3467 2914 3512 est
2943 3464 2998 3511 et
3023 3461 3236 3510 vincere
3263 3467 3440 3520 posse,

2049 3534 2307 3581 Proticere
2339 3535 2390 3579 et
2417 3529 2606 3585 minui,
2635 3541 2859 3588 regnare
2888 3529 2943 3574 et
2974 3524 3192 3588 perdere
3217 3529 3462 3588 regnum.

2045 3597 2162 3644 Non
2192 3594 2319 3656 quia
2342 3593 2462 3656 plus
2477 3582 2746 3656 cuiquam,
2769 3589 2948 3656 minus
2975 3582 3072 3656 aut
3100 3585 3152 3633 in
3183 3582 3391 3656 origine
3423 3588 3598 3628 causae

2045 3648 2304 3705 Nasrehdi
2335 3648 2630 3709 attulerint,
2663 3658 2756 3701 aut
2787 3650 2892 3700 ulla
2921 3653 3146 3698 externa
3171 3648 3378 3694 creatos

2046 3720 2136 3768 Vis
2164 3720 2388 3780 premat.
2418 3717 2740 3780 ignarosque
2768 3716 2889 3780 agat
2916 3712 2968 3760 in
3001 3709 3309 3780 discrimina
3338 3714 3551 3780 morum
3582 3714 3596 3749 :

2047 3781 2149 3830 Sed
2169 3771 2302 3844 'quia
2333 3771 2469 3844 libcr'
2491 3771 2735 3844 homo'et
2762 3771 2974 3844 sapiens
3000 3773 3301 3844 discernere
3329 3771 3490 3818 rectis

2047 3834 2211 3892 Ρωνεί
2239 3845 2430 3905 potest,
2453 3841 2505 3890 in
2526 3855 2592 3905 se
2609 3840 2755 3888 intus
2776 3834 2982 3905 habens
2999 3834 3302 3905 discrimina
3321 3845 3521 3886 rerum,

2045 3896 2256 3970 Jusque'
2276 3896 2566 3954 voluntatis
2595 3915 2700 3966 quo
2731 3902 2991 3964 temperat
3018 3896 3296 3947 arbitrium
3325 3907 3494 3945 mens.

2513 4025 2735 4065 EPILOGI
2773 4013 2954 4063 CAPUT
2989 4021 3044 4060 v.

1955 4099 2102 4162 Quod
2146 4099 2278 4148 Deus
2319 4082 2492 4148 omnes
2537 4096 2764 4146 homines
2809 4093 2918 4144 vult
2961 4091 3129 4142 salvos
3167 4091 3304 4156 ﬁeri,
3341 4089 3457 4140 licet
3499 4103 3604 4162 non

2017 4185 2190 4219 omnes
2217 4169 2482 4218 solventur
2508 4183 2527 4218 :
2557 4165 2696 4230 quod
2729 4168 2898 4214 autem
2936 4163 3148 4226 quidam
3189 4162 3476 4221 salvantur,
3499 4160 3602 4210 sal-

2016 4243 2185 4290 vanh's
2211 4241 2280 4289 sit
2305 4239 2515 4298 donum,
2546 4242 2596 4288 et
2624 4237 2764 4303 quod
2789 4235 2998 4300 quidam
3031 4235 3268 4298 pereunt,
3293 4233 3362 4282 sit
3385 4244 3604 4296 pereun-

2017 4314 2144 4362 tium
2171 4312 2430 4362 meritum.

2025 4411 2274 4468 Sanctus
2305 4407 2653 4465 Coalestinus
2683 4407 2755 4462 ad
2784 4404 3092 4461 Venerium
3125 4406 3182 4458 et
3207 4392 3444 4458 caeteros
3474 4398 3605 4456 Gal-

1954 4500 2176 4557 licanos
2232 4498 2536 4570 episcopos
2565 4499 2706 4568 (post
2749 4497 2906 4567 epist.
2937 4496 2994 4561 8)
3019 4510 3031 4550 :
3056 4515 3084 4544 «
3120 4489 3603 4547 Obscerationum

182 4581 341 4640 illud.
359 4585 436 4640 Et
467 4583 866 4655 interrogatus
899 4599 1024 4654 qua:
1055 4587 1145 4638 est
1163 4599 1297 4638 vera
1325 4583 1587 4654 libertas,
1611 4601 1846 4656 respon-
1874 4596 1920 4660 Ι)
1950 4587 2397 4644 sacerdotalium
2427 4587 2797 4642 sacramenta
2817 4581 3358 4655 respiciamus,quaa
3378 4577 3452 4634 ab
3473 4593 3607 4650 apo-

183 4669 264 4726 dit
293 4689 308 4726 :
341 4673 612 4728 Maxima
640 4672 762 4726 haec
811 4670 1052 4727 libertas
1084 4676 1192 4738 est,
1227 4672 1444 4728 servire
1487 4673 1754 4744 justitiae,
1787 4678 1847 4730 et

181 4766 416 4830 peccato
465 4760 724 4816 liberum
767 4777 914 4816 esse.
940 4784 969 4809 »
1001 4762 1069 4816 Et
1100 4761 1346 4832 Prosper
1376 4766 1596 4818 contra
1645 4761 1840 4818 Gallos

179 4851 338 4922 (resp.
363 4851 426 4918 6)
453 4867 507 4906 τα
545 4849 821 4906 Liberum
872 4849 1182 4905 arbitrium
1233 4848 1378 4905 nihil
1427 4867 1576 4918 esse,
1603 4849 1692 4906 vel
1723 4868 1838 4907 non

178 4951 320 5003 esse,
355 4955 676 5011 perperam
717 4937 977 4994 dicitur:
1013 4939 1114 4994 sed
1165 4942 1300 4993 ante
1346 4937 1837 4994 illuminationem

180 5025 308 5082 ﬁdei
341 5026 404 5082 in
441 5026 724 5095 tenebris,
750 5027 806 5081 id
829 5031 921 5082 est
947 5025 1007 5081 in
1039 5027 1248 5082 umbra
1270 5027 1477 5082 mortis
1507 5044 1696 5098 agere,
1725 5044 1838 5082 non

179 5119 328 5170 recte
356 5119 658 5188 negatur:
691 5114 971 5186 quoniam
1004 5115 1350 5187 priusquam
1381 5132 1414 5170 a
1443 5115 1842 5172 dominatione

177 5201 390 5261 diaboli
424 5222 538 5276 per
567 5205 670 5261 Dei
701 5205 953 5278 gratiam
992 5204 1292 5272 liberetur,
1318 5203 1377 5260 in
1417 5203 1516 5260 illo
1555 5204 1844 5276 profundo

169 5291 342 5363 jacet,
379 5294 444 5349 in
481 5293 640 5364 quod
673 5311 735 5350 se
765 5311 875 5349 sua
903 5292 1170 5348 libertate
1197 5293 1494 5348 demersit.
1521 5293 1844 5349 Arbitrium

173 5382 328 5437 enim
361 5381 636 5438 hominis
667 5383 852 5453 gratia
882 5381 983 5436 Dei
1026 5399 1140 5437 non
1175 5380 1386 5451 abolet,
1420 5383 1517 5436 sed
1553 5383 1765 5448 adolet,
1789 5385 1847 5438 et

175 5469 243 5525 ab
269 5487 484 5526 errore
509 5470 570 5526 in
593 5471 746 5526 viam
773 5477 1003 5527 revocat
1024 5487 1090 5526 ac
1121 5470 1366 5540 reducit,
1392 5472 1631 5542 utquod
1656 5489 1764 5527 sua
1783 5471 1847 5528 li-

176 5558 401 5616 bertate
423 5563 564 5614 erat
587 5575 849 5630 pravum,
875 5559 1086 5631 spiritu
1109 5558 1210 5614 Dei
1233 5563 1438 5630 agente
1462 5557 1535 5614 sit
1560 5565 1843 5616 rectum.»

177 5645 244 5701 Et
267 5647 422 5704 item
455 5647 524 5702 in
557 5647 705 5704 libro
736 5648 809 5705 de
839 5648 1088 5720 lngratis
1114 5652 1317 5704 contra
1349 5647 1686 5719 Pelagianos
1719 5665 1733 5702 :

1955 4676 2122 4734 stolis
2143 4677 2378 4738 tradita,
2398 4675 2457 4729 in
2479 4678 2602 4730 toto
2626 4673 2846 4728 mundo
2866 4676 3042 4744 atque
3065 4669 3124 4725 in
3141 4667 3299 4724 omni
3317 4667 3607 4725 catholica

1947 4765 2206 4822 Ecclesia
2228 4763 2604 4820 uniformiter
2627 4761 3101 4825 eelebrantur,ut
3121 4759 3309 4832 legem
3331 4756 3605 4814 credendi

1949 4853 2041 4910 lex
2070 4858 2292 4910 statuat
2321 4851 2716 4924 supplicandi.
2741 4850 2886 4906 Cum
2917 4847 3074 4905 enim
3111 4851 3451 4904 sanctarum
3481 4845 3602 4920 ple-

1948 4943 2112 4998 bium
2146 4941 2426 5014 prtesules
2457 4941 2736 4995 mandata
2773 4939 2885 4994 sibi
2927 4937 3216 5012 legatione
3257 4937 3603 5009 funguntur,

1949 5031 2106 5103 apud
2134 5029 2399 5086 ‘divinam
2451 5027 2824 5084 clementiam
2867 5025 3113 5083 humani
3145 5023 3377 5098 generis
3422 5025 3604 5095 agunt

1949 5136 2212 5184 causam,
2239 5123 2298 5173 et
2327 5122 2452 5173 tota
2476 5133 2677 5173 secum
2709 5114 2966 5172 Ecclesia
2994 5113 3482 5186 congemiscentc,
3507 5125 3605 5181 po-

1953 5208 2175 5264 stulant
2197 5211 2256 5262 et
2287 5210 2601 5278 precantur
2631 5208 2696 5260 ut
2727 5203 3066 5260 infidelibus
3085 5203 3334 5257 donetur
3350 5197 3515 5266 ﬁdes,
3538 5201 3608 5254 ut

1953 5295 2269 5352 idololatraa
2301 5295 2374 5350 ab
2413 5293 2895 5366 impietatis‘suae
2934 5291 3255 5346 liberentur
3285 5285 3602 5354 erroribus,

1954 5388 2018 5438 ut
2046 5383 2265 5439 Judasis
2298 5382 2529 5437 sublato
2561 5383 2753 5436 cordis
2771 5377 3058 5435 velamine
3088 5376 3186 5430 lux
3209 5374 3470 5430 veritatis
3501 5391 3604 5448 αρε

1953 5477 2176 5545 pareat,
2199 5477 2263 5526 ut
2283 5470 2540 5526 hmretici
2557 5469 2854 5526 catholica:
2871 5465 3006 5522 ﬁdei
3029 5461 3384 5536 perceptioni
3409 5463 3606 5536 resipi-

1953 5565 2140 5626 scunt,
2168 5564 2231 5615 ut
2269 5559 2633 5614 schismatici
2667 5556 2939 5628 spiritum
2991 5550 3253 5609 redivivas
3303 5550 3608 5612 cbaritatis

1953 5649 2260 5721 accipiant,
2278 5652 2343 5704 ut
2364 5647 2547 5718 lapsis
2569 5643 2920 5716 pamitentiae
2935 5639 3191 5700 remedia
3207 5641 3602 5714 conferantur,
