3962 6178
327 347 446 408 με

1259 344 1644 407 HINCMARI
1687 343 2136 408 RHEMENSIS
2181 346 2802 410 ARCHIEPISCOPI.

3613 345 3730 408 ω

330 484 396 539 ut
423 479 678 553 denique
709 474 1146 537 catechumenis
1185 478 1258 535 ad
1301 477 1756 552 regenerationis
1787 494 1979 536 sacra-
2007 479 2064 546 Α
2091 477 2242 551 lapsi
2275 495 2327 533 :«
2358 479 2419 535 Si
2450 483 2757 552 propterea
2784 496 2892 536 nos
2933 477 3166 535 fecisset
3202 478 3356 536 Deus
3387 483 3452 534 ut
3481 477 3732 552 puniret,

333 575 534 627 menta
562 569 860 648 perductis
890 567 1142 625 ccelestis
1169 567 1579 624 misericordia:
1609 567 1744 624 aula
1773 584 1984 624 resere-

331 663 447 716 tur.
474 683 502 710 »
528 661 717 716 Tanta
745 657 901 714 enim
933 660 1022 714 est
1051 675 1188 731 erga
1217 675 1420 714 omnes
1451 658 1720 714 homines
1750 658 1982 714 bonitas

332 749 456 817 Dei,
490 753 555 804 ut
584 751 786 804 nostra
815 747 954 804 velit
1001 765 1128 804 esse
1177 748 1385 804 merita
1430 765 1558 820 quis
1607 751 1748 802 sunt
1794 747 1982 820 ipsius

334 837 507 905 dona,
533 840 588 893 et
617 853 720 910 pro
747 836 842 892 his
863 853 990 909 qua;
1020 835 1270 910 largitus
1291 840 1380 892 est
1403 841 1618 891 aeterna
1648 835 1888 908 praemia
1909 835 1985 892 sit

333 926 681 989 donaturus.
713 927 784 982 Et
813 925 1068 982 Joannes
1099 925 1548 999 Chrysostomus
1581 925 1641 979 in
1673 925 1983 998 Evangelio

333 1014 590 1071 Matthzei
620 1014 864 1070 homilia
888 1017 960 1071 25
991 1033 1005 1071 :
1037 1039 1064 1065 ‹‹
1105 1015 1323 1070 Idcirco
1355 1014 1534 1081 enim,
1569 1013 1779 1086 inquit,
1813 1013 1983 1069 altari

335 1104 622 1161 assistens
653 1106 924 1162 sacerdos
954 1123 1056 1178 pro
1089 1104 1358 1160 universo
1380 1105 1516 1160 orbe
1546 1107 1857 1171 terrarum,
1880 1120 1984 1176 pro

336 1193 682 1250 absentibus
711 1199 884 1267 atque
916 1193 1322 1267 praesentibus,
1347 1209 1449 1266 pro
1479 1193 1573 1248 his
1595 1193 1693 1266 qui
1715 1195 1849 1248 ante
1878 1209 1986 1248 nos

337 1281 594 1350 fuerunt,
627 1299 730 1355 pro
784 1283 877 1340 his
908 1283 1006 1356 qui
1053 1287 1254 1356 postea
1301 1287 1441 1338 sunt
1488 1281 1690 1350 futuri,
1721 1282 1986 1338 sacrﬁcio

336 1369 438 1427 illo
469 1372 786 1445 proposito,
822 1373 938 1429 Deo
971 1389 1078 1428 nos
1124 1371 1344 1444 gratias
1385 1372 1556 1444 jubet
1602 1372 1834 1428 referre.
1873 1373 1987 1427 lloc

337 1459 553 1532 quippe
570 1465 628 1516 et
646 1478 679 1516 a
699 1465 852 1517 terra
873 1479 978 1517 nos
1001 1460 1230 1528 liberat,
1245 1465 1300 1516 et
1320 1461 1649 1533 transponit
1670 1460 1728 1516 in
1752 1460 1984 1529 caelum,

339 1552 513 1622 atque
529 1567 602 1606 ex
632 1549 974 1606 hominibus
997 1551 1236 1624 angelos
1265 1550 1422 1606 facit.
1450 1573 1476 1600 »
1509 1551 1759 1606 Sanctus
1789 1550 1991 1623 Diony-

338 1637 464 1694 sius
483 1639 858 1714 Areopagites
878 1639 938 1696 in
961 1639 1108 1696 libro
1131 1640 1201 1695 de
1221 1639 1614 1696 ecclesiastico
1633 1638 1986 1711 Principatu,

339 1745 466 1802 cap.
498 1733 535 1784 2
567 1746 633 1786 ;‹‹
665 1729 1014 1786 Hierarchas
1057 1728 1294 1802 quidem
1345 1729 1754 1801 unusquisque
1786 1729 1858 1784 ad
1888 1727 1989 1784 Dei

341 1815 756 1874 similationem
791 1836 996 1874 omnes
1025 1817 1295 1874 homines
1323 1817 1523 1874 volens
1553 1817 1797 1886 salvare,
1829 1821 1887 1873 et
1917 1817 1987 1872 ad

339 1905 700 1979 agnitionem
729 1907 989 1963 veritatis
1017 1909 1232 1978 venire,
1259 1907 1533 1980 praedicat
1554 1906 1827 1963 omnibus
1857 1923 1992 1962 vera

339 1994 654 2068 Evangelia
677 2013 689 2050 :
717 1997 938 2065 Quanti,
972 1996 1183 2069 inquit,
1218 2005 1538 2070 acceperunt
1565 2014 1710 2065 eum,
1739 1996 1888 2053 dedit
1912 1998 1992 2052 eis

337 2090 648 2156 potestatem
675 2085 820 2155 ﬁlios
862 2087 961 2142 Dei
987 2087 1131 2158 ﬁeri,
1152 2086 1492 2144 credentibus
1523 2088 1583 2142 in
1608 2088 1830 2143 nomine
1875 2089 1992 2158 ejus

341 2173 520 2239 (Joan.
556 2189 595 2242 ι,
632 2174 740 2242 12).
774 2175 834 2230 Si
863 2175 997 2248 quis
1038 2191 1174 2250 ergo
1225 2175 1474 2232 discedit
1503 2193 1536 2231 a
1563 2192 1698 2230 vero
1745 2175 1988 2240 lumine,

342 2264 445 2318 aut
473 2261 546 2318 de
575 2261 1094 2338 intellectualibus,
1119 2270 1438 2338 spontaneo
1459 2264 1719 2332 arbitrio,
1753 2263 1991 2319 malitiae

344 2349 684 2423 cupiditate,
708 2353 1064 2410 concludens
1091 2353 1752 2427 naturaliteﬁinspersas
1775 2353 1886 2410 sibi
1919 2354 1992 2409 ad

343 2437 664 2496 illuminari
684 2440 947 2510 virtutes,
971 2443 1127 2500 880
1160 2460 1264 2515 per
1292 2443 1552 2515 seipsum
1582 2459 1644 2498 se
1675 2442 1992 2498 destruet.»

343 2528 414 2584 Et
442 2533 680 2588 sanctus
701 2530 1025 2604 Cyprianus
1054 2531 1114 2586 in
1137 2531 1284 2587 libro
1307 2533 1378 2588 de
1399 2531 1670 2588 Oratione
1691 2530 1994 2586 Dominica

343 2617 486 2674 dicit
513 2635 526 2674 :
552 2642 580 2669 ‹‹
612 2620 758 2676 Nam
799 2637 932 2676 cum
973 2620 1246 2694 discipuli
1276 2620 1350 2678 ab
1381 2638 1447 2678 eo
1479 2639 1594 2677 non
1619 2622 1744 2694 jam
1777 2620 1993 2676 terreni

345 2707 735 2780 appellantur,
757 2709 861 2766 sed
889 2709 975 2766 sal
997 2713 1182 2776 terrae,
1197 2715 1254 2767 et
1275 2710 1589 2784 Apostolus
1611 2709 1866 2784 primum
1889 2710 1992 2766 bo-

347 2795 564 2854 minem
585 2801 750 2854 vocet
769 2799 841 2854 de
863 2803 1027 2854 terrae
1048 2798 1210 2866 limo,
1234 2802 1558 2857 secundum
1584 2817 1716 2856 vero
1739 2801 1808 2856 de
1829 2799 1993 2868 coelo,

345 2891 404 2942 et
433 2903 539 2942 nos
569 2887 668 2960 qui
698 2903 826 2944 esse
857 2888 1140 2946 debemus
1177 2889 1332 2946 Patri
1371 2891 1487 2948 Deo
1518 2889 1740 2947 similes
1771 2889 1872 2962 qui
1903 2907 1994 2946 so-

346 2973 460 3032 lem
494 2993 668 3033 suum
701 2977 838 3033 oriri
871 2977 1010 3034 facit
1035 2996 1212 3052 super
1239 2979 1424 3036 bonos
1454 2985 1512 3036 et
1539 2979 1748 3050 malos,
1771 2984 1827 3034 et
1851 2978 1999 3052 pluit

348 3083 526 3138 super
563 3067 762 3138 justos
793 3070 850 3122 et
880 3067 1152 3139 injustos,
1182 3069 1266 3125 sic
1295 3069 1522 3126 Christo
1562 3073 1834 3126 monente
1863 3085 1998 3124 ora-

347 3171 484 3211 mus
504 3159 562 3211 et
584 3155 858 3228 petimus,
873 3160 938 3212 ut
955 3174 1185 3229 precem
1209 3175 1312 3230 pro
1333 3159 1598 3214 omnium
1616 3158 1804 3215 salute
1827 3157 1996 3213 facia-

2091 573 2244 624 recte
2277 569 2618 642 desperares
2637 573 2696 625 et
2715 569 3017 624 dubitares
3042 568 3113 624 de
3143 567 3332 624 salute
3361 571 3499 626 tua:
3525 567 3574 624 si
3603 585 3734 625 vero

2091 660 2328 730 propter
2357 658 2680 714 bonitatem
2714 675 2885 714 suam
2919 659 3328 714 tantummodo
3355 675 3463 714 nos
3494 657 3646 727 fecit,
3675 663 3739 714 ut

2092 747 2325 803 aeternis
2341 748 2470 819 ejus
2489 747 2660 804 bonis
2675 753 2734 803 et
2753 747 3098 804 muneribus
3121 747 3404 814 fruamur,
3421 751 3596 820 atque
3610 765 3738 820 qua:

2093 835 2214 908 agit
2242 836 2314 892 ab
2346 835 2512 892 initio
2535 835 2730 893 saeculi
2754 853 2941 910 usque
2969 837 3042 892 ad
3074 853 3330 909 praesens
3348 840 3586 908 tempus
3603 853 3740 908 pro-

2093 930 2291 998 pterea
2311 925 2452 998 agit,
2474 929 2532 982 et
2553 929 2860 998 propterea
2881 929 3100 990 monet,
3125 928 3192 980 ut
3215 941 3322 980 nos
3341 923 3743 981 misericordia

2093 1031 2204 1070 sua
2235 1013 2434 1083 salvet,
2460 1031 2586 1086 quae
2615 1013 2770 1070 ultra
2797 1013 2966 1070 nobis
2995 1013 3366 1086 desperandi,
3399 1031 3526 1086 quae
3555 1013 3740 1069 ambi-

2081 1103 2266 1177 ‘gendi
2299 1120 2479 1159 causa
2507 1103 2833 1176 supererit?
2857 1126 2884 1154 »
2905 1104 2977 1158 Et
3004 1107 3244 1159 sanctus
3266 1103 3657 1176 Hieronymus
3684 1101 3742 1158 in

2094 1193 2436 1249 Commento
2458 1191 2726 1266 Epistolm
2758 1193 2828 1248 ad
2861 1191 3143 1264 Ephesios
3178 1208 3192 1246 :
3223 1191 3400 1248 Nolite
3425 1192 3748 1248 contristare

2092 1283 2365 1355 Spiritum
2393 1291 2643 1338 sanctum
2687 1282 2786 1338 Dei
2814 1281 3025 1354 (Ephes.
3051 1298 3126 1349 ιν,
3149 1280 3240 1353 30)
3265 1297 3279 1336 :
3305 1303 3334 1331 ‹‹
3368 1280 3580 1336 Mmror
3618 1280 3746 1353 Spi-

2095 1370 2246 1427 ritus
2276 1371 2462 1426 sancti
2495 1371 2580 1427 sic
2609 1369 3028 1444 intelligendus
3048 1373 3160 1439 est,
3182 1370 3474 1442 quomodo
3503 1369 3592 1424 ira
3619 1368 3745 1436 Dei,

2095 1465 2153 1517 et
2181 1477 2450 1530 somnus,
2483 1464 2542 1516 et
2570 1463 2790 1516 caeteras
2833 1459 2894 1515 in
2933 1459 3256 1516 humanam
3297 1457 3748 1514 similitudinem

2096 1548 2424 1621 passiones.
2456 1549 2581 1603 Non
2615 1565 2731 1620 quo
2760 1548 3142 1605 contristetur
3171 1547 3445 1621 Spiritus,
3477 1551 3536 1604 et
3565 1545 3747 1602 ullam

2099 1637 2597 1710 perturbationem
2619 1637 2906 1693 Divinitas
2930 1637 3180 1694 sentiat:
3206 1638 3309 1693 sed
3331 1653 3448 1709 quo
3471 1653 3540 1692 ex
3559 1634 3751 1693 verbis

2099 1727 2317 1782 nostris
2339 1725 2440 1782 Dei
2461 1726 2761 1783 discamus
2781 1727 3215 1798 aﬁectus,quod
3239 1729 3482 1782 maereat
3501 1723 3754 1798 quoties-

2099 1832 2331 1888 cunque
2379 1832 2713 1888 pcccamus,
2745 1820 2804 1872 et
2851 1815 3062 1872 deﬂeat
3109 1819 3461 1888 peccatores.
3493 1815 3646 1871 Nam
3697 1817 3752 1870 et

2100 1905 2364 1961 Salvator
2392 1905 2450 1960 in
2473 1922 2713 1977 corpore
2733 1904 3090 1961 constitutus
3112 1903 3268 1962 ﬂevit
3289 1903 3678 1971 Hierusalem,
3698 1907 3754 1960 et

2100 2011 2274 2050 omne
2295 1993 2599 2050 hominum
2625 2011 2810 2068 genus
2831 1995 2892 2050 in
2919 1994 3204 2068 propheta
3223 1993 3488 2067 deplorat
3507 1994 3749 2050 dicens:

2099 2085 2215 2140 Heu
2243 2085 2384 2140 mihi
2410 2085 2626 2140 anima!
2661 2086 2792 2156 quia
2825 2085 2997 2156 periit
3043 2099 3292 2139 reverens
3318 2099 3352 2139 a
3381 2090 3550 2149 terra,
3579 2091 3635 2138 et
3662 2085 3756 2156 qui

2099 2175 2338 2245 corrigat
2364 2175 2508 2229 inter
2532 2175 2776 2230 homines
2800 2189 2908 2230 non
2937 2180 3017 2229 est
3037 2191 3054 2227 :
3074 2189 3258 2229 omnes
3287 2173 3346 2228 in
3376 2173 3653 2244 sanguine
3670 2173 3755 2245 ju-

2099 2263 2406 2318 dicantur.»
2435 2263 2506 2318 Et
2535 2267 2776 2320 sanctus
2795 2260 3161 2336 Augustinus
3189 2259 3249 2316 in
3270 2259 3419 2316 libro
3440 2261 3511 2316 de
3535 2260 3757 2316 Littera

2101 2356 2158 2408 et
2179 2352 2398 2425 Spiritu
2422 2353 2560 2425 (cap.
2582 2353 2677 2422 33)
2699 2369 2749 2407 :«
2773 2351 2914 2407 Vult
2943 2356 3140 2407 autem
3163 2350 3319 2407 Deus
3339 2366 3546 2406 omnes
3572 2348 3758 2406 homi-

2102 2458 2207 2498 nes
2237 2441 2428 2498 salvos
2476 2441 2620 2510 fieri,
2645 2446 2704 2498 et
2731 2440 2790 2496 in
2833 2439 3192 2514 agnitionem
3222 2438 3482 2496 veritatis
3509 2439 3713 2494 venire
3740 2455 3754 2494 :

2103 2548 2220 2586 non
2237 2529 2320 2586 sic
2337 2531 2486 2587 881
2509 2534 2800 2600 tamen,ut
2813 2529 2899 2586 eis
2911 2529 3134 2586 adimat
3148 2527 3399 2584 liberum
3417 2527 3759 2598 arbitrium,

2103 2636 2220 2692 quo
2245 2619 2332 2676 vel
2354 2619 2500 2676 bene
2516 2619 2606 2675 vel
2628 2619 2778 2674 male
2798 2622 3029 2675 utentes
3042 2616 3377 2690 justissima
3389 2615 3756 2688 judicentur.

2103 2709 2264 2778 Quod
2297 2725 2433 2772 cum
2466 2709 2551 2776 fit,
2585 2707 2851 2764 infideles
2883 2707 3119 2780 quidem
3159 2709 3364 2762 contra
3388 2704 3758 2761 voluntatem

2103 2799 2206 2856 Dei
2237 2797 2476 2867 faciunt,
2510 2814 2645 2854 cum
2676 2797 2806 2868 ejus
2834 2794 3142 2870 Evangelio
3175 2812 3290 2852 non
3320 2794 3574 2850 credunt
3606 2811 3621 2850 :
3657 2811 3760 2850 nec

2105 2889 2235 2946 ideo
2260 2892 2455 2946 tamen
2503 2904 2632 2944 eam
2661 2886 2924 2956 vincunt,
2955 2902 3156 2942 verum
3207 2885 3432 2958 seipsos
3483 2883 3764 2940 fraudant

2105 2995 2320 3052 magno
2349 2981 2408 3034 et
2432 2993 2666 3034 summo
2689 2977 2862 3040 bono,
2886 2975 3177 3048 malisque
3197 2972 3528 3048 pmnalibus
3561 2971 3761 3044 impli-

2106 3073 2260 3135 cant,
2283 3066 2574 3140 experturi
2608 3065 2668 3121 in
2699 3063 3005 3139 suppliciis
3035 3067 3379 3138 potestatem
3409 3062 3564 3134 ejus,
3589 3063 3764 3135 cujus

2107 3157 2164 3212 in
2189 3155 2360 3212 donis
2383 3154 2845 3212 misericordiam
2865 3155 3359 3226 contempserunt.
3381 3151 3468 3206 Ita
3483 3149 3763 3206 voluntas

349 3259 507 3310 mus,
533 3247 596 3299 ut
616 3245 908 3316 quomodo
933 3245 990 3301 in
1014 3246 1178 3315 coelo,
1203 3246 1259 3302 id
1283 3252 1374 3304 est
1399 3247 1456 3302 in
1481 3249 1671 3315 nobis,
1697 3265 1800 3320 per
1821 3246 1994 3302 [idem
2025 3219 2070 3289 (ἶ
2107 3244 2209 3302 Dei
2240 3261 2474 3318 semper
2519 3243 2736 3300 invicta
2763 3247 2854 3299 est
2884 3259 2898 3298 :
2932 3241 3260 3298 vinceretur
3306 3244 3524 3306 autem,
3559 3239 3614 3296 si
3649 3257 3764 3296 non

350 3337 614 3388 nostram
633 3331 904 3390 voluntas
921 3335 1021 3392 Dei
1044 3337 1196 3392 facta
1209 3341 1298 3391 est
1315 3341 1380 3392 ut
1399 3353 1666 3393 essemus
1688 3353 1718 3392 e
1740 3337 1903 3404 coelo,
1919 3335 2000 3392 ita

351 3422 409 3474 et
437 3418 497 3474 in
530 3422 704 3487 terra,
729 3421 838 3477 hoc
859 3427 949 3478 est
974 3427 1038 3478 ut
1069 3424 1186 3480 illis
1207 3425 1580 3481 credentibus
1603 3426 1704 3481 fiat
1730 3424 1999 3481 voluntas

353 3506 476 3575 Dei,
498 3512 563 3564 ut
593 3509 692 3581 qui
724 3510 916 3567 adhuc
938 3516 1078 3567 sunt
1107 3513 1298 3584 prima
1327 3513 1625 3570 nativitate
1651 3514 1885 3583 terreni,
1912 3514 1998 3569 in-

352 3595 574 3670 cipiant
603 3614 730 3654 esse
759 3597 1020 3657 caelestes
1069 3618 1138 3657 ex
1185 3618 1339 3674 aqua
1368 3606 1424 3658 et
1453 3603 1673 3674 Spiritu
1705 3601 1844 3658 nati.
1871 3625 1898 3653 »
1933 3603 2003 3658 Et

353 3689 594 3743 sanctus
617 3687 873 3746 Hilarius
901 3688 962 3744 in
995 3690 1252 3746 secundo
1282 3689 1430 3747 libro
1461 3691 1531 3748 de
1561 3691 1698 3747 Fide
1720 3691 1843 3764 (lib.
1867 3709 1907 3748 ιι
1937 3691 2004 3748 de

358 3777 508 3833 Trin.
542 3780 674 3848 post
703 3777 984 3851 medium)
1009 3795 1059 3834 εκ
1093 3779 1345 3835 Humani
1377 3779 1534 3836 enim
1565 3781 1795 3853 generis
1825 3798 2004 3838 causa

354 3863 457 3920 Dei
491 3863 673 3920 Filius
705 3868 878 3922 natus
920 3883 989 3922 ex
1033 3865 1257 3940 virgine
1303 3872 1414 3936 est,
1448 3873 1505 3924 et
1533 3869 1751 3942 Spiritu
1803 3873 2002 3925 sancto

356 3951 483 4024 ipso
507 3951 616 4008 sibi
646 3953 705 4008 in
727 3953 834 4010 hac
855 3956 1187 4026 operatione
1218 3956 1559 4029 famulante,
1573 3963 1629 4014 et
1651 3975 1758 4014 sua
1787 3958 1886 4014 Dei
1920 3959 2003 4014 vi-

357 4040 567 4097 delicet
595 4040 970 4100 inumbrante
1000 4043 1232 4113 virtute,
1254 4046 1514 4119 corporis
1537 4045 1649 4102 sibi
1678 4046 1845 4102 initia
1874 4064 2006 4103 con-

357 4129 521 4198 sevit,
543 4133 600 4186 et
628 4131 862 4188 exordia
891 4133 1084 4190 carnis
1112 4132 1389 4203 instituit,
1420 4138 1485 4190 ut
1511 4135 1687 4192 homo
1717 4135 1906 4192 factus
1937 4153 2006 4191 ex

355 4217 576 4292 virgine
609 4224 878 4276 naturam
909 4221 968 4278 in
1013 4239 1074 4280 se
1115 4223 1420 4296 acciperet,
1453 4241 1672 4297 perque
1702 4224 1880 4297 hujus
1911 4226 2007 4280 ad-

294 4353 304 4358 -
357 4307 653 4366 mistionis
683 4309 1025 4367 societatem
1057 4312 1490 4368 sanctiﬁcatum
1529 4312 1588 4367 in
1636 4329 1702 4368 eo
1751 4313 2004 4370 universi

357 4396 589 4470 generis
629 4397 872 4454 humani
900 4415 1114 4472 corpus
1162 4399 1476 4456 existeret:
1512 4403 1575 4456 ut
1626 4402 2004 4474 quemadmo-

359 4485 501 4540 dum
523 4503 728 4542 omnes
751 4486 808 4542 in
833 4503 895 4544 se
917 4504 1022 4560 per
1042 4487 1099 4543 id
1123 4488 1277 4560 quod
1300 4505 1642 4562 corporeum
1674 4506 1802 4546 esse
1825 4490 2008 4546 voluit

2108 3333 2393 3390 inveniret
2422 3331 2566 3406 quid
2597 3333 2668 3388 de
2711 3330 3212 3404 contemptoribus
3249 3330 3484 3396 faceret,
3507 3332 3617 3384 aut
3648 3326 3764 3384 ullo

2109 3423 2280 3479 modo
2300 3425 2536 3495 possent
2547 3421 2787 3478 evadere
2799 3421 2953 3494 quod
2969 3421 3040 3476 de
3054 3418 3272 3476 talibus
3289 3417 3386 3474 ille
3395 3416 3765 3474 constituit.»

2109 3515 2178 3566 Et
2201 3511 2261 3567 in
2283 3509 2431 3567 libro
2454 3511 2525 3566 de
2547 3508 2978 3566 catechizandis
2997 3508 3267 3565 Rudibus
3291 3525 3340 3562 τε(
3363 3506 3530 3574 Vere,
3559 3506 3762 3573 frater,

2111 3601 2212 3658 illa
2241 3617 2456 3675 magna
2486 3603 2542 3656 et
2560 3617 2694 3656 vera
2725 3597 3024 3655 beatitudo
3045 3601 3154 3666 est,
3178 3613 3304 3670 qua":
3336 3596 3396 3651 in
3427 3595 3632 3650 futuro
3655 3611 3766 3650 saa-

2111 3690 2242 3748 culo
2263 3689 2484 3746 sanctis
2503 3685 3100 3761 promittitur.0mnia
3117 3701 3250 3742 vero
3279 3683 3536 3740 visibilia
3565 3687 3766 3738 trans-

2110 3783 2270 3847 eunt,
2305 3782 2362 3834 et
2389 3777 2583 3834 omnis
2624 3777 2804 3849 hujus
2844 3774 3041 3832 saeculi
3080 3790 3314 3848 pompa,
3347 3777 3404 3830 et
3429 3771 3682 3840 deliciae,
3714 3776 3770 3829 et

2111 3867 2422 3924 curiositas
2437 3865 2782 3934 interibunt,
2799 3869 2856 3920 et
2877 3880 3077 3920 secum
3100 3863 3169 3920 ad
3191 3862 3497 3918 interitum
3515 3861 3771 3918 trahunt

2113 3962 2404 4014 amatores
2433 3973 2591 4011 suos.
2615 3955 2662 4010 A
2691 3969 2806 4026 quo
2837 3952 3100 4021 interitu,
3135 3952 3244 4008 hoc
3271 3954 3362 4008 est
3390 3949 3581 4024 pcenis
3605 3967 3768 4006 sem-

2113 4044 2379 4119 piternis,
2400 4044 2554 4100 Deus
2574 4042 2908 4098 misericors
2929 4041 3126 4097 volens
3158 4056 3362 4096 omnes
3390 4037 3671 4094 homines
3699 4037 3768 4092 li-

2113 4135 2336 4202 berare,
2361 4133 2410 4188 si
2431 4132 2544 4190 sibi
2567 4131 2680 4204 ipsi
2711 4147 2826 4187 non
2857 4131 2977 4186 sint
3004 4129 3322 4198 inimici,et
3345 4144 3460 4184 non
3483 4126 3772 4185 resistant

2115 4223 2526 4280 misericordiae
2543 4220 2830 4278 Creatoris
2847 4220 2960 4289 sui,
2977 4218 3142 4276 misit
3159 4218 3528 4292 unigenitum
3547 4215 3770 4272 Filium

2115 4329 2310 4382 suum,
2335 4311 2445 4367 hoc
2473 4314 2565 4366 est
2582 4309 2838 4366 Verbum
2865 4325 3038 4364 suum
3071 4306 3292 4381 aequale
3319 4305 3454 4372 sibi,
3477 4322 3585 4378 per
3611 4305 3768 4379 quod

2113 4399 2375 4458 condidit
2393 4399 2620 4456 omnia:
2635 4402 2691 4454 et
2707 4415 2953 4455 manens
2969 4397 3208 4470 quidem
3230 4397 3288 4452 in
3309 4395 3619 4452 divinitate
3641 4412 3770 4464 sua,

2114 4495 2172 4547 et
2202 4507 2316 4546 non
2347 4489 2624 4545 recedens
2653 4505 2689 4546 a
2713 4488 2901 4554 Patre,
2926 4504 3030 4544 nec
3061 4485 3122 4542 in
3148 4485 3346 4559 aliquo
3369 4487 3663 4554 mutatus,
3689 4501 3776 4541 as-

359 4574 767 4643 conderentur,
793 4574 876 4630 ita
905 4593 1140 4633 rursum
1174 4576 1232 4632 in
1265 4594 1468 4634 omnes
1496 4577 1622 4651 ipse
1647 4595 1751 4652 per
1769 4577 1826 4634 id
1849 4580 2003 4652 quod
2038 4588 2084 4654 ι)
2116 4579 2402 4636 sumendo
2434 4581 2628 4634 tamen
2665 4575 2986 4644 hominem,
3011 4580 3069 4632 et
3099 4575 3159 4632 in
3191 4592 3364 4631 carne
3395 4573 3637 4630 mortali
3671 4574 3778 4630 ho-

359 4660 489 4732 ejus
540 4665 629 4718 est
676 4661 965 4720 invisibile
1012 4665 1312 4722 referetur.
1340 4689 1368 4718 »
1390 4668 1460 4722 Et
1503 4666 1641 4723 item
1678 4683 1744 4723 :«
1790 4667 2006 4724 Munus

363 4752 558 4804 autem
590 4751 746 4822 quod
776 4750 836 4806 in
859 4751 1088 4810 Christo
1117 4758 1206 4811 est
1224 4755 1502 4812 omnibus
1532 4759 1690 4828 patet
1709 4773 1926 4824 unum;
1953 4760 2010 4814 et

363 4837 516 4910 quod
537 4837 753 4910 ubique
774 4856 887 4895 non
913 4841 1076 4898 deest
1097 4842 1157 4898 in
1183 4847 1413 4899 tantum
1434 4845 1608 4900 datur
1636 4845 1695 4900 in
1717 4849 2008 4918 quantum

362 4925 496 4998 quis
526 4925 678 4982 volet
705 4944 958 4995 sumere,
989 4928 1047 4986 in
1079 4935 1306 4988 tantum
1351 4933 1564 4990 residet
1611 4933 1669 4989 in
1719 4939 2008 5007 quantum

363 5015 496 5090 quis
524 5014 678 5072 volet
705 5017 1043 5090 promereri.
1074 5041 1102 5069 »
1126 5019 1374 5078 Sanctus
1401 5038 1635 5095 quoque
1663 5023 2010 5080 Ambrosius

362 5105 423 5161 in
455 5104 684 5180 psalmo
716 5123 886 5164 cxvm
917 5125 1210 5180 exponens
1247 5126 1480 5165 versum
1506 5127 1519 5165 :
1547 5111 1850 5168 Bonitatem
1875 5114 2008 5184 feei-

361 5197 434 5253 sti
488 5213 611 5253 eum
666 5213 820 5254 servo
873 5205 983 5268 tuo,
1008 5201 1259 5267 Domine,
1302 5199 1382 5254 ita
1411 5198 1552 5254 dicit
1582 5216 1595 5254 :
1629 5203 1814 5273 Quam
1842 5201 2010 5259 bonus

361 5285 530 5342 Israel
574 5287 714 5342 Deus
762 5288 921 5343 rectis
966 5287 1163 5344 corde!
1193 5289 1368 5357 (Psal.
1405 5305 1571 5354 Lxxn,
1599 5287 1669 5361 1).
1701 5289 1850 5359 Ergo
1903 5290 2012 5345 bo~

365 5391 476 5429 nus
507 5375 802 5444 omnibus,
836 5375 974 5448 quia
1002 5393 1208 5433 omnes
1250 5381 1405 5433 recto
1444 5377 1568 5432 vult
1614 5393 1742 5434 esse
1791 5380 1962 5436 corde
1995 5398 2008 5436 :

366 5463 464 5534 qui
495 5467 690 5520 autem
713 5465 884 5521 corde
915 5464 1309 5534 declinaverit,
1340 5466 1463 5538 ipse
1495 5483 1529 5522 a
1558 5483 1621 5522 se
1650 5467 1900 5540 gratiam
1931 5469 2015 5524 di-

363 5550 509 5606 vina:
538 5552 818 5610 bonitatis
843 5553 1088 5611 avertit:
1114 5570 1344 5627 semper
1373 5554 1527 5611 Deus
1553 5555 1744 5612 bonus
1775 5561 1918 5613 est.»
1943 5559 2015 5614 Et

2115 4667 2375 4724 minibus
2405 4667 2762 4740 apparendo,
2783 4665 2941 4723 venit
2971 4666 3042 4722 ad
3073 4665 3364 4732 homines,
3385 4664 3774 4740 utquemad-

2117 4758 2359 4814 modum
2389 4773 2492 4829 per
2521 4771 2708 4812 unum
2729 4753 3026 4810 hominem
3051 4753 3151 4826 qui
3183 4753 3410 4826 primus
3434 4741 3629 4808 factus
3663 4756 3777 4820 est,

2116 4846 2176 4902 id
2206 4849 2295 4902 est
2312 4845 2518 4915 Adam,
2542 4861 2701 4900 mors
2723 4843 2962 4898 intravit
2981 4842 3040 4898 in
3063 4859 3252 4916 genus
3270 4840 3781 4914 humanum,quia

2117 4933 2414 4992 consensit
2443 4933 2674 4990 mulieri
2705 4949 2825 4988 suae
2855 4931 3107 4989 seductas
3137 4947 3171 4987 a
3195 4929 3428 4986 diabolo
3459 4933 3524 4985 ut
3552 4946 3778 5001 praece-

2117 5028 2285 5099 ptum
2303 5022 2406 5080 Dei
2419 5022 2966 5096 transgrederentur
2985 5039 2997 5077 :
3019 5021 3101 5076 sic
3120 5037 3223 5093 per
3237 5035 3420 5075 unum
3440 5017 3784 5098 hominem,

2119 5113 2218 5186 qui
2239 5113 2416 5168 etiam
2439 5111 2594 5168 Deus
2615 5115 2722 5180 est,
2747 5110 2849 5168 Dei
2877 5109 3078 5177 Filius,
3103 5109 3308 5166 Jesum
3329 5106 3660 5175 Christum,
3687 5107 3786 5162 de-

2120 5201 2254 5258 letis
2273 5201 2548 5257 omnibus
2574 5199 2826 5273 peccatis
2856 5198 3185 5272 praeteritis,
3209 5197 3511 5254 credentes
3540 5195 3603 5250 in
3638 5213 3784 5252 eum

2119 5307 2324 5349 omnes
2353 5289 2413 5345 in
2446 5293 2723 5346 aeternam
2765 5288 2944 5344 vitam
2991 5287 3453 5360 ingrederentur.
3481 5307 3510 5336 »
3531 5285 3605 5340 Et
3639 5285 3784 5341 Pro-

2121 5397 2256 5454 sper
2291 5383 2494 5436 contra
2520 5379 2938 5435 Vincentianos
2977 5379 3138 5451 (resp.
3163 5377 3257 5450 2):
3291 5400 3319 5426 «
3365 5372 3789 5431 Sincerissima

2121 5470 2474 5528 credendum
2515 5473 2691 5540 atque
2737 5467 3128 5540 proﬁtendum
3159 5469 3268 5534 est,
3301 5465 3485 5521 Deum
3516 5462 3672 5520 velle
3721 5468 3790 5519 ut

2121 5575 2324 5616 omnes
2346 5557 2615 5613 homines
2636 5555 2778 5612 salvi
2801 5557 2962 5613 ﬁant.
2989 5555 3290 5628 Siquidem
3313 5551 3652 5626 Apostolus,
3680 5570 3788 5610 cu-

366 5637 427 5694 S.
457 5639 711 5698 Joannes
742 5642 1196 5716 Chrysostomus
1233 5642 1292 5698 in
1334 5642 1482 5701 libro
1519 5643 1590 5700 de
1630 5644 2012 5718 Reparatione
2113 5649 2216 5720 jus
2246 5647 2361 5704 ista
2402 5645 2691 5703 sententia
2720 5649 2832 5716 est,
2861 5644 3277 5703 sollicitissime
3306 5641 3587 5717 precipit,
3611 5643 3783 5714 quod
