3962 6178
147 339 244 402 M5

838 333 941 396 DE
983 328 1756 396 PREDESTINATIONE
1799 324 2316 390 DISSERTATIO
2359 323 2823 388 POSTERIOR.

3412 315 3533 381 M6

147 475 191 534 in
209 471 484 530 omnibus
502 469 778 528 Ecclesiis
799 467 1063 542 piissime
1084 465 1514 533 custoditur,ut
1529 463 1646 520 Deo
1667 478 1771 536 pro
1805 461 1851 529 Α
1956 461 2028 516 Et
2056 463 2298 516 sanctus
2329 459 2442 515 Leo
2471 457 2532 513 in
2563 460 2722 513 tomo
2751 453 2824 511 ad
2871 451 3209 510 Flavianum
3231 453 3407 527 (epist.
3441 451 3533 519 ιο,

147 563 402 622 omnibus
439 559 786 616 hominibus
825 555 1207 632 supplicetur.
1241 555 1323 610 Ex
1363 552 1578 632 quibus
1619 551 1778 625 quod

149 651 296 712 multi
325 653 596 724 pereunt,
619 631 989 722 pereuntium
1013 648 1104 700 est
1125 631 1584 715 merituni,quod
1608 639 1776 696 multi

149 741 446 806 salvantur,
470 736 752 794 salvantis
773 739 860 792 est
889 737 1130 791 donum.
1153 733 1228 789 Ut
1257 732 1414 788 enim
1447 748 1583 786 reus
1611 731 1776 785 dam-

151 835 313 895 netur,
337 825 720 899 inculpabilis
746 830 833 881 est
871 823 973 880 Dei
996 821 1271 895 justitia:
1307 824 1372 876 ut
1413 824 1608 875 autem
1643 835 1779 874 reus

145 917 496 992 justificetur,
523 913 834 970 ineﬂ‘abilis
863 912 964 968 Dei
1007 909 1198 985 gratia
1233 914 1342 965 est.
1369 930 1397 958 »
1428 909 1498 964 Et
1544 907 1682 962 item
1717 907 1776 962 in

153 1007 271 1064 libro
301 1005 374 1060 de
406 1002 606 1060 divina
635 1000 1002 1058 Providentia
1031 1015 1046 1056 :

219 1128 410 1192 Verum
440 1141 510 1178 ne
536 1127 700 1192 longo
729 1122 1366 1192 sermoneqmoreinurhin
1396 1122 1527 1192 istis,

219 1191 342 1250 Quae
373 1190 603 1255 sparsim
629 1183 1024 1255 variequegsuis
1043 1191 1182 1255 sunt
1209 1185 1352 1255 edita
1380 1183 1572 1255 seclis,

217 1249 358 1305 Nevo
388 1249 537 1317 quod
569 1252 620 1302 in
645 1249 933 1317 parte'est,
954 1251 1009 1317 in
1039 1253 1150 1299 toto
1180 1249 1300 1317 quis
1331 1249 1488 1310 neget
1515 1259 1648 1303 esse,

221 1317 351 1367 Dum
381 1311 612 1366 solidam
644 1313 852 1364 Domini
883 1313 1054 1362 divisa
1081 1311 1510 1374 negotiacuram

217 1379 418 1434 Velant,
442 1383 497 1428 et
520 1377 664 1427 nulla
695 1375 952 1440 accipitur
974 1387 1095 1438 quas
1124 1373 1245 1440 rara
1272 1373 1502 1440 videtur.

219 1441 379 1514 Dicite
398 1433 565 1514 quem
589 1433 854 1514 populum
875 1433 1194 1514 qua'mupdi
1226 1435 1279 1514 in
1309 1433 1771 1514 parte‘remotum,

216 1495 434 1561 Quosve'
456 1495 722 1561 homines,
753 1495 909 1564 cujus'
933 1499 1173 1564 generis,
1194 1497 1277 1547 vel
1306 1495 1648 1554 conditionis,

216 1560 456 1623 Neglexit
483 1564 690 1614 salvere
713 1560 892 1613 Deus?
921 1560 1023 1619 vir,
1051 1560 1268 1623 femina,
1300 1572 1506 1616 servus,

219 1622 383 1686 Liber,
401 1627 644 1685 Judaeus,
661 1627 891 1683 Graecus,
911 1623 1125 1689 Scytha,
1147 1622 1422 1681 barbarus,
1444 1631 1632 1670 omnes

217 1690 269 1740 In
297 1689 512 1739 Christo
542 1702 730 1738 sumus
757 1701 945 1737 unum.

147 1751 255 1801 ³81
284 1752 399 1802 Hoc
427 1751 629 1802 etenim
659 1751 764 1810 lex,
785 1750 888 1800 hoc
911 1747 1218 1798 veneranda
1235 1745 1511 1810 volumina
1537 1745 1740 1804 vatum,

221 1815 320 1878 Hoc
348 1807 777 1878 patriarcharum
807 1825 931 1878 spes
958 1823 1067 1860 non
1095 1811 1300 1860 incerta
1325 1807 1544 1878 tenebat
1573 1821 1586 1856 :

219 1873 406 1928 Ultinia
429 1890 557 1926 cum
587 1875 776 1925 mundi
806 1873 964 1924 ﬁnem
993 1887 1162 1936 prope
1181 1874 1426 1936 curreret
1451 1873 1600 1924 aetas.

219 1940 518 1989 Venturum
551 1939 618 1987 ad
651 1941 865 1987 terrena
892 1933 1078 1993 Deu'm,
1099 1933 1210 1999 qui,
1233 1937 1404 1999 morte
1427 1933 1720 1995 perempta,

219 2001 456 2052 Solveret
485 1999 683 2050 inferni
712 2000 872 2062 leges,
903 1995 1226 2062 longamque
1256 1995 1466 2044 ruinam

219 2063 450 2114 Humani
480 2062 697 2127 generis
725 2059 942 2112 m'eliore
973 2059 1240 2110 attolleret
1263 2063 1403 2108 ortu.

148 2161 204 2216 Et
228 2161 280 2216 in
307 2160 466 2217 libro
498 2163 705 2217 contra
733 2157 1050 2232 Eutychem
1083 2157 1184 2228 (De
1217 2153 1641 2223 Providentia):

223 2260 395 2332 [Itque
419 2259 540 2332 illos
572 2261 813 2332 veterum
842 2255 1118 2332 cpmplcxa
1137 2258 1219 2332 est
1245 2253 1412 2318 gratia
1439 2251 1597 2332 sclos,

218 2318 315 2380 Qui
337 2321 617 2372 Christum
645 2321 826 2370 videre
858 2318 978 2375 ﬁde,
1001 2318 1076 2366 sic
1105 2321 1345 2380 tempore
1373 2319 1562 2380 nostro

221 2378 585 2455 Eoufenovat
601 2396 924 2455 quamquam
936 2381 1193 2455 (ibristus,
1209 2379 1309 2455 nisi
1325 2378 1490 2455 corde
1515 2380 1779 2455 receptus.

221 2447 310 2503 En,
331 2447 522 2505 homo,
544 2441 748 2508 quanta
765 2441 862 2494 tibi
891 2448 970 2493 est
993 2443 1157 2508 gratis
1185 2441 1376 2491 collata
1402 2442 1661 2504 potestas,

218 2508 378 2558 Filius
409 2522 529 2558 esse
560 2507 653 2557 Dei
685 2507 728 2557 si
756 2507 836 2556 vis
867 2509 1034 2571 potes,

147 2605 208 2660 Et
235 2605 290 2661 in
319 2605 477 2661 libro
507 2609 710 2661 contra
741 2603 1074 2660 Nestorium
1107 2619 1122 2657 ε

219 2703 404 2768 tamne
435 2703 532 2753 Dei
561 2706 866 2768 compertus
895 2714 1064 2768 amor,
1086 2698 1380 2768 ditiusaque
1410 2698 1682 2768 i_n_omnes

221 2766 350 2816 Cura
378 2769 550 2829 patet,
583 2760 772 2829 notum
804 2767 857 2813 et
885 2760 1330 2829 cunctis__ad_stare
1359 2760 1580 2829 salutem
1601 2761 1628 2807 ‘2

224 2829 282 2878 Et
297 2821 505 2883 tamen,
518 2821 626 2877 heu
639 2827 652 2875 ε
677 2840 888 2876 rursum
910 2825 1169 2890 querulis,
1182 2824 1344 2890 homo
1365 2821 1785 2890 ga_rrpla,verbis

221 2891 356 2940 Bella
387 2903 596 2950 moves,
612 2890 912 2953 jaculisque
930 2885 1048 2938 'tuis
1072 2891 1164 2953 tua
1182 2885 1390 2953 viscera
1421 2885 1582 2953 ﬁgis:

143 2951 234 3002 Cur
257 2965 365 3002 non
398 2966 523 3002 sum
551 2945 761 3002 bonus?
785 2945 888 3000 hoc
916 2963 1026 3000 non
1057 2949 1153 2998 vis.
1175 2948 1279 2998 Cur
1303 2962 1420 2997 sum
1449 2945 1786 3018 malusthoc

1622 3022 1720 3056 VIS.

220 3076 322 3140 Cur
347 3076 479 3127 volo
507 3089 632 3140 quae
652 3076 794 3126 mala
821 3077 964 3134 sunt,
986 3078 1040 3123 et
1059 3086 1291 3140 curque:
1309 3075 1436 3122 sunt
1454 3072 1592 3140 bona
1625 3070 1786 3140 nolo?

223 3139 375 3190 Liber
405 3153 483 3199 es,
511 3133 566 3189 et
593 3153 716 3188 cum
745 3141 888 3188 recta
919 3133 1082 3201 queas
1111 3133 1416 3186 dis—cernere
1446 3137 1499 3184 et
1529 3133 1722 3198 pravis,

223 3202 508 3252 Deteriora
537 3201 688 3266 legis.

141 3297 202 3353 Et
226 3298 283 3354 in
314 3298 474 3354 libro
507 3301 712 3354 contra
741 3294 1182 3352 Mathematicos
1215 3312 1228 3351 :

219 3396 326 3464 liae
353 3393 957 3464 operis-sectareboni,
977 3393 1080 3442 hoc
1108 3392 1232 3464 fuge
1265 3395 1452 3464 captus
1482 3390 1672 3455 iniqui.

218 3458 338 3508 Vita
364 3453 534 3507 licata
557 3457 660 3506 isto
689 3455 912 3520 paritur,
935 3469 1078 3520 iners
1105 3453 1416 3520 editur‘illo.

217 3520 408 3570 Coram
439 3520 643 3582 adsunt
670 3513 810 3582 aqua
837 3513 1118 3576 servatrix,
1145 3515 1430 3580 pepulator
1459 3518 1514 3582 et
1544 3513 1700 3582 ignis.

217 3582 295 3634 Ad
323 3581 568 3647 quodvis
597 3576 824 3631 extende
853 3593 1091 3639 manum,
1125 3576 1273 3642 patet
1301 3592 1456 3642 aequa
1485 3576 1724 3627 facultas.

141 3668 200 3724 Et
225 3669 404 3742 paulo
438 3673 578 3742 post
608 3684 623 3724 :

217 3766 330 3830 lion
360 3765 552 3830 superi
581 3765 1120 3830 pariuntqignesLnec
1149 3764 1216 3830 ab
1245 3763 1454 3830 (ethera
1474 3765 1673 3830 manat,

348 3825 562 3900 nostris
581 3825 1158 3900 'oriturde'rordibus.‘
1183 3826 1402 3900 ipsaque
1442 3825 1664 3898 bellum.

217 3890 462 3940 Libertas
489 3894 690 3946 movet.
723 3893 778 3939 et
814 3890 1088 3952 quatimur
1115 3887 1358 3952 civilibus
1389 3887 1568 3936 armis.

217 3953 334 4002 Otia
362 3967 493 4002 cum
525 3952 696 4015 mollis
725 3949 1000 4015 complexa
1029 3951 1218 4015 ignava
1242 3949 1492 3999 voluntas

217 4015 432 4066 Dilﬁcili
464 4019 631 4077 negat
661 4014 734 4063 ire
763 4014 868 4062 via}

135 4110 194 4165 Et
217 4111 278 4166 in
308 4111 472 4168 libro
502 4115 713 4167 contra
746 4111 1063 4184 Epicureos
1097 4127 1110 4165 :

213 4219 361 4278 Quos
392 4219 440 4268 si
472 4217 646 4268 multa
674 4218 814 4268 inter
839 4230 1051 4267 morum
1081 4215 1272 4266 delicta
1301 4216 1542 4278 priorum

215 4277 503 4344 Pleetisset
528 4293 757 4344 propere
787 4281 931 4344 rigor
957 4277 1315 4344 implacabilis
1337 4277 1448 4344 iraa,

213 4340 548 4414 [ptercepta'
565 4340 1004 4414 ferentumelioris
1031 4340 1274 4414 tempora
1301 4340 1445 4412 vitae,

214 4406 321 4456 Nec
347 4402 538 4456 standi
567 4405 712 4454 vires
738 4403 975 4455 licuisset
999 4402 1208 4453 sume—re
1236 4402 1417 4465 lapsis.

215 4467 450 4530 Mortem
481 4467 662 4530 inquit
681 4465 1235 4530 Dominuspeccantis
1258 4462 1398 4530 nolo,
1423 4462 1701 4530 necullum

217 4529 288 4594 De
309 4526 586 4594 pereunte
606 4529 813 4594 lucrum
837 4543 850 4578 :
874 4526 1056 4594 redeat
1074 4528 1262 4594 magis,
1283 4527 1446 4594 inque
1468 4526 1714 4576 relictum

213 4589 465 4642 notatus
495 4591 759 4642 referatur
786 4592 906 4647 iter,
935 4591 1148 4647 vitaque
1170 4589 1403 4639 “fruatur.

214 4653 276 4718 Et
301 4655 446 4718 quia
475 4653 967 4718 virtutumisimiles
994 4653 1112 4718 vult
1139 4666 1254 4718 esse
1273 4663 1520 4718 suarum,

213 4711 613 4781 ngisgenuit,
633 4716 924 4781 vindictam
956 4715 1130 4781 inquit
1158 4713 1286 4781 mihi
1311 4713 1502 4781 cedite,
1519 4711 1760 4770 reddam,

213 4730 364 4774 unos
395 4730 613 4781 genuit,
633 4730 924 4766 vindictam
956 4730 1008 4764 in
1051 4730 1130 4764 nu.
1158 4730 1286 4762 [Dim
1311 4730 1482 4763 ceuue

211 4778 435 4851 iudicio
467 4777 788 4851 qua_digna
816 4791 937 4851 me?
968 4730 1170 4851 :‘getur
1198 4776 1350 4826 locus
1377 4775 1487 4851 iraa.

213 4841 302 4890 Sic
329 4837 801 4891 dum—multorum
831 4839 1074 4889 didertur
1099 4851 1262 4902 paena
1289 4837 1566 4902 malorum.

214 4903 488 4966 Nonnulli
517 4902 1058 4966 plerumqueprobos
1089 4899 1409 4966 revocantur
1431 4899 1486 4948 in
1518 4901 1688 4953 actus,

129 4962 258 5028 ιδῃ
288 4967 368 5028 Ac
398 4965 467 5028 fit
497 4962 727 5028 quisque
745 4962 1066 5028 'sibi'judex,
1100 4963 1344 5028 ultorque
1373 4975 1612 5018 severus,

212 5026 375 5086 Quod
400 5025 599 5090 fuerat
627 5025 776 5090 prius
805 5025 1408 5090 interimens,_aliusque
1439 5036 1738 5087 resurgens.

211 5089 280 5161 ξι
308 5089 410 5153 qui
439 5087 754 5161 persistunt.
772 5089 934 5161 errori
965 5087 1273 5160 incumbere
1302 5087 1482 5148 longo,

211 5150 489 5209 Quamvis
519 5150 574 5199 in
604 5151 784 5200 multis
810 5150 953 5200 vitiis
977 5151 1197 5209 impune
1227 5151 1526 5205 senescant,

211 5213 275 5262 In
303 5225 529 5264 sevum
547 5212 720 5271 ﬁdem
749 5213 986 5272 venient,
1018 5209 1110 5262 ubi
1142 5225 1251 5262 non
1283 5211 1383 5261 erit
1411 5209 1517 5260 ulla

209 5275 346 5338 Spes
375 5275 587 5326 venite.

124 5371 187 5426 Et
213 5378 356 5446 post
390 5371 717 5443 aliquanta
748 5389 762 5428 :

206 5469 344 5519 Nam
380 5473 450 5532 ut
485 5481 651 5518 nemo
680 5469 1208 5532 invitussomnoque
1238 5469 1452 5531 quietus
1481 5467 1534 5514 in
1560 5465 1672 5532 alto

209 5532 294 5606 fit
323 5531 549 5606 salvus,
585 5543 687 5606 nec
713 5532 776 5606 vi.
795 5531 994 5606 petitur
1019 5529 1335 5606 qui—sponte
1378 5529 1598 5606 recessit
1629 5543 1640 5576 :

210 5594 299 5664 §ic
327 5593 570 5664 pulsata
597 5597 783 5664 patent
797 5592 1160 5664 redeuntibus
1177 5592 1320 5664 :atria
1343 5592 1484 5651 vita},

210 5656 274 5706 Et
303 5655 522 5719 recipit
549 5655 668 5704 costi
697 5660 934 5706 servatos
967 5657 1117 5706 curia
1145 5656 1306 5706 cives.

1803 1837 1852 1901 B

1886 567 1936 605 c.
1970 551 2063 619 3):
2087 573 2115 600 «
2150 549 2309 621 Opus
2341 547 2450 603 fuit
2489 544 2696 602 secreti
2727 541 3163 616 dispensatione
3194 539 3444 610 consilii,
3466 542 3536 596 ut

1888 637 2385 694 incommutabilis
2405 637 2581 704 Deus,
2598 635 2767 706 cujus
2786 631 3058 688 voluntas
3078 647 3193 686 non
3216 634 3408 702 potest
3428 647 3537 685 sua

1887 727 2246 802 benignitate
2276 725 2508 800 privari,
2539 725 2791 796 primam
2829 738 2966 795 ergo
3003 736 3112 776 nos
3149 719 3384 792 pietatis
3414 735 3534 774 suae

1887 817 2328 890 dispositionem
2375 816 2740 871 sacramento
2778 808 3092 868 occultiore
3129 806 3450 880 compleret
3479 809 3538 862 et

1887 905 2388 975 homo,diaholica3
2405 899 3000 976 iniquitatisversutia
3015 903 3182 954 actus
3197 895 3256 951 in
3275 895 3536 968 culpam,

1886 1001 2090 1053 contra
2114 995 2213 1051 Dei
2247 993 2610 1067 propositum
2633 1008 2749 1046 non
2781 990 3016 1062 periret.
3039 984 3372 1060 Ingreditur
3397 999 3536 1058 ergo

1886 1086 2007 1142 haec
2030 1084 2232 1140 mundi
2259 1083 2462 1138 infima
2481 1081 2665 1137 Filius
2694 1079 2816 1134 Dei.
2845 1100 2872 1128 ››
2896 1077 3040 1133 Item
3073 1079 3130 1130 et
3160 1076 3401 1130 sanctus
3423 1073 3536 1128 Leo

1885 1192 2038 1247 papa
2070 1173 2126 1228 in
2158 1170 2406 1244 epistola
2427 1171 2498 1226 ad
2523 1169 2773 1224 Leonem
2797 1168 3127 1240 Augustum
3159 1179 3209 1218 :«
3237 1162 3309 1218 Ut
3336 1165 3536 1218 autem

1884 1265 2181 1336 repararet
2201 1260 2466 1316 omnium
2484 1257 2684 1322 vitam,
2699 1255 2916 1328 recepit
2931 1253 3197 1310 omnium
3211 1254 3540 1318 causam,et

1882 1352 2000 1408 vim
2021 1349 2233 1407 veteris
2253 1347 2648 1422 chirographi,
2663 1346 2818 1418 quod
2839 1344 3000 1401 solus
3021 1343 3175 1398 inter
3194 1357 3400 1397 omnes
3420 1355 3537 1396 non

1883 1441 2105 1515 debuit,
2143 1456 2246 1512 pro
2276 1437 2551 1494 omnibus
2581 1435 2856 1492 solvendo
2886 1430 3129 1489 vacavit.
3153 1452 3180 1481 »
3209 1431 3280 1486 Et
3311 1430 3370 1485 S.
3395 1431 3541 1485 Gre-

1881 1528 2084 1604 gorius
2113 1529 2172 1583 in
2206 1527 2354 1583 libro
2383 1544 2484 1582 VIII
2513 1524 2817 1580 Moralium
2852 1522 2990 1594 (cap.
3012 1519 3104 1592 20)
3131 1535 3145 1574 :
3171 1542 3197 1569 (ι
3221 1518 3338 1574 Cur
3367 1516 3539 1591 quasi

1881 1617 2242 1676 contrarium
2272 1616 2378 1672 tibi
2411 1614 2714 1672 hominem
2759 1609 3034 1684 despicis,
3061 1608 3161 1681 qui
3193 1610 3387 1663 certus
3417 1605 3538 1662 scio

1879 1706 2020 1778 quia
2050 1703 2238 1778 perire
2266 1703 2354 1759 vel
2386 1703 2583 1777 ipsum
2614 1718 2788 1775 quem
2811 1698 3108 1771 despicere
3140 1693 3390 1751 crederis
3421 1710 3537 1750 non

1879 1795 2066 1851 vis?»
2091 1795 2160 1850 Et
2207 1793 2346 1849 item
2394 1793 2454 1848 in
2485 1792 2634 1848 libro
2663 1807 2795 1846 xxxx
2833 1793 2973 1860 (cap.
3009 1788 3134 1855 14):
3163 1807 3191 1835 «
3223 1781 3378 1840 Justi
3425 1781 3536 1838 viri

1887 1883 2174 1942 securitas
2191 1888 2342 1940 recte
2363 1881 2515 1939 leoni
2537 1875 3076 1952 comparatur,quia
3097 1879 3300 1931 contra
3320 1888 3382 1927 se
3403 1887 3539 1927 cum
3610 1877 3618 1883 ‘

1889 1977 2183 2052 quoslibet
2212 1974 2514 2046 insurgere
2543 1967 2848 2042 conspicit.
2873 1967 2944 2045 ad
2978 1963 3192 2020 mentis
3221 1978 3340 2017 sum
3367 1959 3541 2015 confl-

1891 2067 2150 2122 dentiam
2184 2064 2428 2130 rerlit,et
2458 2059 2568 2116 scit
2590 2057 2729 2131 quia
2759 2059 3003 2112 cunctos
3031 2053 3407 2108 adversantes
3439 2063 3539 2104 su-

1891 2160 2072 2230 perat,
2098 2154 2238 2226 quia
2265 2151 2432 2208 illum
2465 2147 2656 2206 solum
2687 2144 2896 2218 diligit,
2926 2159 3102 2216 quem
3132 2139 3350 2196 invitus
3381 2134 3540 2192 nullo

1892 2229 2063 2306 modo
2093 2243 2347 2299 amittat.
2376 2237 2655 2312 Quisquis
2685 2235 2842 2292 enim
2882 2231 3168 2290 exteriora
3196 2246 3322 2302 quae
3352 2229 3410 2283 et
3437 2242 3541 2282 no-

1891 2333 2034 2392 lenti
2066 2331 2494 2400 subtrahuntu;
2513 2325 2762 2400 appetit,
2786 2341 2894 2380 sua
2924 2339 2987 2378 se
3019 2323 3244 2392 sponte,
3268 2320 3541 2374 extraneo

1892 2346 2034 2392 lenti
2066 2346 2460 2390 suntranuntu
2513 2346 2762 2400 appetit,
2786 2346 2894 2380 sua
2924 2346 2987 2378 se
3019 2346 3244 2392 Bpuuw,
3268 2346 3541 2374 ωιω-υιυυυ

1889 2423 2086 2478 timori
2145 2346 2494 2477 substernié
2517 2440 2543 2467 ››
2573 2417 2644 2472 Et
2695 2415 2952 2471 Joannes
2980 2409 3436 2482 Chrysostomus
3481 2402 3541 2458 in

1891 2511 2200 2586 Evangelio
2233 2508 2486 2566 Matthzei
2519 2505 2762 2562 homilia
2787 2500 3070 2575 vigesima
3095 2497 3303 2572 quinta
3326 2511 3375 2550 ια
3401 2494 3544 2550 Prae-

1893 2585 2204 2667 dicabitur,
2227 2599 2360 2668 hoc,
2375 2595 2585 2670 inquit,
2601 2591 2981 2666 Evangelium
3003 2589 3064 2645 in
3087 2585 3356 2644 universo
3377 2598 3545 2639 mun-

1893 2693 1986 2760 do,
2014 2691 2074 2746 in
2091 2687 2496 2745 testimonium
2513 2683 2790 2740 omnibus
2807 2679 3106 2754 gentibus,
3119 2681 3176 2732 et
3194 2679 3334 2730 tunc
3353 2671 3547 2728 veniet

1893 2777 2344 2836 consummatio.
2379 2774 2604 2842 Quibus
2647 2767 2959 2846 gentibus?
2988 2783 3104 2823 non
3137 2761 3542 2822 obedientibus

1895 2868 2136 2934 scilicet,
2162 2882 2348 2938 neque
2376 2861 2687 2934 Evangelio
2721 2854 3242 2916 consentientibus.
3275 2851 3358 2907 Ne
3385 2847 3542 2904 enim

1896 2957 2109 3030 aliquis
2142 2936 2359 3040 diceqet
2381 2971 2394 3007 :
2419 2952 2601 3024 Cujus
2631 2949 2711 3005 rei
2745 2945 2934 3022 gratia
2961 2943 3238 3000 omnibus
3265 2936 3542 3011 praedica-

1893 3025 2012 3113 tur,
2026 3045 2074 3100 si
2097 3025 2316 3100 omnes.
2323 3037 2599 3097 credituri
2622 3054 2735 3093 non
2759 3033 2940 3091 sunt?
2961 3032 3051 3098 Ut,
3073 3028 3286 3102 inquit,
3305 3025 3540 3092 clareat,

1896 3153 1990 3192 me
2019 3152 2088 3190 ea
2117 3151 2242 3206 quae
2273 3130 2448 3187 debui
2479 3130 2665 3184 facere
2691 3127 2903 3182 cuncta
2923 3119 3150 3190 fecisse,
3173 3121 3230 3174 et
3259 3118 3394 3188 post
3424 3113 3545 3168 haec

1818 3205 1860 3272 ε
1895 3241 2066 3282 nemo
2098 3201 2334 3294 culpare
2365 3236 2457 3274 me
2487 3215 2691 3291 possit.
2717 3235 2746 3266 »
2771 3211 2916 3269 Hinc
2944 3213 3003 3266 et
3033 3209 3278 3280 Prosper
3307 3203 3366 3294 in
3394 3201 3544 3294 libro

1895 3290 2402 3386 Epigrammatum
2449 3324 2515 3362 ;‹‹
2558 3307 2776 3371 Potest,
2823 3299 3040 3372 inquit,
3090 3297 3268 3353 homo
3325 3290 3546 3386 invitus

1895 3401 2166 3459 amittere
2196 3394 2542 3470 temporalia
2585 3393 2758 3460 bona,
2793 3403 3100 3462 nunquam
3139 3399 3272 3440 vero
3305 3379 3418 3436 nisi
3446 3394 3545 3434 vo-

1896 3492 2024 3548 lens
2055 3489 2246 3564 perdit
2269 3491 2502 3542 aeterna.

1959 3601 2124 3647 Omne
2154 3597 2357 3645 bonum
2395 3589 2598 3641 mundo
2627 3589 2934 3638 concretum
2965 3586 3017 3632 et
3043 3585 3282 3644 tempore
3313 3579 3548 3642 partum,

2023 3661 2350 3720 Quacunque
2381 3652 2552 3720 amitti
2582 3649 2888 3720 conditione
2915 3647 3109 3710 potest.

1960 3705 2297 3785 Ut‘q—uﬁamvi‘s
2325 3715 2535 3767 damnis
2561 3705 3002 3785 vigil‘anter‘cllira
3023 3705 3258 3785 resistat,

2024 3769 2176 3847 Sa'epe
2205 3789 2382 3833 tamen
2412 3769 2647 3847 propriis
2670 3769 3206 3847 despolieturﬁhomp:

1959 3830 2193 3898 AtVtiorn‘a
2211 3830 2489 3907 quievere
2513 3830 2834 3907 bona‘sunt,
2863 3847 2962 3883 nec
2975 3830 3094 3907 .ﬁue
3123 3831 3394 3907 tenentur,

2023 3890 2252 3972 semper?
2265 3890 2435 3972 habet
2463 3899 2726 3972 quisquis”
2730 3890 2946 3972 semper
2975 3890 3358 3972 haberecu'pit.

1901 3953 2053 4022 884w
2064 3953 2175 4021 ﬁt}?
2191 3953 2305 4018 vim,
2327 3953 2466 4016 ferre
2481 3953 2674 4028 ‘potést
2691 3953 3156 4028 Clirist'o_subnixa
3184 3953 3454 4010 voluntas,

2023 4021 2081 4083 in
2111 4047 2218 4096 quo
2247 4021 2538 4094 persistens
2566 4023 2748 4075 omnia
2773 4021 2944 4072 vincit
2969 4033 3136 4069 amor.
3164 4037 3187 4062 ιι

1971 4125 2040 4180 Et
2067 4118 2416 4178 venerabilis
2437 4115 2590 4172 Beda
2611 4113 2912 4187 presbyter
2937 4108 2997 4164 in
3022 4109 3274 4163 tractatu
3296 4105 3548 4158 Actuum

1900 4211 2298 4287 apostolorum
2333 4224 2346 4263 :
2380 4228 2406 4260 α
2437 4207 2565 4278 Ipse
2621 4203 2827 4258 Petrus
2876 4199 2962 4254 sic
3017 4187 3299 4264 intellexit
3343 4205 3550 4287 omnes

1900 4275 2170 4360 homines
2191 4295 2396 4370 aequali
2407 4275 2585 4366 ter_ad
2597 4288 2813 4348 Christi
2825 4283 3208 4370 Evangelium
3219 4275 3548 4370 provoca-ri,

1901 4363 2606 4461 nullumque-secundum
2636 4383 2908 4434 naturam
2953 4367 3432 4461 esse_pollutum.
3455 4363 3550 4420 Sic

1901 4480 2076 4538 etiam
2099 4453 2384 4534 Dominus
2409 4489 2512 4544 per
2543 4466 2912 4542 prophetam,
2930 4465 2986 4516 et
3007 4460 3066 4514 in
3087 4453 3398 4528 Evangelio
3421 4469 3552 4509 om-

1827 4575 1870 4639 D
1901 4571 2078 4626 nibus
2107 4566 2322 4622 clamat
2350 4561 2552 4616 dicens
2588 4573 2602 4610 :
2639 4555 2769 4625 Quis
2798 4557 2877 4608 est
2904 4551 3060 4606 homo
3091 4548 3186 4639 qui
3216 4545 3334 4639 vult
3359 4545 3551 4639 uitam,

1901 4658 2086 4730 diligit
2111 4656 2226 4712 dies
2256 4652 2438 4708 videre
2469 4646 2668 4706 bonos?
2695 4645 2935 4700 Divertat
2961 4638 3235 4730 amaloet
3261 4635 3432 4730 faciat
3461 4633 3552 4690 bo-

1901 4725 2068 4813 num;
2091 4743 2338 4816 inquirat
2353 4754 2541 4812 pacem
2557 4743 2608 4792 et
2631 4737 2990 4807 persequatur
3017 4743 3140 4784 eam
3160 4725 3330 4799 (Psal.
3353 4739 3554 4792 χχχιιι,

1907 4838 1990 4904 13)
2017 4812 2122 4890 :et
2152 4812 2391 4887 decedite
2415 4827 2484 4882 ad
2507 4843 2634 4883 eum
2667 4831 2719 4880 et
2761 4817 3197 4883 illumi-namini;
3229 4812 3330 4888 qui
3361 4812 3505 4869 dicit

1907 4899 2104 4990 Venite,
2147 4921 2278 4994 ﬁlii,
2319 4917 2502 4973 audite
2543 4931 2630 4970 me
2673 4911 2834 4982 (ibid.
2857 4927 2935 4976 νι,
2965 4910 3072 4976 12).
3105 4906 3221 4960 Et:
3260 4899 3553 4994 Venitead

1901 5030 2006 5080 me,
2029 4991 2214 5068 omaes
2242 5010 2338 5082 qui
2367 5005 2624 5064 laboratis
2647 5009 2698 5057 et
2717 5000 2928 5057 onerati
2945 4998 3094 5064 estis,
3117 5001 3168 5050 et
3193 5009 3291 5066 ego
3315 4991 3555 5062 reﬁciam

1903 5077 2002 5158 vos.
2037 5077 2266 5174 (Matth:
2287 5113 2348 5162 ιι,
2379 5096 2492 5161 28).
2523 5092 2760 5148 Certum
2807 5101 3064 5159 namque
3111 5087 3224 5148 est,
3273 5077 3551 5174 quoniam

1905 5190 2006 5264 qui
2038 5163 2244 5246 omnes
2273 5190 2330 5242 et
2359 5185 2420 5240 in
2450 5179 2642 5238 Veteri
2672 5183 2728 5234 et
2758 5178 2816 5233 in
2851 5177 3008 5233 Novo
3055 5171 3432 5230 Testamento
3473 5163 3552 5262 ad

1905 5251 2156 5338 salutem
2188 5279 2372 5341 vocat,
2405 5288 2609 5328 omnes
2641 5267 2836 5326 salvos
2880 5263 3002 5320 ﬁeri
3035 5259 3205 5316 volet.
3238 5257 3363 5312 Non
3394 5251 3552 5309 enim

1905 5368 2157 5425 mendax
2177 5370 2266 5422 est
2287 5367 2388 5419 aut
2403 5358 2741 5429 dolosus,de
2764 5373 2880 5428 quo
2898 5353 3198 5422 Scriptura
3217 5343 3390 5399 dicit:
3416 5344 3555 5398 Deus

1906 5457 2266 5528 verax(Rom.
2293 5471 2376 5520 ιιι,
2401 5453 2486 5520 Ii);
2518 5454 2575 5506 et
2605 5465 2619 5504 :
2653 5448 2770 5502 Non
2799 5452 2878 5501 est
2907 5433 3346 5528 inventuadolus
3375 5433 3435 5488 in
3465 5447 3557 5488 ore

1906 5549 2023 5618 eius
2054 5523 2109 5619 (II
2133 5550 2274 5601 Petr.
2298 5559 2360 5607 ιι,
2383 5544 2496 5608 22),
2531 5542 2595 5594 ut
2621 5552 2720 5592 eos
2759 5533 2828 5588 ad
2871 5529 3120 5586 salutem
3159 5523 3556 5619 invitettquos

1910 5611 2100 5693 salvos
2131 5633 2254 5690 ﬁeri
2306 5630 2470 5688 nolit.
2495 5625 2857 5696 Quapropter
2885 5619 2956 5674 de
2994 5614 3211 5671 vocatis
3255 5611 3554 5676 omnibus,
