3962 6178
397 318 514 385 M7

1339 323 1719 385 lllNCMARl
1768 323 1869 384 RH
1884 321 2216 384 EMENSIS
2259 321 2856 387 ARCHIEPISCOPI

3585 282 3594 290 λ
3681 328 3794 390 448

399 453 733 531 quicunque
755 457 1078 514 secundum
1102 474 1270 514 suam
1284 457 1616 531 jussionem
1639 457 1712 515 ad
1733 475 1870 515 eum
1893 475 2048 514 aece-
2072 455 2130 522 Α
2159 455 2321 514 durat
2349 457 2522 530 (Rom.
2551 457 2651 532 1x),
2684 457 2746 514 in
2789 475 2856 515 eo
2904 475 3078 532 quem
3128 457 3328 516 seduci
3377 458 3665 532 permittit
3710 461 3794 519 vel

400 545 900 615 dit,illuminatur
934 547 1191 620 profecto
1231 551 1408 620 atque
1449 547 1867 621 reﬁciturzqui
1915 565 2046 604 vero

399 635 682 692 invita-tus
703 637 776 692 ad
806 636 957 692 hanc
978 653 1204 692 ccenam
1227 637 1614 705 Dominicam,
1632 637 1691 692 id
1714 643 1801 694 est
1821 641 2046 694 aeterna:

401 723 611 781 salutis
633 724 1027 792 refectionem,
1051 723 1110 779 in
1134 743 1251 798 qua
1278 725 1374 782 ille
1395 725 1617 783 vitulus
1651 727 1954 799 saginatus
1974 727 2046 782 ad

403 813 670 870 omnium
699 812 1030 881 hominum,
1058 814 1184 871 sine
1215 814 1336 870 ulla
1354 817 1710 888 exceptione,
1735 821 1961 872 tantum
1985 819 2050 872 ut

403 903 460 958 in
483 918 617 957 eum
642 902 891 958 ﬁdeliter
910 905 967 959 et
987 903 1234 958 ﬁrmiter
1249 905 1378 960 cred
1389 909 1508 972 ant,
1537 903 1940 977 plenissimam
1963 921 2052 962 sa-

401 989 546 1047 lutis
576 990 950 1048 refectionem
984 993 1303 1058 sufﬁciens,
1337 997 1395 1049 et
1437 993 1754 1066 singularis
1785 1011 1850 1050 ac
1879 1011 2050 1050 verus

403 1079 613 1136 iisdem
638 1096 846 1154 agnus,
863 1081 960 1154 qui
979 1081 1130 1137 tollit
1150 1087 1385 1154 peccata
1407 1082 1896 1145 mundi,cunctus
1917 1101 2053 1156 epu-

403 1169 510 1226 lari
531 1169 860 1227 volentibus
881 1175 969 1226 est
990 1171 1239 1242 occisus,
1257 1175 1360 1227 aut
1381 1189 1489 1228 sua
1508 1173 1804 1230 voluntate
1826 1191 1939 1228 non
1964 1190 2054 1230 ve-

407 1259 514 1329 nit,
535 1259 694 1314 velut
725 1259 921 1316 senior
946 1259 1106 1316 ﬁlius
1128 1261 1200 1316 de
1221 1278 1360 1335 agro
1389 1261 1620 1320 rediens
1649 1262 1832 1336 patris
1857 1263 2050 1319 convi-

405 1347 584 1417 vium,
608 1351 674 1402 ut
693 1364 828 1404 cum
853 1347 1087 1417 juniore
1107 1352 1163 1405 et
1185 1349 1426 1424 prodigo
1449 1351 1626 1407 fratre
1656 1368 1884 1407 reverso
1905 1369 2051 1425 epu-

405 1435 643 1502 laretur,
664 1437 838 1492 etiam
863 1441 1100 1510 rogatus
1125 1455 1159 1494 a
1189 1441 1370 1510 patre,
1397 1443 1460 1494 ut
1479 1443 1537 1496 et
1563 1439 1670 1510 illi,
1695 1441 1797 1513 qui
1827 1441 2052 1497 invitati

407 1516 479 1580 ad
511 1524 619 1580 hoc
650 1525 926 1598 idemque
951 1527 1264 1600 prandium
1287 1528 1565 1586 nolebant
1587 1530 1801 1599 venire,
1827 1530 2054 1604 ingredi

408 1629 718 1686 personam
751 1616 1249 1672 contemnentium
1271 1617 1602 1690 exprimens
1623 1619 1930 1686 recusavit,
1953 1623 2056 1676 aut

405 1703 666 1772 veniens,
681 1707 997 1778 antequam
1021 1704 1192 1778 pleno
1209 1706 1538 1765 refectionis
1553 1709 1767 1782 gaudio
1791 1707 2052 1778 satietur,

2155 546 2452 616 obdurari,
2485 547 2644 630 mala
2671 549 2801 620 ejus
2827 548 3058 616 merita,
3082 547 3143 604 in
3173 565 3240 606 eo
3270 565 3402 605 vero
3431 550 3603 622 cujus
3635 550 3798 608 mise-

2157 640 2334 704 retur,
2367 637 2617 709 gratiam
2648 637 2748 694 Dei
2782 655 2898 694 non
2950 637 3250 694 reddentis
3289 637 3444 695 mala
3472 656 3577 712 pro
3607 639 3796 710 malis,

2157 725 2259 781 sed
2292 725 2444 782 bona
2471 743 2576 798 pro
2608 726 2802 792 malis,
2830 725 3082 782 ﬁdeliter
3107 730 3166 782 et
3195 727 3597 784 indubitanter
3624 745 3800 802 agno-

2158 813 2320 871 scite.
2344 815 2458 870 Nec
2495 816 2624 872 ideo
2665 815 2942 872 auferatis
2971 833 3005 872 a
3036 817 3331 872 Pharaone
3363 815 3612 873 liberum
3645 817 3802 874 arbi-

2157 902 2360 975 trium,
2389 901 2528 975 quia
2573 903 2778 960 multis
2829 903 2972 960 locis
3003 904 3148 960 dicit
3194 905 3370 976 Deus,
3394 907 3502 980 Ego
3546 906 3806 963 induran

2156 993 2520 1061 Pharaonem,
2537 992 2624 1048 vel
2646 995 2700 1049 in
2708 993 2926 1059 duravi,
2951 997 3054 1049 aut
3082 993 3352 1051 indurabo
3365 1011 3459 1050 cor
3473 995 3800 1050 Pharaonis.

2158 1081 2283 1138 Non
2315 1081 2472 1138 enim
2503 1087 2810 1156 prepterea
2838 1082 2962 1154 ipse
2993 1082 3215 1139 Pharao
3242 1100 3354 1140 non
3386 1082 3683 1140 induravit
3711 1099 3807 1140 cor

2159 1188 2356 1239 suum,
2381 1188 2517 1227 nam
2539 1176 2594 1228 et
2623 1171 2733 1226 hoc
2757 1171 2828 1227 de
2856 1170 2956 1227 illo
2987 1171 3220 1245 legitur,
3245 1171 3480 1244 quando
3505 1169 3704 1226 ablata
3723 1175 3807 1227 est

2159 1260 2232 1316 ab
2266 1259 2544 1334 Egyptiis
2575 1259 2864 1334 cynomia,
2885 1261 3116 1316 dicente
3147 1259 3448 1333 Scriptura
3478 1275 3491 1314 :
3521 1261 3588 1316 Et
3614 1277 3806 1332 aggra~

2158 1350 2309 1406 vavit
2333 1349 2552 1406 Pharao
2584 1366 2676 1406 cor
2719 1366 2904 1416 suum,
2931 1357 2987 1406 et
3014 1350 3074 1405 in
3104 1351 3204 1406 isto
3253 1356 3506 1422 tempore,
3537 1356 3592 1405 et
3632 1349 3810 1404 noluit

2159 1437 2432 1500 dimittere
2473 1439 2739 1511 populum
2767 1437 2956 1512 (Exod.
2980 1441 3127 1507 vm).
3157 1439 3237 1494 Ac
3267 1454 3372 1510 per
3401 1436 3510 1494 hoc
3555 1440 3613 1494 et
3657 1437 3810 1494 Deus

2160 1527 2456 1585 induravit
2487 1545 2590 1601 per
2610 1529 2844 1599 justum
2869 1527 3184 1599 judicium,
3216 1531 3275 1584 et
3303 1527 3428 1600 ipse
3457 1527 3684 1582 Pharao
3716 1543 3812 1600 per

2161 1617 2413 1674 liberum
2435 1616 2801 1674 arbitrium.»
2820 1617 2892 1672 Et
2912 1615 2972 1672 in
2994 1615 3222 1688 psalmo
3243 1616 3543 1690 trigesimo
3565 1615 3806 1688 quinto:

2165 1729 2193 1757 ‹‹
2226 1706 2382 1763 Dedit
2411 1707 2536 1764 illos
2573 1707 2713 1762 Deus
2754 1707 2817 1762 in
2859 1705 3319 1778 concupiscentias
3357 1703 3536 1761 cordis
3567 1703 3813 1771 illorum.

409 1792 482 1848 ab
531 1791 642 1849 hac
699 1811 807 1850 sua
846 1793 1148 1852 voluntate
1203 1797 1439 1863 recedit,
1471 1815 1506 1853 a
1533 1814 1653 1870 qua
1709 1798 1757 1854 si
1813 1797 2058 1854 viriliter
2085 1828 2136 1894 Β
2163 1797 2343 1868 facere
2375 1811 2500 1869 quae
2530 1812 2644 1853 non
2671 1796 3002 1852 conveniunt
3026 1794 3198 1894 (Rom.
3227 1812 3268 1864 ι,
3289 1795 3402 1867 28).
3523 1793 3681 1894 Deus
3709 1793 3812 1850 hoc

411 1882 656 1955 agendo,
680 1887 740 1938 et
762 1883 1080 1940 Dominum
1103 1885 1468 1955 sustinendo,
1488 1891 1620 1944 ante
1643 1887 2056 1960 perfectionem
2085 1881 2133 1894 “’
2169 1884 2306 1940 facit
2327 1891 2392 1942 ut
2413 1885 2628 1942 faciant
2648 1902 2775 1958 quae
2804 1901 2922 1940 non
2943 1882 3330 1952 conveniunt;
3351 1882 3492 1956 quid
3524 1881 3638 1956 ipsi
3672 1883 3811 1940 fece-

411 1969 742 2026 refectionis
757 1975 815 2026 et
829 1972 1027 2044 gaudii
1052 1989 1167 2028 non
1187 1975 1496 2043 recederet,
1512 1993 1884 2048 nequaquam
1908 1976 2063 2032 ultra

412 2059 680 2116 recedere
707 2059 896 2129 vellet,
922 2061 1040 2118 imo
1071 2079 1175 2118 nec
1206 2068 1438 2136 posset:
1471 2065 1626 2121 sicut
1653 2083 1770 2122 non
1802 2066 1923 2136 Dei,
1958 2067 2060 2123 sed

413 2163 522 2203 sua
551 2147 801 2220 quisque
821 2148 1118 2208 voluntate
1149 2169 1264 2208 non
1285 2153 1460 2221 venit,
1484 2158 1541 2210 et
1565 2172 1674 2210 sua
1702 2172 1818 2211 non
1851 2156 1953 2213 Dei
1973 2173 2064 2211 vo-

413 2233 638 2292 luntate
667 2237 902 2307 recedit,
927 2238 1009 2295 ita
1037 2257 1152 2296 non
1185 2241 1282 2298 Dei
1307 2241 1629 2315 voluntate,
1651 2245 1754 2300 sed
1787 2262 1893 2301 suo
1919 2261 2062 2301 con-

413 2326 642 2396 tcmptu
673 2325 940 2398 quilibet,
965 2332 1020 2384 et
1049 2345 1158 2385 sua
1179 2329 1540 2412 inﬁdelitaw,
1563 2332 1651 2387 vel
1681 2333 1950 2407 originali
1974 2333 2062 2390 vel

415 2413 626 2470 actuali
687 2417 1080 2488 perseveranti
1137 2417 1448 2492 iniquitate
1505 2421 1700 2494 perit:
1737 2422 1875 2494 quia
1930 2422 2062 2479 nolo

416 2506 664 2559 mortem
688 2503 1014 2574 morientis,
1027 2508 1130 2564 sed
1154 2512 1218 2569 ut
1236 2513 1558 2566 revertatur
1574 2514 1632 2566 et
1649 2511 1824 2581 vivat,
1836 2511 2064 2569 Veritas

415 2591 698 2648 veraciter
715 2592 844 2666 ipsa
859 2594 1018 2652 dicit.
1033 2595 1304 2670 Alioquin
1327 2597 1585 2671 injustus
1601 2600 1756 2656 Deus
1773 2600 1873 2673 qui
1892 2601 2068 2657 infert

417 2679 588 2750 iram,
612 2683 865 2756 puniens
885 2701 984 2741 eos
1009 2686 1109 2758 qui
1142 2686 1358 2744 idcirco
1389 2687 1599 2745 salvari
1631 2707 1747 2746 non
1775 2693 2062 2764 poterant,

419 2771 696 2844 quoniam
715 2789 814 2830 eos
831 2771 1022 2830 salvos
1043 2775 1166 2830 ﬁeri
1188 2775 1376 2832 noluit
1394 2777 1566 2850 cujus
1581 2795 1752 2835 nemo
1774 2782 1966 2852 potest
1985 2795 2067 2835 re-

2169 1975 2344 2031 runt?
2363 1975 2512 2048 Ergo
2533 1974 2642 2030 fuit
2660 1973 3157 2048 concupiscentia,
3175 1989 3354 2046 quam
3372 1971 3602 2028 vincere
3623 1970 3816 2028 nolue-

2169 2068 2326 2136 runt,
2351 2081 2464 2120 non
2489 2063 2580 2120 cui
2609 2064 2978 2120 lraderentur
2997 2061 3223 2133 judicio
3243 2061 3367 2128 Dei,
3392 2063 3492 2118 sed
3517 2077 3636 2133 qua
3654 2060 3814 2134 digni

2169 2153 2526 2210 haberentur
2556 2153 2656 2226 qui
2687 2153 3110 2209 traderentur.»
3139 2152 3208 2208 Et
3236 2151 3295 2206 in
3326 2149 3553 2224 psalmo
3574 2149 3814 2223 quinto:

2175 2265 2195 2292 ι
2225 2243 2370 2299 Cum
2401 2241 2574 2316 punit
2598 2242 2754 2298 Deus
2775 2246 3129 2315 peccatores,
3153 2257 3269 2296 non
3291 2237 3514 2295 malum
3537 2255 3720 2296 suum
3739 2237 3818 2294 eis

2173 2331 2367 2402 infert,
2402 2333 2502 2388 sed
2538 2331 2710 2388 malis
2739 2347 2943 2387 eorum
2973 2347 3072 2386 eos
3099 2328 3364 2386 dimittit.
3393 2351 3416 2379 ι

2243 2420 2337 2478 Sic
2369 2421 2670 2494 quoniam,
2722 2424 2790 2476 ut
2833 2419 2988 2475 idem
3036 2418 3318 2475 colendus
3365 2415 3736 2489 Augustinus
3763 2415 3820 2470 in

2171 2510 2320 2568 libro
2341 2512 2412 2566 de
2432 2511 2590 2566 Bono
2611 2507 3053 2582 perseverantiae
3076 2507 3236 2576 dicit,
3261 2505 3408 2563 nihil
3439 2506 3506 2562 ﬁt
3532 2503 3645 2562 nisi
3668 2504 3821 2578 quod

2173 2603 2277 2657 aut
2304 2599 2458 2656 Deus
2487 2599 2645 2668 facit,
2669 2602 2770 2654 aut
2799 2597 2922 2654 ﬁeri
2954 2597 3080 2670 ipse
3110 2594 3416 2669 permittit,
3437 2599 3498 2651 et
3515 2593 3820 2650 Cassiodo-

2174 2707 2275 2746 rus
2305 2689 2365 2745 in
2397 2687 2624 2762 psalmo
2645 2686 2966 2744 centesimo
2989 2685 3158 2742 tertio
3179 2701 3235 2742 :«
3256 2683 3411 2740 Nihil
3432 2682 3592 2740 enim
3623 2700 3659 2738 a
3690 2699 3824 2755 quo-

2174 2795 2354 2851 quam
2380 2776 2504 2834 ﬁeri
2525 2780 2738 2850 potest,
2758 2775 2872 2832 nisi
2891 2775 3046 2848 quod
3073 2774 3220 2848 ipse,
3238 2773 3381 2847 quin
3403 2773 3576 2840 Deus,
3602 2775 3821 2828 secreto

419 2859 625 2917 sistere
641 2861 1063 2920 voluntati.Sed
1081 2864 1234 2922 absit
1249 2883 1262 2922 :
1277 2866 1556 2938 quoniam
1569 2868 1798 2924 cunctis
1815 2867 2068 2925 salutem
2167 2867 2394 2942 judicio
2414 2869 2517 2923 aut
2533 2867 2607 2923 ad
2631 2865 3163 2940 probationem,aut
3180 2863 3252 2920 ad
3275 2860 3591 2918 vindictam
3616 2860 3826 2916 facien-

419 2949 778 3023 propositam
810 2955 868 3007 et
897 2957 1162 3025 paratam
1190 2953 1436 3011 humilis
1460 2955 1766 3025 humiliter
1786 2956 2065 3031 suscepit,

420 3055 598 3112 quam
629 3038 712 3096 illi
741 3041 897 3098 Deus
921 3043 1088 3099 Pater
1112 3061 1221 3100 sua
1249 3043 1438 3119 gratio.
1464 3044 1754 3112 revelavit,
1778 3046 2070 3119 superbus

421 3131 646 3184 aeternae
676 3130 804 3186 vita:
830 3131 1136 3206 indignum
1171 3151 1234 3190 se
1255 3133 1532 3206 judicans
1553 3135 1802 3207 superbe
1831 3135 2066 3208 repulit,

2177 2957 2319 3013 dum
2368 2973 2497 3012 esse
2544 2953 2896 3028 permiserit.
2929 2953 3024 3010 Sic
3052 2957 3111 3009 et
3141 2951 3240 3008 alii
3271 2951 3509 3024 quidem
3557 2953 3821 3006 auctores

2177 3045 2384 3102 dicunt
2411 3045 2520 3100 hoc
2552 3044 2726 3100 modo
2753 3041 3085 3112 locutionis,
3109 3059 3144 3098 a
3171 3041 3288 3098 Deo
3319 3039 3526 3097 merito
3552 3036 3822 3095 ϐιωθειυὶ

2179 3135 2278 3208 qui
2309 3133 2498 3208 gratia
2523 3150 2638 3190 non
2661 3131 3093 3200 illuminantur,
3114 3130 3268 3187 tradi
3289 3129 3388 3202 qui
3413 3129 3576 3201 justo
3600 3126 3826 3200 judicio

421 3232 599 3288 quam
631 3218 683 3274 ei
713 3218 910 3275 divina
930 3198 1166 3293 jhstitia
1197 3198 1416 3295 peccati
1444 3198 1650 3279 merito
1673 3227 1729 3278 et
1749 3198 1962 3294 judicii
1993 3198 2074 3278 di-
2105 3198 2148 3264 c
2181 3198 2551 3292 deseruntur,
2585 3221 2748 3278 allidi
2781 3222 2881 3294 qui
2933 3238 3048 3278 non
3079 3198 3466 3287 statuuntur;
3489 3239 3518 3271 ι»
3555 3198 3622 3273 et
3661 3216 3830 3292 plura

423 3305 722 3363 strictione
744 3308 1175 3378 abscondit,cui~
1192 3311 1381 3384 gratia
1401 3328 1516 3367 non
1538 3311 1815 3379 ostendit,
1838 3311 1992 3367 sicut
2011 3311 2072 3366 in

425 3391 746 3464 Scripturis
768 3394 1066 3452 multoties
1087 3398 1401 3454 invenitur.
1417 3398 1580 3454 Lnde
1597 3399 1706 3454 sub
1724 3399 2074 3457 struthionis

426 3481 664 3538 nomine
694 3483 764 3539 de
794 3482 1096 3557 hypocrita
1146 3487 1430 3560 scriptum
1480 3491 1570 3543 est
1603 3505 1616 3542 :
1657 3489 1906 3544 Privavit
1949 3505 2076 3544 eum

425 3569 566 3646 Deus
592 3573 882 3643 sapientia,
900 3591 1000 3630 nec
1017 3574 1165 3631 dedit
1188 3576 1277 3630 illi
1306 3577 1726 3648 intelligentiam
1747 3577 1860 3648 (Job
1879 3595 2070 3650 xxxnx,

429 3660 538 3730 17).
568 3683 596 3710 ››
629 3660 774 3718 Hinc
821 3668 1060 3720 sanctus
1100 3665 1414 3736 Gregorius
1461 3665 1520 3722 in
1578 3665 1726 3721 libro
1771 3666 2074 3740 trigesimo

427 3750 682 3806 secundo
731 3751 1042 3808 Moralium
1073 3753 1210 3826 (cap.
1241 3755 1298 3826 9)
1337 3753 1478 3811 dicit
1509 3772 1522 3810 :
1554 3779 1573 3804 α
1611 3755 1886 3821 Quamvis
1921 3755 2072 3812 385

429 3838 589 3894 aliud
620 3838 698 3895 sit
728 3841 974 3913 privare,
999 3841 1158 3898 aliud
1199 3861 1314 3899 non
1355 3844 1514 3912 dare,
1545 3843 1880 3900 hoc-tamen
1911 3861 2074 3918 repe-

429 3925 543 3995 tiit,
569 3927 874 3985 subdendo
921 3946 1038 3986 non
1069 3931 1250 4002 dedit,
1274 3932 1428 4004 quod
1478 3931 1762 4004 praemisit
1810 3932 2074 4004 privavit.

429 4016 510 4071 Ac
539 4015 587 4070 si
618 4015 870 4074 diceret:
895 4019 1050 4091 quod
1083 4020 1230 4076 dixit
1266 4021 1531 4092 privavit,
1564 4038 1679 4076 non
1719 4021 1940 4094 injuste
1978 4039 2077 4078 sa-

432 4103 714 4188 pientiam
764 4105 1025 4177 abstulit,
1077 4110 1180 4166 sed
1229 4111 1394 4182 juste
1452 4127 1568 4166 non
1617 4110 1796 4166 dedit.
1834 4111 1994 4168 Unde
2023 4116 2081 4168 ct

433 4192 754 4252 Pharaonis
783 4212 883 4253 eor
911 4196 1196 4254 Dominus
1217 4198 1538 4256 obdurasse
1567 4200 1936 4269 describitur,
1962 4219 2078 4258 non

431 4283 589 4356 quod
619 4283 756 4356 ipse
791 4284 1066 4342 duritiam
1100 4287 1366 4356 contulit,
1399 4289 1500 4345 sed
1529 4289 1684 4360 quod
1713 4288 2080 4362 exigentibus

433 4374 562 4445 ejus
595 4375 822 4432 meritis
843 4376 1005 4434 nulla
1036 4377 1178 4434 illud
1203 4379 1454 4452 desuper
1484 4379 1662 4436 infusi
1693 4379 1924 4437 timoris
1956 4399 2082 4438 sen-

434 4462 714 4520 sibilitate
745 4464 1010 4522 mollivit.
1034 4489 1062 4519 »
1086 4468 1156 4523 Et
1177 4471 1416 4524 sanctus
1447 4469 1811 4542 Augustinus
1842 4469 1902 4525 in
1933 4469 2082 4526 libro

2181 3313 2315 3381 alia,
2339 3329 2468 3384 qua:
2507 3311 2695 3368 sancti
2727 3309 3062 3384 Gregorius,
3090 3308 3437 3365 Ambrosius
3466 3311 3524 3364 et
3555 3307 3829 3378 Hierony-

2182 3419 2317 3458 mus
2339 3400 2397 3456 in
2418 3399 2585 3456 libris
2606 3399 2864 3466 illorum,
2887 3404 2944 3455 et
2965 3399 3174 3456 beatus
3193 3395 3558 3470 Augustinus
3589 3395 3654 3452 in
3687 3411 3832 3468 prai-

2182 3492 2300 3547 fato
2331 3489 2574 3559 libro;de
2599 3489 2797 3546 Gratia
2816 3493 2874 3545 et
2904 3487 3086 3544 libero
3116 3487 3388 3555 Arbitrio,
3413 3490 3472 3542 et
3499 3487 3561 3541 in
3592 3484 3748 3540 libro
3767 3483 3834 3539 de

2183 3579 2700 3636 Praedestinatione
2730 3577 2952 3650 gratim,
2986 3582 3044 3632 et
3071 3576 3132 3632 in
3161 3576 3328 3633 libris
3359 3576 3430 3630 de
3460 3572 3834 3630 Praedestina—

2183 3668 2338 3724 tione
2369 3671 2708 3724 sanctorum
2739 3682 2808 3721 ac
2840 3665 2996 3721 Bono
3028 3661 3488 3738 perseverantiae,
3523 3665 3584 3717 et
3615 3659 3680 3716 in
3710 3659 3834 3732 epi-

2184 3756 2336 3812 stola
2353 3755 2423 3812 ad
2440 3753 2668 3810 Sixtum
2687 3752 2956 3810 Ecclesiae
2975 3753 3250 3809 Romana:
3269 3750 3838 3823 presbyterum,post

2185 3850 2380 3903 autem
2415 3843 2603 3916 ipsius
2651 3846 2865 3900 saneta:
2915 3841 3072 3899 sedis
3109 3841 3466 3913 eoiscopum,
3489 3839 3649 3895 sicut
3683 3837 3836 3894 880

2185 3951 2368 4008 supra
2410 3931 2797 3998 ostendimus,
2829 3949 2962 3988 cum
2993 3931 3066 3986 de
3107 3929 3262 3986 vasis
3313 3929 3412 3984 irae
3460 3927 3738 4001 perfectis
3767 3925 3836 3980 ad

2186 4023 2492 4080 interitum
2508 4021 3036 4093 loqueremur,quze
3055 4036 3169 4075 non
3187 4017 3290 4074 Dei
3309 4014 3839 4090 praedestinatione,

2187 4115 2289 4170 sed
2321 4115 2567 4186 paterna
2583 4109 2673 4166 vel
2704 4109 2941 4182 propria
2969 4107 3462 4180 praevaricatione,
3487 4122 3630 4160 vasa
3657 4103 3760 4160 ira:
3785 4105 3844 4157 et

2189 4205 2386 4275 aptata
2415 4204 2555 4257 sunt
2577 4199 2647 4255 ad
2674 4197 3000 4256 interitum.
3027 4196 3191 4252 Unde
3211 4195 3398 4253 isdem
3419 4194 3631 4250 beatus
3653 4194 3844 4265 Augu~

2190 4289 2380 4348 stinus
2399 4289 2461 4344 in
2481 4287 2630 4344 libro
2649 4287 2722 4344 de
2743 4283 3255 4342 Przedestiuatione
3271 4288 3609 4340 sanctorum
3627 4284 3774 4354 (cap.
3789 4280 3842 4349 8)

2189 4379 2332 4436 dicit
2363 4395 2412 4432 :«
2447 4377 2582 4448 Cur,
2613 4375 2910 4448 inquiens,
2945 4391 3080 4431 nom
3119 4390 3324 4429 omnes
3353 4373 3580 4438 doceat,
3613 4367 3847 4443 aperuit

2188 4465 2502 4540 Apostolus
2523 4467 2812 4537 quantum
2833 4462 3214 4536 aperiendum
3239 4458 3548 4534 judicavit,
3573 4459 3721 4528 Quia
3752 4473 3844 4512 uo-

436 4549 508 4604 de
539 4551 740 4607 Gratia
785 4555 842 4609 et
886 4553 1070 4611 libero
1120 4555 1372 4612 Arbitrio
1403 4556 1540 4630 (cap.
1572 4559 1664 4626 21)
1697 4557 1769 4613 ad
1818 4557 2080 4614 Valenti-
2113 4567 2160 4631 D
2193 4559 2308 4614 lens
2338 4555 2614 4614 ostendere
2644 4556 2808 4620 iram,
2839 4561 2891 4608 et
2925 4551 3294 4608 denumstrare
3319 4550 3615 4623 potentiam
3663 4563 3845 4612 suam,

438 4655 580 4693 num
627 4644 685 4696 et
732 4657 865 4698 cum
898 4659 965 4699 eo
1006 4645 1326 4701 monachos
1359 4663 1371 4700 :
1403 4670 1422 4695 ι
1459 4645 1664 4702 Fixum
1714 4645 1869 4702 enim
1915 4647 2085 4704 debet
2191 4646 2376 4702 attulit
2402 4646 2462 4700 in
2489 4643 2666 4700 multa
2687 4643 2956 4715 patientia
2985 4657 3115 4698 vasa
3145 4642 3250 4697 irae
3291 4653 3417 4712 quae
3449 4639 3693 4710 perfecta
3721 4643 3851 4691 sunt

437 4743 566 4782 esse
598 4732 656 4784 et
685 4728 988 4787 immobile
1017 4732 1076 4787 in
1107 4734 1280 4790 corde
1311 4738 1521 4806 vestro,
1547 4735 1687 4808 quia
1716 4753 1832 4791 non
1861 4741 1952 4792 est
1981 4736 2086 4792 ini-

439 4815 637 4888 quitas
665 4818 821 4890 apud
862 4819 1045 4876 Deum
1080 4837 1093 4877 :
1129 4839 1195 4878 ac
1233 4840 1337 4894 per
1373 4823 1484 4879 hoc
1524 4825 1758 4896 quando
1799 4825 1993 4898 legitis
2023 4825 2085 4882 in

439 4903 649 4961 litteris
673 4906 954 4976 veritatis,
971 4927 1005 4965 a
1029 4910 1146 4966 Deo
1167 4911 1365 4997 seduci
1389 4911 1676 4981 homines,
1692 4918 1796 4968 aut
1816 4913 2084 4986 obtundi,

440 4994 526 5050 vel
559 4995 832 5052 obdurari
865 4999 1040 5054 corda
1079 4994 1303 5070 eorum,
1323 4999 1505 5056 nolite
1535 5000 1804 5057 dubitare
1835 5019 2084 5074 praeces-

440 5083 590 5140 sisse
620 5084 775 5141 mala
804 5087 1012 5144 merita
1041 5105 1264 5157 eorum,
1299 5094 1365 5144 ut
1398 5089 1549 5161 iuste
1579 5089 1693 5144 ista
1725 5094 2082 5162 paterentur,

443 5191 515 5230 ne
543 5172 860 5231 incurratis
891 5176 951 5232 in
980 5175 1125 5233 illud
1159 5175 1528 5250 proverbium
1561 5177 1926 5236 Salomonis:
1954 5182 2092 5237 Insi-

436 5265 652 5336 pientia
679 5266 792 5321 viri
819 5266 988 5322 violat
1014 5268 1130 5322 vias
1159 5268 1296 5339 ejus,
1327 5267 1496 5322 Deum
1524 5275 1705 5322 autem
1744 5277 2002 5326 causatur
2030 5271 2091 5326 in

441 5353 600 5408 corde
628 5369 746 5409 suo.
776 5377 796 5402 υ
827 5355 896 5410 Et
931 5353 990 5409 in
1023 5354 1227 5410 eodem
1277 5359 1410 5427 post
1456 5353 1758 5427 aliquanta
1785 5360 1924 5430 (cap.
1954 5359 2086 5427 23):

448 5464 476 5493 ‹‹
499 5442 738 5507 Quando
762 5459 898 5516 ergo
929 5443 1150 5499 auditis
1167 5443 1461 5498 dicentem
1482 5443 1821 5514 Dominum,
1851 5447 1956 5518 Ego
1987 5449 2090 5504 Do-

443 5531 631 5584 minus
668 5530 866 5588 seduxi
906 5532 1224 5605 prophetam
1269 5531 1822 5603 illum(Ezech.x1v),
1849 5539 1904 5591 et
1935 5538 2091 5608 quod

447 5617 530 5674 ait
556 5619 890 5690 Apostolus,
914 5623 1069 5695 cujus
1097 5622 1214 5678 vult
1250 5623 1557 5690 miseretur,
1589 5628 1642 5677 et
1669 5637 1827 5696 quem
1854 5625 1969 5681 vult
1999 5627 2092 5681 in-

2193 4735 2262 4792 ad
2289 4735 2670 4807 perditionem,
2690 4740 2743 4788 et
2769 4739 2831 4788 ut
2856 4737 3008 4788 notas
3037 4731 3239 4801 faceret
3261 4727 3485 4784 diuitias
3504 4727 3703 4798 gloriae
3729 4738 3848 4780 suae

2194 4827 2255 4880 in
2292 4840 2423 4880 vasa
2473 4819 2890 4887 misericordiae,
2936 4834 3060 4890 quae
3101 4818 3440 4890 prwparavit
3494 4817 3553 4870 in
3606 4815 3852 4886 gloriam

2193 4913 2366 4986 (Rom.
2391 4929 2466 4979 1x,
2488 4911 2599 4982 22).
2625 4909 2771 4966 Hinc
2801 4911 2890 4964 est
2917 4907 3074 4980 quod
3103 4907 3344 4962 verbum
3378 4903 3570 4962 crucis
3595 4919 3848 4976 pereun-

2194 5002 2354 5058 tibus
2372 4999 2623 5058 stultitia
2637 5002 2744 5066 est,
2759 4997 2855 5054 his
2872 5001 3068 5053 autem
3089 4995 3188 5068 qui
3217 4993 3359 5052 salvi
3377 4995 3528 5050 ﬁunt
3542 4993 3738 5048 virtus
3753 4990 3856 5047 Dei

2195 5094 2337 5147 est.»
2357 5091 2428 5146 Et
2446 5093 2579 5162 post
2597 5087 2900 5160 aliquanta
2916 5088 3057 5159 (cap.
3075 5085 3133 5156 9)
3152 5103 3202 5142 εκ
3227 5083 3344 5140 Cur
3363 5087 3560 5140 autem
3585 5099 3708 5137 non
3734 5097 3856 5138 om-

2198 5179 2372 5236 nibus
2394 5180 2583 5246 detur,
2605 5177 2834 5234 ﬁdelem
2856 5193 3086 5233 movero
3109 5192 3222 5231 non
3246 5173 3436 5242 debet,
3453 5171 3552 5246 qui
3572 5171 3767 5228 credit
3788 5186 3858 5226 ex

2198 5285 2314 5324 uno
2347 5282 2551 5323 omnes
2580 5266 2697 5323 isse
2726 5264 2786 5321 in
2815 5264 3360 5320 condemnationem
3390 5261 3517 5318 sine
3537 5260 3728 5316 dubio
3755 5262 3858 5331 ju-

2199 5357 2545 5424 stissimam,
2572 5356 2653 5410 ita
2674 5359 2740 5411 ut
2768 5353 2932 5410 nulla
2950 5358 3105 5410 esset
3131 5351 3232 5408 Dei
3252 5353 3418 5423 justa
3447 5347 3856 5421 reprehensio,

2199 5445 2430 5504 etiamsi
2467 5443 2669 5500 nullus
2705 5445 2842 5500 inde
2879 5443 3244 5512 liberaretur,
3271 5441 3427 5496 unde
3454 5441 3690 5495 constat
3731 5455 3859 5494 ma-

2198 5553 2378 5610 gnam
2399 5551 2526 5591 esse
2557 5533 2808 5606 gratiam
2829 5533 2982 5604 quod
3015 5531 3256 5604 plurimi
3286 5529 3672 5586 liberantur.»
3691 5527 3768 5583 Et
3799 5527 3860 5583 in

2199 5623 2446 5698 epistola
2456 5623 2528 5680 ad
2541 5624 2846 5695 praefatum
2861 5623 3088 5682 Sixtum
3101 5617 3858 5696 presbyterum(epist.105)z
