3962 6178
412 318 526 376 451

1349 311 1728 372 HlNCMAltl
1774 309 2221 372 RHEMENSIS
2266 309 2856 374 AllCHIEPISCOPI
2867 358 2880 371 .

3694 313 3800 376 452

411 454 669 518 ceperunt
695 453 756 501 ut
782 443 930 532 salvi
973 445 1183 516 ﬁerent,
1224 445 1475 499 immittet
1519 444 1636 499 illis
1685 443 1824 498 Deus
1875 458 2062 514 opera-
2091 441 2144 509 Α
2175 441 2308 510 lexi,
2341 441 2611 498 voluntas
2641 443 2984 502 convenitur
3010 443 3290 510 humana,
3325 443 3422 499 ubi
3455 442 3800 501 dicituero-

411 538 616 592 tionem
660 535 866 590 erroris
915 540 976 589 ut
1019 531 1242 588 credant
1293 531 1596 597 mendacio,
1654 539 1714 587 ut
1749 531 2069 605 judicentur
2177 532 2272 588 lite
2299 547 2412 588 esse
2451 535 2595 588 sicut
2637 549 2805 604 equus
2853 540 2904 588 et
2947 533 3150 600 mulus,
3185 533 3378 605 quibus
3408 549 3519 588 non
3543 541 3624 588 est
3651 534 3802 590 intel-

410 640 598 680 omnes
628 625 725 696 qni
752 639 862 679 non
893 621 1242 678 crediderunt
1280 617 1522 686 veritati,
1553 618 1647 676 sed
1682 625 2069 677 consenserunt
2175 621 2340 677 lectus
2370 623 2702 690 (Psal.xxx1)
2735 639 2748 677 :
2785 621 3053 694 quamvis
3083 623 3248 694 pejor
3271 627 3548 695 appareat
3582 623 3653 678 de
3699 639 3805 696 quo

409 713 698 786 iniquitati
723 712 798 780 (ll
833 710 1023 766 Thess.
1055 727 1119 776 ιι,
1155 711 1262 778 10).
1295 710 1365 764 Et
1395 709 1466 764 de
1505 709 1923 781 reeipienbitus
1969 725 2062 763 ve-

411 802 642 860 ritatem
675 799 940 856 scribens
969 797 1131 866 dicit,
1167 797 1380 853 Gratias
1411 798 1626 868 agimus
1676 797 1780 852 Deo
1824 797 1945 852 sine
1975 797 2062 852 in-

411 890 772 954 termissione,
803 886 944 960 quod
971 903 1096 942 cum
1123 885 1414 942 audissetis
1443 903 1477 940 a
1505 885 1665 941 nobis
1701 885 1925 940 verbum
1961 903 2062 942 au-

411 979 557 1036 ditus
586 979 706 1044 Dei,
737 976 1070 1047 suscepistis,
1116 991 1229 1030 non
1277 981 1339 1030 ut
1382 974 1606 1030 verbum
1635 967 1940 1041 hominum,
1970 974 2064 1030 sed

409 1069 554 1125 sicut
579 1073 660 1124 est
685 1081 808 1122 vere
831 1065 1056 1120 verbum
1101 1065 1218 1130 Dei,
1253 1062 1394 1136 quod
1437 1071 1490 1118 et
1533 1069 1789 1134 operatur
1817 1065 1879 1118 in
1914 1062 2064 1118 vobis

411 1158 510 1232 qui
536 1154 848 1212 credidistis
894 1153 944 1222 (l
993 1151 1170 1208 Thess.
1205 1169 1266 1215 ιι,
1320 1151 1428 1222 13).
1470 1151 1540 1206 Et
1587 1150 1970 1206 Cassiodorus
2001 1151 2062 1206 in

410 1245 642 1321 psalmo
667 1241 1101 1316 septuagesimo
1133 1239 1382 1312 septimo
1417 1257 1430 1294 :
1455 1261 1484 1290 ‹‹
1512 1239 1673 1294 Misit
1703 1240 1762 1294 in
1793 1257 1892 1296 eos
1913 1240 2060 1296 iram

410 1332 838 1406 indignationis
866 1347 1008 1398 suae,
1036 1327 1523 1403 indignationem,
1556 1334 1612 1383 et
1643 1329 1812 1394 iram,
1847 1331 1903 1382 et
1952 1328 2060 1382 tri-

410 1422 792 1490 bulationem,
827 1418 1256 1475 immissionem
1287 1435 1390 1491 per
1415 1417 1655 1492 angelos
1684 1416 1888 1473 malos.
1907 1417 2058 1472 Ordo

408 1511 543 1570 vim]
555 1513 680 1567 ictas
697 1509 962 1565 verissim
973 1523 1006 1562 a
1022 1507 1410 1578 descriptione
1422 1507 1886 1562 narratur.Prius
1901 1505 2056 1561 enim

410 1601 696 1660 Dominus
735 1597 988 1670 peccatis
1034 1595 1250 1650 nostris
1295 1595 1570 1650 irascitur
1615 1595 1850 1666 quando
1900 1593 2064 1650 nulla

409 1687 860 1762 compunetione
890 1684 1304 1752 convertimur,
1328 1701 1394 1740 ac
1425 1683 1636 1739 deinde
1657 1682 1939 1738 malitiam
1963 1683 2063 1738 ho-

409 1779 589 1835 minis
619 1777 678 1832 in
709 1793 818 1831 sua
845 1772 1210 1846 indignitate,
1241 1777 1300 1828 et
1337 1773 1444 1837 ira,
1480 1771 1858 1829 tribulatione
1889 1769 2058 1828 dere-

409 1865 646 1940 linquit.
680 1869 745 1920 ut
775 1861 1026 1936 propriis
1057 1861 1538 1934 perversitatihus
1576 1862 1914 1934 afﬂigantur
1961 1855 2063 1934 qui

410 1955 626 2013 divinis
649 1951 1024 2026 jussionibus
1051 1951 1288 2006 obedire
1319 1955 1724 2006 contemnunt.
1760 1973 1788 1999 »
1837 1951 1906 2005 Et
1947 1953 2062 2006 Au-

411 2044 690 2120 gustinus
709 2043 767 2098 in
783 2041 933 2096 libro
951 2039 1020 2096 de
1034 2038 1235 2096 Gratia
1250 2044 1306 2096 et
1325 2039 1508 2094 libero
1527 2039 1781 2094 Arbitrio
1811 2039 2012 2112 (cap.3)
2045 2057 2058 2096 :

414 2156 443 2188 ‹‹
474 2133 581 2200 Qui
614 2148 750 2204 ergo
783 2133 1066 2185 noverunt
1111 2127 1310 2183 divina
1350 2129 1648 2196 mandata,
1684 2129 1949 2183 aufertur
1977 2129 2062 2184 eis

409 2220 729 2284 excusatio,
763 2235 942 2292 quam
992 2217 1182 2274 solent
1226 2217 1440 2273 habere
1493 2216 1762 2272 homines
1792 2217 1864 2272 de
1895 2217 2058 2289 igno-

411 2312 621 2369 rantia.
640 2311 749 2366 Sed
787 2324 892 2363 nec
922 2306 1038 2380 ipsi
1069 2307 1195 2362 sine
1226 2323 1397 2378 poena
1425 2311 1598 2361 erunt
1615 2306 1716 2378 qui
1745 2304 1933 2378 legem
1956 2306 2056 2362 Dei

411 2401 702 2458 nesciunt.
740 2399 846 2466 Qui
872 2399 1022 2452 enim
1065 2397 1186 2452 sine
1233 2397 1346 2466 lege
1387 2401 1760 2468 peccaverunt,
1792 2395 1914 2450 sine
1947 2395 2059 2465 lege

403 2491 664 2564 peribunt
691 2505 704 2543 :
735 2487 832 2560 qui
859 2495 1040 2542 autem
1088 2487 1149 2540 in
1195 2485 1307 2556 lege
1351 2493 1722 2556 peccaverunt,
1755 2500 1853 2554 per
1883 2485 2058 2556 legem

397 2578 798 2654 judicabantur
825 2577 997 2648 (Rom.
1031 2591 1093 2644 ιι,
1129 2575 1240 2642 12).
1275 2573 1436 2639 Quod
1487 2573 1630 2627 mihi
1683 2589 1795 2627 non
1827 2573 2057 2628 videtur

405 2665 720 2741 Apostolus
740 2665 822 2720 ita
841 2662 1366 2734 dixisse,tanquam
1390 2662 1559 2733 pejus
1579 2661 1802 2732 aliquid
1835 2661 2054 2733 signifi-

407 2755 623 2813 caverit
652 2768 781 2812 esse
811 2750 1203 2825 passurosqui
1219 2749 1406 2826 legem
1430 2750 1702 2806 nesciunt
1719 2749 1779 2805 in
1799 2749 2052 2821 peccatis

404 2845 551 2914 suis,
566 2859 743 2916 quam
773 2841 906 2896 illos
935 2840 1036 2913 qui
1067 2839 1280 2896 sciunt.
1302 2839 1476 2910 Pejus
1497 2839 1653 2894 enim
1675 2837 1905 2894 videtur
1923 2855 2052 2896 esse

406 2931 804 3006 perire,quam
831 2928 1110 3001 judicari.
1144 2928 1255 2984 Sed
1287 2945 1422 2984 cum
1454 2928 1562 2983 hoc
1595 2929 1665 2983 de
1693 2927 1966 3001 gentibus
1997 2933 2053 2983 et

2173 709 2398 765 dictum
2425 715 2514 766 est
2547 726 2560 766 :
2599 710 2780 766 Verbis
2827 726 2939 765 non
2985 710 3360 766 emendabitur
3403 727 3590 776 servus
3617 710 3803 766 dum.

2171 798 2235 854 Si
2261 801 2410 878 enim
2432 807 2484 854 et
2510 799 2860 864 intellexerit,
2891 815 3002 855 non
3025 798 3336 855 obaudiet.»
3384 800 3456 854 Et
3497 798 3668 871 plura
3703 798 3806 854 hu-

2163 887 2430 958 jusmodi
2456 887 2836 943 inveniuntur
2855 887 2913 942 in
2935 886 3152 942 litteris
3177 885 3460 942 divinitus
3489 885 3806 960 inspiratis,

2171 976 2336 1032 Sicut
2357 976 2514 1032 enim
2537 976 2863 1030 secundum
2885 974 3461 1048 Scripturam,omnia
3480 991 3812 1050 quaecunque

2169 1066 2344 1121 voluit
2370 1065 2634 1120 Dominus
2678 1065 2808 1136 [ecit
2837 1064 3009 1138 (Psal.
3041 1079 3199 1132 cxm,
3227 1064 3306 1131 3),
3337 1063 3418 1119 ita
3446 1063 3601 1120 sicut
3633 1063 3810 1122 voluit

2170 1153 2369 1210 omnia
2398 1154 2552 1210 bona
2580 1153 2718 1210 fecit
2749 1169 2762 1208 :
2797 1152 2938 1225 quia
2961 1167 3076 1208 non
3106 1169 3175 1209 ex
3204 1152 3522 1222 accidente,
3539 1157 3600 1209 et
3625 1169 3814 1210 essen-

2168 1243 2390 1300 tialiter
2417 1243 2606 1298 bonus
2635 1245 2694 1298 et
2721 1241 3122 1314 Omnipotens,
3157 1241 3258 1313 qui
3297 1240 3558 1314 seipsum
3606 1257 3810 1314 negare

2169 1350 2284 1388 non
2319 1337 2532 1404 potest,
2566 1330 2736 1388 aliter
2764 1347 2871 1387 nec
2899 1328 3044 1386 velle
3071 1330 3263 1402 potuit
3294 1345 3399 1386 nec
3420 1347 3592 1404 posse
3610 1328 3810 1397 voluit,

2169 1426 2236 1476 ut
2263 1422 2472 1478 beatus
2499 1419 2868 1492 Augustinus
2913 1419 2975 1474 in
3025 1435 3293 1475 sermone
3323 1419 3394 1475 de
3423 1417 3703 1492 Symbolo
3745 1420 3811 1476 ad

2168 1511 2492 1584 neophytos
2521 1509 2662 1566 dicit
2692 1525 2706 1564 ε
2745 1533 2767 1560 ι
2803 1509 2864 1565 Si
2894 1509 3071 1576 enim,
3105 1508 3530 1581 inquiens,quas
3561 1508 3620 1564 in
3654 1507 3811 1582 prin-

2167 1597 2318 1672 cipio
2350 1599 2504 1655 Deus
2533 1599 2690 1666 fecit,
2720 1614 2788 1654 ex
2820 1597 3003 1653 nihilo
3033 1597 3238 1670 utique
3265 1595 3609 1668 fecit,etiam
3631 1613 3706 1654 ex
3727 1596 3813 1653 his

2169 1705 2298 1762 quae
2317 1688 2454 1744 fecit
2481 1686 2766 1760 quidquid
2797 1685 3046 1742 voluerit
3074 1686 3262 1740 facere
3291 1691 3496 1758 potens
3536 1690 3648 1751 est,
3683 1684 3816 1758 quia

2169 1777 2544 1851 omnipotens
2572 1782 2682 1842 est,
2714 1791 2818 1831 nec
2845 1775 2976 1830 ideo
3005 1775 3244 1830 credant
3273 1774 3458 1847 iniqui
3489 1774 3678 1830 Deum
3704 1792 3810 1830 non

2173 1882 2300 1921 esse
2327 1864 2806 1937 omnipotentem,
2826 1861 2966 1936 quia
2996 1863 3182 1918 multa
3211 1865 3414 1918 contra
3441 1863 3570 1933 ejus
3596 1861 3816 1918 faciunt

2171 1953 2679 2024 voluntatem,sive
2709 1952 2890 2008 homo
2916 1951 3004 2009 vel
3026 1953 3188 2025 justo
3217 1951 3550 2021 damnetur,
3567 1950 3694 2007 sive
3713 1951 3812 2006 mi-

2170 2042 2539 2100 sericorditer
2567 2039 3142 2108 liberetur,voluntas
3157 2038 3587 2112 Omnipotentis
3606 2037 3812 2112 imple-

2167 2131 2454 2196 tur.Quod
2477 2146 2612 2202 ergo
2645 2147 2758 2184 non
2791 2127 2915 2185 vult
2944 2127 3464 2201 Omnipotens,hoc
3483 2127 3682 2187 solum
3705 2145 3812 2183 non

2167 2218 2580 2292 potest.Utitur
2607 2235 2744 2290 ergo
2777 2217 3093 2287 malis,non
3116 2217 3440 2274 secundum
3463 2234 3674 2275 eorum
3696 2233 3814 2290 pra-

2166 2325 2320 2376 vam,
2353 2307 2456 2364 sed
2485 2307 2816 2363 secundum
2849 2323 3018 2362 suam
3049 2311 3268 2362 rectam
3297 2305 3684 2363 voluntatem.
3709 2307 3822 2364 »Ει

2165 2402 2298 2470 post
2329 2412 2515 2468 pauca
2547 2413 2560 2450 :
2597 2395 2712 2452 «Ne
2734 2395 2869 2466 quis
2901 2411 2994 2450 me
3024 2400 3242 2451 temere
3263 2394 3480 2450 dixisse
3500 2393 3820 2450 arbitretur

2165 2485 2386 2558 aliquid
2409 2485 2576 2540 Omni
2587 2489 2881 2557 potentem
2905 2501 3020 2538 non
3045 2482 3354 2556 posse,hoc
3374 2487 3432 2539 et
3454 2485 3666 2539 beatus
3679 2485 3818 2556 Apo-

2163 2573 2351 2631 stolus
2381 2573 2528 2629 dixit
2560 2591 2574 2630 :
2605 2573 2667 2629 Si
2692 2589 2805 2628 non
2833 2572 3290 2640 credidimus,ille
3307 2572 3488 2645 ﬁdelis
3511 2581 3814 2645 permanet,

2160 2680 2360 2736 negare
2386 2665 2624 2736 seipsum
2661 2679 2772 2718 non
2817 2669 2990 2734 potest
3015 2663 3065 2730 (l
3098 2663 3233 2718 Tim.
3267 2679 3328 2729 ιι,
3367 2662 3474 2731 13).
3507 2661 3621 2718 Sed
3677 2661 3813 2733 quia

2162 2770 2277 2809 non
2309 2751 2433 2808 vult
2461 2769 2578 2808 non
2610 2754 2819 2824 potest,
2853 2751 2994 2823 quia
3021 2754 3078 2806 et
3104 2749 3248 2806 velle
3277 2766 3396 2806 non
3439 2755 3655 2822 potest.
3691 2751 3814 2806 Non

2159 2841 2314 2896 enim
2342 2839 2783 2913 potestjustitia
2803 2837 2950 2895 velle
2971 2839 3159 2894 facere
3180 2839 3336 2912 quod
3368 2837 3667 2910 injustum
3700 2843 3806 2907 est,

2159 2935 2262 2986 aut
2289 2929 2577 3002 sapientia
2605 2927 2749 2984 velle
2797 2929 2952 3000 quod
3003 2927 3253 2983 stultum
3301 2931 3412 2992 est,
3443 2931 3546 2982 aut
3591 2927 3811 2984 veritas

322 3007 332 3015 ’
405 3023 477 3078 de
506 3020 726 3077 Judaeis
758 3019 1112 3092 loqueretur,
1145 3019 1285 3090 quia
1315 3016 1398 3072 illi
1430 3017 1556 3073 sine
1595 3015 1720 3089 lege
1759 3021 1917 3084 sunt,
1951 3016 2047 3072 isti
2154 3016 2300 3072 velle
2331 3017 2485 3088 quod
2515 3015 2730 3072 falsum
2761 3013 3040 3070 est.Unde
3069 3013 3454 3068 admonemur
3481 3012 3674 3069 Deum
3696 3031 3810 3070 om.

405 3113 600 3166 autem
631 3109 821 3181 legem
844 3107 1360 3180 acceperunt,quis
1382 3107 1594 3162 audeat
1615 3105 2050 3160 dicereJudzeos
2090 3176 2119 3181 Α-
2158 3108 2661 3180 nipotentem,non
2693 3103 2802 3158 hoc
2833 3101 3023 3158 solum
3053 3102 3209 3174 quod
3241 3101 3322 3156 ait
3349 3101 3696 3175 Apostolus,
3715 3119 3804 3157 ne-

405 3198 502 3272 qui
536 3197 595 3252 in
627 3176 752 3268 lege
779 3176 1020 3268 peccant
1047 3213 1163 3250 non
1185 3176 1313 3250 esse
1342 3194 1631 3266 perituros
1653 3210 1788 3248 cum
1810 3193 1868 3248 in
1893 3193 2050 3248 Chri-
2079 3176 2122 3242 C
2156 3176 2288 3267 gare
2313 3195 2554 3262 seipsum
2579 3207 2690 3248 non
2716 3191 3011 3263 potest,sed
3046 3187 3232 3245 multa
3277 3206 3393 3245 non
3441 3207 3640 3262 posse.
3676 3191 3814 3246 Ecce

405 3293 498 3344 sto
529 3302 644 3341 non
675 3284 1084 3340 crediderunt?
1115 3281 1590 3354 quandoquidem
1609 3280 1808 3337 deillis
1829 3281 2052 3336 dictum

405 3379 516 3438 est,
537 3388 635 3445 per
665 3372 834 3442 legem
850 3370 1288 3443 judicabantur‘?
1315 3370 1452 3424 Sine
1484 3369 1598 3424 ﬁde
1643 3369 1798 3424 enim
1838 3368 2053 3424 Christi

405 3477 579 3517 nemo
611 3458 844 3515 liberari
875 3462 1160 3530 potest,ac
1182 3475 1284 3530 per
1311 3457 1421 3513 hoc
1439 3457 1522 3512 ita
1539 3457 1969 3528 judicabuntur
1990 3462 2054 3514 ut

407 3549 821 3624 pereant.Nam
844 3547 893 3603 si
912 3545 1442 3619 pejoresteonditio
1465 3546 1848 3602 nescientium
1874 3563 2052 3619 quam

405 3637 722 3696 scientium
754 3636 941 3708 legem
975 3635 1396 3706 Dei,quomod0
1425 3652 1623 3690 verum
1657 3635 1768 3690 erit
1795 3631 1950 3707 quod
1993 3635 2051 3690 in

404 3725 714 3800 Evangelia
761 3725 1047 3782 Dominus
1090 3723 1170 3778 ait
1201 3740 1215 3779 :
1245 3724 1446 3779 Servus
1476 3725 1572 3796 qui
1599 3724 1769 3780 nescit
1807 3725 2052 3780 volunta-

405 3824 511 3873 tem
563 3815 776 3872 domiui
827 3815 919 3869 sui
973 3821 1026 3869 et
1076 3814 1210 3884 facit
1283 3811 1452 3882 digna
1511 3813 1719 3886 plagis,
1775 3812 2058 3884 vapulabit

400 3921 608 3977 pauca,-
636 3919 825 3959 servus
855 3909 1035 3958 autem
1065 3903 1162 3974 qui
1189 3903 1292 3956 scit
1332 3903 1660 3958 voluntatem
1706 3900 1918 3957 domini
1964 3903 2056 3958 sui

403 4001 456 4048 et
506 4008 618 4048 non
671 3992 806 4062 facit
860 3989 1050 4062 digna,
1108 3991 1289 4062 plagis
1336 3989 1618 4063 vapulabit
1669 3991 1843 4046 multa
1900 3989 2050 4062 (Luc.

403 4098 504 4149 xu,
555 4081 668 4150 47).
718 4079 863 4136 Ecce
911 4079 1012 4135 ubi
1062 4078 1320 4134 ostendit
1366 4077 1600 4152 gravius
1652 4093 1892 4150 peccare
1950 4077 2052 4134 ho-

404 4169 626 4227 minem
673 4167 976 4235 scientem,
1027 4183 1205 4240 quam
1262 4166 1638 4224 nescientem.
1690 4167 1806 4222 Nec
1855 4170 2052 4223 tamen

404 4259 532 4316 ideo
563 4257 1022 4330 confugiendum
1053 4261 1142 4312 est
1181 4255 1252 4312 ad
1291 4254 1634 4330 ignorantia:
1663 4255 1955 4323 tenebras,
1987 4259 2054 4311 ut

401 4348 462 4405 in
514 4347 600 4404 eis
647 4347 902 4420 quisque
947 4345 1208 4418 requirat
1255 4345 1712 4401 excusationem.
1742 4343 1916 4400 Aliud
1963 4347 2054 4400 est

402 4437 560 4494 enim
591 4433 1034 4504 neseisse,aliud
1067 4435 1216 4490 scire
1237 4432 1808 4489 noluisse.Voluntas
1835 4432 2050 4506 quippe

2159 3289 2217 3340 et
2245 3299 2352 3354 ego
2383 3281 2532 3349 dico,
2564 3284 2622 3336 et
2650 3281 2779 3350 ejus
2806 3279 3044 3334 veritate
3073 3277 3264 3334 dicere
3294 3278 3480 3332 audeo
3511 3278 3674 3350 quod
3719 3294 3815 3334 ne-

2161 3388 2298 3446 gare
2330 3387 2446 3426 non
2475 3369 2844 3437 audeo,Deus
2865 3366 3235 3440 omnipotens
3266 3383 3380 3423 non
3408 3370 3602 3439 potest
3646 3367 3817 3433 mori,

2161 3477 2277 3518 non
2310 3462 2500 3534 potest
2528 3456 2764 3525 mutari,
2781 3474 2896 3512 non
2919 3459 3111 3530 potest
3134 3453 3395 3520 falli,non
3416 3459 3616 3528 potest
3641 3455 3822 3512 miser

2163 3549 2309 3616 fieri,
2344 3565 2459 3604 non
2493 3550 2682 3620 potest
2709 3545 2882 3600 vinei.
2919 3547 3044 3600 ΙΙωο
3076 3548 3254 3616 atque
3283 3542 3632 3616 huiusmodi
3666 3543 3820 3599 absit

2163 3643 2226 3695 ut
2257 3637 2444 3710 possit
2474 3635 2886 3707 Omnipotens:
2905 3651 2970 3688 ac
3003 3649 3104 3706 per
3135 3632 3245 3688 hoc
3267 3649 3380 3688 non
3401 3631 3595 3688 solum
3621 3637 3819 3688 osten-

2161 3728 2250 3783 dit
2285 3725 2506 3782 Veritas
2539 3722 2999 3794 omnipotentem
3027 3721 3340 3793 esse,quod
3371 3720 3486 3776 ista
3515 3738 3640 3776 non
3684 3737 3819 3794 pos-

2161 3817 2272 3872 sit:
2293 3815 2393 3870 sed
2424 3814 2602 3870 etiam
2623 3811 2778 3886 cogit
2804 3810 3032 3866 Veritas
3062 3809 3520 3882 omnipotentem
3545 3827 3670 3866 non
3695 3827 3825 3866 esse

2161 3904 2262 3978 qui
2292 3904 2414 3960 haec
2444 3901 2650 3975 possit.
2682 3899 2897 3958 Volens
2937 3899 3094 3972 enim
3146 3903 3236 3955 est
3283 3899 3438 3954 Deus
3489 3899 3652 3971 quod
3707 3903 3821 3956 est.

2161 3995 2433 4051 {Eternus
2461 4007 2598 4064 ergo
2629 3995 2686 4046 et
2712 3989 3236 4058 incommutabilis,
3270 3993 3329 4044 et
3355 4005 3529 4044 verax
3574 3993 3640 4044 et
3693 3989 3827 4043 bea-

2160 4087 2279 4150 tus,
2313 4086 2371 4138 et
2399 4079 2817 4153 insuperabilis
2845 4077 3046 4136 volens
3077 4081 3183 4134 est.
3217 4076 3278 4134 Si
3307 4093 3444 4150 ergo
3472 4079 3678 4148 potest
3696 4093 3828 4133 esse

2162 4170 2318 4244 quod
2349 4187 2465 4226 non
2495 4167 3018 4239 vult,omnipotens
3048 4183 3164 4222 non
3195 4169 3304 4222 est.
3336 4167 3437 4222 Est
3469 4169 3678 4220 autem
3705 4181 3830 4220 om-

2161 4259 2434 4332 nipotens
2469 4273 2483 4312 :
2517 4273 2654 4330 ergo
2685 4254 2972 4328 quidquid
2999 4253 3124 4310 vult
3152 4258 3362 4326 potest.
3393 4253 3464 4308 Et
3501 4252 3638 4310 ideo
3664 4253 3827 4326 quod

2160 4366 2278 4406 non
2309 4345 2433 4403 vult
2461 4363 2590 4402 esse
2615 4361 2732 4400 non
2763 4343 3088 4416 potest,qui
3119 4347 3425 4416 propterea
3451 4341 3684 4398 dicitur
3699 4357 3826 4398 om-

2163 4434 2742 4510 nipotens,quoniam
2773 4433 2876 4506 qui
2907 4432 3197 4505 quidquid
3223 4431 3349 4487 vult
3368 4434 3578 4504 potest.
3596 4431 3688 4487 De
3709 4446 3828 4504 quo

403 4527 556 4583 880
585 4525 854 4598 arguitur
883 4524 942 4579 in
972 4540 1038 4579 eo
1067 4523 1139 4579 de
1170 4539 1287 4596 quo
1317 4522 1533 4578 dicitur
1563 4539 1577 4576 :
1610 4523 1798 4578 Noluit
1843 4524 2048 4579 intelli-
2079 4553 2125 4617 D
2156 4533 2213 4585 et
2243 4523 2510 4600 psalmus
2539 4522 2681 4578 dicit
2711 4539 2724 4578 :
2759 4522 2822 4578 In
2850 4522 2979 4578 coelo
3007 4530 3059 4578 et
3089 4524 3148 4577 in
3177 4529 3323 4605 terra
3345 4522 3528 4576 omnia
3557 4535 3829 4594 quacun-

401 4629 529 4684 gere
555 4621 618 4670 ut
664 4614 796 4670 bene
823 4621 1006 4684 ageret
1029 4614 1201 4681 (Psal.
1247 4630 1376 4681 xxv,
1411 4613 1486 4680 4).
1520 4611 1633 4668 Sed
1663 4616 1720 4668 et
1749 4610 1852 4667 illa
1881 4610 2050 4684 igno-

402 4699 616 4768 rantia,
647 4718 775 4773 quae
805 4718 920 4756 non
969 4706 1060 4757 est
1109 4719 1312 4757 eorum
1365 4701 1466 4773 qui
1498 4701 1645 4757 scire
1681 4699 1906 4767 nolunt,
1948 4701 2051 4756 sed

401 4807 603 4848 eorum
626 4790 726 4862 qui
758 4792 1038 4861 tanquam
1069 4790 1414 4862 simpliciter
1441 4790 1732 4860 nesciunt,
1757 4789 2052 4844 neminem

401 4879 487 4937 sic
516 4883 754 4935 excusat
783 4881 850 4934 ut
875 4878 1232 4950 sempiterno
1265 4879 1396 4951 igne
1444 4896 1560 4934 non
1611 4879 1829 4946 ardeat,
1845 4877 1894 4933 si
1928 4894 2055 4950 pro-

400 4973 600 5042 pterea
629 4983 746 5022 non
777 4966 1023 5022 credidit
1051 4967 1191 5038 quia
1220 4985 1335 5023 non
1367 4967 1592 5023 audivit
1639 4967 1878 5022 omnino
1908 4965 2050 5038 quid

401 5057 662 5114 crederet
695 5073 708 5112 :
742 5056 841 5112 sed
877 5057 1122 5112 tortasse
1152 5060 1218 5110 ut
1250 5055 1454 5110 mitius
1485 5056 1705 5110 ardeat.
1739 5056 1862 5110 Non
1893 5055 2051 5110 enim

400 5147 528 5202 sine
557 5161 736 5202 causa
767 5145 986 5201 dictum
1020 5151 1145 5201 est:
1178 5143 1402 5216 Eﬂ‘unde
1433 5145 1577 5198 iram
1605 5151 1756 5198 tuam
1787 5145 1849 5198 in
1867 5150 2054 5216 gentes

397 5250 524 5308 qua?
573 5242 624 5292 te
679 5251 791 5291 non
843 5242 1114 5291 noverunt
1169 5233 1339 5305 (Psal.
1402 5249 1630 5300 Lxxvm,
1663 5233 1742 5299 6).
1790 5232 1860 5286 Et
1906 5230 2051 5286 illud

400 5325 557 5397 quod
589 5323 673 5380 ait
701 5322 1016 5397 Apostolus
1067 5339 1080 5379 :
1131 5325 1272 5380 Cum
1299 5322 1507 5377 venerit
1547 5322 1607 5375 in
1649 5321 1874 5390 ﬂamma
1907 5322 2052 5392 ignis

399 5412 531 5470 dare
558 5411 856 5470 vindictam
896 5414 956 5468 in
984 5428 1072 5468 eos
1099 5413 1197 5484 qui
1225 5413 1481 5482 ignorant
1525 5411 1696 5465 Deum
1744 5409 1818 5481 (II
1871 5410 2048 5466 Thess.

401 5501 954 5571 1,8).Verumtamen
981 5507 1047 5558 ut
1071 5501 1393 5556 habeamus
1413 5503 1470 5554 et
1497 5499 1686 5571 ipsam
1712 5497 2047 5568 scientiam,

400 5605 474 5654 ne
495 5591 660 5652 dicat
681 5591 1092 5673 unusquisque
1112 5587 1512 5662 :Nescivi,non
1527 5587 1866 5666 audivi,non
1886 5587 2052 5656 intel-

2161 4633 2264 4689 que
2295 4615 2465 4670 voluit
2490 4614 2619 4686 fecit
2643 4612 2816 4682 (Psal.
2850 4628 2986 4682 exn,
3015 4612 3094 4680 3).
3122 4633 3151 4662 ››
3183 4601 3342 4666 890
3369 4609 3439 4664 Et
3468 4609 3528 4663 in
3557 4607 3724 4665 libro
3758 4608 3832 4664 de

2161 4705 2383 4760 Natura
2412 4707 2470 4758 et
2497 4700 2697 4757 Gratia
2725 4699 2970 4772 (cap.49)
2994 4715 3044 4754 :«
3078 4698 3246 4754 Absit
3275 4715 3310 4754 a
3339 4695 3512 4754 nobis
3540 4701 3608 4752 ut
3629 4698 3826 4754 Deum

2161 4807 2334 4864 posse
2367 4805 2604 4862 peccare
2633 4787 3056 4844 dicamus.Non
3086 4785 3266 4854 enim,
3289 4791 3356 4844 ut
3383 4785 3550 4843 stulti
3579 4791 3829 4860 putant,

2161 4881 2292 4936 ideo
2321 4896 2438 4934 non
2469 4878 2578 4934 erit
2607 4876 2998 4948 omnipotens,
3035 4876 3176 4948 quia
3205 4892 3311 4932 nec
3341 4876 3488 4932 mori
3521 4881 3752 4949 potest,
3773 4881 3832 4932 et

2162 4985 2375 5041 negare
2407 4966 2666 5039 seipsum
2699 4983 2816 5022 non
2849 4969 3059 5038 potest.
3095 4986 3126 5016 ι)

2230 5056 2478 5113 Videant
2509 5053 2778 5112 catholici
2809 5071 2987 5126 quam
3021 5054 3172 5112 male
3204 5055 3451 5110 tradunt
3491 5053 3772 5112 haeretici
3816 5071 3832 5111 :

2168 5168 2196 5196 (ι
2227 5143 2438 5201 Omnia
2467 5159 2829 5215 quaecunque
2855 5141 3040 5197 voluit
3069 5141 3357 5198 Dominus
3387 5140 3591 5212 fecit,»
3615 5141 3836 5197 dicen-

2162 5238 2251 5290 tes
2281 5251 2295 5289 :
2321 5231 2428 5298 Qui
2455 5248 2570 5287 non
2593 5231 2894 5288 salvantur
2922 5247 3038 5286 non
3069 5234 3160 5286 est
3183 5229 3501 5286 voluntatis
3531 5228 3638 5284 Dei
3667 5231 3841 5304 peni-

2163 5328 2260 5378 tus
2290 5326 2356 5378 ut
2384 5320 2683 5377 salvantur
2704 5336 2717 5374 :
2738 5336 2873 5375 cum
2907 5322 3100 5374 ratum
3131 5318 3301 5390 sit,ut
3329 5317 3430 5390 qui
3461 5319 3535 5374 ad
3557 5317 3837 5375 salutem

2161 5429 2277 5468 non
2311 5413 2641 5481 sequuntur
2668 5407 3028 5464 voluntatem
3054 5407 3282 5463 Domini
3305 5406 3844 5481 invitantem,quo-

2161 5500 2322 5556 niam
2369 5499 2554 5570 justus
2609 5497 2872 5553 Dominus
2917 5493 3166 5570 justitias
3214 5495 3433 5568 dilexit,
3487 5497 3840 5568 (equitatem

2157 5587 2299 5652 vidit
2315 5587 2497 5650 vultus
2525 5586 2641 5664 ejus
2673 5583 2903 5665 (Psal.:r,
2934 5581 3025 5664 8),
3041 5585 3300 5647 sentiant
3326 5601 3397 5648 ex
3425 5583 3843 5648 retributione
