3962 6178
204 265 299 326 453

902 261 1006 322 DE
1048 261 1808 323 PBAEDESTINATIONE
1852 259 2366 322 DISSERTATIO
2409 262 2872 326 POSTERIOR.

198 393 424 471 justitiaa
454 392 815 450 voluntatem
845 392 1078 449 Domini
1120 392 1178 448 in
1221 392 1508 467 supplicio
1537 383 1836 450 vindican-
1867 397 1921 462 Α

3471 267 3591 327 454

2495 410 2716 450 EPILOGI
2752 410 2936 451 CAPUT
2970 413 3048 452 VI.

205 493 324 542 tem.
357 485 425 540 Et
474 482 615 539 vidit
657 483 818 551 Deus,
869 474 1066 554 inquit
1109 481 1429 554 Scriptura,
1477 489 1670 538 cuncta
1717 497 1842 554 qua
1947 480 2096 542 Quod
2125 481 2360 530 Christus
2401 497 2496 546 pro
2540 481 2776 554 onmibus
2825 481 3105 532 ﬂaminibus
3147 500 3326 549 passus
3363 490 3448 549 sit,
3477 487 3593 538 licrt

205 575 332 648 fecit,
364 579 418 629 et
445 580 605 629 erant
648 571 805 627 valde
855 570 1012 626 bona.
1046 572 1116 626 Et
1147 587 1160 626 :
1194 573 1338 627 Fecit
1380 572 1521 627 Deus
1567 571 1844 627 hominem

207 663 262 720 ad
289 663 590 731 imaginem
617 668 670 716 et
694 659 1120 716 similitudinem
1147 676 1304 716 suam
1334 659 1485 733 (Gen.
1519 678 1559 730 ι,
1591 660 1679 727 31,
1711 660 1838 729 26);

208 753 275 809 Ad
301 751 623 824 imaginem
649 747 865 822 quippe
895 754 950 804 et
971 747 1421 805 similitudinem
1444 749 1546 804 Dei
1569 765 1696 804 esse
1720 764 1845 820 pro-

211 839 284 898 cul
319 839 501 896 dubio
530 839 749 894 bonum
778 843 889 894 est.
912 839 982 894 Et
1011 838 1224 894 iterum
1247 837 1532 909 scriptum
1554 841 1643 893 est
1667 854 1679 892 :
1706 839 1844 892 Deus

210 931 262 987 ab
287 931 454 986 initio
475 929 756 986 constituit
783 929 1077 997 hominem,
1100 935 1152 984 et
1170 928 1395 1000 reliquit
1414 927 1577 982 illum
1596 927 1653 982 in
1675 943 1848 982 manu

211 1019 415 1076 consilii
451 1018 562 1073 sui
603 1017 792 1088 (Eccli.
823 1035 916 1086 xv,
951 1017 1060 1086 14).
1095 1015 1149 1072 Is
1194 1020 1388 1072 autem
1438 1032 1552 1088 quo
1601 1014 1848 1071 consilio

211 1125 339 1164 usus
368 1106 688 1180 potiusque
708 1106 932 1162 abusus
954 1105 1150 1174 fuerit,
1177 1119 1428 1177 quemve
1445 1102 1846 1160 consiliarium

211 1194 546 1264 obaudierit,
595 1194 656 1251 in
708 1212 817 1252 sua
860 1197 1030 1268 paret
1071 1193 1410 1268 propagine,
1442 1191 1848 1249 conclamante

212 1285 478 1361 propheta
499 1301 515 1340 :
539 1283 736 1341 Omnes
752 1285 1079 1352 erravimus,
1098 1285 1158 1339 in
1179 1283 1566 1356 iniquitatibus
1587 1283 1844 1354 concepti,

211 1384 252 1431 et
290 1376 350 1430 in
391 1373 630 1446 peccatis
657 1373 850 1444 geniti,
886 1374 964 1429 ita
1008 1380 1069 1428 ut
1106 1371 1347 1428 mundus
1393 1371 1584 1428 nullus
1627 1372 1718 1439 sit,
1751 1372 1851 1426 nec

211 1465 350 1522 cuius
377 1464 494 1518 vita
521 1469 602 1518 est
629 1463 798 1518 unius
840 1461 953 1518 diei
991 1478 1158 1534 super
1183 1469 1408 1529 terram,
1441 1463 1575 1517 ante
1621 1477 1754 1516 eum
1789 1459 1848 1514 in

215 1553 368 1624 cujus
383 1555 702 1624 conspectu
720 1567 890 1608 nemo
899 1549 1490 1623 justiﬁcaturvivens,
1507 1550 1660 1622 apud
1673 1564 1848 1622 quem

215 1658 300 1714 per
325 1657 390 1696 se
423 1638 624 1696 nullus
655 1644 744 1696 est
775 1640 1077 1706 innocens,
1108 1639 1248 1712 quia
1287 1656 1402 1696 non
1447 1644 1538 1696 est
1583 1638 1760 1695 homo
1789 1637 1850 1692 in

213 1737 354 1786 terra
392 1728 492 1802 qui
540 1725 716 1828 faciat
763 1728 982 1783 bonum
1012 1731 1069 1784 et
1097 1745 1215 1784 non
1263 1732 1484 1828 peccet,
1517 1731 1574 1784 et
1620 1745 1690 1784 ex
1736 1743 1852 1782 uno
1881 1768 1930 1834 Β

217 1835 406 1875 omnes
434 1817 553 1874 isse
591 1816 651 1873 in
682 1817 1230 1874 condemnationem
1260 1816 1416 1873 idem
1457 1817 1690 1872 divinus
1721 1833 1851 1889 pro-
1882 1816 1926 1834 ”

215 1913 456 1966 testatur
503 1906 841 1980 Apostolus,
873 1907 1010 1979 quia
1061 1907 1234 1980 periit
1274 1908 1460 1963 Adam
1510 1907 1738 1980 primus
1784 1907 1856 1961 de

215 2004 358 2054 terra
385 2000 676 2065 terrenus,
711 2000 769 2052 et
797 1995 859 2051 in
891 1996 1016 2068 ipso
1047 2012 1252 2052 omnes
1283 1995 1622 2068 perivimus,
1648 2012 1853 2052 secun-

216 2087 313 2142 dus
336 2087 530 2142 Adam
581 2086 652 2141 de
695 2084 838 2140 cmlo
895 2084 1169 2154 caelestis,
1201 2102 1318 2140 non
1377 2085 1654 2140 amittens
1701 2084 1856 2156 quod

217 2179 340 2244 erat,
375 2175 480 2232 sed
511 2191 822 2231 assumens
853 2175 1010 2246 quod
1052 2191 1166 2231 non
1207 2179 1351 2242 erat,
1382 2173 1441 2229 in
1474 2173 1698 2229 unitate
1731 2189 1858 2247 per-

206 2282 356 2320 sona:
389 2281 534 2330 suae,
563 2280 679 2319 non
707 2261 769 2318 in
799 2263 1021 2320 unitate
1049 2264 1415 2336 substantiae,
1441 2267 1674 2336 propter
1703 2263 1859 2336 quod

217 2353 341 2410 item
377 2353 605 2408 dictum
634 2356 725 2409 est
755 2369 768 2408 :
799 2352 964 2408 Nemo
1010 2352 1254 2408 ascendit
1281 2355 1342 2409 in
1379 2354 1593 2422 caelum,
1621 2354 1737 2408 nisi
1767 2351 1864 2424 qui

215 2441 482 2499 descendit
525 2441 592 2496 de
637 2442 784 2509 cazlo,
842 2442 1018 2497 Filius
1069 2441 1329 2508 hominis,
1363 2443 1459 2514 qui
1504 2455 1583 2498 est
1627 2444 1686 2498 in
1733 2441 1864 2497 caelo

219 2531 425 2604 (Ephes.
450 2549 530 2598 ιν,
552 2531 630 2602 9),
653 2530 810 2586 venit
851 2547 1108 2603 quaerere
1137 2535 1194 2586 et
1228 2530 1452 2588 salvare
1487 2531 1641 2603 quod
1675 2529 1863 2602 perie-

221 2626 317 2676 rat.
353 2620 578 2676 Omnes
598 2619 934 2692 perivimus,
959 2637 1165 2676 omnes
1192 2620 1350 2676 venit
1379 2635 1635 2692 quaerere
1665 2624 1720 2676 et
1749 2617 1865 2675 sal-

220 2727 362 2766 vare.
388 2710 556 2776 Quod
611 2714 806 2766 autem
839 2710 1080 2782 quidam
1128 2709 1449 2777 salvantur,
1473 2709 1544 2764 de
1584 2707 1866 2764 salvantis

201 2847 204 2850 .
225 2804 304 2855 est
321 2799 477 2854 dono
502 2816 517 2854 :
541 2799 700 2872 quod
721 2799 962 2870 quidam
985 2802 1248 2871 pereunt,
1269 2799 1341 2855 de
1361 2797 1730 2871 pereuntium
1754 2813 1869 2852 me-

227 2888 345 2954 rito,
367 2905 488 2944 non
523 2888 596 2944 de
625 2886 944 2944 Salvatoris
975 2891 1066 2943 est
1101 2892 1252 2956 voto,
1283 2886 1384 2960 qui
1421 2885 1578 2942 venit
1615 2901 1870 2958 quaerere

226 2982 276 3030 et
297 2975 525 3032 salvere
547 2976 704 3048 quod
735 2974 1007 3048 perierat.
1031 2975 1111 3032 De
1131 2992 1249 3048 qua
1267 2974 1522 3049 generali
1546 2973 1871 3046 perditione

225 3065 268 3120 si
299 3065 503 3122 nullus
534 3063 901 3132 liberaretur,
929 3063 1436 3138 irreprehensihile
1469 3066 1624 3120 esset
1643 3063 1744 3118 Dei
1767 3063 1870 3134 ju—

2009 566 2110 600 non
2141 567 2312 603 omnes
2351 553 2610 616 passionis
2647 554 2758 617 ejus
2799 553 3041 616 mysterio
3084 557 3158 604 ad
3199 560 3415 610 salutem
3458 562 3594 612 redi-

2011 625 2223 698 mantur
2263 626 2506 698 aeternam
2535 639 2554 674 :
2582 625 2630 672 et
2671 623 2794 686 quia
2821 637 2922 698 non
2968 638 3144 675 omnes
3185 632 3438 692 passionis
3483 634 3596 698 ejus

2011 695 2252 758 mysterio
2280 694 2612 744 redimuntur
2643 709 2742 744 non
2779 694 2852 742 ad
2883 699 3197 747 sacramenti
3220 703 3482 761 virtutem,
3502 694 3600 754 sed

2013 765 2086 813 ad
2122 763 2406 827 infidelium
2453 765 2658 828 respicit
2697 766 2898 828 partem
2930 780 2943 814 :
2974 781 3086 816 cum
3131 772 3342 832 sanguis
3385 773 3598 825 Domini

2013 837 2176 910 nostri
2219 835 2340 884 Jesu
2370 835 2564 910 Cbristi
2605 837 2828 910 pretium
2873 837 2952 910 sit
2988 839 3144 910 totius
3189 841 3389 903 mundi,
3426 859 3458 893 a
3500 860 3599 910 quo

2011 907 2177 969 pretio
2204 907 2440 956 extranei
2485 910 2622 967 sunt,
2647 909 2738 972 qui
2778 911 2868 956 aut
2914 907 3154 961 delectati
3197 913 3494 977 captivitate
3507 907 3600 966 re.

2013 978 2144 1026 dimi
2187 977 2481 1036 nolueruut,
2520 982 2612 1027 aut
2651 982 2770 1042 post
2805 978 3206 1043 redemptionem
3251 983 3324 1033 ωι
3365 987 3602 1038 eamdem

2012 1049 2138 1098 sunt
2157 1049 2454 1129 seruitutem
2491 1051 2844 1113 perseaemnti
2869 1051 3178 1115 inﬁdelitate
3215 1055 3300 1104 uel

2015 1133 2206 1168 reversi
2212 1157 2224 1168 .

2027 1197 2276 1271 Magnus
2317 1199 2428 1254 Leo
2476 1199 2774 1256 catholica:
2823 1205 2880 1257 et
2926 1203 3254 1276 apostolicae
3310 1207 3600 1280 Ecclesiae,

1955 1290 2170 1343 sancta:
2191 1285 2459 1344 videlicet
2488 1287 2646 1344 sedis
2671 1289 2944 1346 Romanae
2969 1292 3250 1364 pontifex,
3273 1295 3332 1352 in
3361 1298 3606 1369 epistola

1957 1377 2028 1432 ad
2058 1375 2398 1432 Juvenalem
2430 1377 2608 1450 (epist.
2636 1377 2727 1450 78)
2759 1378 3350 1454 Hierosolymitanum
3379 1389 3604 1460 cpisco-

1959 1481 2099 1537 pum
2132 1463 2273 1519 dicit
2304 1481 2368 1521 :u
2403 1465 2613 1520 Veram
2675 1465 2854 1539 igitur
2900 1468 3112 1525 Christi
3169 1475 3604 1544 generationem

1959 1570 2100 1608 crux
2127 1569 2260 1609 vera
2291 1553 2628 1622 conﬁrmat;
2661 1555 2938 1627 quoniam
2969 1558 3094 1630 ipse
3123 1559 3183 1616 in
3214 1567 3413 1618 nostra
3433 1581 3607 1622 carne

1958 1641 2347 1714 nascitur,qui
2369 1641 2426 1698 in
2454 1648 2656 1699 nostra
2674 1661 2848 1700 carne
2873 1647 3272 1720 cruciﬁgitur:
3297 1669 3422 1724 quae
3445 1653 3606 1710 nullo

1959 1731 2378 1787 interveniente
2392 1736 2649 1804 peccato,
2665 1733 2778 1788 nisi
2798 1732 3002 1792 fuisset
3017 1737 3199 1792 nostri
3220 1740 3470 1812 generis,
3491 1759 3606 1798 non

1961 1820 2251 1894 potuisset
2269 1837 2396 1876 esse
2418 1821 2700 1878 mortalis.
2717 1823 2790 1879 Ut
2811 1828 3006 1881 autem
3029 1833 3322 1898 repararet
3341 1831 3607 1888 omnium

1961 1909 2163 1978 vitam,
2197 1909 2412 1981 recepit
2440 1911 2705 1968 omnium
2735 1929 2996 1980 causam,
3027 1919 3084 1970 et
3111 1915 3227 1971 vim
3256 1918 3466 1974 veteris
3493 1920 3612 1976 chi-

1965 1998 2258 2071 rographi,
2293 1999 2445 2071 quod
2481 1998 2642 2055 solus
2685 2001 2838 2057 inter
2873 2018 3077 2058 omnes
3107 2020 3223 2060 non
3251 2006 3474 2076 debuit,
3506 2024 3610 2080 pro

1966 2087 2243 2143 omnibus
2285 2087 2559 2143 solvendo
2606 2089 2915 2146 vacuavit:
2969 2095 3033 2146 ut
3080 2091 3235 2148 sicut
3283 2111 3388 2166 per
3436 2097 3612 2153 unius

1967 2179 2195 2232 reatum
2213 2191 2418 2230 omnes
2438 2175 2575 2231 facti
2593 2177 2824 2233 fuerant
2844 2183 3196 2250 peccatores,
3218 2181 3302 2238 ita
3319 2200 3422 2256 per
3436 2185 3613 2242 unius

1968 2263 2363 2318 innocentiam
2395 2280 2600 2320 omnes
2627 2266 2832 2322 ﬁerent
2870 2267 3230 2338 innocentes,
3252 2271 3390 2328 inde
3421 2273 3480 2329 in
3509 2274 3612 2330 ho-

1969 2352 2159 2408 mines
2192 2357 2466 2408 manante
2502 2353 2754 2424 justitia,
2791 2355 2889 2410 ubi
2919 2361 3008 2412 est
3046 2357 3306 2416 humana
3341 2369 3616 2436 suscepta

1971 2445 2236 2496 natura.»
2260 2443 2329 2496 Et
2357 2441 2499 2498 item
2530 2443 2589 2497 in
2621 2443 2868 2519 epistola
2897 2446 2969 2501 ad
3004 2446 3253 2504 Leonem
3282 2451 3614 2524 Augustum

1971 2531 2148 2602 (epist.
2181 2529 2269 2596 97,
2295 2547 2413 2602 cap.
2436 2531 2490 2603 2)
2517 2548 2566 2585 :«
2601 2531 2818 2588 Etl‘usio
2847 2533 3004 2589 enim
3029 2535 3179 2606 justi
3227 2555 3331 2610 pro
3377 2539 3616 2612 injustis

1973 2617 2278 2690 sanguinis
2311 2618 2544 2686 Christi,
2573 2624 2690 2675 tam
2733 2621 2842 2676 fuit
2878 2622 3039 2679 dives
3069 2626 3142 2680 ad
3173 2627 3444 2698 pretium,
3473 2634 3538 2686 ut
3567 2631 3616 2686 si

1974 2705 2324 2763 universitas
2355 2708 2714 2780 captivorum
2748 2709 2806 2764 in
2839 2711 3266 2784 redemptorem
3298 2733 3472 2773 suum
3503 2736 3620 2776 cre-

1973 2795 2158 2860 deret,
2181 2793 2408 2850 nullum
2442 2795 2655 2852 diaboli
2685 2797 2919 2854 vincula
2947 2799 3282 2858 retinerent.
3311 2806 3618 2879 Quoniam,

1976 2884 2131 2940 sicut
2160 2884 2244 2938 ait
2270 2883 2583 2955 Apostolus
2615 2901 2628 2940 :
2667 2887 2768 2942 Ubi
2791 2894 2972 2942 autem
2999 2889 3300 2947 abundavit
3323 2903 3621 2964 peccatum,

1975 2973 2438 3046 superabundavit
2481 2983 2534 3030 et
2572 2978 2750 3046 gratia
2799 2977 2972 3049 (Rom.
3000 2995 3055 3045 ν,
3093 2979 3200 3049 10).
3232 2981 3463 3039 Etcum
3509 2985 3620 3041 sub

1978 3063 2198 3136 peccati
2229 3063 2565 3136 praejudicio
2609 3065 2728 3120 nati
2779 3069 3126 3137 potestatem
3173 3071 3502 3144 acceperint
3549 3051 3622 3130 ad

226 3154 440 3211 dictum
474 3171 491 3211 :
528 3154 668 3228 quia
697 3170 828 3210 vero
860 3133 1412 3222 multi—liberantur,
1446 3133 1875 3209 ineﬁ'abilisiest
1903 3133 1945 3200 C
1971 3133 2265 3223 justitiam
2307 3133 2670 3218 renascendi,
2703 3133 2954 3211 validius
3003 3155 3221 3212 factum
3268 3133 3360 3214 est
3403 3160 3624 3218 donum

223 3244 418 3316 gratiae
447 3245 581 3316 ejus
625 3243 868 3311 donum,
893 3241 993 3314 qui
1023 3259 1228 3298 omnes
1277 3241 1467 3298 salvos
1496 3241 1620 3298 ﬁeri
1649 3239 1871 3310 volens,

224 3333 500 3389 omnibus
531 3333 677 3388 dixit
701 3348 713 3388 :
743 3331 806 3388 Si
831 3331 1121 3388 audieritis
1147 3348 1253 3401 me,
1289 3331 1426 3388 bona
1453 3339 1629 3398 teme,
1653 3330 1874 3386 scilicet

222 3425 381 3478 terra:
431 3421 776 3489 viventium,
814 3421 1098 3478 comedetis
1138 3421 1335 3494 (lsa.1,
1362 3421 1448 3490 19,
1479 3420 1592 3493 20).
1623 3419 1686 3476 In
1733 3435 1870 3491 qua,

224 3510 274 3566 id
304 3517 395 3568 est
425 3511 486 3567 in
521 3527 698 3584 regno
731 3509 852 3581 Dei,
888 3511 1095 3566 beatus
1125 3510 1224 3583 qui
1257 3509 1635 3566 manducabit
1663 3525 1874 3582 panem

221 3598 341 3655 vita
371 3605 628 3668 aeternae,
662 3603 722 3655 et
759 3598 972 3656 biberit
999 3603 1204 3672 potum
1235 3598 1445 3654 salutis
1475 3601 1785 3671 perpetuae,
1818 3601 1876 3654 et

224 3704 332 3744 non
362 3688 529 3746 sitiet
559 3688 772 3744 iterum
795 3688 979 3754 aliud,
1003 3687 1114 3744 nisi
1139 3689 1292 3760 quod
1315 3683 1565 3745 satiatus
1586 3688 1878 3744 incessan-

223 3780 306 3833 ter
331 3783 392 3834 et
423 3777 780 3834 mtcrnaliter
821 3777 1051 3833 biberit.
1083 3777 1148 3833 Si
1194 3784 1377 3833 autem
1414 3793 1502 3833 me
1532 3792 1644 3833 non
1681 3777 1876 3832 audie-

221 3869 360 3936 ritis,
392 3870 458 3924 et
487 3867 562 3922 ad
603 3866 968 3922 iracundiam
1018 3882 1110 3922 me
1161 3866 1629 3939 provocaveritis,
1660 3865 1878 3939 gladius

223 3954 501 4014 devorabit
543 3973 658 4012 vos.
691 3955 809 4012 Hoc
855 3954 1051 4028 gladio
1100 3955 1479 4012 abscidentur
1524 3972 1558 4012 a
1603 3954 1878 4011 societate

215 4045 518 4115 justornm
532 4045 872 4118 quicunque
889 4044 1182 4100 audierint
1195 4061 1299 4116 pro
1316 4043 1620 4100 sterilitate
1637 4061 1878 4116 operum

223 4133 516 4191 bonorum
533 4137 594 4190 et
613 4132 996 4190 retributione
1011 4137 1383 4206 peccatorum
1405 4149 1418 4189 :
1437 4133 1702 4190 Discedite
1719 4151 1754 4189 a
1773 4149 1876 4204 me,

219 4223 523 4290 maledicti,
550 4224 611 4278 in
642 4224 826 4295 ignem
859 4230 1140 4290 teternum,
1167 4223 1264 4294 qui
1287 4229 1514 4294 paratus
1548 4230 1628 4279 est
1667 4222 1881 4280 diabolo

219 4319 270 4366 et
294 4312 517 4384 angelis
544 4313 663 4385 ejus
693 4310 896 4384 (Matth.
920 4328 1048 4380 xxv,
1084 4311 1192 4380 11).
1212 4313 1334 4378 Quo
1366 4310 1560 4384 gladio
1597 4310 1882 4384 separatis

221 4400 393 4459 malis
425 4401 502 4458 de
533 4401 729 4457 medio
749 4401 1072 4472 justorum,
1102 4400 1497 4472 perducentur
1515 4400 1666 4472 justi
1693 4402 1766 4458 ad
1797 4417 1884 4457 so-

1982 3239 2286 3310 libertatis,
2321 3257 2498 3314 quam
2547 3242 2812 3298 debitum
2861 3243 3179 3301 servitutis.
3213 3268 3240 3295 ››
3269 3247 3340 3302 Et
3387 3254 3628 3306 sanctus

1981 3329 2346 3404 Augustinus
2375 3329 2434 3384 in
2481 3328 2630 3384 libro
2659 3329 2730 3386 de
2761 3331 3132 3404 Correptione
3160 3339 3219 3390 et
3248 3334 3446 3393 Gratia
3475 3337 3652 3410 (cap.‘

1985 3421 2080 3488 t6;
2120 3419 2186 3475 de
2239 3418 2396 3476 Civit.
2429 3419 2546 3486 Dei,
2597 3417 2699 3474 lib.
2729 3437 2822 3488 xx,
2856 3437 2982 3492 cap.
3015 3421 3090 3494 6).
3115 3423 3257 3488 Quis
3304 3425 3494 3499 magis
3541 3427 3628 3483 di-

1982 3507 2124 3564 lexit
2152 3507 2438 3576 inﬁrmos,
2463 3524 2641 3580 quam
2666 3507 2764 3563 ille
2785 3509 2884 3582 qui
2908 3527 3012 3582 pro
3033 3511 3310 3568 omnibus
3329 3519 3420 3570 est
3440 3515 3629 3572 factus

1983 3596 2275 3664 inﬁrmus,
2300 3601 2358 3651 et
2388 3613 2490 3669 pro
2514 3595 2792 3653 omnibus
2822 3603 3092 3656 mortuus
3114 3605 3224 3668 est,
3251 3606 3316 3658 ut
3341 3607 3398 3658 et
3429 3603 3528 3675 qui
3553 3603 3632 3660 vi-
3718 3651 3728 3660 ί
3801 3619 3822 3632 ⁸

1983 3690 2128 3741 vunt
2149 3686 2278 3758 jam
2307 3703 2422 3742 non
2455 3685 2565 3742 sibi
2585 3686 2802 3756 vivant,
2828 3687 2928 3743 sed
2959 3687 3009 3744 ei
3043 3688 3141 3761 qui
3171 3707 3276 3762 pro
3306 3690 3452 3764 ipsis
3485 3709 3633 3748 mor-

1985 3779 2126 3831 tuus
2147 3779 2252 3842 est,
2273 3779 2328 3830 et
2351 3775 2702 3832 resurrexit?
2725 3775 2940 3832 Omnes
2961 3777 3159 3850 itaque
3180 3779 3395 3836 mortui
3413 3785 3552 3836 sunt
3569 3780 3631 3837 in

1986 3863 2508 3938 peccatis,nemine
2543 3880 2784 3937 prorsus
2817 3870 3072 3938 excepto,
3089 3867 3208 3922 sive
3224 3867 3631 3941 originalibus,

1987 3953 2107 4011 sive
2127 3953 2304 4010 etiam
2327 3952 2621 4010 voluntate
2643 3953 2974 4026 additis,vel
2997 3954 3432 4029 ignorando,vel
3454 3958 3636 4016 scien-

1985 4044 2081 4110 do,
2101 4059 2207 4099 nec
2233 4041 2494 4098 faciendo
2512 4043 2666 4115 quod
2680 4043 2913 4114 justum
2933 4048 3022 4100 est
3040 4061 3054 4100 :
3073 4049 3132 4100 et
3151 4047 3306 4103 892
3327 4064 3432 4119 pro
3453 4047 3638 4104 omni-

1988 4134 2100 4190 bus
2133 4129 2384 4188 mortuis
2404 4131 2570 4186 vivus
2596 4136 2865 4187 mortuus
2891 4135 2980 4188 est
3009 4150 3184 4198 unus,
3206 4133 3264 4189 id
3285 4139 3374 4190 est
3403 4134 3634 4191 nullum

1987 4222 2210 4278 habens
2239 4219 2477 4276 omnino
2507 4224 2832 4290 peccatum,
2866 4225 2932 4276 ut
2962 4221 3062 4293 qui
3103 4238 3206 4294 per
3231 4221 3636 4279 remissionem

1989 4314 2360 4384 peccatorum
2393 4307 2611 4374 vivunt,
2629 4309 2756 4380 jam
2788 4324 2902 4364 non
2935 4308 3044 4364 sibi
3075 4308 3288 4378 vivant,
3320 4311 3421 4366 sed
3451 4311 3504 4366 ei
3535 4309 3638 4382 qui

1989 4417 2094 4473 pro
2123 4398 2401 4455 omnibus
2449 4400 2718 4452 mortuus
2747 4401 2836 4453 est
2865 4401 3102 4470 propter
3147 4401 3384 4470 peccata
3413 4403 3636 4466 nostra,

221 4488 494 4547 cietatem
527 4493 588 4546 et
617 4489 901 4564 gaudium
931 4488 1296 4562 angelorum,
1317 4489 1418 4544 ubi
1451 4489 1884 4547 misericordias
1911 4501 1960 4570 Ι)
1989 4493 2048 4546 et
2077 4485 2392 4544 resurrexit
2420 4489 2655 4558 propter
2676 4485 3159 4556 justiﬁcationem
3193 4490 3476 4543 nostram.
3502 4510 3530 4538 ››

219 4577 458 4636 Domini
480 4579 544 4636 in
563 4583 848 4635 aeternum
865 4595 970 4634 can
979 4579 1190 4634 tabunt
1209 4595 1223 4634 :
1243 4579 1412 4650 cujus
1427 4577 1616 4652 gratia
1635 4577 1693 4634 in
1716 4578 1884 4635 illum

220 4669 483 4736 credere,
510 4685 652 4725 eum
681 4667 872 4740 sequi,
893 4670 952 4723 et
988 4684 1116 4740 quae
1151 4669 1414 4740 jusserat
1451 4673 1888 4740 perseveranter

217 4758 455 4830 operari
506 4761 898 4815 meruerunt:
933 4774 1110 4829 quem
1157 4757 1444 4813 credendo
1493 4756 1680 4830 sequi,
1721 4761 1778 4814 et
1823 4756 1886 4813 in

220 4862 336 4918 quo
367 4848 530 4904 891
569 4862 912 4920 permanere
943 4847 1058 4902 ﬁde
1103 4849 1262 4902 recta
1305 4849 1362 4901 et
1411 4845 1581 4902 bonis
1610 4846 1887 4918 operibus

221 4933 388 5008 impii
443 4939 958 5008 contempserunt;
1011 4935 1111 5008 qui
1180 4934 1506 4991 secundum
1559 4933 1884 4990 doctrinam

221 5024 641 5097 apostolorum
690 5024 840 5081 Petri
871 5029 928 5080 et
957 5023 1120 5081 Pauli
1169 5027 1346 5097 atque
1375 5023 1618 5080 Joannis
1641 5041 1656 5079 :
1679 5023 1744 5079 In
1789 5024 1890 5080 hoc

219 5117 495 5188 apparuit
523 5115 701 5170 Filius
731 5115 847 5182 Dei,
877 5121 940 5170 ut
972 5113 1230 5170 dissolvat
1267 5129 1431 5186 opera
1457 5112 1683 5180 diaboli,
1717 5113 1890 5184 cujus

221 5203 604 5276 suggestioni
625 5203 1000 5260 consentiens
1019 5202 1244 5276 primus
1260 5202 1436 5259 homo
1453 5201 1891 5276 perierat.Unde

219 5289 418 5365 ipsius
454 5291 721 5348 hominis
752 5296 1047 5361 naturam,
1081 5309 1196 5348 non
1227 5291 1484 5364 culpam,
1515 5290 1671 5346 idem
1705 5290 1890 5348 Filius

219 5380 345 5452 Dei,
381 5387 460 5438 ut
488 5379 770 5450 diximus,
796 5398 900 5455 pro
920 5379 1227 5437 hominum
1261 5379 1660 5452 redemptione
1691 5384 1780 5436 est
1808 5380 1895 5436 di-

217 5475 448 5543 gnatus
505 5487 826 5540 assumere,
849 5470 950 5544 qui
979 5487 1186 5527 omnes
1233 5468 1502 5527 homines
1529 5466 1655 5525 vult
1700 5467 1892 5526 salvos

203 5559 372 5630 ﬁeri,
405 5563 475 5618 et
510 5559 806 5619 neminem
835 5557 961 5618 vult
988 5557 1197 5635 perire.

2063 4577 2133 4633 Et
2161 4573 2438 4649 quoniam
2476 4573 2972 4630 Praedestinatiani
3012 4574 3236 4632 noviter
3273 4575 3519 4633 reexorti
3551 4576 3639 4633 ni-

1993 4667 2177 4724 mium
2208 4664 2557 4738 proﬁtentur
2593 4679 2872 4733 errorem,
2903 4663 2953 4719 si
3000 4681 3214 4736 passus
3264 4667 3540 4724 credatur
3585 4673 3644 4726 et

1993 4751 2502 4813 dicaturChristus
2518 4770 2621 4826 pro
2639 4752 3284 4824 omnibus,devocantes
3303 4755 3361 4810 in
3380 4757 3642 4814 medium

1993 4845 2066 4902 ad
2107 4861 2276 4902 suam
2322 4843 2792 4899 conﬁrmandum
2841 4842 3214 4912 sententiam,
3249 4843 3463 4917 impios
3510 4852 3645 4902 ante

1993 4935 2328 5008 passionem
2367 4932 2754 5000 Dominicam,
2789 4931 2965 4989 etiam
2994 4937 3052 4989 et
3081 4932 3153 4989 ab
3202 4931 3391 5006 ipsius
3439 4935 3645 4991 mundi

1993 5021 2247 5090 exordio,
2273 5039 2376 5094 pro
2399 5021 2523 5078 suis
2555 5019 2875 5078 sceleribus
2905 5021 3118 5078 inferni
3148 5023 3337 5094 poenis
3366 5021 3648 5078 interuall-

1996 5117 2084 5169 ter
2104 5111 2543 5178 condemnatos,
2559 5113 2616 5166 et
2636 5113 2768 5182 post
2788 5109 3156 5183 triumphum
3179 5110 3370 5166 crucis
3387 5109 3643 5179 viviﬁcze,

1997 5200 2423 5259 Antichristum
2453 5215 2520 5254 ac
2549 5203 2786 5254 caeteros
2817 5199 3161 5270 perditionis
3191 5199 3364 5264 ﬁlios,
3389 5214 3494 5269 pro
3515 5197 3646 5269 qui-

1999 5291 2112 5348 bus
2143 5307 2258 5346 non
2283 5289 2492 5346 debeat
2513 5287 2668 5344 credi
2699 5304 2935 5360 passus,
2956 5287 3222 5358 quaedam
3243 5287 3314 5341 de
3339 5285 3652 5358 superiori-

2000 5380 2112 5436 bus
2125 5376 2710 5452 repetentes,brevius
2724 5374 3651 5444 demonstrarecensuimus.Quia

2003 5487 2122 5527 una
2149 5469 2294 5525 ﬁdes
2324 5468 2648 5540 eademque
2671 5483 2806 5539 spes
2827 5464 3034 5522 salutis
3062 5463 3238 5519 fuerit
3267 5467 3405 5521 ante
3433 5464 3654 5538 passio-

2002 5575 2136 5619 nem
2167 5558 2422 5632 Domini,
2457 5563 2512 5618 et
2541 5561 2674 5636 post
2708 5553 3042 5631 passionem
3080 5550 3240 5614 illius
3269 5553 3346 5616 sit
3374 5555 3654 5623 omnibus
