3930 6178
140 318 263 389 liti?

859 327 964 387 DE
1006 320 1769 389 PREDES‘PINA'NONE
1804 321 2333 392 MSSEWP'ATIO
2358 326 2837 394 ipfiSlI‘EIlIOR.

3424 338 3560 398 ’158

142 466 358 517 terram
380 458 629 513 bonam.
653 458 800 524 Quia
816 459 976 529 quod
1001 475 1117 514 non
1139 459 1264 514 sine
1290 475 1535 516 maerore
1555 460 1790 529 dicitur,
1824 464 1878 529 Α
1910 430 2121 517 facient
2144 479 2330 534 usque
2345 463 2414 518 ad
2439 462 2584 518 illud
2608 468 2858 536 tempus,
2874 468 3110 537 quando
3128 468 3355 524 sedebit
3375 469 3558 526 Filius

154 548 314 605 multi
343 553 491 603 sunt
520 547 620 620 qui
647 538 721 602 ad
746 547 954 603 Jesum
975 548 1235 616 veniunt,
1261 548 1427 603 illum
1451 550 1797 605 verboteuus

156 638 508 705 conﬁtcntes,
533 636 705 692 factis
728 642 927 692 autem
960 642 1262 709 negantes,
1289 643 1345 693 et
1365 638 1536 693 corde
1558 636 1803 693 redeunt

156 729 211 782 in
238 726 572 799 Egyptum,
600 726 743 798 quin
784 728 984 798 potius
1015 742 1150 782 cum
1183 728 1365 782 Cedar
1394 726 1800 784 habitantibus

162 819 571 871 conversantur
593 831 606 868 :
632 815 803 887 pauci
826 830 981 883 vero,
1006 816 1389 887 pereuntibus
1418 815 1714 889 plurimis.
1740 816 1799 870 iu

156 903 360 961 diluvio
374 903 765 976 iniquitatum
782 904 1103 959 multarum
1121 904 1278 960 intra
1292 921 1486 960 arcam
1500 921 1647 960 verna
1666 904 1801 960 fidei

158 999 585 1051 conservantur.
619 994 784 1050 Sicut
814 994 957 1050 Abel
980 995 1203 1066 justus,
1234 996 1338 1068 qui
1371 983 1660 1068 sapientia
1689 995 1801 1050 sub

148 1084 267 1157 lege
297 1088 523 1138 natura;
554 1099 590 1138 a
619 1082 1212 1155 peccatis-abstinuit,
1241 1082 1404 1156 regni
1435 1082 1701 1139 omlestis
1719 1083 1803 1137 in-

156 1173 383 1228 troitum
416 1187 523 1244 per
539 1187 676 1226 cum
698 1170 810 1228 sibi
842 1171 1185 1243 prmetolans
1211 1172 1442 1243 aperiri,
1462 1188 1635 1244 quem
1656 1172 1800 1227 dum

156 1262 208 1315 in
235 1276 385 1332 agno
435 1250 859 1327 olferret,-fiidei
898 1259 1087 1315 oculis
1135 1265 1329 1315 mente
1380 1261 1798 1333 conspiciebat.

148 1350 323 1404 Adam
345 1352 405 1403 et
425 1348 542 1405 Eva
562 1353 869 1420 peccatum
891 1365 995 1420 per
1015 1349 1419 1427 paenitentiam
1442 1349 1798 1404 deleverunt.

156 1438 299 1494 sicut
323 1438 385 1493 S.
418 1437 790 1509 Augustinus
820 1437 892 1493 ad
940 1436 1341 1493 Marcellinum
1381 1437 1441 1492 in
1480 1436 1629 1493 libro
1660 1454 1700 1496 ιι
1731 1436 1801 1493 de

155 1525 446 1599 Baptismo
466 1525 842 1597 parvulorum
865 1529 1004 1597 (cap.
1020 1527 1118 1595 34)
1145 1527 1358 1585 ἀθωοη
1369 1531 1539 1593 strat,
1560 1520 1761 1585 dicens
1784 1544 1798 1583 :

154 1638 179 1665 α
196 1614 357 1671 Sicut
372 1628 512 1687 ergo
529 1613 621 1669 illi
639 1614 821 1686 primi.
836 1614 1105 1671 homines
1126 1620 1323 1687 postea
1338 1616 1502 1687 justo
1517 1615 1759 1672 vivendo
1785 1633 1799 1671 :

154 1704 298 1760 unde
330 1703 543 1760 merito
575 1703 897 1759 creduntur
933 1718 1038 1776 per
1074 1704 1306 1760 Domini
1345 1704 1696 1777 sanguinem
1728 1702 1802 1759 ab

152 1797 404 1848 extremo
446 1782 751 1865 supplicio
776 1792 1033 1861 liberati,
1066 1810 1181 1849 non
1211 1798 1409 1848 tamen
1447 1793 1509 1848 in
1552 1792 1659 1848 illa
1685 1792 1804 1847 vita

150 1887 493 1937 memorant
522 1882 593 1937 ad
626 1882 966 1954 paradisum
989 1882 1300 1945 revocari.»
1327 1883 1399 1937 Et
1422 1881 1806 1938 Cassiodorus

151 1970 206 2026 in
228 1970 460 2043 psalmo
482 1971 802 2043 centesimo
831 1972 1090 2027 secundo
1107 1972 1277 2043 (Psal.
1297 1988 1393 2040 cn,
1416 1968 1506 2043 317)
1527 1987 1576 2025 :«
1600 1969 1806 2027 Miseri-

148 2059 329 2116 cordia
356 2066 544 2115 autem
581 2059 803 2115 Domini
828 2076 865 2115 α
892 2061 1087 2118 muto
1111 2068 1164 2116 et
1190 2076 1362 2133 usque
1411 2060 1473 2115 iu
1517 2060 1800 2122 sucidum.

148 2148 328 2217 Unde,
349 2148 571 2221 inquit,
597 2147 743 2204 mihi
766 2148 995 2204 videtur
1023 2149 1118 2204 hic
1147 2149 1557 2205 convenienter
1581 2143 1802 2209 adverti

143 2242 198 2292 et
212 2238 434 2308 Adam,
466 2237 622 2295 sicut
650 2236 822 2292 multi
856 2237 1093 2293 Patrum
1120 2237 1418 2306 dixerunt,
1447 2238 1524 2293 ad
1568 2234 1803 2293 Domini

143 2319 393 2398 gratiam
425 2326 613 2382 fuisse
651 2330 1006 2390 revocatum,
1031 2327 1273 2398 quando
1312 2326 1437 2398 ipse
1482 2318 1713 2399 primus
1739 2325 1801 2382 in

148 2413 355 2471 saeculo
405 2414 538 2470 fuit.
564 2413 759 2471 Sicuti
805 2414 984 2471 etiam
1030 2406 1194 2482 Abel,
1227 2415 1366 2480 Noe,
1398 2415 1718 2481 Abraham,
1747 2420 1806 2472 et

144 2504 333 2560 caeteri
356 2504 688 2578 Patres,qui
710 2510 909 2561 tamen
940 2505 1000 2560 in
1029 2505 1244 2562 seaculo
1266 2506 1368 2562 sed
1390 2524 1424 2561 a
1446 2505 1657 2561 saeculo
1686 2522 1801 2562 non
1834 2504 1849 2513 “

151 2594 411 2649 fuerunt.
444 2593 587 2649 Cain
617 2611 754 2650 vero
792 2594 1136 2652 inﬁdelitate
1163 2599 1220 2651 et
1258 2594 1565 2667 iniquitate
1594 2611 1702 2650 sua
1729 2595 1804 2651 ab

140 2682 244 2737 hac
262 2682 554 2750 Ecclesia,
584 2683 648 2738 in
678 2699 795 2756 qua
818 2672 1098 2739 omnibus
1151 2689 1243 2740 est
1287 2684 1448 2740 Salus
1480 2685 1801 2757 proposita,

144 2772 388 2827 externis
414 2776 473 2828 et
503 2770 754 2844 alienus,
772 2780 885 2829 nec
913 2782 1019 2854 per
1044 2773 1393 2846 sapientiam
1428 2790 1668 2844 peccare
1698 2774 1803 2830 ab-

146 2861 368 2929 stinuit,
396 2876 503 2917 nec
525 2871 630 2933 per
648 2860 1055 2935 paenitentiam
1080 2867 1388 2935 peccatum
1405 2861 1604 2918 delere
1622 2863 1805 2918 etiam

145 2940 483 3006 admonitus
516 2951 871 3022 procuravit.
894 2951 1018 3007 Sub
1045 2950 1173 3025 lege
1197 2951 1509 3007 Zacharias
1541 2956 1598 3007 et
1626 2940 1806 3007 Eliga-

151 3038 307 3105 beth,
328 3039 407 3095 de
435 3039 655 3112 quibus
677 3040 964 3113 scriptum
995 3044 1085 3097 est
1108 3057 1121 3095 :
1147 3032 1315 3096 Erant
1334 3042 1476 3114 justi
1505 3041 1662 3097 ambo
1676 3045 1808 3096 coite

144 3128 308 3184 Deam
336 3128 646 3185 incedentes
676 3130 739 3185 in
756 3130 1012 3186 omnibus
1027 3129 1306 3185 mandatis
1324 3138 1377 3186 et
1393 3131 1810 3213 justiﬁcatioui-I

1818 1832 1883 1896 1B

1910 549 2167 606 hominis
2200 551 2257 606 in
2280 553 2416 607 sede
2448 553 2777 624 majestatis
2807 570 2945 622 ευω,
2970 560 3027 609 et
3047 558 3561 630 congregabuntur

1910 644 2044 695 ante
2073 654 2208 695 eum
2246 656 2453 697 omnes
2491 646 2715 713 gentes,
2750 646 2809 698 et
2858 646 3325 715 segregabuntur
3356 647 3494 703 mali
3525 666 3560 702 a

1910 726 2101 793 bonis,
2134 728 2288 783 sicut
2316 733 2583 802 segregat
2613 734 2813 801 pastor
2841 746 2977 786 oves
3007 732 3079 786 ab
3111 732 3314 801 haedis,
3349 739 3406 789 et
3434 740 3557 790 sta-

1886 816 2034 872 tuet
2064 833 2204 872 oves
2233 817 2471 889 quidem
2525 835 2560 873 a
2607 818 2849 887 dextris,
2882 819 3080 876 haedos
3129 825 3325 877 autem
3357 840 3391 876 a
3420 822 3562 879 sini-

1910 905 2071 972 stris,
2103 911 2161 961 et
2189 907 2392 961 reddet
2420 907 2740 979 unicuique
2778 910 3107 965 secundum
3139 926 3315 982 opera
3343 927 3471 966 sua.
3500 933 3528 960 ››

1981 994 2111 1049 Ηωο
2128 1011 2362 1067 quoque
2382 999 2586 1051 sancta
2606 996 2862 1053 Ecclesia
2876 996 3088 1053 habuit
3109 1011 3343 1071 semper
3367 998 3425 1053 in
3450 998 3565 1053 {ide

1910 1081 2119 1138 salutis
2168 1100 2305 1151 una,
2336 1100 2440 1156 pro
2479 1089 2814 1157 temporum
2860 1087 3142 1143 varietate
3192 1091 3565 1143 sacramenta

1908 1171 2491 1243 disparia.Videlicet
2523 1173 2661 1245 quia
2689 1190 2724 1229 a
2754 1173 2960 1229 mundi
3007 1176 3243 1232 exordio
3273 1193 3461 1248 usque
3491 1178 3564 1231 ad

1910 1264 2178 1333 tempora
2209 1261 2354 1316 datm
2398 1261 2885 1332 circumcisionis,
2918 1263 3006 1318 vel
3040 1264 3371 1321 hostiarum
3405 1265 3560 1321 obla-

1911 1348 2284 1416 tionibus,vel
2307 1355 2461 1406 certe
2483 1350 2606 1406 sola
2628 1348 2761 1405 fidei
2782 1350 3016 1420 virtute,
3041 1370 3181 1409 suas
3207 1370 3565 1427 suorumque

1910 1437 2140 1495 animus
2188 1439 2434 1494 creatori
2484 1440 2985 1508 Commendantes,
3039 1457 3073 1495 a
3130 1442 3305 1513 primi
3368 1449 3565 1498 reatus

1908 1526 2160 1583 vinculis
2189 1526 2488 1584 absolvere
2519 1528 2826 1583 curabant.
2858 1530 3022 1595 Quod
3062 1534 3119 1584 et
3157 1531 3229 1584 de
3262 1529 3397 1587 aliis
3427 1547 3567 1604 ege-

1910 1621 2049 1673 runt
2064 1616 2594 1689 gentibus,vigente
2610 1616 2671 1672 in
2691 1612 3064 1673 Hebraeorum
3088 1618 3303 1690 populo
3320 1618 3569 1675 circum-

1910 1704 2432 1773 cisione,videlicet
2452 1704 2595 1761 ﬁdei
2615 1706 2816 1778 signo.
2850 1707 2993 1762 Sine
3017 1708 3131 1762 fide
3154 1707 3318 1763 enim
3351 1707 3568 1779 impos-

1911 1790 2080 1849 sibile
2109 1797 2201 1849 est
2228 1792 2460 1865 placere
2504 1794 2641 1865 Deo,
2669 1799 2729 1850 et
2757 1789 2909 1851 sicut
2956 1794 3103 1851 alias
3134 1795 3420 1867 scriptum
3449 1800 3562 1864 est,

1910 1883 2095 1939 Justus
2122 1898 2194 1937 ea:
2219 1883 2326 1954 ﬁde
2352 1884 2506 1939 vivit.
2541 1884 2677 1940 Post
2705 1884 2905 1940 datam
2934 1890 3134 1940 autem
3164 1884 3564 1940 circumcisio-

1910 1984 2068 2038 nem,
2100 1970 2256 2027 idem
2305 1971 2619 2029 salutiferae
2650 1972 2972 2028 curationis
3020 1972 3326 2039 auxilium,
3357 1973 3563 2029 eadem

1911 2059 2282 2116 circumcisio
2311 2059 2372 2116 in
2396 2060 2530 2133 lege
2559 2065 2762 2117 contra
2783 2060 3087 2134 originalis
3110 2060 3330 2134 peccati
3353 2061 3569 2117 vulnus

1913 2150 2139 2222 agebat,
2160 2151 2321 2222 quod
2344 2160 2500 2206 nunc
2520 2144 2852 2223 baptismus
2883 2166 3051 2225 agere
3081 2150 3345 2207 revelata:
3367 2148 3568 2224 gratias

1910 2242 2173 2310 tempore
2210 2240 2571 2295 consuevit:
2615 2245 2853 2311 excepto
2896 2240 3052 2311 quod
3103 2240 3266 2313 regni
3313 2238 3566 2295 ccelestis

1904 2326 2153 2398 januam
2188 2330 2437 2384 necdum
2472 2320 2699 2384 intrare
2726 2333 3017 2401 poterant,
3036 2329 3223 2385 donec
3254 2327 3568 2384 adveniens

1888 2444 1889 2447 η
1908 2410 2381 2473 benedictionem
2396 2418 2703 2490 daretqui‘
2722 2416 2909 2490 legem
2924 2418 3115 2486 dedit,
3142 2422 3207 2473 ut
3229 2416 3412 2473 videri
3442 2432 3571 2489 pos-

1913 2510 2009 2560 set
2030 2504 2186 2560 Deus
2204 2498 2453 2561 deorum
2487 2506 2547 2561 in
2578 2505 2738 2562 Sion.
2761 2508 3028 2562 Tantum
3060 2506 3120 2561 in
3154 2506 3289 2562 sinu
3321 2506 3567 2562 Abrahae

1913 2598 2049 2666 post
2075 2598 2323 2650 mortem
2346 2596 2524 2651 beata
2556 2595 2755 2667 requie
2786 2595 3089 2663 consolati,
3116 2608 3381 2668 supernae
3406 2594 3568 2668 pacis

1914 2682 2248 2755 ingressum
2296 2699 2399 2755 spe
2449 2683 2646 2739 felices
2675 2685 3110 2756 exspectabant.
3145 2678 3254 2740 Sed
3309 2689 3367 2740 et
3412 2685 3566 2739 sicut

1913 2776 2155 2827 sanctus
2188 2771 2403 2827 Paulus
2426 2772 2593 2841 dicit,
2618 2774 2807 2828 Patres
2853 2776 3030 2829 nostri
3068 2788 3253 2828 mnes
3302 2773 3566 2844 baptizati

1912 2866 2048 2916 sunt
2072 2862 2135 2915 in
2160 2860 2305 2917 nube
2332 2866 2386 2916 et
2415 2863 2473 2916 in
2510 2863 2662 2917 mari
2686 2862 2739 2931 (Ι
2757 2861 2877 2917 Cor.
2900 2878 2956 2930 x,
2978 2862 3059 2930 2).
3086 2862 3150 2917 In
3182 2862 3371 2916 forma
3400 2859 3562 2916 scili-

1903 2954 2007 3005 'cet
2026 2948 2240 3005 Christi
2266 2949 2836 3022 baptismatis,quod
2867 2950 3021 3005 inter
3048 2949 3179 3021 ipsa
3205 2948 3413 3004 mundi
3436 2948 3561 3029 pri-

1914 3038 2164 3107 manlia,
2189 3039 2423 3110 quando
2470 3038 2713 3111 spiritus
2761 3037 2994 3099 Domini
3042 3039 3338 3093 ferebatur
3382 3049 3564 3109 supor

1912 3137 2119 3200 aquas,
2154 3132 2220 3181 ut
2250 3128 2377 3198 jam
2420 3126 2697 3183 virtutem
2743 3126 3223 3183 sanctificationis
3268 3141 3559 3198 aquarum

147 3216 485 3273 busDomim’
510 3219 632 3273 sine
655 3218 875 3290 querela
899 3235 913 3273 :
938 3225 990 3274 et
1013 3218 1233 3274 Simeon
1250 3193 1458 3291 justus,
1481 3193 1649 3292 quiet
1689 3193 1872 3291 ipsén
1902 3193 2121 3271 natura
2147 3193 2497 3287 conciperet,
2528 3217 2632 3272 sed
2674 3220 2733 3273 et
2772 3216 2836 3271 in
2864 3214 3014 3288 ipsa
3038 3214 3245 3270 diluvii
3277 3193 3559 3270 eti'usione

144 3306 482 3378 exspectabat
533 3305 956 3379 redemptionem
1012 3308 1180 3363 Israel
1227 3309 1376 3375 (Luc.
1409 3325 1450 3373 ι,
1480 3310 1559 3381 6),
1602 3309 1661 3363 id
1708 3313 1799 3363 est

145 3392 399 3451 salutare
426 3394 532 3450 Dei
562 3400 836 3467 paratum
862 3400 996 3451 ante
1025 3395 1235 3451 faciem
1266 3396 1532 3452 omnium
1561 3396 1800 3477 populo-

147 3486 479 3539 rnm.Anna
499 3500 735 3557 quoque
760 3500 877 3540 non
909 3484 1247 3541 discedebat
1278 3486 1361 3540 de.
1380 3484 1619 3558 templo,
1635 3486 1798 3557 jeju-

148 3572 254 3628 niis
268 3577 329 3628 et
350 3572 722 3629 orationibus
742 3574 999 3630 serviens
1016 3574 1263 3630 Domino
1286 3579 1454 3630 nocte
1476 3591 1543 3630 ac
1564 3574 1677 3642 die,
1698 3588 1800 3648 per

146 3662 497 3735 sapientiam
529 3679 563 3718 a
592 3662 847 3735 peccatis
874 3658 1309 3719 abstinuerunt.
1343 3662 1525 3719 David
1555 3680 1659 3737 per
1686 3681 1801 3736 pass

148 3749 452 3806 nitentium
478 3754 721 3823 peccata
753 3750 983 3821 delevit,
1014 3757 1359 3824 exspectans
1398 3769 1577 3825 super
1607 3753 1798 3808 nivem

147 3838 405 3895 dealbari
454 3856 561 3913 per
605 3839 1002 3912 aspersionem
1032 3836 1252 3896 Christi
1310 3840 1637 3913 sanguinis,
1670 3858 1798 3914 qum

124 3925 504 4001 'byssopo,id
545 3932 637 3984 est
680 3928 1013 3985 humilitate
1070 3929 1493 3986 incarnationis
1541 3931 1670 4002 ejus
1716 3929 1798 3986 si-

145 4020 380 4086 gnatur.
431 4013 574 4071 Saul
621 4015 999 4089 impcsnitens
1055 4032 1161 4074 nec
1210 4016 1490 4091 *lacrymis
1548 4018 1799 4073 Samue-

148 4101 215 4158 lis
258 4103 421 4161 805
454 4102 778 4161 abluitur:
820 4104 923 4178 qui
977 4121 1083 4179 pro
1140 4121 1355 4179 magno
1412 4107 1620 4162 merito
1679 4124 1797 4162 suae

146 4191 537 4249 exauditionis
550 4209 688 4249 cum
705 4193 901 4267 Moyse
916 4194 1087 4267 quasi
1104 4194 1483 4271 singulariter
1501 4212 1534 4250 a
1550 4195 1798 4252 Domino

146 4279 203 4335 in
225 4280 573 4354 exemplum
592 4281 945 4338 ostenditur.
970 4283 1082 4339 Sed
1102 4286 1236 4357 post
1265 4282 1451 4362 multa
1475 4299 1602 4356 quae
1625 4299 1659 4339 a
1679 4282 1798 4340 Deo

145 4374 501 4443 perceperat,
534 4369 692 4427 sicut
719 4388 825 4444 per
848 4372 1277 4445 ventriloquam
1309 4373 1593 4442 audierat,
1612 4390 1797 4446 quam

144 4458 203 4514 in
232 4459 515 4532 angustia
552 4477 663 4516 sua
698 4460 1014 4518 Dominum
1053 4461 1355 4536 negligens
1384 4463 1618 4535 expetit,
1645 4461 1798 4519 indi-

142 4556 321 4633 gnam
338 4547 527 4604 vitam
538 4547 728 4621 digna
744 4550 1159 4607 morte-ﬁnivit.
1176 4551 1297 4607 Sub
1316 4551 1505 4624 gratia
1519 4552 1548 4607 .l
1557 4552 1797 4620 acobus,

136 4630 242 4709 qui
285 4636 622 4711 appellatus
651 4643 741 4695 est
759 4639 984 4711 justus,
1014 4640 1244 4713 primus
1274 4639 1804 4714 Hierosolymorum

144 4727 480 4800 episcopus,
503 4732 737 4800 quanto
755 4718 1367 4801 praeconio-attallatur
1386 4729 1486 4801 qui
1519 4729 1805 4802 sapientia

145 4831 388 4886 peccare
419 4815 685 4883 nescivit,
710 4816 917 4873 divinae
964 4817 1171 4874 littera:
1203 4823 1618 4890 protestantur.
1642 4818 1712 4873 Et
1741 4823 1806 4874 ut

148 4903 345 4976 magni
405 4903 560 4960 Petri
616 4904 847 4961 silentio
908 4905 1198 4980 lacrymas
1248 4907 1624 4973 honoremus,
1658 4918 1805 4979 quas

145 4991 416 5063 exemplo
446 4993 675 5048 utinam
715 4982 1119 5065 praedicamus,
1147 4996 1205 5050 in
1240 5012 1412 5050 cruce
1436 4995 1589 5050 latro
1621 4994 1804 5068 poeni-

147 5080 277 5148 tuit,
309 5082 622 5138 confessus
651 5086 740 5138 est
768 5087 826 5138 et
856 5101 892 5139 a
921 5084 1078 5140 fonte
1111 5083 1348 5158 pietatis
1378 5084 1617 5151 audivit,
1640 5080 1807 5142 Hodie

141 5186 361 5225 meeum
390 5174 500 5227 eris
550 5174 609 5227 in
656 5172 915 5245 paradiso
945 5175 1097 5246 (Luc.
1129 5191 1289 5242 xxm,
1314 5175 1441 5244 43):
1477 5174 1624 5229 alter
1668 5190 1802 5230 vero

142 5257 353 5314 eodem
385 5258 617 5333 ﬂagello
647 5266 971 5335 correptus,
1005 5262 1399 5334 eamdemque
1428 5264 1651 5318 fontem
1682 5263 1803 5336 pie-

143 5347 282 5403 tatis
313 5347 707 5421 conspiciens,
738 5354 798 5406 et
826 5355 1028 5423 potare
1056 5355 1458 5420 contemnens,
1492 5366 1804 5423 personam

142 5436 409 5493 referens
438 5441 930 5511 contemptorum,
954 5455 1073 5497 nec
1091 5438 1320 5513 ﬂagello
1345 5440 1674 5513 corrigitur,
1700 5458 1805 5498 nec

116 5524 415 5597 "exemplo
446 5527 822 5584 convertitur.
855 5529 984 5585 Huic
1034 5533 1240 5585 sancta
1288 5528 1545 5586 Ecclesia
1576 5544 1809 5603 semper

145 5610 864 5691 agueshabait,quibus
917 5633 980 5676 se
1030 5615 1395 5677 miscuerunt
1442 5621 1500 5677 et
1548 5616 1718 5690 haedi,
1751 5621 1809 5683 et

477 5741 753 5809 PATROL.
797 5743 1029 5811 CXXV.

1907 3307 2138 3360 constat
2174 3314 2319 3360 esse
2344 3304 2666 3377 signatum.
2696 3304 2762 3359 In
2812 3321 2929 3377 quo
2973 3302 3349 3377 baptismate,
3382 3301 3559 3360 nubis

1903 3392 2172 3449 videlicet
2205 3398 2380 3466 atque
2416 3394 2618 3463 maris,
2636 3394 2915 3468 baptizati
2962 3402 3077 3450 non
3108 3408 3315 3450 omnes
3354 3392 3560 3449 salvati

1898 3485 2070 3549 sunt,
2102 3483 2241 3555 quia
2269 3494 2386 3538 noa
2436 3499 2642 3539 omnes
2688 3482 2834 3538 illud
2883 3480 3229 3555 spiritaliter
3258 3479 3561 3537 intellexe-

1908 3574 2065 3638 runt,
2086 3570 2481 3638 crediderunt,
2514 3586 2580 3628 ac
2618 3576 3012 3638 servaverunt,
3048 3571 3201 3626 sicut
3247 3587 3353 3626 nec
3382 3570 3442 3626 in
3472 3570 3560 3626 di-

1906 3659 2065 3715 luvio
2084 3659 2299 3716 salvati
2327 3664 2487 3730 sunt,
2522 3659 2637 3716 nisi
2668 3677 2817 3733 quos
2849 3676 2983 3715 arca
3004 3664 3281 3716 sanctam
3308 3660 3561 3715 demon-

1908 3752 2105 3805 strans
2126 3748 2452 3805 Ecclesiam
2484 3748 2845 3805 continuisse
2864 3748 3250 3822 dignoscitur.
3271 3750 3355 3805 lta
3382 3752 3439 3804 et
3459 3747 3561 3821 qui

1898 3837 2283 3910 baptizantur
2311 3838 2527 3894 Christi
2574 3837 2929 3911 baptismate
2959 3838 3201 3910 quidam
3240 3837 3561 3905 salvantur,

1884 3926 2097 3999 gratia
2118 3927 2314 3983 inﬁde
2336 3931 2495 3983 recta
2522 3932 2581 3983 et
2603 3928 2877 4000 operibus
2906 3927 3077 3983 bonis
3102 3932 3560 4001 perseverantes,

1907 4017 2152 4088 quidam
2178 4019 2376 4072 autem
2409 4021 2673 4089 pereunt,
2706 4017 2847 4089 quia
2884 4016 3020 4072 licet
3045 4033 3247 4073 verum
3278 4016 3357 4073 sit
3386 4016 3445 4071 in
3477 4015 3563 4071 eis

1908 4103 2219 4177 baptisma,
2242 4116 2362 4175 quo
2405 4104 2606 4159 omnia
2643 4119 2886 4176 prorsus
2915 4103 3073 4160 ωε
3102 4106 3339 4175 peccata
3362 4100 3563 4158 delen-

1907 4198 2026 4260 tur,
2055 4197 2254 4249 tamen
2284 4193 2345 4248 in
2377 4192 2619 4248 veritate
2655 4209 2771 4247 non
2814 4196 3179 4264 permanent,
3211 4194 3269 4245 et
3292 4189 3428 4246 ideo
3458 4206 3563 4261 pe-

1907 4285 2100 4350 reunt,
2122 4279 2276 4338 sicut
2300 4281 2509 4337 beatus
2538 4281 2743 4337 Petrus
2768 4279 3070 4353 apostolus
3084 4280 3453 4335 demonstrat
3480 4277 3566 4333 di-

1880 4382 2083 4427 cens:
2110 4370 2177 4426 In
2197 4369 2394 4426 diebus
2439 4370 2714 4438 Noe,oum
2763 4368 3131 4441 ﬂibricarelur
3175 4376 3323 4434 orca,
3346 4369 3409 4422 in
3456 4382 3564 4439 qua

1902 4462 2088 4532 pauci,
2122 4460 2180 4516 id
2200 4466 2287 4516 est
2310 4467 2424 4516 otto
2455 4460 2675 4527 enim,
2708 4458 2875 4514 salute
2898 4458 3055 4529 factae
3072 4464 3202 4512 sunt
3214 4471 3315 4528 per
3338 4472 3559 4528 aquam,

1913 4548 2053 4622 quod
2076 4556 2130 4604 et
2155 4558 2244 4605 vas
2270 4562 2422 4603 nunc
2447 4548 2650 4603 similis
2684 4549 2876 4619 forma
2914 4546 3091 4603 salvos
3129 4546 3265 4617 facit
3300 4547 3567 4617 baptisma

1909 4639 1961 4708 (ιι
1988 4634 2133 4694 Patr.
2166 4654 2252 4707 in,
2274 4637 2386 4706 30).
2419 4636 2585 4692 Unde
2632 4636 2787 4691 Beda
2820 4652 2833 4692 :
2861 4657 2889 4685 «
2918 4636 3081 4702 Quod
3115 4648 3251 4709 ergo
3292 4652 3445 4708 aqua
3470 4635 3566 4691 di-

1888 4724 2054 4781 -luvii
2086 4742 2200 4780 non
2233 4723 2476 4780 saivavit
2505 4727 2669 4779 extra
2698 4740 2892 4780 arcam
2933 4722 3174 4796 positos,
3198 4724 3301 4779 sed
3333 4723 3564 4791 occidit,

1913 4815 2040 4870 sine
2067 4814 2249 4869 dubio
2298 4814 2709 4885 praeﬁgurabat
2753 4829 2989 4869 omnem
3038 4812 3401 4881 haereticum,
3433 4813 3568 4871 licet

1916 4904 2226 4959 habentem
2255 4901 2628 4974 baptismatis
2657 4907 3117 4971 sacramentum,
3148 4920 3264 4958 non
3287 4902 3439 4972 aliis,
3465 4903 3566 4958 sed

1915 4994 2062 5067 ipsis
2115 4993 2283 5066 aquis
2334 4992 2405 5047 ad
2456 4992 2683 5048 inferna
2733 4993 3377 5066 mergendum,quibus
3433 5008 3566 5047 arca

1915 5083 2256 5139 sublevatur
2283 5083 2356 5138 ad
2386 5081 2654 5138 omium.»
2683 5083 2752 5137 Et
2782 5083 3084 5154 quoniam,
3110 5082 3262 5137 sicut
3282 5079 3565 5136 Dominus

1914 5172 2090 5228 dicit:
2116 5173 2238 5228 Nisi
2267 5174 2389 5244 quis
2413 5180 2633 5228 renatus
2662 5174 2835 5243 fuerit
2862 5189 2933 5228 ea:
2959 5188 3103 5244 aqua
3130 5179 3183 5226 et
3208 5170 3418 5242 Spiritu
3443 5184 3567 5224 san-

1915 5269 2016 5330 cto,
2044 5276 2155 5316 non
2194 5261 2424 5316 intrabit
2469 5261 2531 5315 in
2570 5276 2799 5332 regnum
2849 5260 3105 5316 caelorum
3153 5259 3337 5327 (Joan.
3371 5271 3453 5322 Ill,
3484 5254 3562 5324 5),

1915 5351 2086 5421 cuius
2115 5348 2522 5405 renascitionis
2552 5349 2840 5421 praeconia
2870 5349 3106 5403 fuerunt
3134 5343 3435 5416 superiora
3463 5343 3563 5399 ba-

1916 5438 2213 5511 ptismata,
2246 5438 2330 5494 ita
2359 5436 2745 5493 nihilominus
2775 5439 3165 5509 protestetur:
3189 5434 3313 5488 Nisi
3337 5430 3568 5488 mandu-

1915 5530 2170 5585 oaveritis
2200 5542 2419 5583 comem
2448 5527 2559 5600 ﬁlii
2588 5526 2848 5592 hominis,
2870 5532 2923 5579 et
2941 5523 3185 5579 biberitis
3203 5524 3321 5597 ejus
3345 5521 3568 5594 sangui-

1914 5634 2062 5690 nem,
2100 5632 2211 5677 non
2254 5615 2526 5677 habebitis
2553 5616 2722 5676 vitam
2769 5614 2830 5672 in
2868 5611 3018 5672 vobis
3047 5610 3225 5687 (toan.
3255 5628 3334 5683 vx,
3365 5606 3479 5683 54),
3509 5615 3568 5671 et

3170 5740 3245 5805 15
