  <div class='ocr_page' id='page_1' title='image "/cluster/home/n/w/nwhite01/storage/ocr_20150623/125/hvd.32044054759873/235.png"; bbox 0 0 3962 6178; ppageno 0'>
   <div class='ocr_carea' id='block_1_1' title="bbox 427 313 546 373">
    <p class='ocr_par' dir='ltr' id='par_1_1' title="bbox 427 313 546 373">
     <span class='ocr_line' id='line_1_1' title="bbox 427 313 546 373; baseline 0.008 -1"><span class='ocrx_word' id='word_1_1' title='bbox 427 313 546 373; x_wconf 77' lang='grc'>459</span> 
     </span>
    </p>
   </div>
   <div class='ocr_carea' id='block_1_2' title="bbox 1365 300 2914 366">
    <p class='ocr_par' dir='ltr' id='par_1_2' title="bbox 1365 300 2914 366">
     <span class='ocr_line' id='line_1_2' title="bbox 1365 300 2914 366; baseline -0.003 -1"><span class='ocrx_word' id='word_1_2' title='bbox 1365 303 1754 366; x_wconf 80' lang='lat' dir='ltr'>HINGMARI</span> <span class='ocrx_word' id='word_1_3' title='bbox 1800 301 2253 366; x_wconf 83' lang='lat' dir='ltr'>RHEMENSIS</span> <span class='ocrx_word' id='word_1_4' title='bbox 2297 300 2914 364; x_wconf 81' lang='lat' dir='ltr'>ARCHIEPISCOPI.</span> 
     </span>
    </p>
   </div>
   <div class='ocr_carea' id='block_1_3' title="bbox 3714 299 3828 362">
    <p class='ocr_par' dir='ltr' id='par_1_3' title="bbox 3714 299 3828 362">
     <span class='ocr_line' id='line_1_3' title="bbox 3714 299 3828 362; baseline 0 0"><span class='ocrx_word' id='word_1_5' title='bbox 3714 299 3828 362; x_wconf 61' lang='lat'>£60</span> 
     </span>
    </p>
   </div>
   <div class='ocr_carea' id='block_1_4' title="bbox 429 431 3828 512">
    <p class='ocr_par' dir='ltr' id='par_1_4' title="bbox 429 431 3828 512">
     <span class='ocr_line' id='line_1_4' title="bbox 429 431 3828 512; baseline -0.002 -15"><span class='ocrx_word' id='word_1_6' title='bbox 429 444 591 508; x_wconf 83' lang='lat' dir='ltr'>item,</span> <span class='ocrx_word' id='word_1_7' title='bbox 622 441 729 512; x_wconf 82' lang='lat' dir='ltr'>Ego</span> <span class='ocrx_word' id='word_1_8' title='bbox 775 455 899 494; x_wconf 89' lang='lat' dir='ltr'>sum</span> <span class='ocrx_word' id='word_1_9' title='bbox 925 439 1087 510; x_wconf 84' lang='lat' dir='ltr'>panis</span> <span class='ocrx_word' id='word_1_10' title='bbox 1134 438 1286 492; x_wconf 75' lang='lat' dir='ltr'>vivus</span> <span class='ocrx_word' id='word_1_11' title='bbox 1317 439 1413 509; x_wconf 85' lang='lat' dir='ltr'>qui</span> <span class='ocrx_word' id='word_1_12' title='bbox 1439 437 1504 492; x_wconf 74' lang='lat' dir='ltr'>de</span> <span class='ocrx_word' id='word_1_13' title='bbox 1534 439 1662 494; x_wconf 77' lang='lat' dir='ltr'>cwlo</span> <span class='ocrx_word' id='word_1_14' title='bbox 1698 437 1950 494; x_wconf 78' lang='lat' dir='ltr'>descendi</span> <span class='ocrx_word' id='word_1_15' title='bbox 1977 455 1996 490; x_wconf 91' lang='lat'><strong><em>:</em></strong></span> <span class='ocrx_word' id='word_1_16' title='bbox 2027 437 2079 490; x_wconf 87' lang='lat' dir='ltr'>si</span> <span class='ocrx_word' id='word_1_17' title='bbox 2103 436 2156 504; x_wconf 74' lang='grc' dir='ltr'><strong>Α</strong></span> <span class='ocrx_word' id='word_1_18' title='bbox 2191 452 2320 490; x_wconf 89' lang='lat' dir='ltr'>rum</span> <span class='ocrx_word' id='word_1_19' title='bbox 2339 439 2428 492; x_wconf 82' lang='lat' dir='ltr'>est</span> <span class='ocrx_word' id='word_1_20' title='bbox 2442 435 2764 507; x_wconf 80' lang='lat' dir='ltr'>accipiendi</span> <span class='ocrx_word' id='word_1_21' title='bbox 2784 451 2998 508; x_wconf 87' lang='lat' dir='ltr'>corpus</span> <span class='ocrx_word' id='word_1_22' title='bbox 3015 431 3394 506; x_wconf 87' lang='lat' dir='ltr'>Domini,jam</span> <span class='ocrx_word' id='word_1_23' title='bbox 3411 433 3506 490; x_wconf 91' lang='lat' dir='ltr'>hic</span> <span class='ocrx_word' id='word_1_24' title='bbox 3521 433 3828 506; x_wconf 80' lang='lat' dir='ltr'>imaginem</span> 
     </span>
    </p>
   </div>
   <div class='ocr_carea' id='block_1_5' title="bbox 427 521 3833 605">
    <p class='ocr_par' dir='ltr' id='par_1_5' title="bbox 427 521 3833 605">
     <span class='ocr_line' id='line_1_5' title="bbox 427 521 3833 605; baseline -0.002 -19"><span class='ocrx_word' id='word_1_25' title='bbox 427 533 552 605; x_wconf 76' lang='lat' dir='ltr'>quis</span> <span class='ocrx_word' id='word_1_26' title='bbox 604 528 1014 585; x_wconf 81' lang='lat' dir='ltr'>manducauerit</span> <span class='ocrx_word' id='word_1_27' title='bbox 1053 543 1123 582; x_wconf 70' lang='lat' dir='ltr'>ex</span> <span class='ocrx_word' id='word_1_28' title='bbox 1172 526 1270 582; x_wconf 87' lang='lat' dir='ltr'>hoc</span> <span class='ocrx_word' id='word_1_29' title='bbox 1311 543 1472 598; x_wconf 82' lang='lat' dir='ltr'>pane,</span> <span class='ocrx_word' id='word_1_30' title='bbox 1505 528 1648 582; x_wconf 83' lang='lat' dir='ltr'>vivet</span> <span class='ocrx_word' id='word_1_31' title='bbox 1701 529 1761 582; x_wconf 87' lang='lat' dir='ltr'>in</span> <span class='ocrx_word' id='word_1_32' title='bbox 1812 535 2076 583; x_wconf 63' lang='lat' dir='ltr'>aeternum</span> <span class='ocrx_word' id='word_1_33' title='bbox 2176 522 2388 594; x_wconf 90' lang='lat' dir='ltr'>judicii</span> <span class='ocrx_word' id='word_1_34' title='bbox 2421 523 2679 579; x_wconf 79' lang='lat' dir='ltr'>ostendit</span> <span class='ocrx_word' id='word_1_35' title='bbox 2708 521 2768 578; x_wconf 91' lang='lat' dir='ltr'>in</span> <span class='ocrx_word' id='word_1_36' title='bbox 2805 540 2902 578; x_wconf 87' lang='lat' dir='ltr'>eos</span> <span class='ocrx_word' id='word_1_37' title='bbox 2931 521 3032 595; x_wconf 91' lang='lat' dir='ltr'>qui</span> <span class='ocrx_word' id='word_1_38' title='bbox 3053 522 3482 580; x_wconf 87' lang='lat' dir='ltr'>inconsiderate</span> <span class='ocrx_word' id='word_1_39' title='bbox 3502 539 3714 596; x_wconf 89' lang='lat' dir='ltr'>corpus</span> <span class='ocrx_word' id='word_1_40' title='bbox 3732 521 3833 578; x_wconf 88' lang='lat' dir='ltr'>Do-</span> 
     </span>
    </p>
   </div>
   <div class='ocr_carea' id='block_1_6' title="bbox 429 615 2074 693">
    <p class='ocr_par' dir='ltr' id='par_1_6' title="bbox 429 615 2074 693">
     <span class='ocr_line' id='line_1_6' title="bbox 429 615 2074 693; baseline -0.005 -16"><span class='ocrx_word' id='word_1_41' title='bbox 429 621 604 693; x_wconf 84' lang='lat' dir='ltr'>(Joan.</span> <span class='ocrx_word' id='word_1_42' title='bbox 630 635 702 684; x_wconf 85' lang='lat' dir='ltr'>LI,</span> <span class='ocrx_word' id='word_1_43' title='bbox 728 619 841 685; x_wconf 84' lang='lat'>52),</span> <span class='ocrx_word' id='word_1_44' title='bbox 875 617 1046 688; x_wconf 80' lang='lat' dir='ltr'>cuius</span> <span class='ocrx_word' id='word_1_45' title='bbox 1086 615 1539 688; x_wconf 77' lang='lat' dir='ltr'>praedicamenta</span> <span class='ocrx_word' id='word_1_46' title='bbox 1583 616 1820 672; x_wconf 81' lang='lat' dir='ltr'>fuerunt</span> <span class='ocrx_word' id='word_1_47' title='bbox 1848 615 2074 688; x_wconf 82' lang='lat' dir='ltr'>lignum</span> 
     </span>
    </p>
   </div>
   <div class='ocr_carea' id='block_1_7' title="bbox 429 703 2076 777">
    <p class='ocr_par' dir='ltr' id='par_1_7' title="bbox 429 703 2076 777">
     <span class='ocr_line' id='line_1_7' title="bbox 429 703 2076 777; baseline -0.004 -12"><span class='ocrx_word' id='word_1_48' title='bbox 429 710 558 765; x_wconf 71' lang='lat' dir='ltr'>vita:</span> <span class='ocrx_word' id='word_1_49' title='bbox 591 708 651 762; x_wconf 91' lang='lat' dir='ltr'>in</span> <span class='ocrx_word' id='word_1_50' title='bbox 684 704 875 762; x_wconf 71' lang='lat' dir='ltr'>medio</span> <span class='ocrx_word' id='word_1_51' title='bbox 905 703 1163 777; x_wconf 79' lang='lat' dir='ltr'>paradisi</span> <span class='ocrx_word' id='word_1_52' title='bbox 1193 703 1545 776; x_wconf 89' lang='lat' dir='ltr'>plantatum,</span> <span class='ocrx_word' id='word_1_53' title='bbox 1568 705 1702 760; x_wconf 73' lang='lat' dir='ltr'>Adae</span> <span class='ocrx_word' id='word_1_54' title='bbox 1732 721 2076 760; x_wconf 85' lang='lat' dir='ltr'>concessum</span> 
     </span>
    </p>
   </div>
   <div class='ocr_carea' id='block_1_8' title="bbox 430 793 2082 864">
    <p class='ocr_par' dir='ltr' id='par_1_8' title="bbox 430 793 2082 864">
     <span class='ocr_line' id='line_1_8' title="bbox 430 793 2082 864; baseline -0.004 -10"><span class='ocrx_word' id='word_1_55' title='bbox 430 797 554 854; x_wconf 82' lang='lat' dir='ltr'>esui</span> <span class='ocrx_word' id='word_1_56' title='bbox 577 800 713 852; x_wconf 88' lang='lat' dir='ltr'>ante</span> <span class='ocrx_word' id='word_1_57' title='bbox 735 794 1310 864; x_wconf 85' lang='lat' dir='ltr'>peccatum,quando</span> <span class='ocrx_word' id='word_1_58' title='bbox 1333 793 1417 848; x_wconf 91' lang='lat' dir='ltr'>illi</span> <span class='ocrx_word' id='word_1_59' title='bbox 1447 797 1537 850; x_wconf 91' lang='lat' dir='ltr'>est</span> <span class='ocrx_word' id='word_1_60' title='bbox 1558 793 1805 861; x_wconf 90' lang='lat' dir='ltr'>dictum,</span> <span class='ocrx_word' id='word_1_61' title='bbox 1829 795 1903 850; x_wconf 89' lang='lat' dir='ltr'>De</span> <span class='ocrx_word' id='word_1_62' title='bbox 1931 794 2082 849; x_wconf 86' lang='lat' dir='ltr'>omni</span> 
     </span>
    </p>
   </div>
   <div class='ocr_carea' id='block_1_9' title="bbox 433 881 2083 956">
    <p class='ocr_par' dir='ltr' id='par_1_9' title="bbox 433 881 2083 956">
     <span class='ocr_line' id='line_1_9' title="bbox 433 881 2083 956; baseline -0.001 -16"><span class='ocrx_word' id='word_1_63' title='bbox 433 887 582 956; x_wconf 81' lang='lat' dir='ltr'>ligno</span> <span class='ocrx_word' id='word_1_64' title='bbox 609 882 861 955; x_wconf 78' lang='lat' dir='ltr'>paradisi</span> <span class='ocrx_word' id='word_1_65' title='bbox 886 881 1145 950; x_wconf 69' lang='lat' dir='ltr'>comedas,</span> <span class='ocrx_word' id='word_1_66' title='bbox 1191 881 1256 936; x_wconf 86' lang='lat' dir='ltr'>de</span> <span class='ocrx_word' id='word_1_67' title='bbox 1285 883 1431 954; x_wconf 85' lang='lat' dir='ltr'>tigno</span> <span class='ocrx_word' id='word_1_68' title='bbox 1460 890 1642 938; x_wconf 86' lang='lat' dir='ltr'>autem</span> <span class='ocrx_word' id='word_1_69' title='bbox 1681 884 1927 940; x_wconf 74' lang='lat' dir='ltr'>scientia:</span> <span class='ocrx_word' id='word_1_70' title='bbox 1955 883 2083 938; x_wconf 84' lang='lat' dir='ltr'>boni</span> 
     </span>
    </p>
   </div>
   <div class='ocr_carea' id='block_1_10' title="bbox 430 969 2081 1044">
    <p class='ocr_par' dir='ltr' id='par_1_10' title="bbox 430 969 2081 1044">
     <span class='ocr_line' id='line_1_10' title="bbox 430 969 2081 1044; baseline -0.003 -15"><span class='ocrx_word' id='word_1_71' title='bbox 430 982 483 1030; x_wconf 86' lang='lat' dir='ltr'>et</span> <span class='ocrx_word' id='word_1_72' title='bbox 535 973 674 1028; x_wconf 80' lang='lat' dir='ltr'>mali</span> <span class='ocrx_word' id='word_1_73' title='bbox 727 987 798 1027; x_wconf 87' lang='lat' dir='ltr'>ne</span> <span class='ocrx_word' id='word_1_74' title='bbox 850 969 1094 1026; x_wconf 86' lang='lat' dir='ltr'>comedas</span> <span class='ocrx_word' id='word_1_75' title='bbox 1124 969 1276 1040; x_wconf 86' lang='lat' dir='ltr'>(Gen.</span> <span class='ocrx_word' id='word_1_76' title='bbox 1310 987 1372 1036; x_wconf 83' lang='lat'>11,</span> <span class='ocrx_word' id='word_1_77' title='bbox 1408 971 1540 1042; x_wconf 78' lang='lat' dir='ltr'>i6):</span> <span class='ocrx_word' id='word_1_78' title='bbox 1586 976 1718 1044; x_wconf 86' lang='lat' dir='ltr'>post</span> <span class='ocrx_word' id='word_1_79' title='bbox 1777 975 2081 1044; x_wconf 85' lang='lat' dir='ltr'>peccatum</span> 
     </span>
    </p>
   </div>
   <div class='ocr_carea' id='block_1_11' title="bbox 434 1059 2085 1132">
    <p class='ocr_par' dir='ltr' id='par_1_11' title="bbox 434 1059 2085 1132">
     <span class='ocr_line' id='line_1_11' title="bbox 434 1059 2085 1132; baseline -0.002 -14"><span class='ocrx_word' id='word_1_80' title='bbox 434 1067 656 1127; x_wconf 88' lang='lat' dir='ltr'>autem,</span> <span class='ocrx_word' id='word_1_81' title='bbox 687 1060 918 1116; x_wconf 76' lang='lat' dir='ltr'>dicente</span> <span class='ocrx_word' id='word_1_82' title='bbox 970 1059 1244 1126; x_wconf 89' lang='lat' dir='ltr'>Domino,</span> <span class='ocrx_word' id='word_1_83' title='bbox 1282 1059 1485 1115; x_wconf 78' lang='lat' dir='ltr'>Videte</span> <span class='ocrx_word' id='word_1_84' title='bbox 1530 1077 1600 1116; x_wconf 85' lang='lat' dir='ltr'>ne</span> <span class='ocrx_word' id='word_1_85' title='bbox 1627 1062 1766 1132; x_wconf 85' lang='lat' dir='ltr'>forte</span> <span class='ocrx_word' id='word_1_86' title='bbox 1811 1069 1992 1116; x_wconf 85' lang='lat' dir='ltr'>sumat</span> <span class='ocrx_word' id='word_1_87' title='bbox 2020 1060 2085 1114; x_wconf 85' lang='lat' dir='ltr'>de</span> 
     </span>
    </p>
   </div>
   <div class='ocr_carea' id='block_1_12' title="bbox 435 1148 2084 1221">
    <p class='ocr_par' dir='ltr' id='par_1_12' title="bbox 435 1148 2084 1221">
     <span class='ocr_line' id='line_1_12' title="bbox 435 1148 2084 1221; baseline -0.002 -15"><span class='ocrx_word' id='word_1_88' title='bbox 435 1152 585 1221; x_wconf 85' lang='lat' dir='ltr'>tigno</span> <span class='ocrx_word' id='word_1_89' title='bbox 615 1151 738 1205; x_wconf 74' lang='lat' dir='ltr'>vita:</span> <span class='ocrx_word' id='word_1_90' title='bbox 766 1156 819 1204; x_wconf 90' lang='lat' dir='ltr'>et</span> <span class='ocrx_word' id='word_1_91' title='bbox 846 1149 994 1204; x_wconf 83' lang='lat' dir='ltr'>vivat</span> <span class='ocrx_word' id='word_1_92' title='bbox 1021 1149 1080 1203; x_wconf 84' lang='lat' dir='ltr'>in</span> <span class='ocrx_word' id='word_1_93' title='bbox 1108 1155 1372 1203; x_wconf 76' lang='lat' dir='ltr'>(rternum</span> <span class='ocrx_word' id='word_1_94' title='bbox 1401 1148 1552 1216; x_wconf 85' lang='lat' dir='ltr'>(Gen.</span> <span class='ocrx_word' id='word_1_95' title='bbox 1583 1165 1665 1216; x_wconf 81' lang='lat' dir='ltr'>III,</span> <span class='ocrx_word' id='word_1_96' title='bbox 1697 1149 1814 1219; x_wconf 82' lang='lat'>22),</span> <span class='ocrx_word' id='word_1_97' title='bbox 1847 1155 1938 1204; x_wconf 87' lang='lat' dir='ltr'>est</span> <span class='ocrx_word' id='word_1_98' title='bbox 1966 1166 2084 1204; x_wconf 88' lang='lat' dir='ltr'>om-</span> 
     </span>
    </p>
   </div>
   <div class='ocr_carea' id='block_1_13' title="bbox 437 1236 2088 1310">
    <p class='ocr_par' dir='ltr' id='par_1_13' title="bbox 437 1236 2088 1310">
     <span class='ocr_line' id='line_1_13' title="bbox 437 1236 2088 1310; baseline -0.001 -16"><span class='ocrx_word' id='word_1_99' title='bbox 437 1239 576 1294; x_wconf 87' lang='lat' dir='ltr'>nino</span> <span class='ocrx_word' id='word_1_100' title='bbox 609 1236 992 1310; x_wconf 88' lang='lat' dir='ltr'>prohibitum,</span> <span class='ocrx_word' id='word_1_101' title='bbox 1015 1252 1204 1308; x_wconf 89' lang='lat' dir='ltr'>usque</span> <span class='ocrx_word' id='word_1_102' title='bbox 1232 1236 1374 1291; x_wconf 91' lang='lat' dir='ltr'>dum</span> <span class='ocrx_word' id='word_1_103' title='bbox 1405 1236 1624 1291; x_wconf 91' lang='lat' dir='ltr'>veniret</span> <span class='ocrx_word' id='word_1_104' title='bbox 1644 1237 1741 1308; x_wconf 88' lang='lat' dir='ltr'>qui</span> <span class='ocrx_word' id='word_1_105' title='bbox 1776 1237 2088 1310; x_wconf 67' lang='lat' dir='ltr'>praesigna-</span> 
     </span>
    </p>
   </div>
   <div class='ocr_carea' id='block_1_14' title="bbox 434 1324 2086 1398">
    <p class='ocr_par' dir='ltr' id='par_1_14' title="bbox 434 1324 2086 1398">
     <span class='ocr_line' id='line_1_14' title="bbox 434 1324 2086 1398; baseline -0.002 -15"><span class='ocrx_word' id='word_1_106' title='bbox 434 1333 532 1383; x_wconf 89' lang='lat' dir='ltr'>tus</span> <span class='ocrx_word' id='word_1_107' title='bbox 561 1331 672 1394; x_wconf 89' lang='lat' dir='ltr'>est,</span> <span class='ocrx_word' id='word_1_108' title='bbox 703 1330 760 1381; x_wconf 87' lang='lat' dir='ltr'>et</span> <span class='ocrx_word' id='word_1_109' title='bbox 797 1325 870 1380; x_wconf 93' lang='lat' dir='ltr'>de</span> <span class='ocrx_word' id='word_1_110' title='bbox 899 1341 1014 1397; x_wconf 90' lang='lat' dir='ltr'>quo</span> <span class='ocrx_word' id='word_1_111' title='bbox 1062 1324 1236 1378; x_wconf 89' lang='lat' dir='ltr'>etiam</span> <span class='ocrx_word' id='word_1_112' title='bbox 1270 1324 1490 1380; x_wconf 88' lang='lat' dir='ltr'>dictum</span> <span class='ocrx_word' id='word_1_113' title='bbox 1541 1331 1650 1392; x_wconf 84' lang='lat' dir='ltr'>est,</span> <span class='ocrx_word' id='word_1_114' title='bbox 1685 1325 1908 1398; x_wconf 83' lang='lat' dir='ltr'>lignum</span> <span class='ocrx_word' id='word_1_115' title='bbox 1958 1325 2086 1381; x_wconf 63' lang='lat' dir='ltr'>vita:</span> 
     </span>
    </p>
   </div>
   <div class='ocr_carea' id='block_1_15' title="bbox 435 1412 2084 1488">
    <p class='ocr_par' dir='ltr' id='par_1_15' title="bbox 435 1412 2084 1488">
     <span class='ocr_line' id='line_1_15' title="bbox 435 1412 2084 1488; baseline -0.001 -17"><span class='ocrx_word' id='word_1_116' title='bbox 435 1421 527 1472; x_wconf 88' lang='lat' dir='ltr'>est</span> <span class='ocrx_word' id='word_1_117' title='bbox 548 1415 663 1482; x_wconf 88' lang='lat' dir='ltr'>his,</span> <span class='ocrx_word' id='word_1_118' title='bbox 677 1413 947 1470; x_wconf 82' lang='lat' dir='ltr'>Christus</span> <span class='ocrx_word' id='word_1_119' title='bbox 963 1412 1232 1467; x_wconf 82' lang='lat' dir='ltr'>videlicet</span> <span class='ocrx_word' id='word_1_120' title='bbox 1253 1412 1352 1468; x_wconf 88' lang='lat' dir='ltr'>Dei</span> <span class='ocrx_word' id='word_1_121' title='bbox 1370 1413 1555 1468; x_wconf 82' lang='lat' dir='ltr'>virtus</span> <span class='ocrx_word' id='word_1_122' title='bbox 1577 1419 1634 1470; x_wconf 88' lang='lat' dir='ltr'>et</span> <span class='ocrx_word' id='word_1_123' title='bbox 1654 1413 1751 1469; x_wconf 88' lang='lat' dir='ltr'>Dei</span> <span class='ocrx_word' id='word_1_124' title='bbox 1777 1415 2084 1488; x_wconf 75' lang='lat' dir='ltr'>sapientia,</span> 
     </span>
    </p>
   </div>
   <div class='ocr_carea' id='block_1_16' title="bbox 437 1501 2088 1577">
    <p class='ocr_par' dir='ltr' id='par_1_16' title="bbox 437 1501 2088 1577">
     <span class='ocr_line' id='line_1_16' title="bbox 437 1501 2088 1577; baseline 0.001 -17"><span class='ocrx_word' id='word_1_125' title='bbox 437 1503 538 1576; x_wconf 90' lang='lat' dir='ltr'>qui</span> <span class='ocrx_word' id='word_1_126' title='bbox 568 1501 1063 1575; x_wconf 80' lang='lat' dir='ltr'>apprehenderint</span> <span class='ocrx_word' id='word_1_127' title='bbox 1101 1517 1252 1556; x_wconf 89' lang='lat' dir='ltr'>eam.</span> <span class='ocrx_word' id='word_1_128' title='bbox 1278 1501 1346 1556; x_wconf 88' lang='lat' dir='ltr'>Et</span> <span class='ocrx_word' id='word_1_129' title='bbox 1374 1502 1588 1557; x_wconf 85' lang='lat' dir='ltr'>iterum</span> <span class='ocrx_word' id='word_1_130' title='bbox 1621 1503 1886 1576; x_wconf 85' lang='lat' dir='ltr'>ejusdem</span> <span class='ocrx_word' id='word_1_131' title='bbox 1918 1503 2088 1577; x_wconf 88' lang='lat' dir='ltr'>panis</span> 
     </span>
    </p>
   </div>
   <div class='ocr_carea' id='block_1_17' title="bbox 435 1589 2088 1665">
    <p class='ocr_par' dir='ltr' id='par_1_17' title="bbox 435 1589 2088 1665">
     <span class='ocr_line' id='line_1_17' title="bbox 435 1589 2088 1665; baseline -0.001 -16"><span class='ocrx_word' id='word_1_132' title='bbox 435 1593 548 1649; x_wconf 85' lang='lat' dir='ltr'>vivi</span> <span class='ocrx_word' id='word_1_133' title='bbox 581 1597 639 1647; x_wconf 89' lang='lat' dir='ltr'>et</span> <span class='ocrx_word' id='word_1_134' title='bbox 661 1590 863 1646; x_wconf 89' lang='lat' dir='ltr'>calicis</span> <span class='ocrx_word' id='word_1_135' title='bbox 883 1590 1020 1646; x_wconf 83' lang='lat' dir='ltr'>vitis</span> <span class='ocrx_word' id='word_1_136' title='bbox 1042 1607 1186 1644; x_wconf 70' lang='lat' dir='ltr'>verae</span> <span class='ocrx_word' id='word_1_137' title='bbox 1209 1589 1520 1662; x_wconf 80' lang='lat' dir='ltr'>signarunt</span> <span class='ocrx_word' id='word_1_138' title='bbox 1539 1591 1852 1664; x_wconf 65' lang='lat' dir='ltr'>aenigmata</span> <span class='ocrx_word' id='word_1_139' title='bbox 1873 1593 2088 1665; x_wconf 78' lang='lat' dir='ltr'>ﬁgura-</span> 
     </span>
    </p>
   </div>
   <div class='ocr_carea' id='block_1_18' title="bbox 436 1677 2090 1752">
    <p class='ocr_par' dir='ltr' id='par_1_18' title="bbox 436 1677 2090 1752">
     <span class='ocr_line' id='line_1_18' title="bbox 436 1677 2090 1752; baseline 0.001 -16"><span class='ocrx_word' id='word_1_140' title='bbox 436 1697 589 1744; x_wconf 87' lang='lat' dir='ltr'>rum.</span> <span class='ocrx_word' id='word_1_141' title='bbox 612 1680 684 1735; x_wconf 89' lang='lat' dir='ltr'>de</span> <span class='ocrx_word' id='word_1_142' title='bbox 713 1679 932 1752; x_wconf 85' lang='lat' dir='ltr'>quibus</span> <span class='ocrx_word' id='word_1_143' title='bbox 961 1679 1099 1734; x_wconf 89' lang='lat' dir='ltr'>item</span> <span class='ocrx_word' id='word_1_144' title='bbox 1133 1677 1348 1734; x_wconf 88' lang='lat' dir='ltr'>Paulus</span> <span class='ocrx_word' id='word_1_145' title='bbox 1378 1678 1538 1746; x_wconf 88' lang='lat' dir='ltr'>dicit,</span> <span class='ocrx_word' id='word_1_146' title='bbox 1561 1681 1626 1736; x_wconf 86' lang='lat' dir='ltr'>Et</span> <span class='ocrx_word' id='word_1_147' title='bbox 1643 1697 1824 1737; x_wconf 86' lang='lat' dir='ltr'>omnes</span> <span class='ocrx_word' id='word_1_148' title='bbox 1843 1681 2090 1738; x_wconf 87' lang='lat' dir='ltr'>eumdem</span> 
     </span>
    </p>
   </div>
   <div class='ocr_carea' id='block_1_19' title="bbox 2189 610 3829 685">
    <p class='ocr_par' dir='ltr' id='par_1_19' title="bbox 2189 610 3829 685">
     <span class='ocr_line' id='line_1_19' title="bbox 2189 610 3829 685; baseline -0.001 -17"><span class='ocrx_word' id='word_1_149' title='bbox 2189 611 2330 668; x_wconf 91' lang='lat' dir='ltr'>mini</span> <span class='ocrx_word' id='word_1_150' title='bbox 2357 612 2876 685; x_wconf 88' lang='lat' dir='ltr'>acceperant,dum</span> <span class='ocrx_word' id='word_1_151' title='bbox 2889 611 3151 668; x_wconf 81' lang='lat' dir='ltr'>febribus</span> <span class='ocrx_word' id='word_1_152' title='bbox 3171 615 3229 668; x_wconf 91' lang='lat' dir='ltr'>et</span> <span class='ocrx_word' id='word_1_153' title='bbox 3248 610 3694 668; x_wconf 90' lang='lat' dir='ltr'>inﬁrmitatibus</span> <span class='ocrx_word' id='word_1_154' title='bbox 3713 628 3829 667; x_wconf 86' lang='lat' dir='ltr'>cor-</span> 
     </span>
    </p>
   </div>
   <div class='ocr_carea' id='block_1_20' title="bbox 2188 697 3834 770">
    <p class='ocr_par' dir='ltr' id='par_1_20' title="bbox 2188 697 3834 770">
     <span class='ocr_line' id='line_1_20' title="bbox 2188 697 3834 770; baseline 0.001 -17"><span class='ocrx_word' id='word_1_155' title='bbox 2188 698 2233 752; x_wconf 91' lang='lat' dir='ltr'>ri</span> <span class='ocrx_word' id='word_1_156' title='bbox 2241 699 2570 770; x_wconf 88' lang='lat' dir='ltr'>piebanlur,</span> <span class='ocrx_word' id='word_1_157' title='bbox 2595 703 2652 754; x_wconf 89' lang='lat' dir='ltr'>et</span> <span class='ocrx_word' id='word_1_158' title='bbox 2681 697 2853 754; x_wconf 89' lang='lat' dir='ltr'>multi</span> <span class='ocrx_word' id='word_1_159' title='bbox 2883 698 3343 756; x_wconf 83' lang='lat' dir='ltr'>moriebantur.»</span> <span class='ocrx_word' id='word_1_160' title='bbox 3364 699 3628 755; x_wconf 87' lang='lat' dir='ltr'>Tandem</span> <span class='ocrx_word' id='word_1_161' title='bbox 3661 697 3834 770; x_wconf 84' lang='lat' dir='ltr'>igitur</span> 
     </span>
    </p>
   </div>
   <div class='ocr_carea' id='block_1_21' title="bbox 2192 786 3829 860">
    <p class='ocr_par' dir='ltr' id='par_1_21' title="bbox 2192 786 3829 860">
     <span class='ocr_line' id='line_1_21' title="bbox 2192 786 3829 860; baseline 0.002 -18"><span class='ocrx_word' id='word_1_162' title='bbox 2192 788 2304 843; x_wconf 89' lang='lat' dir='ltr'>Leo</span> <span class='ocrx_word' id='word_1_163' title='bbox 2335 805 2486 860; x_wconf 90' lang='lat' dir='ltr'>papa</span> <span class='ocrx_word' id='word_1_164' title='bbox 2515 787 2574 842; x_wconf 90' lang='lat' dir='ltr'>in</span> <span class='ocrx_word' id='word_1_165' title='bbox 2598 787 2842 844; x_wconf 90' lang='lat' dir='ltr'>homilia</span> <span class='ocrx_word' id='word_1_166' title='bbox 2872 787 3044 844; x_wconf 89' lang='lat' dir='ltr'>tertia</span> <span class='ocrx_word' id='word_1_167' title='bbox 3067 788 3140 844; x_wconf 92' lang='lat' dir='ltr'>de</span> <span class='ocrx_word' id='word_1_168' title='bbox 3164 786 3367 847; x_wconf 83' lang='lat' dir='ltr'>Natale</span> <span class='ocrx_word' id='word_1_169' title='bbox 3396 787 3626 844; x_wconf 88' lang='lat' dir='ltr'>Domini</span> <span class='ocrx_word' id='word_1_170' title='bbox 3651 787 3829 852; x_wconf 84' lang='lat' dir='ltr'>dicit:</span> 
     </span>
    </p>
   </div>
   <div class='ocr_carea' id='block_1_22' title="bbox 2194 875 3833 950">
    <p class='ocr_par' dir='ltr' id='par_1_22' title="bbox 2194 875 3833 950">
     <span class='ocr_line' id='line_1_22' title="bbox 2194 875 3833 950; baseline 0.002 -22"><span class='ocrx_word' id='word_1_171' title='bbox 2194 900 2221 928; x_wconf 82' lang='grc'><em>‹‹</em></span> <span class='ocrx_word' id='word_1_172' title='bbox 2235 877 2473 933; x_wconf 90' lang='lat' dir='ltr'>Cesssnt</span> <span class='ocrx_word' id='word_1_173' title='bbox 2489 876 2670 950; x_wconf 80' lang='lat' dir='ltr'>igitur</span> <span class='ocrx_word' id='word_1_174' title='bbox 2685 875 2919 933; x_wconf 90' lang='lat' dir='ltr'>illorum</span> <span class='ocrx_word' id='word_1_175' title='bbox 2938 875 3184 949; x_wconf 69' lang='lat' dir='ltr'>querelas</span> <span class='ocrx_word' id='word_1_176' title='bbox 3199 876 3323 949; x_wconf 89' lang='lat' dir='ltr'>qui,</span> <span class='ocrx_word' id='word_1_177' title='bbox 3339 877 3518 949; x_wconf 88' lang='lat' dir='ltr'>impio</span> <span class='ocrx_word' id='word_1_178' title='bbox 3536 893 3833 933; x_wconf 89' lang='lat' dir='ltr'>murmure</span> 
     </span>
    </p>
   </div>
   <div class='ocr_carea' id='block_1_23' title="bbox 2191 965 3833 1039">
    <p class='ocr_par' dir='ltr' id='par_1_23' title="bbox 2191 965 3833 1039">
     <span class='ocr_line' id='line_1_23' title="bbox 2191 965 3833 1039; baseline 0.001 -18"><span class='ocrx_word' id='word_1_179' title='bbox 2191 965 2406 1021; x_wconf 85' lang='lat' dir='ltr'>divinis</span> <span class='ocrx_word' id='word_1_180' title='bbox 2437 965 2974 1038; x_wconf 77' lang='lat' dir='ltr'>dispensationibus</span> <span class='ocrx_word' id='word_1_181' title='bbox 3000 965 3399 1039; x_wconf 88' lang='lat' dir='ltr'>obloquentes,</span> <span class='ocrx_word' id='word_1_182' title='bbox 3423 966 3494 1022; x_wconf 90' lang='lat' dir='ltr'>de</span> <span class='ocrx_word' id='word_1_183' title='bbox 3525 965 3833 1023; x_wconf 60' lang='lat' dir='ltr'>Dominicis</span> 
     </span>
    </p>
   </div>
   <div class='ocr_carea' id='block_1_24' title="bbox 2194 1053 3836 1128">
    <p class='ocr_par' dir='ltr' id='par_1_24' title="bbox 2194 1053 3836 1128">
     <span class='ocr_line' id='line_1_24' title="bbox 2194 1053 3836 1128; baseline 0.001 -18"><span class='ocrx_word' id='word_1_184' title='bbox 2194 1055 2516 1112; x_wconf 84' lang='lat' dir='ltr'>nativitatis</span> <span class='ocrx_word' id='word_1_185' title='bbox 2543 1055 2819 1112; x_wconf 81' lang='lat' dir='ltr'>tarditate</span> <span class='ocrx_word' id='word_1_186' title='bbox 2859 1059 3199 1124; x_wconf 77' lang='lat' dir='ltr'>causentur,</span> <span class='ocrx_word' id='word_1_187' title='bbox 3221 1059 3502 1128; x_wconf 86' lang='lat' dir='ltr'>tauquam</span> <span class='ocrx_word' id='word_1_188' title='bbox 3534 1053 3836 1128; x_wconf 72' lang='lat' dir='ltr'>praeteritis</span> 
     </span>
    </p>
   </div>
   <div class='ocr_carea' id='block_1_25' title="bbox 2193 1143 3836 1216">
    <p class='ocr_par' dir='ltr' id='par_1_25' title="bbox 2193 1143 3836 1216">
     <span class='ocr_line' id='line_1_25' title="bbox 2193 1143 3836 1216; baseline -0.001 -16"><span class='ocrx_word' id='word_1_189' title='bbox 2193 1144 2557 1216; x_wconf 88' lang='lat' dir='ltr'>temporibus</span> <span class='ocrx_word' id='word_1_190' title='bbox 2576 1161 2690 1199; x_wconf 92' lang='lat' dir='ltr'>non</span> <span class='ocrx_word' id='word_1_191' title='bbox 2711 1144 2787 1200; x_wconf 88' lang='lat' dir='ltr'>sit</span> <span class='ocrx_word' id='word_1_192' title='bbox 2806 1143 3137 1215; x_wconf 88' lang='lat' dir='ltr'>impensum</span> <span class='ocrx_word' id='word_1_193' title='bbox 3156 1144 3387 1216; x_wconf 90' lang='lat' dir='ltr'>quodin</span> <span class='ocrx_word' id='word_1_194' title='bbox 3408 1143 3618 1200; x_wconf 88' lang='lat' dir='ltr'>ultima</span> <span class='ocrx_word' id='word_1_195' title='bbox 3634 1143 3836 1200; x_wconf 88' lang='lat' dir='ltr'>mundi</span> 
     </span>
    </p>
   </div>
   <div class='ocr_carea' id='block_1_26' title="bbox 2195 1233 3835 1306">
    <p class='ocr_par' dir='ltr' id='par_1_26' title="bbox 2195 1233 3835 1306">
     <span class='ocr_line' id='line_1_26' title="bbox 2195 1233 3835 1306; baseline 0.001 -19"><span class='ocrx_word' id='word_1_196' title='bbox 2195 1237 2359 1288; x_wconf 61' lang='lat' dir='ltr'>relate</span> <span class='ocrx_word' id='word_1_197' title='bbox 2387 1237 2477 1289; x_wconf 88' lang='lat' dir='ltr'>est</span> <span class='ocrx_word' id='word_1_198' title='bbox 2505 1238 2759 1306; x_wconf 87' lang='lat' dir='ltr'>gestum.</span> <span class='ocrx_word' id='word_1_199' title='bbox 2783 1233 2956 1289; x_wconf 87' lang='lat' dir='ltr'>Verbi</span> <span class='ocrx_word' id='word_1_200' title='bbox 2995 1233 3152 1289; x_wconf 88' lang='lat' dir='ltr'>enim</span> <span class='ocrx_word' id='word_1_201' title='bbox 3192 1233 3516 1290; x_wconf 81' lang='lat' dir='ltr'>incarnatio</span> <span class='ocrx_word' id='word_1_202' title='bbox 3557 1233 3665 1289; x_wconf 89' lang='lat' dir='ltr'>hoc</span> <span class='ocrx_word' id='word_1_203' title='bbox 3707 1250 3835 1289; x_wconf 86' lang='lat' dir='ltr'>con-</span> 
     </span>
    </p>
   </div>
   <div class='ocr_carea' id='block_1_27' title="bbox 2195 1321 3837 1394">
    <p class='ocr_par' dir='ltr' id='par_1_27' title="bbox 2195 1321 3837 1394">
     <span class='ocr_line' id='line_1_27' title="bbox 2195 1321 3837 1394; baseline 0 -16"><span class='ocrx_word' id='word_1_204' title='bbox 2195 1321 2331 1378; x_wconf 87' lang='lat' dir='ltr'>tulit</span> <span class='ocrx_word' id='word_1_205' title='bbox 2360 1323 2625 1378; x_wconf 87' lang='lat' dir='ltr'>facienda</span> <span class='ocrx_word' id='word_1_206' title='bbox 2663 1323 2816 1394; x_wconf 89' lang='lat' dir='ltr'>quod</span> <span class='ocrx_word' id='word_1_207' title='bbox 2862 1322 3032 1392; x_wconf 81' lang='lat' dir='ltr'>facta,</span> <span class='ocrx_word' id='word_1_208' title='bbox 3063 1327 3122 1378; x_wconf 88' lang='lat' dir='ltr'>et</span> <span class='ocrx_word' id='word_1_209' title='bbox 3150 1328 3586 1380; x_wconf 88' lang='lat' dir='ltr'>sacramentum</span> <span class='ocrx_word' id='word_1_210' title='bbox 3633 1322 3837 1380; x_wconf 77' lang='lat' dir='ltr'>salutis</span> 
     </span>
    </p>
   </div>
   <div class='ocr_carea' id='block_1_28' title="bbox 2196 1411 3837 1484">
    <p class='ocr_par' dir='ltr' id='par_1_28' title="bbox 2196 1411 3837 1484">
     <span class='ocr_line' id='line_1_28' title="bbox 2196 1411 3837 1484; baseline 0.001 -17"><span class='ocrx_word' id='word_1_211' title='bbox 2196 1411 2465 1468; x_wconf 77' lang='lat' dir='ltr'>humanm</span> <span class='ocrx_word' id='word_1_212' title='bbox 2487 1412 2543 1467; x_wconf 88' lang='lat' dir='ltr'>in</span> <span class='ocrx_word' id='word_1_213' title='bbox 2568 1411 2730 1466; x_wconf 90' lang='lat' dir='ltr'>nulla</span> <span class='ocrx_word' id='word_1_214' title='bbox 2751 1427 3013 1484; x_wconf 88' lang='lat' dir='ltr'>unquam</span> <span class='ocrx_word' id='word_1_215' title='bbox 3034 1411 3384 1484; x_wconf 87' lang='lat' dir='ltr'>antiquitate</span> <span class='ocrx_word' id='word_1_216' title='bbox 3403 1412 3837 1480; x_wconf 88' lang='lat' dir='ltr'>cessavit.Quod</span> 
     </span>
    </p>
   </div>
   <div class='ocr_carea' id='block_1_29' title="bbox 2196 1499 3839 1575">
    <p class='ocr_par' dir='ltr' id='par_1_29' title="bbox 2196 1499 3839 1575">
     <span class='ocr_line' id='line_1_29' title="bbox 2196 1499 3839 1575; baseline 0.001 -18"><span class='ocrx_word' id='word_1_217' title='bbox 2196 1501 2656 1575; x_wconf 64' lang='lat' dir='ltr'>prmdicaverunt</span> <span class='ocrx_word' id='word_1_218' title='bbox 2677 1499 2946 1572; x_wconf 81' lang='lat' dir='ltr'>apostoli,</span> <span class='ocrx_word' id='word_1_219' title='bbox 2972 1499 3081 1557; x_wconf 90' lang='lat' dir='ltr'>hoc</span> <span class='ocrx_word' id='word_1_220' title='bbox 3110 1500 3608 1558; x_wconf 86' lang='lat' dir='ltr'>annuntiaverunt</span> <span class='ocrx_word' id='word_1_221' title='bbox 3627 1506 3689 1557; x_wconf 86' lang='lat' dir='ltr'>et</span> <span class='ocrx_word' id='word_1_222' title='bbox 3713 1518 3839 1575; x_wconf 87' lang='lat' dir='ltr'>pro-</span> 
     </span>
    </p>
   </div>
   <div class='ocr_carea' id='block_1_30' title="bbox 2199 1588 3837 1664">
    <p class='ocr_par' dir='ltr' id='par_1_30' title="bbox 2199 1588 3837 1664">
     <span class='ocr_line' id='line_1_30' title="bbox 2199 1588 3837 1664; baseline 0.001 -18"><span class='ocrx_word' id='word_1_223' title='bbox 2199 1591 2383 1664; x_wconf 74' lang='lat' dir='ltr'>pheta:</span> <span class='ocrx_word' id='word_1_224' title='bbox 2409 1607 2422 1645; x_wconf 89' lang='lat'><strong>:</strong></span> <span class='ocrx_word' id='word_1_225' title='bbox 2449 1607 2553 1648; x_wconf 84' lang='lat' dir='ltr'>nec</span> <span class='ocrx_word' id='word_1_226' title='bbox 2576 1608 2704 1646; x_wconf 88' lang='lat' dir='ltr'>sero</span> <span class='ocrx_word' id='word_1_227' title='bbox 2724 1595 2814 1646; x_wconf 90' lang='lat' dir='ltr'>est</span> <span class='ocrx_word' id='word_1_228' title='bbox 2845 1588 3150 1662; x_wconf 88' lang='lat' dir='ltr'>impletum</span> <span class='ocrx_word' id='word_1_229' title='bbox 3173 1591 3328 1663; x_wconf 91' lang='lat' dir='ltr'>quod</span> <span class='ocrx_word' id='word_1_230' title='bbox 3359 1607 3592 1663; x_wconf 88' lang='lat' dir='ltr'>semper</span> <span class='ocrx_word' id='word_1_231' title='bbox 3611 1595 3704 1647; x_wconf 88' lang='lat' dir='ltr'>est</span> <span class='ocrx_word' id='word_1_232' title='bbox 3722 1607 3837 1648; x_wconf 86' lang='lat' dir='ltr'>cre-</span> 
     </span>
    </p>
   </div>
   <div class='ocr_carea' id='block_1_31' title="bbox 2198 1676 3838 1749">
    <p class='ocr_par' dir='ltr' id='par_1_31' title="bbox 2198 1676 3838 1749">
     <span class='ocr_line' id='line_1_31' title="bbox 2198 1676 3838 1749; baseline 0.001 -15"><span class='ocrx_word' id='word_1_233' title='bbox 2198 1679 2409 1734; x_wconf 91' lang='lat' dir='ltr'>ditum.</span> <span class='ocrx_word' id='word_1_234' title='bbox 2433 1679 2559 1734; x_wconf 89' lang='lat' dir='ltr'>Non</span> <span class='ocrx_word' id='word_1_235' title='bbox 2591 1677 2789 1749; x_wconf 87' lang='lat' dir='ltr'>itaque</span> <span class='ocrx_word' id='word_1_236' title='bbox 2818 1693 2965 1734; x_wconf 88' lang='lat' dir='ltr'>novo</span> <span class='ocrx_word' id='word_1_237' title='bbox 2986 1676 3227 1734; x_wconf 90' lang='lat' dir='ltr'>consilio</span> <span class='ocrx_word' id='word_1_238' title='bbox 3248 1677 3402 1735; x_wconf 91' lang='lat' dir='ltr'>Deus</span> <span class='ocrx_word' id='word_1_239' title='bbox 3427 1679 3604 1735; x_wconf 87' lang='lat' dir='ltr'>rebus</span> <span class='ocrx_word' id='word_1_240' title='bbox 3633 1677 3838 1736; x_wconf 83' lang='lat' dir='ltr'>huma—</span> 
     </span>
    </p>
   </div>
   <div class='ocr_carea' id='block_1_32' title="bbox 433 1765 3839 1870">
    <p class='ocr_par' dir='ltr' id='par_1_32' title="bbox 433 1765 3839 1870">
     <span class='ocr_line' id='line_1_32' title="bbox 433 1765 3839 1870; baseline -0.001 -43"><span class='ocrx_word' id='word_1_241' title='bbox 433 1770 739 1842; x_wconf 83' lang='lat' dir='ltr'>spiritalem</span> <span class='ocrx_word' id='word_1_242' title='bbox 793 1784 970 1824; x_wconf 85' lang='lat' dir='ltr'>escam</span> <span class='ocrx_word' id='word_1_243' title='bbox 1011 1767 1504 1834; x_wconf 83' lang='lat' dir='ltr'>munducaverunt,</span> <span class='ocrx_word' id='word_1_244' title='bbox 1533 1777 1585 1824; x_wconf 89' lang='lat' dir='ltr'>et</span> <span class='ocrx_word' id='word_1_245' title='bbox 1617 1785 1801 1825; x_wconf 82' lang='lat' dir='ltr'>omnes</span> <span class='ocrx_word' id='word_1_246' title='bbox 1845 1771 2092 1827; x_wconf 88' lang='lat' dir='ltr'>eumdem</span> <span class='ocrx_word' id='word_1_247' title='bbox 2118 1805 2167 1870; x_wconf 84' lang='lat' dir='ltr'><strong>B</strong></span> <span class='ocrx_word' id='word_1_248' title='bbox 2200 1767 2292 1824; x_wconf 90' lang='lat' dir='ltr'>nis</span> <span class='ocrx_word' id='word_1_249' title='bbox 2323 1783 2427 1822; x_wconf 88' lang='lat' dir='ltr'>nec</span> <span class='ocrx_word' id='word_1_250' title='bbox 2457 1783 2587 1824; x_wconf 89' lang='lat' dir='ltr'>sera</span> <span class='ocrx_word' id='word_1_251' title='bbox 2617 1765 2990 1823; x_wconf 87' lang='lat' dir='ltr'>miseratione</span> <span class='ocrx_word' id='word_1_252' title='bbox 3020 1765 3334 1837; x_wconf 90' lang='lat' dir='ltr'>consuluit,</span> <span class='ocrx_word' id='word_1_253' title='bbox 3360 1767 3460 1824; x_wconf 88' lang='lat' dir='ltr'>sed</span> <span class='ocrx_word' id='word_1_254' title='bbox 3491 1784 3527 1822; x_wconf 88' lang='lat' dir='ltr'>a</span> <span class='ocrx_word' id='word_1_255' title='bbox 3555 1767 3839 1824; x_wconf 87' lang='lat' dir='ltr'>constitu-</span> 
     </span>
    </p>
   </div>
   <div class='ocr_carea' id='block_1_33' title="bbox 432 1855 2090 1932">
    <p class='ocr_par' dir='ltr' id='par_1_33' title="bbox 432 1855 2090 1932">
     <span class='ocr_line' id='line_1_33' title="bbox 432 1855 2090 1932; baseline 0.003 -20"><span class='ocrx_word' id='word_1_256' title='bbox 432 1866 621 1932; x_wconf 59' lang='lat' dir='ltr'>jmtum</span> <span class='ocrx_word' id='word_1_257' title='bbox 648 1857 956 1930; x_wconf 69' lang='lat' dir='ltr'>spiritalem</span> <span class='ocrx_word' id='word_1_258' title='bbox 987 1858 1242 1912; x_wconf 84' lang='lat' dir='ltr'>biberunt</span> <span class='ocrx_word' id='word_1_259' title='bbox 1260 1875 1278 1910; x_wconf 93' lang='lat'><strong><em>:</em></strong></span> <span class='ocrx_word' id='word_1_260' title='bbox 1297 1855 1390 1912; x_wconf 87' lang='lat' dir='ltr'>scd</span> <span class='ocrx_word' id='word_1_261' title='bbox 1417 1874 1529 1914; x_wconf 88' lang='lat' dir='ltr'>non</span> <span class='ocrx_word' id='word_1_262' title='bbox 1557 1860 1614 1914; x_wconf 91' lang='lat' dir='ltr'>in</span> <span class='ocrx_word' id='word_1_263' title='bbox 1645 1859 1898 1916; x_wconf 87' lang='lat' dir='ltr'>omnibus</span> <span class='ocrx_word' id='word_1_264' title='bbox 1929 1861 2090 1917; x_wconf 85' lang='lat' dir='ltr'>benc-</span> 
     </span>
    </p>
   </div>
   <div class='ocr_carea' id='block_1_34' title="bbox 433 1945 2090 2020">
    <p class='ocr_par' dir='ltr' id='par_1_34' title="bbox 433 1945 2090 2020">
     <span class='ocr_line' id='line_1_34' title="bbox 433 1945 2090 2020; baseline 0.001 -17"><span class='ocrx_word' id='word_1_265' title='bbox 433 1948 703 2020; x_wconf 83' lang='lat' dir='ltr'>ptacitum</span> <span class='ocrx_word' id='word_1_266' title='bbox 758 1946 871 2016; x_wconf 81' lang='lat' dir='ltr'>fuit</span> <span class='ocrx_word' id='word_1_267' title='bbox 924 1945 1150 2000; x_wconf 87' lang='lat' dir='ltr'>Domino</span> <span class='ocrx_word' id='word_1_268' title='bbox 1198 1945 1244 2016; x_wconf 93' lang='lat' dir='ltr'>(I</span> <span class='ocrx_word' id='word_1_269' title='bbox 1273 1947 1402 2002; x_wconf 85' lang='lat' dir='ltr'>Cor.</span> <span class='ocrx_word' id='word_1_270' title='bbox 1432 1962 1490 2016; x_wconf 73' lang='grc' dir='ltr'>χ,</span> <span class='ocrx_word' id='word_1_271' title='bbox 1528 1947 1606 2015; x_wconf 88' lang='grc'>3),</span> <span class='ocrx_word' id='word_1_272' title='bbox 1639 1947 1793 2003; x_wconf 88' lang='lat' dir='ltr'>sicut</span> <span class='ocrx_word' id='word_1_273' title='bbox 1848 1953 2090 2005; x_wconf 88' lang='lat' dir='ltr'>sanctus</span> 
     </span>
    </p>
   </div>
   <div class='ocr_carea' id='block_1_35' title="bbox 434 2033 2084 2113">
    <p class='ocr_par' dir='ltr' id='par_1_35' title="bbox 434 2033 2084 2113">
     <span class='ocr_line' id='line_1_35' title="bbox 434 2033 2084 2113; baseline 0.002 -22"><span class='ocrx_word' id='word_1_274' title='bbox 434 2034 802 2108; x_wconf 79' lang='lat' dir='ltr'>Augustinus</span> <span class='ocrx_word' id='word_1_275' title='bbox 832 2049 902 2089; x_wconf 88' lang='lat' dir='ltr'>ex</span> <span class='ocrx_word' id='word_1_276' title='bbox 929 2033 1122 2088; x_wconf 90' lang='lat' dir='ltr'>verbis</span> <span class='ocrx_word' id='word_1_277' title='bbox 1161 2033 1344 2089; x_wconf 86' lang='lat' dir='ltr'>sancti</span> <span class='ocrx_word' id='word_1_278' title='bbox 1377 2034 1668 2108; x_wconf 83' lang='lat' dir='ltr'>Evangelii</span> <span class='ocrx_word' id='word_1_279' title='bbox 1701 2037 2084 2113; x_wconf 78' lang='lat' dir='ltr'>demonstrat,</span> 
     </span>
    </p>
   </div>
   <div class='ocr_carea' id='block_1_36' title="bbox 437 2121 2086 2194">
    <p class='ocr_par' dir='ltr' id='par_1_36' title="bbox 437 2121 2086 2194">
     <span class='ocr_line' id='line_1_36' title="bbox 437 2121 2086 2194; baseline 0.001 -14"><span class='ocrx_word' id='word_1_280' title='bbox 437 2123 662 2188; x_wconf 89' lang='lat' dir='ltr'>dicens,</span> <span class='ocrx_word' id='word_1_281' title='bbox 694 2123 903 2190; x_wconf 89' lang='lat' dir='ltr'>Patres,</span> <span class='ocrx_word' id='word_1_282' title='bbox 936 2121 1146 2194; x_wconf 88' lang='lat' dir='ltr'>inquit,</span> <span class='ocrx_word' id='word_1_283' title='bbox 1167 2123 1332 2177; x_wconf 83' lang='lat' dir='ltr'>vestri</span> <span class='ocrx_word' id='word_1_284' title='bbox 1370 2121 1836 2180; x_wconf 85' lang='lat' dir='ltr'>manducaverunt</span> <span class='ocrx_word' id='word_1_285' title='bbox 1859 2142 2086 2192; x_wconf 85' lang='lat' dir='ltr'>manna,</span> 
     </span>
    </p>
   </div>
   <div class='ocr_carea' id='block_1_37' title="bbox 434 2211 2087 2287">
    <p class='ocr_par' dir='ltr' id='par_1_37' title="bbox 434 2211 2087 2287">
     <span class='ocr_line' id='line_1_37' title="bbox 434 2211 2087 2287; baseline 0.001 -18"><span class='ocrx_word' id='word_1_286' title='bbox 434 2221 488 2270; x_wconf 87' lang='lat' dir='ltr'>et</span> <span class='ocrx_word' id='word_1_287' title='bbox 512 2213 718 2269; x_wconf 84' lang='lat' dir='ltr'>mortui</span> <span class='ocrx_word' id='word_1_288' title='bbox 733 2219 864 2268; x_wconf 87' lang='lat' dir='ltr'>sunt</span> <span class='ocrx_word' id='word_1_289' title='bbox 882 2212 1065 2282; x_wconf 81' lang='lat' dir='ltr'>(Joau.</span> <span class='ocrx_word' id='word_1_290' title='bbox 1092 2227 1170 2276; x_wconf 82' lang='lat' dir='ltr'>v1,</span> <span class='ocrx_word' id='word_1_291' title='bbox 1194 2211 1304 2278; x_wconf 82' lang='grc'>49).</span> <span class='ocrx_word' id='word_1_292' title='bbox 1331 2211 1829 2268; x_wconf 89' lang='lat' dir='ltr'>Manducaverunt</span> <span class='ocrx_word' id='word_1_293' title='bbox 1860 2215 2087 2287; x_wconf 81' lang='lat' dir='ltr'>Moyses</span> 
     </span>
    </p>
   </div>
   <div class='ocr_carea' id='block_1_38' title="bbox 434 2298 2086 2376">
    <p class='ocr_par' dir='ltr' id='par_1_38' title="bbox 434 2298 2086 2376">
     <span class='ocr_line' id='line_1_38' title="bbox 434 2298 2086 2376; baseline 0.002 -19"><span class='ocrx_word' id='word_1_294' title='bbox 434 2307 493 2372; x_wconf 86' lang='lat' dir='ltr'>et</span> <span class='ocrx_word' id='word_1_295' title='bbox 520 2304 711 2358; x_wconf 87' lang='lat' dir='ltr'>Aaron</span> <span class='ocrx_word' id='word_1_296' title='bbox 755 2303 816 2356; x_wconf 87' lang='lat' dir='ltr'>et</span> <span class='ocrx_word' id='word_1_297' title='bbox 861 2299 1051 2355; x_wconf 66' lang='lat' dir='ltr'>caeteri</span> <span class='ocrx_word' id='word_1_298' title='bbox 1108 2298 1295 2354; x_wconf 90' lang='lat' dir='ltr'>sancti</span> <span class='ocrx_word' id='word_1_299' title='bbox 1327 2298 1430 2372; x_wconf 89' lang='lat' dir='ltr'>qui</span> <span class='ocrx_word' id='word_1_300' title='bbox 1460 2299 1696 2356; x_wconf 84' lang='lat' dir='ltr'>fuerunt</span> <span class='ocrx_word' id='word_1_301' title='bbox 1751 2299 1812 2356; x_wconf 91' lang='lat' dir='ltr'>in</span> <span class='ocrx_word' id='word_1_302' title='bbox 1870 2302 2086 2376; x_wconf 91' lang='lat' dir='ltr'>populo</span> 
     </span>
    </p>
   </div>
   <div class='ocr_carea' id='block_1_39' title="bbox 435 2387 2086 2462">
    <p class='ocr_par' dir='ltr' id='par_1_39' title="bbox 435 2387 2086 2462">
     <span class='ocr_line' id='line_1_39' title="bbox 435 2387 2086 2462; baseline 0.001 -16"><span class='ocrx_word' id='word_1_303' title='bbox 435 2406 674 2457; x_wconf 86' lang='lat' dir='ltr'>manna,</span> <span class='ocrx_word' id='word_1_304' title='bbox 695 2392 754 2446; x_wconf 89' lang='lat' dir='ltr'>et</span> <span class='ocrx_word' id='word_1_305' title='bbox 783 2405 899 2444; x_wconf 91' lang='lat' dir='ltr'>non</span> <span class='ocrx_word' id='word_1_306' title='bbox 929 2392 1068 2445; x_wconf 91' lang='lat' dir='ltr'>sunt</span> <span class='ocrx_word' id='word_1_307' title='bbox 1093 2387 1330 2456; x_wconf 88' lang='lat' dir='ltr'>mortui,</span> <span class='ocrx_word' id='word_1_308' title='bbox 1352 2388 1493 2460; x_wconf 89' lang='lat' dir='ltr'>quia</span> <span class='ocrx_word' id='word_1_309' title='bbox 1519 2389 1860 2462; x_wconf 88' lang='lat' dir='ltr'>spiritaliter</span> <span class='ocrx_word' id='word_1_310' title='bbox 1885 2392 2086 2448; x_wconf 89' lang='lat' dir='ltr'>visibi-</span> 
     </span>
    </p>
   </div>
   <div class='ocr_carea' id='block_1_40' title="bbox 433 2475 2086 2548">
    <p class='ocr_par' dir='ltr' id='par_1_40' title="bbox 433 2475 2086 2548">
     <span class='ocr_line' id='line_1_40' title="bbox 433 2475 2086 2548; baseline 0.001 -13"><span class='ocrx_word' id='word_1_311' title='bbox 433 2478 547 2535; x_wconf 89' lang='lat' dir='ltr'>lem</span> <span class='ocrx_word' id='word_1_312' title='bbox 569 2477 768 2535; x_wconf 88' lang='lat' dir='ltr'>cibum</span> <span class='ocrx_word' id='word_1_313' title='bbox 792 2475 1224 2543; x_wconf 83' lang='lat' dir='ltr'>intellexerunt,</span> <span class='ocrx_word' id='word_1_314' title='bbox 1241 2475 1586 2548; x_wconf 87' lang='lat' dir='ltr'>spiritaliter</span> <span class='ocrx_word' id='word_1_315' title='bbox 1603 2478 1955 2536; x_wconf 90' lang='lat' dir='ltr'>esurierunt.</span> <span class='ocrx_word' id='word_1_316' title='bbox 1973 2479 2086 2536; x_wconf 90' lang='lat' dir='ltr'>Alii</span> 
     </span>
    </p>
   </div>
   <div class='ocr_carea' id='block_1_41' title="bbox 433 2566 2085 2638">
    <p class='ocr_par' dir='ltr' id='par_1_41' title="bbox 433 2566 2085 2638">
     <span class='ocr_line' id='line_1_41' title="bbox 433 2566 2085 2638; baseline 0.002 -15"><span class='ocrx_word' id='word_1_317' title='bbox 433 2585 566 2624; x_wconf 90' lang='lat' dir='ltr'>vero</span> <span class='ocrx_word' id='word_1_318' title='bbox 579 2567 1164 2632; x_wconf 86' lang='lat' dir='ltr'>manducaverunt,et</span> <span class='ocrx_word' id='word_1_319' title='bbox 1175 2571 1625 2636; x_wconf 89' lang='lat' dir='ltr'>permanserunt</span> <span class='ocrx_word' id='word_1_320' title='bbox 1639 2566 1698 2622; x_wconf 92' lang='lat' dir='ltr'>in</span> <span class='ocrx_word' id='word_1_321' title='bbox 1717 2567 2085 2638; x_wconf 89' lang='lat' dir='ltr'>inﬁdelitate,</span> 
     </span>
    </p>
   </div>
   <div class='ocr_carea' id='block_1_42' title="bbox 434 2651 2086 2729">
    <p class='ocr_par' dir='ltr' id='par_1_42' title="bbox 434 2651 2086 2729">
     <span class='ocr_line' id='line_1_42' title="bbox 434 2651 2086 2729; baseline 0.002 -17"><span class='ocrx_word' id='word_1_322' title='bbox 434 2655 589 2713; x_wconf 87' lang='lat' dir='ltr'>sicut</span> <span class='ocrx_word' id='word_1_323' title='bbox 617 2654 805 2714; x_wconf 60' lang='lat' dir='ltr'>Judaei</span> <span class='ocrx_word' id='word_1_324' title='bbox 833 2653 1148 2710; x_wconf 89' lang='lat' dir='ltr'>audierunt</span> <span class='ocrx_word' id='word_1_325' title='bbox 1184 2651 1520 2726; x_wconf 90' lang='lat' dir='ltr'>loquentem</span> <span class='ocrx_word' id='word_1_326' title='bbox 1541 2655 1862 2729; x_wconf 90' lang='lat' dir='ltr'>Christum,</span> <span class='ocrx_word' id='word_1_327' title='bbox 1883 2664 1941 2714; x_wconf 89' lang='lat' dir='ltr'>et</span> <span class='ocrx_word' id='word_1_328' title='bbox 1969 2676 2086 2716; x_wconf 90' lang='lat' dir='ltr'>non</span> 
     </span>
    </p>
   </div>
   <div class='ocr_carea' id='block_1_43' title="bbox 434 2741 2085 2816">
    <p class='ocr_par' dir='ltr' id='par_1_43' title="bbox 434 2741 2085 2816">
     <span class='ocr_line' id='line_1_43' title="bbox 434 2741 2085 2816; baseline 0.002 -17"><span class='ocrx_word' id='word_1_329' title='bbox 434 2742 776 2816; x_wconf 84' lang='lat' dir='ltr'>spiritaliter</span> <span class='ocrx_word' id='word_1_330' title='bbox 800 2743 975 2798; x_wconf 90' lang='lat' dir='ltr'>verba</span> <span class='ocrx_word' id='word_1_331' title='bbox 1007 2743 1136 2813; x_wconf 86' lang='lat' dir='ltr'>ejus</span> <span class='ocrx_word' id='word_1_332' title='bbox 1176 2741 1605 2798; x_wconf 88' lang='lat' dir='ltr'>intellexerunt.</span> <span class='ocrx_word' id='word_1_333' title='bbox 1631 2744 1765 2800; x_wconf 86' lang='lat' dir='ltr'>Ideo</span> <span class='ocrx_word' id='word_1_334' title='bbox 1803 2747 1950 2802; x_wconf 86' lang='lat' dir='ltr'>dixit</span> <span class='ocrx_word' id='word_1_335' title='bbox 1977 2748 2085 2815; x_wconf 88' lang='lat' dir='ltr'>eis,</span> 
     </span>
    </p>
   </div>
   <div class='ocr_carea' id='block_1_44' title="bbox 433 2831 2088 2893">
    <p class='ocr_par' dir='ltr' id='par_1_44' title="bbox 433 2831 2088 2893">
     <span class='ocr_line' id='line_1_44' title="bbox 433 2831 2088 2893; baseline 0.002 -4"><span class='ocrx_word' id='word_1_336' title='bbox 433 2833 623 2889; x_wconf 85' lang='lat' dir='ltr'>Patres</span> <span class='ocrx_word' id='word_1_337' title='bbox 643 2833 809 2889; x_wconf 87' lang='lat' dir='ltr'>vestri</span> <span class='ocrx_word' id='word_1_338' title='bbox 833 2831 1302 2887; x_wconf 87' lang='lat' dir='ltr'>manducaverunt</span> <span class='ocrx_word' id='word_1_339' title='bbox 1327 2847 1534 2887; x_wconf 86' lang='lat' dir='ltr'>manna</span> <span class='ocrx_word' id='word_1_340' title='bbox 1562 2834 1624 2887; x_wconf 89' lang='lat' dir='ltr'>in</span> <span class='ocrx_word' id='word_1_341' title='bbox 1649 2833 1856 2891; x_wconf 88' lang='lat' dir='ltr'>deserto</span> <span class='ocrx_word' id='word_1_342' title='bbox 1873 2843 1926 2892; x_wconf 88' lang='lat' dir='ltr'>et</span> <span class='ocrx_word' id='word_1_343' title='bbox 1946 2852 2088 2893; x_wconf 86' lang='lat' dir='ltr'>mor-</span> 
     </span>
    </p>
   </div>
   <div class='ocr_carea' id='block_1_45' title="bbox 417 2918 2086 2986">
    <p class='ocr_par' dir='ltr' id='par_1_45' title="bbox 417 2918 2086 2986">
     <span class='ocr_line' id='line_1_45' title="bbox 417 2918 2086 2986; baseline 0.002 -9"><span class='ocrx_word' id='word_1_344' title='bbox 417 2918 520 2977; x_wconf 69' lang='lat' dir='ltr'>tui</span> <span class='ocrx_word' id='word_1_345' title='bbox 541 2929 688 2978; x_wconf 84' lang='lat' dir='ltr'>sunt.</span> <span class='ocrx_word' id='word_1_346' title='bbox 712 2921 837 2986; x_wconf 90' lang='lat' dir='ltr'>Qua</span> <span class='ocrx_word' id='word_1_347' title='bbox 856 2923 1043 2976; x_wconf 91' lang='lat' dir='ltr'>morte</span> <span class='ocrx_word' id='word_1_348' title='bbox 1065 2919 1177 2974; x_wconf 89' lang='lat' dir='ltr'>nisi</span> <span class='ocrx_word' id='word_1_349' title='bbox 1201 2918 1604 2978; x_wconf 83' lang='lat' dir='ltr'>inﬁdelitatis?</span> <span class='ocrx_word' id='word_1_350' title='bbox 1626 2939 1762 2978; x_wconf 87' lang='lat' dir='ltr'>nam</span> <span class='ocrx_word' id='word_1_351' title='bbox 1784 2925 2086 2981; x_wconf 90' lang='lat' dir='ltr'>communi</span> 
     </span>
    </p>
   </div>
   <div class='ocr_carea' id='block_1_46' title="bbox 434 3008 2084 3082">
    <p class='ocr_par' dir='ltr' id='par_1_46' title="bbox 434 3008 2084 3082">
     <span class='ocr_line' id='line_1_46' title="bbox 434 3008 2084 3082; baseline 0.003 -16"><span class='ocrx_word' id='word_1_352' title='bbox 434 3016 622 3067; x_wconf 89' lang='lat' dir='ltr'>morte</span> <span class='ocrx_word' id='word_1_353' title='bbox 653 3010 870 3068; x_wconf 89' lang='lat' dir='ltr'>mertui</span> <span class='ocrx_word' id='word_1_354' title='bbox 901 3014 1044 3066; x_wconf 88' lang='lat' dir='ltr'>sunt</span> <span class='ocrx_word' id='word_1_355' title='bbox 1071 3013 1128 3066; x_wconf 85' lang='lat' dir='ltr'>et</span> <span class='ocrx_word' id='word_1_356' title='bbox 1155 3009 1342 3066; x_wconf 88' lang='lat' dir='ltr'>sancti</span> <span class='ocrx_word' id='word_1_357' title='bbox 1373 3008 1477 3082; x_wconf 90' lang='lat' dir='ltr'>qui</span> <span class='ocrx_word' id='word_1_358' title='bbox 1515 3011 1753 3068; x_wconf 84' lang='lat' dir='ltr'>fuerunt</span> <span class='ocrx_word' id='word_1_359' title='bbox 1781 3012 1936 3069; x_wconf 90' lang='lat' dir='ltr'>inter</span> <span class='ocrx_word' id='word_1_360' title='bbox 1962 3030 2084 3071; x_wconf 91' lang='lat' dir='ltr'>eos.</span> 
     </span>
    </p>
   </div>
   <div class='ocr_carea' id='block_1_47' title="bbox 2196 1855 3837 1936">
    <p class='ocr_par' dir='ltr' id='par_1_47' title="bbox 2196 1855 3837 1936">
     <span class='ocr_line' id='line_1_47' title="bbox 2196 1855 3837 1936; baseline 0.001 -24"><span class='ocrx_word' id='word_1_361' title='bbox 2196 1857 2353 1912; x_wconf 89' lang='lat' dir='ltr'>tione</span> <span class='ocrx_word' id='word_1_362' title='bbox 2385 1855 2592 1912; x_wconf 90' lang='lat' dir='ltr'>mundi</span> <span class='ocrx_word' id='word_1_363' title='bbox 2640 1873 2819 1936; x_wconf 76' lang='lat' dir='ltr'>unam</span> <span class='ocrx_word' id='word_1_364' title='bbox 2861 1855 3246 1928; x_wconf 88' lang='lat' dir='ltr'>eamdemque</span> <span class='ocrx_word' id='word_1_365' title='bbox 3276 1856 3552 1913; x_wconf 87' lang='lat' dir='ltr'>omnibus</span> <span class='ocrx_word' id='word_1_366' title='bbox 3601 1872 3837 1914; x_wconf 84' lang='lat' dir='ltr'>causam</span> 
     </span>
    </p>
   </div>
   <div class='ocr_carea' id='block_1_48' title="bbox 2196 1945 2768 2006">
    <p class='ocr_par' dir='ltr' id='par_1_48' title="bbox 2196 1945 2768 2006">
     <span class='ocr_line' id='line_1_48' title="bbox 2196 1945 2768 2006; baseline -0.012 -3"><span class='ocrx_word' id='word_1_367' title='bbox 2196 1945 2404 2006; x_wconf 83' lang='lat' dir='ltr'>salutis</span> <span class='ocrx_word' id='word_1_368' title='bbox 2435 1945 2712 2000; x_wconf 88' lang='lat' dir='ltr'>instituit.</span> <span class='ocrx_word' id='word_1_369' title='bbox 2741 1968 2768 1994; x_wconf 86' lang='grc'><strong>››</strong></span> 
     </span>
    </p>
   </div>
   <div class='ocr_carea' id='block_1_49' title="bbox 2267 2032 3836 2108">
    <p class='ocr_par' dir='ltr' id='par_1_49' title="bbox 2267 2032 3836 2108">
     <span class='ocr_line' id='line_1_49' title="bbox 2267 2032 3836 2108; baseline 0 -18"><span class='ocrx_word' id='word_1_370' title='bbox 2267 2034 2415 2100; x_wconf 89' lang='lat' dir='ltr'>Quid</span> <span class='ocrx_word' id='word_1_371' title='bbox 2445 2037 2642 2090; x_wconf 89' lang='lat' dir='ltr'>autem</span> <span class='ocrx_word' id='word_1_372' title='bbox 2672 2033 2902 2088; x_wconf 89' lang='lat' dir='ltr'>cunctis</span> <span class='ocrx_word' id='word_1_373' title='bbox 2937 2032 3288 2106; x_wconf 86' lang='lat' dir='ltr'>generaliter</span> <span class='ocrx_word' id='word_1_374' title='bbox 3317 2034 3500 2106; x_wconf 87' lang='lat' dir='ltr'>justis</span> <span class='ocrx_word' id='word_1_375' title='bbox 3532 2040 3590 2091; x_wconf 86' lang='lat' dir='ltr'>et</span> <span class='ocrx_word' id='word_1_376' title='bbox 3618 2035 3836 2108; x_wconf 87' lang='lat' dir='ltr'>impiis,</span> 
     </span>
    </p>
   </div>
   <div class='ocr_carea' id='block_1_50' title="bbox 2196 2121 3841 2198">
    <p class='ocr_par' dir='ltr' id='par_1_50' title="bbox 2196 2121 3841 2198">
     <span class='ocr_line' id='line_1_50' title="bbox 2196 2121 3841 2198; baseline 0.002 -20"><span class='ocrx_word' id='word_1_377' title='bbox 2196 2140 2343 2196; x_wconf 89' lang='lat' dir='ltr'>quos</span> <span class='ocrx_word' id='word_1_378' title='bbox 2365 2123 2534 2178; x_wconf 90' lang='lat' dir='ltr'>nobis</span> <span class='ocrx_word' id='word_1_379' title='bbox 2556 2121 3053 2178; x_wconf 74' lang='lat' dir='ltr'>Priedestinatiani</span> <span class='ocrx_word' id='word_1_380' title='bbox 3079 2123 3384 2195; x_wconf 88' lang='lat' dir='ltr'>objiciunt,</span> <span class='ocrx_word' id='word_1_381' title='bbox 3408 2123 3468 2180; x_wconf 90' lang='lat' dir='ltr'>in</span> <span class='ocrx_word' id='word_1_382' title='bbox 3498 2142 3607 2180; x_wconf 91' lang='lat' dir='ltr'>sua</span> <span class='ocrx_word' id='word_1_383' title='bbox 3635 2125 3841 2198; x_wconf 84' lang='lat' dir='ltr'>impie-</span> 
     </span>
    </p>
   </div>
   <div class='ocr_carea' id='block_1_51' title="bbox 2195 2211 3844 2286">
    <p class='ocr_par' dir='ltr' id='par_1_51' title="bbox 2195 2211 3844 2286">
     <span class='ocr_line' id='line_1_51' title="bbox 2195 2211 3844 2286; baseline 0.002 -19"><span class='ocrx_word' id='word_1_384' title='bbox 2195 2215 2312 2267; x_wconf 88' lang='lat' dir='ltr'>tate</span> <span class='ocrx_word' id='word_1_385' title='bbox 2339 2211 2635 2268; x_wconf 86' lang='lat' dir='ltr'>defunctis</span> <span class='ocrx_word' id='word_1_386' title='bbox 2683 2211 2934 2267; x_wconf 88' lang='lat' dir='ltr'>contulit</span> <span class='ocrx_word' id='word_1_387' title='bbox 2987 2211 3183 2286; x_wconf 86' lang='lat' dir='ltr'>passio</span> <span class='ocrx_word' id='word_1_388' title='bbox 3231 2213 3656 2286; x_wconf 83' lang='lat' dir='ltr'>Redemptoris,</span> <span class='ocrx_word' id='word_1_389' title='bbox 3692 2215 3844 2270; x_wconf 87' lang='lat' dir='ltr'>dicat</span> 
     </span>
    </p>
   </div>
   <div class='ocr_carea' id='block_1_52' title="bbox 2196 2299 3842 2377">
    <p class='ocr_par' dir='ltr' id='par_1_52' title="bbox 2196 2299 3842 2377">
     <span class='ocr_line' id='line_1_52' title="bbox 2196 2299 3842 2377; baseline 0.001 -21"><span class='ocrx_word' id='word_1_390' title='bbox 2196 2299 2430 2369; x_wconf 90' lang='lat' dir='ltr'>Paulus,</span> <span class='ocrx_word' id='word_1_391' title='bbox 2454 2304 2512 2356; x_wconf 93' lang='lat' dir='ltr'>et</span> <span class='ocrx_word' id='word_1_392' title='bbox 2535 2304 2785 2373; x_wconf 80' lang='lat' dir='ltr'>exponat</span> <span class='ocrx_word' id='word_1_393' title='bbox 2827 2301 3173 2358; x_wconf 88' lang='lat' dir='ltr'>Ambrosius</span> <span class='ocrx_word' id='word_1_394' title='bbox 3202 2301 3260 2357; x_wconf 92' lang='lat' dir='ltr'>in</span> <span class='ocrx_word' id='word_1_395' title='bbox 3292 2306 3624 2361; x_wconf 87' lang='lat' dir='ltr'>commento</span> <span class='ocrx_word' id='word_1_396' title='bbox 3655 2303 3842 2377; x_wconf 90' lang='lat' dir='ltr'>ipsius</span> 
     </span>
    </p>
   </div>
   <div class='ocr_carea' id='block_1_53' title="bbox 2194 2387 3843 2463">
    <p class='ocr_par' dir='ltr' id='par_1_53' title="bbox 2194 2387 3843 2463">
     <span class='ocr_line' id='line_1_53' title="bbox 2194 2387 3843 2463; baseline 0.003 -21"><span class='ocrx_word' id='word_1_397' title='bbox 2194 2387 2449 2460; x_wconf 81' lang='lat' dir='ltr'>epistolae</span> <span class='ocrx_word' id='word_1_398' title='bbox 2482 2404 2496 2444; x_wconf 89' lang='lat'><strong>:</strong></span> <span class='ocrx_word' id='word_1_399' title='bbox 2525 2409 2552 2438; x_wconf 89' lang='grc'><strong>‹‹</strong></span> <span class='ocrx_word' id='word_1_400' title='bbox 2582 2392 2702 2443; x_wconf 85' lang='lat' dir='ltr'>Hoc</span> <span class='ocrx_word' id='word_1_401' title='bbox 2754 2387 2916 2455; x_wconf 89' lang='lat' dir='ltr'>dicit,</span> <span class='ocrx_word' id='word_1_402' title='bbox 2948 2387 3088 2460; x_wconf 89' lang='lat' dir='ltr'>quia</span> <span class='ocrx_word' id='word_1_403' title='bbox 3143 2387 3298 2445; x_wconf 89' lang='lat' dir='ltr'>sicut</span> <span class='ocrx_word' id='word_1_404' title='bbox 3350 2389 3535 2446; x_wconf 85' lang='lat' dir='ltr'>Adam</span> <span class='ocrx_word' id='word_1_405' title='bbox 3593 2406 3843 2463; x_wconf 81' lang='lat' dir='ltr'>peccans</span> 
     </span>
    </p>
   </div>
   <div class='ocr_carea' id='block_1_54' title="bbox 2196 2475 3846 2552">
    <p class='ocr_par' dir='ltr' id='par_1_54' title="bbox 2196 2475 3846 2552">
     <span class='ocr_line' id='line_1_54' title="bbox 2196 2475 3846 2552; baseline 0.002 -20"><span class='ocrx_word' id='word_1_406' title='bbox 2196 2481 2442 2533; x_wconf 90' lang='lat' dir='ltr'>mortem</span> <span class='ocrx_word' id='word_1_407' title='bbox 2471 2475 2710 2545; x_wconf 89' lang='lat' dir='ltr'>invenit,</span> <span class='ocrx_word' id='word_1_408' title='bbox 2734 2481 2792 2533; x_wconf 90' lang='lat' dir='ltr'>et</span> <span class='ocrx_word' id='word_1_409' title='bbox 2819 2475 3008 2533; x_wconf 90' lang='lat' dir='ltr'>tenuit</span> <span class='ocrx_word' id='word_1_410' title='bbox 3037 2481 3103 2534; x_wconf 87' lang='lat' dir='ltr'>ut</span> <span class='ocrx_word' id='word_1_411' title='bbox 3130 2493 3334 2534; x_wconf 89' lang='lat' dir='ltr'>omnes</span> <span class='ocrx_word' id='word_1_412' title='bbox 3364 2495 3434 2534; x_wconf 85' lang='lat' dir='ltr'>ex</span> <span class='ocrx_word' id='word_1_413' title='bbox 3460 2479 3590 2550; x_wconf 87' lang='lat' dir='ltr'>ejus</span> <span class='ocrx_word' id='word_1_414' title='bbox 3620 2479 3846 2552; x_wconf 85' lang='lat' dir='ltr'>origine</span> 
     </span>
    </p>
   </div>
   <div class='ocr_carea' id='block_1_55' title="bbox 2195 2565 3842 2638">
    <p class='ocr_par' dir='ltr' id='par_1_55' title="bbox 2195 2565 3842 2638">
     <span class='ocr_line' id='line_1_55' title="bbox 2195 2565 3842 2638; baseline 0.001 -16"><span class='ocrx_word' id='word_1_415' title='bbox 2195 2565 2592 2623; x_wconf 87' lang='lat' dir='ltr'>dissolvantur</span> <span class='ocrx_word' id='word_1_416' title='bbox 2633 2566 2681 2638; x_wconf 92' lang='lat' dir='ltr'>(I</span> <span class='ocrx_word' id='word_1_417' title='bbox 2708 2565 2830 2622; x_wconf 83' lang='lat' dir='ltr'>Cor.</span> <span class='ocrx_word' id='word_1_418' title='bbox 2870 2583 2964 2632; x_wconf 87' lang='lat' dir='ltr'>xv,</span> <span class='ocrx_word' id='word_1_419' title='bbox 3008 2569 3139 2636; x_wconf 85' lang='lat'>22):</span> <span class='ocrx_word' id='word_1_420' title='bbox 3175 2567 3257 2623; x_wconf 89' lang='lat' dir='ltr'>ita</span> <span class='ocrx_word' id='word_1_421' title='bbox 3312 2571 3371 2623; x_wconf 89' lang='lat' dir='ltr'>et</span> <span class='ocrx_word' id='word_1_422' title='bbox 3398 2567 3672 2624; x_wconf 88' lang='lat' dir='ltr'>Christus</span> <span class='ocrx_word' id='word_1_423' title='bbox 3735 2585 3842 2624; x_wconf 88' lang='lat' dir='ltr'>non</span> 
     </span>
    </p>
   </div>
   <div class='ocr_carea' id='block_1_56' title="bbox 2192 2653 3842 2728">
    <p class='ocr_par' dir='ltr' id='par_1_56' title="bbox 2192 2653 3842 2728">
     <span class='ocr_line' id='line_1_56' title="bbox 2192 2653 3842 2728; baseline 0.001 -17"><span class='ocrx_word' id='word_1_424' title='bbox 2192 2671 2461 2727; x_wconf 90' lang='lat' dir='ltr'>peccans,</span> <span class='ocrx_word' id='word_1_425' title='bbox 2485 2657 2545 2710; x_wconf 89' lang='lat' dir='ltr'>et</span> <span class='ocrx_word' id='word_1_426' title='bbox 2573 2671 2677 2726; x_wconf 90' lang='lat' dir='ltr'>per</span> <span class='ocrx_word' id='word_1_427' title='bbox 2714 2653 2822 2712; x_wconf 91' lang='lat' dir='ltr'>hoc</span> <span class='ocrx_word' id='word_1_428' title='bbox 2852 2654 3090 2711; x_wconf 88' lang='lat' dir='ltr'>vincens</span> <span class='ocrx_word' id='word_1_429' title='bbox 3130 2659 3376 2712; x_wconf 88' lang='lat' dir='ltr'>mortem</span> <span class='ocrx_word' id='word_1_430' title='bbox 3401 2655 3564 2728; x_wconf 86' lang='lat' dir='ltr'>(quia</span> <span class='ocrx_word' id='word_1_431' title='bbox 3593 2655 3702 2728; x_wconf 88' lang='lat' dir='ltr'>qui</span> <span class='ocrx_word' id='word_1_432' title='bbox 3733 2673 3842 2713; x_wconf 88' lang='lat' dir='ltr'>non</span> 
     </span>
    </p>
   </div>
   <div class='ocr_carea' id='block_1_57' title="bbox 2192 2743 3843 2818">
    <p class='ocr_par' dir='ltr' id='par_1_57' title="bbox 2192 2743 3843 2818">
     <span class='ocr_line' id='line_1_57' title="bbox 2192 2743 3843 2818; baseline 0.001 -18"><span class='ocrx_word' id='word_1_433' title='bbox 2192 2747 2393 2817; x_wconf 86' lang='lat' dir='ltr'>peccat</span> <span class='ocrx_word' id='word_1_434' title='bbox 2413 2743 2594 2798; x_wconf 89' lang='lat' dir='ltr'>vincit</span> <span class='ocrx_word' id='word_1_435' title='bbox 2613 2747 2880 2814; x_wconf 90' lang='lat' dir='ltr'>mortem,</span> <span class='ocrx_word' id='word_1_436' title='bbox 2905 2743 3045 2816; x_wconf 89' lang='lat' dir='ltr'>quia</span> <span class='ocrx_word' id='word_1_437' title='bbox 3075 2760 3233 2801; x_wconf 90' lang='lat' dir='ltr'>mors</span> <span class='ocrx_word' id='word_1_438' title='bbox 3252 2761 3320 2801; x_wconf 84' lang='lat' dir='ltr'>ex</span> <span class='ocrx_word' id='word_1_439' title='bbox 3347 2749 3632 2818; x_wconf 85' lang='lat' dir='ltr'>peccato),</span> <span class='ocrx_word' id='word_1_440' title='bbox 3657 2744 3843 2804; x_wconf 88' lang='lat' dir='ltr'>omni-</span> 
     </span>
    </p>
   </div>
   <div class='ocr_carea' id='block_1_58' title="bbox 2194 2829 3842 2906">
    <p class='ocr_par' dir='ltr' id='par_1_58' title="bbox 2194 2829 3842 2906">
     <span class='ocr_line' id='line_1_58' title="bbox 2194 2829 3842 2906; baseline 0.001 -17"><span class='ocrx_word' id='word_1_441' title='bbox 2194 2833 2306 2889; x_wconf 91' lang='lat' dir='ltr'>bus</span> <span class='ocrx_word' id='word_1_442' title='bbox 2325 2849 2395 2888; x_wconf 85' lang='lat' dir='ltr'>ex</span> <span class='ocrx_word' id='word_1_443' title='bbox 2422 2832 2553 2904; x_wconf 77' lang='lat' dir='ltr'>ejus</span> <span class='ocrx_word' id='word_1_444' title='bbox 2587 2847 2828 2904; x_wconf 90' lang='lat' dir='ltr'>corpore</span> <span class='ocrx_word' id='word_1_445' title='bbox 2864 2829 3177 2905; x_wconf 86' lang='lat' dir='ltr'>acquisivit</span> <span class='ocrx_word' id='word_1_446' title='bbox 3215 2833 3414 2906; x_wconf 78' lang='lat' dir='ltr'>vitam,</span> <span class='ocrx_word' id='word_1_447' title='bbox 3437 2833 3497 2889; x_wconf 92' lang='lat' dir='ltr'>id</span> <span class='ocrx_word' id='word_1_448' title='bbox 3525 2838 3619 2890; x_wconf 83' lang='lat' dir='ltr'>est</span> <span class='ocrx_word' id='word_1_449' title='bbox 3645 2851 3842 2892; x_wconf 88' lang='lat' dir='ltr'>resur-</span> 
     </span>
    </p>
   </div>
   <div class='ocr_carea' id='block_1_59' title="bbox 2193 2919 3846 2994">
    <p class='ocr_par' dir='ltr' id='par_1_59' title="bbox 2193 2919 3846 2994">
     <span class='ocr_line' id='line_1_59' title="bbox 2193 2919 3846 2994; baseline 0.001 -17"><span class='ocrx_word' id='word_1_450' title='bbox 2193 2921 2529 2978; x_wconf 90' lang='lat' dir='ltr'>rectionem.</span> <span class='ocrx_word' id='word_1_451' title='bbox 2545 2919 2820 2987; x_wconf 86' lang='lat' dir='ltr'>Quamvis</span> <span class='ocrx_word' id='word_1_452' title='bbox 2841 2936 2978 2994; x_wconf 88' lang='lat' dir='ltr'>ergo</span> <span class='ocrx_word' id='word_1_453' title='bbox 2998 2921 3348 2994; x_wconf 86' lang='lat' dir='ltr'>generaliter</span> <span class='ocrx_word' id='word_1_454' title='bbox 3365 2922 3641 2978; x_wconf 88' lang='lat' dir='ltr'>tribuerit</span> <span class='ocrx_word' id='word_1_455' title='bbox 3661 2940 3846 2979; x_wconf 87' lang='lat' dir='ltr'>resur-</span> 
     </span>
    </p>
   </div>
   <div class='ocr_carea' id='block_1_60' title="bbox 2192 3007 3843 3082">
    <p class='ocr_par' dir='ltr' id='par_1_60' title="bbox 2192 3007 3843 3082">
     <span class='ocr_line' id='line_1_60' title="bbox 2192 3007 3843 3082; baseline 0 -16"><span class='ocrx_word' id='word_1_456' title='bbox 2192 3009 2532 3082; x_wconf 90' lang='lat' dir='ltr'>rcctionem,</span> <span class='ocrx_word' id='word_1_457' title='bbox 2549 3013 2616 3064; x_wconf 89' lang='lat' dir='ltr'>ut</span> <span class='ocrx_word' id='word_1_458' title='bbox 2645 3007 2798 3066; x_wconf 90' lang='lat' dir='ltr'>sicut</span> <span class='ocrx_word' id='word_1_459' title='bbox 2843 3009 2902 3064; x_wconf 89' lang='lat' dir='ltr'>in</span> <span class='ocrx_word' id='word_1_460' title='bbox 2931 3009 3118 3065; x_wconf 90' lang='lat' dir='ltr'>Adam</span> <span class='ocrx_word' id='word_1_461' title='bbox 3167 3026 3370 3066; x_wconf 89' lang='lat' dir='ltr'>omnes</span> <span class='ocrx_word' id='word_1_462' title='bbox 3399 3011 3520 3068; x_wconf 85' lang='lat' dir='ltr'>sive</span> <span class='ocrx_word' id='word_1_463' title='bbox 3540 3011 3699 3082; x_wconf 87' lang='lat' dir='ltr'>justi</span> <span class='ocrx_word' id='word_1_464' title='bbox 3730 3011 3843 3067; x_wconf 85' lang='lat' dir='ltr'>sive</span> 
     </span>
    </p>
   </div>
   <div class='ocr_carea' id='block_1_61' title="bbox 435 3097 3841 3174">
    <p class='ocr_par' dir='ltr' id='par_1_61' title="bbox 435 3097 3841 3174">
     <span class='ocr_line' id='line_1_61' title="bbox 435 3097 3841 3174; baseline 0.001 -20"><span class='ocrx_word' id='word_1_465' title='bbox 435 3099 514 3154; x_wconf 88' lang='lat' dir='ltr'>De</span> <span class='ocrx_word' id='word_1_466' title='bbox 545 3099 702 3156; x_wconf 88' lang='lat' dir='ltr'>Novo</span> <span class='ocrx_word' id='word_1_467' title='bbox 749 3105 946 3156; x_wconf 91' lang='lat' dir='ltr'>autem</span> <span class='ocrx_word' id='word_1_468' title='bbox 975 3100 1371 3165; x_wconf 89' lang='lat' dir='ltr'>Testamento,</span> <span class='ocrx_word' id='word_1_469' title='bbox 1405 3115 1474 3154; x_wconf 88' lang='lat' dir='ltr'>ex</span> <span class='ocrx_word' id='word_1_470' title='bbox 1521 3117 1670 3172; x_wconf 88' lang='lat' dir='ltr'>pane</span> <span class='ocrx_word' id='word_1_471' title='bbox 1713 3102 1918 3174; x_wconf 91' lang='lat' dir='ltr'>utique</span> <span class='ocrx_word' id='word_1_472' title='bbox 1954 3102 2084 3158; x_wconf 66' lang='lat' dir='ltr'>vita:</span> <span class='ocrx_word' id='word_1_473' title='bbox 2128 3171 2155 3174; x_wconf 19' lang='grc' dir='ltr'>ΔΑ</span> <span class='ocrx_word' id='word_1_474' title='bbox 2191 3097 2400 3170; x_wconf 86' lang='lat' dir='ltr'>injusti</span> <span class='ocrx_word' id='word_1_475' title='bbox 2429 3097 2783 3164; x_wconf 89' lang='lat' dir='ltr'>moriuntur,</span> <span class='ocrx_word' id='word_1_476' title='bbox 2801 3097 2884 3153; x_wconf 89' lang='lat' dir='ltr'>ita</span> <span class='ocrx_word' id='word_1_477' title='bbox 2912 3101 2971 3154; x_wconf 89' lang='lat' dir='ltr'>et</span> <span class='ocrx_word' id='word_1_478' title='bbox 2999 3097 3058 3154; x_wconf 89' lang='lat' dir='ltr'>in</span> <span class='ocrx_word' id='word_1_479' title='bbox 3079 3097 3310 3155; x_wconf 88' lang='lat' dir='ltr'>Christo</span> <span class='ocrx_word' id='word_1_480' title='bbox 3331 3115 3537 3156; x_wconf 85' lang='lat' dir='ltr'>omnes</span> <span class='ocrx_word' id='word_1_481' title='bbox 3565 3104 3694 3156; x_wconf 88' lang='lat' dir='ltr'>tam</span> <span class='ocrx_word' id='word_1_482' title='bbox 3725 3116 3841 3156; x_wconf 86' lang='lat' dir='ltr'>cre-</span> 
     </span>
    </p>
   </div>
   <div class='ocr_carea' id='block_1_62' title="bbox 433 3171 3839 3262">
    <p class='ocr_par' dir='ltr' id='par_1_62' title="bbox 433 3171 3839 3262">
     <span class='ocr_line' id='line_1_62' title="bbox 433 3171 3839 3262; baseline 0.001 -20"><span class='ocrx_word' id='word_1_483' title='bbox 433 3191 660 3243; x_wconf 71' lang='lat' dir='ltr'>aeternae</span> <span class='ocrx_word' id='word_1_484' title='bbox 691 3192 750 3244; x_wconf 91' lang='lat' dir='ltr'>et</span> <span class='ocrx_word' id='word_1_485' title='bbox 777 3187 955 3244; x_wconf 90' lang='lat' dir='ltr'>calice</span> <span class='ocrx_word' id='word_1_486' title='bbox 984 3187 1196 3242; x_wconf 89' lang='lat' dir='ltr'>salutis</span> <span class='ocrx_word' id='word_1_487' title='bbox 1225 3171 1538 3258; x_wconf 72' lang='lat' dir='ltr'>perpetuae,</span> <span class='ocrx_word' id='word_1_488' title='bbox 1563 3171 2080 3260; x_wconf 51' lang='lat' dir='ltr'>ostendit—Paulus,</span> <span class='ocrx_word' id='word_1_489' title='bbox 2111 3171 2158 3242; x_wconf 65' lang='grc' dir='ltr'>(ἶ</span> <span class='ocrx_word' id='word_1_490' title='bbox 2195 3189 2398 3244; x_wconf 89' lang='lat' dir='ltr'>dentes</span> <span class='ocrx_word' id='word_1_491' title='bbox 2419 3204 2599 3260; x_wconf 90' lang='lat' dir='ltr'>quam</span> <span class='ocrx_word' id='word_1_492' title='bbox 2616 3187 2947 3244; x_wconf 80' lang='lat' dir='ltr'>difﬁdentes</span> <span class='ocrx_word' id='word_1_493' title='bbox 2967 3191 3300 3262; x_wconf 88' lang='lat' dir='ltr'>resurgant,</span> <span class='ocrx_word' id='word_1_494' title='bbox 3316 3187 3453 3244; x_wconf 90' lang='lat' dir='ltr'>licet</span> <span class='ocrx_word' id='word_1_495' title='bbox 3471 3187 3544 3244; x_wconf 87' lang='lat' dir='ltr'>ad</span> <span class='ocrx_word' id='word_1_496' title='bbox 3565 3203 3839 3262; x_wconf 64' lang='lat' dir='ltr'>pinnam:</span> 
     </span>
    </p>
   </div>
   <div class='ocr_carea' id='block_1_63' title="bbox 432 3274 2086 3348">
    <p class='ocr_par' dir='ltr' id='par_1_63' title="bbox 432 3274 2086 3348">
     <span class='ocr_line' id='line_1_63' title="bbox 432 3274 2086 3348; baseline 0.004 -18"><span class='ocrx_word' id='word_1_497' title='bbox 432 3279 491 3330; x_wconf 89' lang='lat' dir='ltr'>et</span> <span class='ocrx_word' id='word_1_498' title='bbox 531 3275 769 3348; x_wconf 81' lang='lat' dir='ltr'>exponit</span> <span class='ocrx_word' id='word_1_499' title='bbox 811 3275 1158 3331; x_wconf 87' lang='lat' dir='ltr'>Ambrosius</span> <span class='ocrx_word' id='word_1_500' title='bbox 1204 3275 1274 3330; x_wconf 92' lang='lat' dir='ltr'>de</span> <span class='ocrx_word' id='word_1_501' title='bbox 1323 3274 1584 3346; x_wconf 86' lang='lat' dir='ltr'>Epistola</span> <span class='ocrx_word' id='word_1_502' title='bbox 1631 3277 1705 3331; x_wconf 91' lang='lat' dir='ltr'>ad</span> <span class='ocrx_word' id='word_1_503' title='bbox 1755 3277 2086 3336; x_wconf 87' lang='lat' dir='ltr'>Corinthios</span> 
     </span>
    </p>
   </div>
   <div class='ocr_carea' id='block_1_64' title="bbox 432 3361 2088 3434">
    <p class='ocr_par' dir='ltr' id='par_1_64' title="bbox 432 3361 2088 3434">
     <span class='ocr_line' id='line_1_64' title="bbox 432 3361 2088 3434; baseline 0.005 -18"><span class='ocrx_word' id='word_1_504' title='bbox 432 3362 666 3431; x_wconf 91' lang='lat' dir='ltr'>dicens,</span> <span class='ocrx_word' id='word_1_505' title='bbox 719 3365 1049 3434; x_wconf 79' lang='lat' dir='ltr'>Quicunque</span> <span class='ocrx_word' id='word_1_506' title='bbox 1100 3361 1274 3418; x_wconf 84' lang='lat' dir='ltr'>ederit</span> <span class='ocrx_word' id='word_1_507' title='bbox 1315 3379 1515 3433; x_wconf 84' lang='lat' dir='ltr'>panem</span> <span class='ocrx_word' id='word_1_508' title='bbox 1567 3364 1733 3432; x_wconf 84' lang='lat' dir='ltr'>hunc,</span> <span class='ocrx_word' id='word_1_509' title='bbox 1782 3373 1834 3421; x_wconf 88' lang='lat' dir='ltr'>et</span> <span class='ocrx_word' id='word_1_510' title='bbox 1891 3366 2088 3425; x_wconf 85' lang='lat' dir='ltr'>biberit</span> 
     </span>
    </p>
   </div>
   <div class='ocr_carea' id='block_1_65' title="bbox 431 3449 2087 3528">
    <p class='ocr_par' dir='ltr' id='par_1_65' title="bbox 431 3449 2087 3528">
     <span class='ocr_line' id='line_1_65' title="bbox 431 3449 2087 3528; baseline 0.005 -25"><span class='ocrx_word' id='word_1_511' title='bbox 431 3449 662 3505; x_wconf 78' lang='lat' dir='ltr'>calicem</span> <span class='ocrx_word' id='word_1_512' title='bbox 687 3451 910 3506; x_wconf 83' lang='lat' dir='ltr'>Domini</span> <span class='ocrx_word' id='word_1_513' title='bbox 939 3451 1193 3523; x_wconf 86' lang='lat' dir='ltr'>indigne,</span> <span class='ocrx_word' id='word_1_514' title='bbox 1216 3467 1344 3506; x_wconf 89' lang='lat' dir='ltr'>reus</span> <span class='ocrx_word' id='word_1_515' title='bbox 1380 3452 1488 3506; x_wconf 90' lang='lat' dir='ltr'>erit</span> <span class='ocrx_word' id='word_1_516' title='bbox 1520 3455 1760 3524; x_wconf 85' lang='lat' dir='ltr'>corporis</span> <span class='ocrx_word' id='word_1_517' title='bbox 1788 3461 1838 3510; x_wconf 89' lang='lat' dir='ltr'>et</span> <span class='ocrx_word' id='word_1_518' title='bbox 1865 3459 2087 3528; x_wconf 86' lang='lat' dir='ltr'>sangui-</span> 
     </span>
    </p>
   </div>
   <div class='ocr_carea' id='block_1_66' title="bbox 429 3538 2086 3619">
    <p class='ocr_par' dir='ltr' id='par_1_66' title="bbox 429 3538 2086 3619">
     <span class='ocr_line' id='line_1_66' title="bbox 429 3538 2086 3619; baseline 0.007 -28"><span class='ocrx_word' id='word_1_519' title='bbox 429 3539 522 3619; x_wconf 81' lang='lat' dir='ltr'>nis</span> <span class='ocrx_word' id='word_1_520' title='bbox 550 3539 774 3595; x_wconf 86' lang='lat' dir='ltr'>Domini</span> <span class='ocrx_word' id='word_1_521' title='bbox 799 3539 848 3610; x_wconf 93' lang='grc'>(1</span> <span class='ocrx_word' id='word_1_522' title='bbox 873 3540 1003 3595; x_wconf 84' lang='lat' dir='ltr'>Cor.</span> <span class='ocrx_word' id='word_1_523' title='bbox 1028 3541 1228 3606; x_wconf 78' lang='lat'>11,27).</span> <span class='ocrx_word' id='word_1_524' title='bbox 1251 3538 1537 3603; x_wconf 89' lang='lat' dir='ltr'>Quoniam</span> <span class='ocrx_word' id='word_1_525' title='bbox 1569 3541 1832 3598; x_wconf 86' lang='lat' dir='ltr'>futurum</span> <span class='ocrx_word' id='word_1_526' title='bbox 1865 3549 1974 3612; x_wconf 89' lang='lat' dir='ltr'>est,</span> <span class='ocrx_word' id='word_1_527' title='bbox 2001 3545 2086 3602; x_wconf 91' lang='lat' dir='ltr'>in-</span> 
     </span>
    </p>
   </div>
   <div class='ocr_carea' id='block_1_67' title="bbox 433 3625 2083 3699">
    <p class='ocr_par' dir='ltr' id='par_1_67' title="bbox 433 3625 2083 3699">
     <span class='ocr_line' id='line_1_67' title="bbox 433 3625 2083 3699; baseline 0.005 -18"><span class='ocrx_word' id='word_1_528' title='bbox 433 3625 562 3699; x_wconf 90' lang='lat' dir='ltr'>quit</span> <span class='ocrx_word' id='word_1_529' title='bbox 589 3627 956 3693; x_wconf 89' lang='lat' dir='ltr'>Ambrosius,</span> <span class='ocrx_word' id='word_1_530' title='bbox 975 3625 1291 3699; x_wconf 91' lang='lat' dir='ltr'>judicium,</span> <span class='ocrx_word' id='word_1_531' title='bbox 1317 3629 1382 3682; x_wconf 92' lang='lat' dir='ltr'>ut</span> <span class='ocrx_word' id='word_1_532' title='bbox 1401 3629 1898 3698; x_wconf 88' lang='lat' dir='ltr'>quemadmodum</span> <span class='ocrx_word' id='word_1_533' title='bbox 1929 3649 2083 3690; x_wconf 89' lang='lat' dir='ltr'>acce-</span> 
     </span>
    </p>
   </div>
   <div class='ocr_carea' id='block_1_68' title="bbox 430 3715 2084 3788">
    <p class='ocr_par' dir='ltr' id='par_1_68' title="bbox 430 3715 2084 3788">
     <span class='ocr_line' id='line_1_68' title="bbox 430 3715 2084 3788; baseline 0.005 -18"><span class='ocrx_word' id='word_1_534' title='bbox 430 3715 519 3771; x_wconf 91' lang='lat' dir='ltr'>dit</span> <span class='ocrx_word' id='word_1_535' title='bbox 540 3715 972 3788; x_wconf 90' lang='lat' dir='ltr'>unusquisque,</span> <span class='ocrx_word' id='word_1_536' title='bbox 995 3715 1200 3770; x_wconf 88' lang='lat' dir='ltr'>reddat</span> <span class='ocrx_word' id='word_1_537' title='bbox 1216 3731 1426 3770; x_wconf 90' lang='lat' dir='ltr'>causas</span> <span class='ocrx_word' id='word_1_538' title='bbox 1448 3715 1507 3770; x_wconf 92' lang='lat' dir='ltr'>in</span> <span class='ocrx_word' id='word_1_539' title='bbox 1532 3715 1625 3773; x_wconf 91' lang='lat' dir='ltr'>die</span> <span class='ocrx_word' id='word_1_540' title='bbox 1645 3717 1876 3774; x_wconf 91' lang='lat' dir='ltr'>Domini</span> <span class='ocrx_word' id='word_1_541' title='bbox 1899 3723 2084 3778; x_wconf 91' lang='lat' dir='ltr'>nostri</span> 
     </span>
    </p>
   </div>
   <div class='ocr_carea' id='block_1_69' title="bbox 429 3801 2086 3876">
    <p class='ocr_par' dir='ltr' id='par_1_69' title="bbox 429 3801 2086 3876">
     <span class='ocr_line' id='line_1_69' title="bbox 429 3801 2086 3876; baseline 0.004 -16"><span class='ocrx_word' id='word_1_542' title='bbox 429 3803 572 3860; x_wconf 84' lang='lat' dir='ltr'>Jesu</span> <span class='ocrx_word' id='word_1_543' title='bbox 594 3803 832 3872; x_wconf 86' lang='lat' dir='ltr'>Christi,</span> <span class='ocrx_word' id='word_1_544' title='bbox 855 3803 996 3876; x_wconf 87' lang='lat' dir='ltr'>quia</span> <span class='ocrx_word' id='word_1_545' title='bbox 1023 3802 1152 3858; x_wconf 89' lang='lat' dir='ltr'>sine</span> <span class='ocrx_word' id='word_1_546' title='bbox 1173 3801 1487 3874; x_wconf 89' lang='lat' dir='ltr'>disciplina</span> <span class='ocrx_word' id='word_1_547' title='bbox 1511 3805 1849 3864; x_wconf 88' lang='lat' dir='ltr'>traditionia</span> <span class='ocrx_word' id='word_1_548' title='bbox 1868 3813 1926 3865; x_wconf 89' lang='lat' dir='ltr'>et</span> <span class='ocrx_word' id='word_1_549' title='bbox 1953 3827 2086 3867; x_wconf 87' lang='lat' dir='ltr'>con-</span> 
     </span>
    </p>
   </div>
   <div class='ocr_carea' id='block_1_70' title="bbox 427 3891 2082 3966">
    <p class='ocr_par' dir='ltr' id='par_1_70' title="bbox 427 3891 2082 3966">
     <span class='ocr_line' id='line_1_70' title="bbox 427 3891 2082 3966; baseline 0.005 -19"><span class='ocrx_word' id='word_1_550' title='bbox 427 3892 778 3949; x_wconf 87' lang='lat' dir='ltr'>versationis</span> <span class='ocrx_word' id='word_1_551' title='bbox 807 3891 908 3966; x_wconf 88' lang='lat' dir='ltr'>qui</span> <span class='ocrx_word' id='word_1_552' title='bbox 939 3892 1246 3958; x_wconf 88' lang='lat' dir='ltr'>accedunt,</span> <span class='ocrx_word' id='word_1_553' title='bbox 1271 3892 1352 3946; x_wconf 89' lang='lat' dir='ltr'>rei</span> <span class='ocrx_word' id='word_1_554' title='bbox 1392 3897 1534 3948; x_wconf 88' lang='lat' dir='ltr'>sunt</span> <span class='ocrx_word' id='word_1_555' title='bbox 1573 3895 1832 3966; x_wconf 88' lang='lat' dir='ltr'>corporis</span> <span class='ocrx_word' id='word_1_556' title='bbox 1861 3903 1918 3953; x_wconf 89' lang='lat' dir='ltr'>et</span> <span class='ocrx_word' id='word_1_557' title='bbox 1945 3916 2082 3956; x_wconf 90' lang='lat' dir='ltr'>san-</span> 
     </span>
    </p>
   </div>
   <div class='ocr_carea' id='block_1_71' title="bbox 427 3978 2074 4060">
    <p class='ocr_par' dir='ltr' id='par_1_71' title="bbox 427 3978 2074 4060">
     <span class='ocr_line' id='line_1_71' title="bbox 427 3978 2074 4060; baseline 0.006 -26"><span class='ocrx_word' id='word_1_558' title='bbox 427 3978 625 4052; x_wconf 90' lang='lat' dir='ltr'>guinis</span> <span class='ocrx_word' id='word_1_559' title='bbox 655 3980 909 4037; x_wconf 89' lang='lat' dir='ltr'>Domini.</span> <span class='ocrx_word' id='word_1_560' title='bbox 943 3980 1093 4048; x_wconf 86' lang='lat' dir='ltr'>Quid</span> <span class='ocrx_word' id='word_1_561' title='bbox 1123 3985 1213 4037; x_wconf 89' lang='lat' dir='ltr'>est</span> <span class='ocrx_word' id='word_1_562' title='bbox 1243 3985 1439 4036; x_wconf 88' lang='lat' dir='ltr'>autem</span> <span class='ocrx_word' id='word_1_563' title='bbox 1471 3999 1600 4038; x_wconf 90' lang='lat' dir='ltr'>reos</span> <span class='ocrx_word' id='word_1_564' title='bbox 1630 4001 1778 4054; x_wconf 88' lang='lat' dir='ltr'>esse,</span> <span class='ocrx_word' id='word_1_565' title='bbox 1813 3987 1926 4043; x_wconf 90' lang='lat' dir='ltr'>nisi</span> <span class='ocrx_word' id='word_1_566' title='bbox 1957 4005 2074 4060; x_wconf 75' lang='lat' dir='ltr'>pm-</span> 
     </span>
    </p>
   </div>
   <div class='ocr_carea' id='block_1_72' title="bbox 427 4068 2084 4148">
    <p class='ocr_par' dir='ltr' id='par_1_72' title="bbox 427 4068 2084 4148">
     <span class='ocr_line' id='line_1_72' title="bbox 427 4068 2084 4148; baseline 0.005 -24"><span class='ocrx_word' id='word_1_567' title='bbox 427 4085 536 4124; x_wconf 89' lang='lat' dir='ltr'>nas</span> <span class='ocrx_word' id='word_1_568' title='bbox 565 4069 705 4126; x_wconf 90' lang='lat' dir='ltr'>dare</span> <span class='ocrx_word' id='word_1_569' title='bbox 736 4069 944 4127; x_wconf 88' lang='lat' dir='ltr'>mortis</span> <span class='ocrx_word' id='word_1_570' title='bbox 972 4068 1250 4126; x_wconf 87' lang='lat' dir='ltr'>Domini?</span> <span class='ocrx_word' id='word_1_571' title='bbox 1281 4068 1521 4126; x_wconf 89' lang='lat' dir='ltr'>Occisus</span> <span class='ocrx_word' id='word_1_572' title='bbox 1551 4076 1641 4127; x_wconf 91' lang='lat' dir='ltr'>est</span> <span class='ocrx_word' id='word_1_573' title='bbox 1667 4073 1823 4131; x_wconf 91' lang='lat' dir='ltr'>enim</span> <span class='ocrx_word' id='word_1_574' title='bbox 1854 4092 1958 4148; x_wconf 92' lang='lat' dir='ltr'>pro</span> <span class='ocrx_word' id='word_1_575' title='bbox 1988 4077 2084 4134; x_wconf 90' lang='lat' dir='ltr'>his</span> 
     </span>
    </p>
   </div>
   <div class='ocr_carea' id='block_1_73' title="bbox 426 4157 2082 4230">
    <p class='ocr_par' dir='ltr' id='par_1_73' title="bbox 426 4157 2082 4230">
     <span class='ocr_line' id='line_1_73' title="bbox 426 4157 2082 4230; baseline 0.005 -16"><span class='ocrx_word' id='word_1_576' title='bbox 426 4157 527 4230; x_wconf 88' lang='lat' dir='ltr'>qui</span> <span class='ocrx_word' id='word_1_577' title='bbox 558 4157 906 4215; x_wconf 87' lang='lat' dir='ltr'>beneﬁcium</span> <span class='ocrx_word' id='word_1_578' title='bbox 937 4159 1068 4230; x_wconf 92' lang='lat' dir='ltr'>ejus</span> <span class='ocrx_word' id='word_1_579' title='bbox 1110 4157 1172 4214; x_wconf 88' lang='lat' dir='ltr'>in</span> <span class='ocrx_word' id='word_1_580' title='bbox 1215 4157 1447 4213; x_wconf 90' lang='lat' dir='ltr'>irritum</span> <span class='ocrx_word' id='word_1_581' title='bbox 1479 4159 1723 4216; x_wconf 90' lang='lat' dir='ltr'>ducunt.</span> <span class='ocrx_word' id='word_1_582' title='bbox 1756 4164 1952 4220; x_wconf 84' lang='lat' dir='ltr'>Probet</span> <span class='ocrx_word' id='word_1_583' title='bbox 1975 4183 2082 4222; x_wconf 80' lang='lat' dir='ltr'>au-</span> 
     </span>
    </p>
   </div>
   <div class='ocr_carea' id='block_1_74' title="bbox 422 4245 2080 4319">
    <p class='ocr_par' dir='ltr' id='par_1_74' title="bbox 422 4245 2080 4319">
     <span class='ocr_line' id='line_1_74' title="bbox 422 4245 2080 4319; baseline 0.005 -17"><span class='ocrx_word' id='word_1_584' title='bbox 422 4263 542 4302; x_wconf 88' lang='lat' dir='ltr'>vem</span> <span class='ocrx_word' id='word_1_585' title='bbox 570 4248 814 4319; x_wconf 83' lang='lat' dir='ltr'>seipsum</span> <span class='ocrx_word' id='word_1_586' title='bbox 842 4247 1022 4318; x_wconf 87' lang='lat' dir='ltr'>homo,</span> <span class='ocrx_word' id='word_1_587' title='bbox 1051 4255 1105 4304; x_wconf 88' lang='lat' dir='ltr'>et</span> <span class='ocrx_word' id='word_1_588' title='bbox 1137 4249 1220 4302; x_wconf 85' lang='lat' dir='ltr'>sic</span> <span class='ocrx_word' id='word_1_589' title='bbox 1245 4245 1313 4303; x_wconf 87' lang='lat' dir='ltr'>de</span> <span class='ocrx_word' id='word_1_590' title='bbox 1337 4263 1483 4318; x_wconf 82' lang='lat' dir='ltr'>pane</span> <span class='ocrx_word' id='word_1_591' title='bbox 1527 4249 1626 4306; x_wconf 79' lang='lat' dir='ltr'>illo</span> <span class='ocrx_word' id='word_1_592' title='bbox 1671 4250 1796 4308; x_wconf 87' lang='lat' dir='ltr'>edat</span> <span class='ocrx_word' id='word_1_593' title='bbox 1821 4261 1874 4308; x_wconf 88' lang='lat' dir='ltr'>et</span> <span class='ocrx_word' id='word_1_594' title='bbox 1898 4253 1964 4310; x_wconf 86' lang='lat' dir='ltr'>de</span> <span class='ocrx_word' id='word_1_595' title='bbox 1989 4271 2080 4310; x_wconf 90' lang='lat' dir='ltr'>ca-</span> 
     </span>
    </p>
   </div>
   <div class='ocr_carea' id='block_1_75' title="bbox 422 4334 2083 4415">
    <p class='ocr_par' dir='ltr' id='par_1_75' title="bbox 422 4334 2083 4415">
     <span class='ocr_line' id='line_1_75' title="bbox 422 4334 2083 4415; baseline 0.006 -25"><span class='ocrx_word' id='word_1_596' title='bbox 422 4334 528 4391; x_wconf 75' lang='lat' dir='ltr'>lice</span> <span class='ocrx_word' id='word_1_597' title='bbox 556 4336 708 4393; x_wconf 82' lang='lat' dir='ltr'>bibat</span> <span class='ocrx_word' id='word_1_598' title='bbox 733 4353 754 4391; x_wconf 93' lang='lat'><strong><em>:</em></strong></span> <span class='ocrx_word' id='word_1_599' title='bbox 786 4337 885 4409; x_wconf 86' lang='lat' dir='ltr'>qui</span> <span class='ocrx_word' id='word_1_600' title='bbox 909 4337 1060 4392; x_wconf 89' lang='lat' dir='ltr'>enim</span> <span class='ocrx_word' id='word_1_601' title='bbox 1086 4334 1385 4392; x_wconf 77' lang='lat' dir='ltr'>manducet</span> <span class='ocrx_word' id='word_1_602' title='bbox 1409 4343 1464 4391; x_wconf 86' lang='lat' dir='ltr'>et</span> <span class='ocrx_word' id='word_1_603' title='bbox 1501 4337 1642 4393; x_wconf 85' lang='lat' dir='ltr'>bibit</span> <span class='ocrx_word' id='word_1_604' title='bbox 1668 4339 1910 4411; x_wconf 83' lang='lat' dir='ltr'>indigne,</span> <span class='ocrx_word' id='word_1_605' title='bbox 1931 4343 2083 4415; x_wconf 88' lang='lat' dir='ltr'>judi-</span> 
     </span>
    </p>
   </div>
   <div class='ocr_carea' id='block_1_76' title="bbox 418 4423 2080 4500">
    <p class='ocr_par' dir='ltr' id='par_1_76' title="bbox 418 4423 2080 4500">
     <span class='ocr_line' id='line_1_76' title="bbox 418 4423 2080 4500; baseline 0.006 -21"><span class='ocrx_word' id='word_1_606' title='bbox 418 4425 571 4480; x_wconf 87' lang='lat' dir='ltr'>cium</span> <span class='ocrx_word' id='word_1_607' title='bbox 597 4425 748 4482; x_wconf 66' lang='grc' dir='ltr'>επ</span> <span class='ocrx_word' id='word_1_608' title='bbox 783 4425 896 4482; x_wconf 84' lang='lat' dir='ltr'>sibi</span> <span class='ocrx_word' id='word_1_609' title='bbox 940 4423 1235 4481; x_wconf 75' lang='lat' dir='ltr'>manducet</span> <span class='ocrx_word' id='word_1_610' title='bbox 1280 4431 1333 4480; x_wconf 87' lang='lat' dir='ltr'>et</span> <span class='ocrx_word' id='word_1_611' title='bbox 1387 4424 1541 4494; x_wconf 86' lang='lat' dir='ltr'>bibit,</span> <span class='ocrx_word' id='word_1_612' title='bbox 1589 4443 1700 4483; x_wconf 85' lang='lat' dir='ltr'>non</span> <span class='ocrx_word' id='word_1_613' title='bbox 1743 4428 2080 4500; x_wconf 85' lang='lat' dir='ltr'>discernens,</span> 
     </span>
    </p>
   </div>
   <div class='ocr_carea' id='block_1_77' title="bbox 2194 3274 3846 3352">
    <p class='ocr_par' dir='ltr' id='par_1_77' title="bbox 2194 3274 3846 3352">
     <span class='ocr_line' id='line_1_77' title="bbox 2194 3274 3846 3352; baseline 0 -20"><span class='ocrx_word' id='word_1_614' title='bbox 2194 3276 2478 3332; x_wconf 86' lang='lat' dir='ltr'>increduli</span> <span class='ocrx_word' id='word_1_615' title='bbox 2501 3281 2696 3332; x_wconf 89' lang='lat' dir='ltr'>tamen</span> <span class='ocrx_word' id='word_1_616' title='bbox 2717 3274 2995 3332; x_wconf 90' lang='lat' dir='ltr'>viviﬁcari</span> <span class='ocrx_word' id='word_1_617' title='bbox 3015 3276 3453 3350; x_wconf 88' lang='lat' dir='ltr'>videntur,quia</span> <span class='ocrx_word' id='word_1_618' title='bbox 3471 3294 3725 3352; x_wconf 87' lang='lat' dir='ltr'>corpora</span> <span class='ocrx_word' id='word_1_619' title='bbox 3743 3294 3846 3334; x_wconf 84' lang='lat' dir='ltr'>sua</span> 
     </span>
    </p>
   </div>
   <div class='ocr_carea' id='block_1_78' title="bbox 2194 3364 3845 3439">
    <p class='ocr_par' dir='ltr' id='par_1_78' title="bbox 2194 3364 3845 3439">
     <span class='ocr_line' id='line_1_78' title="bbox 2194 3364 3845 3439; baseline -0.001 -17"><span class='ocrx_word' id='word_1_620' title='bbox 2194 3366 2476 3438; x_wconf 88' lang='lat' dir='ltr'>recipient</span> <span class='ocrx_word' id='word_1_621' title='bbox 2496 3365 2624 3438; x_wconf 92' lang='lat' dir='ltr'>jam</span> <span class='ocrx_word' id='word_1_622' title='bbox 2656 3381 2772 3420; x_wconf 92' lang='lat' dir='ltr'>non</span> <span class='ocrx_word' id='word_1_623' title='bbox 2803 3364 3092 3434; x_wconf 88' lang='lat' dir='ltr'>morituri,</span> <span class='ocrx_word' id='word_1_624' title='bbox 3120 3365 3220 3422; x_wconf 91' lang='lat' dir='ltr'>sed</span> <span class='ocrx_word' id='word_1_625' title='bbox 3252 3365 3483 3439; x_wconf 87' lang='lat' dir='ltr'>passuri</span> <span class='ocrx_word' id='word_1_626' title='bbox 3516 3383 3760 3438; x_wconf 64' lang='lat' dir='ltr'>prunam</span> <span class='ocrx_word' id='word_1_627' title='bbox 3792 3366 3845 3420; x_wconf 91' lang='lat' dir='ltr'>in</span> 
     </span>
    </p>
   </div>
   <div class='ocr_carea' id='block_1_79' title="bbox 2194 3452 3848 3525">
    <p class='ocr_par' dir='ltr' id='par_1_79' title="bbox 2194 3452 3848 3525">
     <span class='ocr_line' id='line_1_79' title="bbox 2194 3452 3848 3525; baseline -0.001 -14"><span class='ocrx_word' id='word_1_628' title='bbox 2194 3455 2279 3511; x_wconf 89' lang='lat' dir='ltr'>eis</span> <span class='ocrx_word' id='word_1_629' title='bbox 2309 3453 2434 3510; x_wconf 88' lang='lat' dir='ltr'>sine</span> <span class='ocrx_word' id='word_1_630' title='bbox 2465 3454 2603 3522; x_wconf 89' lang='lat' dir='ltr'>ﬁne,</span> <span class='ocrx_word' id='word_1_631' title='bbox 2623 3454 2780 3525; x_wconf 89' lang='lat' dir='ltr'>quod</span> <span class='ocrx_word' id='word_1_632' title='bbox 2820 3453 3053 3510; x_wconf 89' lang='lat' dir='ltr'>credere</span> <span class='ocrx_word' id='word_1_633' title='bbox 3089 3452 3424 3511; x_wconf 90' lang='lat' dir='ltr'>noluerunt.</span> <span class='ocrx_word' id='word_1_634' title='bbox 3449 3477 3479 3504; x_wconf 87' lang='lat'><em>»</em></span> <span class='ocrx_word' id='word_1_635' title='bbox 3503 3456 3573 3511; x_wconf 91' lang='lat' dir='ltr'>Et</span> <span class='ocrx_word' id='word_1_636' title='bbox 3613 3454 3762 3512; x_wconf 90' lang='lat' dir='ltr'>item</span> <span class='ocrx_word' id='word_1_637' title='bbox 3793 3455 3848 3509; x_wconf 89' lang='lat' dir='ltr'>in</span> 
     </span>
    </p>
   </div>
   <div class='ocr_carea' id='block_1_80' title="bbox 2193 3541 3846 3617">
    <p class='ocr_par' dir='ltr' id='par_1_80' title="bbox 2193 3541 3846 3617">
     <span class='ocr_line' id='line_1_80' title="bbox 2193 3541 3846 3617; baseline -0.001 -18"><span class='ocrx_word' id='word_1_638' title='bbox 2193 3541 2454 3616; x_wconf 89' lang='lat' dir='ltr'>Epistola</span> <span class='ocrx_word' id='word_1_639' title='bbox 2481 3543 2552 3598; x_wconf 89' lang='lat' dir='ltr'>ad</span> <span class='ocrx_word' id='word_1_640' title='bbox 2583 3541 2932 3610; x_wconf 89' lang='lat' dir='ltr'>Corinthios,</span> <span class='ocrx_word' id='word_1_641' title='bbox 2957 3565 2984 3592; x_wconf 86' lang='lat'><strong>«</strong></span> <span class='ocrx_word' id='word_1_642' title='bbox 3013 3541 3154 3614; x_wconf 89' lang='lat' dir='ltr'>quia</span> <span class='ocrx_word' id='word_1_643' title='bbox 3189 3545 3512 3610; x_wconf 72' lang='lat' dir='ltr'>resurrexit,</span> <span class='ocrx_word' id='word_1_644' title='bbox 3545 3543 3846 3617; x_wconf 87' lang='lat' dir='ltr'>inquiens,</span> 
     </span>
    </p>
   </div>
   <div class='ocr_carea' id='block_1_81' title="bbox 2194 3629 3851 3702">
    <p class='ocr_par' dir='ltr' id='par_1_81' title="bbox 2194 3629 3851 3702">
     <span class='ocr_line' id='line_1_81' title="bbox 2194 3629 3851 3702; baseline 0.001 -14"><span class='ocrx_word' id='word_1_645' title='bbox 2194 3634 2354 3688; x_wconf 87' lang='lat' dir='ltr'>tertia</span> <span class='ocrx_word' id='word_1_646' title='bbox 2398 3631 2488 3687; x_wconf 87' lang='lat' dir='ltr'>die</span> <span class='ocrx_word' id='word_1_647' title='bbox 2516 3631 2567 3702; x_wconf 88' lang='grc' dir='ltr'>(Ι</span> <span class='ocrx_word' id='word_1_648' title='bbox 2584 3631 2705 3687; x_wconf 84' lang='lat' dir='ltr'>Cor.</span> <span class='ocrx_word' id='word_1_649' title='bbox 2729 3648 2821 3699; x_wconf 83' lang='lat' dir='ltr'>xv,</span> <span class='ocrx_word' id='word_1_650' title='bbox 2846 3631 2922 3700; x_wconf 79' lang='grc'>4).</span> <span class='ocrx_word' id='word_1_651' title='bbox 2947 3631 3010 3686; x_wconf 93' lang='lat' dir='ltr'>In</span> <span class='ocrx_word' id='word_1_652' title='bbox 3041 3629 3268 3688; x_wconf 89' lang='lat' dir='ltr'>Christo</span> <span class='ocrx_word' id='word_1_653' title='bbox 3299 3630 3456 3688; x_wconf 90' lang='lat' dir='ltr'>enim</span> <span class='ocrx_word' id='word_1_654' title='bbox 3503 3648 3720 3689; x_wconf 88' lang='lat' dir='ltr'>omnes</span> <span class='ocrx_word' id='word_1_655' title='bbox 3769 3649 3851 3688; x_wconf 88' lang='lat' dir='ltr'>re-</span> 
     </span>
    </p>
   </div>
   <div class='ocr_carea' id='block_1_82' title="bbox 2195 3719 3850 3791">
    <p class='ocr_par' dir='ltr' id='par_1_82' title="bbox 2195 3719 3850 3791">
     <span class='ocr_line' id='line_1_82' title="bbox 2195 3719 3850 3791; baseline -0.001 -13"><span class='ocrx_word' id='word_1_656' title='bbox 2195 3719 2536 3791; x_wconf 86' lang='lat' dir='ltr'>surrexisse,</span> <span class='ocrx_word' id='word_1_657' title='bbox 2559 3720 2713 3776; x_wconf 90' lang='lat' dir='ltr'>sicut</span> <span class='ocrx_word' id='word_1_658' title='bbox 2739 3720 2797 3775; x_wconf 93' lang='lat' dir='ltr'>in</span> <span class='ocrx_word' id='word_1_659' title='bbox 2821 3719 3006 3776; x_wconf 91' lang='lat' dir='ltr'>Adam</span> <span class='ocrx_word' id='word_1_660' title='bbox 3036 3723 3300 3777; x_wconf 88' lang='lat' dir='ltr'>mortuos</span> <span class='ocrx_word' id='word_1_661' title='bbox 3329 3736 3478 3786; x_wconf 88' lang='lat' dir='ltr'>esse,</span> <span class='ocrx_word' id='word_1_662' title='bbox 3501 3737 3682 3779; x_wconf 89' lang='lat' dir='ltr'>nemo</span> <span class='ocrx_word' id='word_1_663' title='bbox 3713 3721 3850 3776; x_wconf 84' lang='lat' dir='ltr'>ﬁde-</span> 
     </span>
    </p>
   </div>
   <div class='ocr_carea' id='block_1_83' title="bbox 2194 3808 3856 3882">
    <p class='ocr_par' dir='ltr' id='par_1_83' title="bbox 2194 3808 3856 3882">
     <span class='ocr_line' id='line_1_83' title="bbox 2194 3808 3856 3882; baseline 0.001 -17"><span class='ocrx_word' id='word_1_664' title='bbox 2194 3809 2340 3866; x_wconf 89' lang='lat' dir='ltr'>lium</span> <span class='ocrx_word' id='word_1_665' title='bbox 2390 3809 2661 3882; x_wconf 84' lang='lat' dir='ltr'>denegat.</span> <span class='ocrx_word' id='word_1_666' title='bbox 2688 3831 2716 3857; x_wconf 89' lang='lat'>»</span> <span class='ocrx_word' id='word_1_667' title='bbox 2747 3809 2817 3864; x_wconf 89' lang='lat' dir='ltr'>Et</span> <span class='ocrx_word' id='word_1_668' title='bbox 2844 3808 2986 3864; x_wconf 88' lang='lat' dir='ltr'>item</span> <span class='ocrx_word' id='word_1_669' title='bbox 3021 3824 3087 3863; x_wconf 71' lang='grc' dir='ltr'>ζα</span> <span class='ocrx_word' id='word_1_670' title='bbox 3127 3809 3234 3864; x_wconf 87' lang='lat' dir='ltr'>Per</span> <span class='ocrx_word' id='word_1_671' title='bbox 3280 3808 3555 3865; x_wconf 84' lang='lat' dir='ltr'>hominem</span> <span class='ocrx_word' id='word_1_672' title='bbox 3599 3825 3779 3878; x_wconf 86' lang='lat' dir='ltr'>mors,</span> <span class='ocrx_word' id='word_1_673' title='bbox 3807 3815 3856 3866; x_wconf 84' lang='lat' dir='ltr'>et</span> 
     </span>
    </p>
   </div>
   <div class='ocr_carea' id='block_1_84' title="bbox 2189 3897 3856 3975">
    <p class='ocr_par' dir='ltr' id='par_1_84' title="bbox 2189 3897 3856 3975">
     <span class='ocr_line' id='line_1_84' title="bbox 2189 3897 3856 3975; baseline 0 -21"><span class='ocrx_word' id='word_1_674' title='bbox 2189 3915 2290 3972; x_wconf 86' lang='lat' dir='ltr'>per</span> <span class='ocrx_word' id='word_1_675' title='bbox 2346 3899 2621 3955; x_wconf 83' lang='lat' dir='ltr'>hominem</span> <span class='ocrx_word' id='word_1_676' title='bbox 2666 3899 2990 3954; x_wconf 87' lang='lat' dir='ltr'>resurrectio</span> <span class='ocrx_word' id='word_1_677' title='bbox 3035 3903 3375 3975; x_wconf 85' lang='lat' dir='ltr'>mortuorum</span> <span class='ocrx_word' id='word_1_678' title='bbox 3420 3897 3608 3968; x_wconf 84' lang='lat' dir='ltr'>(ibid.,</span> <span class='ocrx_word' id='word_1_679' title='bbox 3639 3899 3760 3972; x_wconf 76' lang='lat' dir='ltr'>2t),</span> <span class='ocrx_word' id='word_1_680' title='bbox 3794 3904 3856 3954; x_wconf 87' lang='lat' dir='ltr'>ut</span> 
     </span>
    </p>
   </div>
   <div class='ocr_carea' id='block_1_85' title="bbox 2195 3984 3853 4060">
    <p class='ocr_par' dir='ltr' id='par_1_85' title="bbox 2195 3984 3853 4060">
     <span class='ocr_line' id='line_1_85' title="bbox 2195 3984 3853 4060; baseline 0 -17"><span class='ocrx_word' id='word_1_681' title='bbox 2195 3988 2335 4060; x_wconf 86' lang='lat' dir='ltr'>quia</span> <span class='ocrx_word' id='word_1_682' title='bbox 2364 3990 2600 4060; x_wconf 89' lang='lat' dir='ltr'>peccato</span> <span class='ocrx_word' id='word_1_683' title='bbox 2631 3984 2888 4042; x_wconf 91' lang='lat' dir='ltr'>hominis</span> <span class='ocrx_word' id='word_1_684' title='bbox 2926 4002 3085 4042; x_wconf 89' lang='lat' dir='ltr'>mors</span> <span class='ocrx_word' id='word_1_685' title='bbox 3115 3985 3348 4042; x_wconf 89' lang='lat' dir='ltr'>inventa</span> <span class='ocrx_word' id='word_1_686' title='bbox 3377 3991 3485 4052; x_wconf 88' lang='lat' dir='ltr'>est,</span> <span class='ocrx_word' id='word_1_687' title='bbox 3508 3985 3735 4043; x_wconf 84' lang='lat' dir='ltr'>Christi</span> <span class='ocrx_word' id='word_1_688' title='bbox 3755 3987 3853 4059; x_wconf 88' lang='lat' dir='ltr'>ju-</span> 
     </span>
    </p>
   </div>
   <div class='ocr_carea' id='block_1_86' title="bbox 2194 4073 3856 4133">
    <p class='ocr_par' dir='ltr' id='par_1_86' title="bbox 2194 4073 3856 4133">
     <span class='ocr_line' id='line_1_86' title="bbox 2194 4073 3856 4133; baseline -0.002 -1"><span class='ocrx_word' id='word_1_689' title='bbox 2194 4077 2357 4133; x_wconf 89' lang='lat' dir='ltr'>stitia</span> <span class='ocrx_word' id='word_1_690' title='bbox 2376 4073 2862 4132; x_wconf 88' lang='lat' dir='ltr'>resurrectionem</span> <span class='ocrx_word' id='word_1_691' title='bbox 2884 4073 3099 4130; x_wconf 91' lang='lat' dir='ltr'>meruit</span> <span class='ocrx_word' id='word_1_692' title='bbox 3112 4078 3537 4130; x_wconf 80' lang='lat' dir='ltr'>mortuorum.»</span> <span class='ocrx_word' id='word_1_693' title='bbox 3549 4074 3626 4130; x_wconf 83' lang='lat' dir='ltr'>Et</span> <span class='ocrx_word' id='word_1_694' title='bbox 3643 4075 3856 4132; x_wconf 80' lang='lat' dir='ltr'>beatus</span> 
     </span>
    </p>
   </div>
   <div class='ocr_carea' id='block_1_87' title="bbox 2192 4161 3852 4236">
    <p class='ocr_par' dir='ltr' id='par_1_87' title="bbox 2192 4161 3852 4236">
     <span class='ocr_line' id='line_1_87' title="bbox 2192 4161 3852 4236; baseline -0.002 -14"><span class='ocrx_word' id='word_1_695' title='bbox 2192 4166 2447 4222; x_wconf 88' lang='lat' dir='ltr'>Joannes</span> <span class='ocrx_word' id='word_1_696' title='bbox 2460 4163 2911 4236; x_wconf 84' lang='lat' dir='ltr'>Cbrysostomus</span> <span class='ocrx_word' id='word_1_697' title='bbox 2927 4161 2986 4217; x_wconf 91' lang='lat' dir='ltr'>in</span> <span class='ocrx_word' id='word_1_698' title='bbox 3001 4162 3150 4218; x_wconf 91' lang='lat' dir='ltr'>libro</span> <span class='ocrx_word' id='word_1_699' title='bbox 3169 4163 3240 4219; x_wconf 87' lang='lat' dir='ltr'>de</span> <span class='ocrx_word' id='word_1_700' title='bbox 3259 4161 3651 4236; x_wconf 79' lang='lat' dir='ltr'>Reparatione</span> <span class='ocrx_word' id='word_1_701' title='bbox 3668 4161 3852 4236; x_wconf 84' lang='lat' dir='ltr'>lapsi:</span> 
     </span>
    </p>
   </div>
   <div class='ocr_carea' id='block_1_88' title="bbox 2197 4250 3857 4327">
    <p class='ocr_par' dir='ltr' id='par_1_88' title="bbox 2197 4250 3857 4327">
     <span class='ocr_line' id='line_1_88' title="bbox 2197 4250 3857 4327; baseline -0.001 -19"><span class='ocrx_word' id='word_1_702' title='bbox 2197 4278 2226 4308; x_wconf 75' lang='grc' dir='ltr'><strong>ι(</strong></span> <span class='ocrx_word' id='word_1_703' title='bbox 2243 4253 2567 4327; x_wconf 90' lang='lat' dir='ltr'>Scriptura,</span> <span class='ocrx_word' id='word_1_704' title='bbox 2589 4252 2802 4324; x_wconf 86' lang='lat' dir='ltr'>inquit,</span> <span class='ocrx_word' id='word_1_705' title='bbox 2827 4250 2968 4308; x_wconf 91' lang='lat' dir='ltr'>dicit</span> <span class='ocrx_word' id='word_1_706' title='bbox 2987 4251 3127 4324; x_wconf 91' lang='lat' dir='ltr'>quia</span> <span class='ocrx_word' id='word_1_707' title='bbox 3147 4255 3208 4308; x_wconf 80' lang='lat' dir='ltr'>et</span> <span class='ocrx_word' id='word_1_708' title='bbox 3235 4256 3568 4325; x_wconf 88' lang='lat' dir='ltr'>peccatores</span> <span class='ocrx_word' id='word_1_709' title='bbox 3599 4251 3857 4308; x_wconf 87' lang='lat' dir='ltr'>induent</span> 
     </span>
    </p>
   </div>
   <div class='ocr_carea' id='block_1_89' title="bbox 2191 4339 3853 4416">
    <p class='ocr_par' dir='ltr' id='par_1_89' title="bbox 2191 4339 3853 4416">
     <span class='ocr_line' id='line_1_89' title="bbox 2191 4339 3853 4416; baseline -0.002 -17"><span class='ocrx_word' id='word_1_710' title='bbox 2191 4342 2709 4416; x_wconf 88' lang='lat' dir='ltr'>incorruptionem,</span> <span class='ocrx_word' id='word_1_711' title='bbox 2733 4339 2956 4397; x_wconf 90' lang='lat' dir='ltr'>scilicet</span> <span class='ocrx_word' id='word_1_712' title='bbox 2994 4355 3108 4395; x_wconf 89' lang='lat' dir='ltr'>non</span> <span class='ocrx_word' id='word_1_713' title='bbox 3141 4339 3212 4396; x_wconf 91' lang='lat' dir='ltr'>ad</span> <span class='ocrx_word' id='word_1_714' title='bbox 3245 4339 3527 4396; x_wconf 87' lang='lat' dir='ltr'>honorem</span> <span class='ocrx_word' id='word_1_715' title='bbox 3557 4339 3720 4408; x_wconf 66' lang='lat' dir='ltr'>vitae,</span> <span class='ocrx_word' id='word_1_716' title='bbox 3752 4339 3853 4396; x_wconf 82' lang='lat' dir='ltr'>sed</span> 
     </span>
    </p>
   </div>
   <div class='ocr_carea' id='block_1_90' title="bbox 2193 4429 3855 4504">
    <p class='ocr_par' dir='ltr' id='par_1_90' title="bbox 2193 4429 3855 4504">
     <span class='ocr_line' id='line_1_90' title="bbox 2193 4429 3855 4504; baseline -0.002 -14"><span class='ocrx_word' id='word_1_717' title='bbox 2193 4435 2268 4490; x_wconf 92' lang='lat' dir='ltr'>ad</span> <span class='ocrx_word' id='word_1_718' title='bbox 2298 4433 2746 4489; x_wconf 88' lang='lat' dir='ltr'>diuturnitatem</span> <span class='ocrx_word' id='word_1_719' title='bbox 2787 4429 3062 4504; x_wconf 90' lang='lat' dir='ltr'>supplicii</span> <span class='ocrx_word' id='word_1_720' title='bbox 3110 4430 3501 4503; x_wconf 86' lang='lat' dir='ltr'>profuturam.</span> <span class='ocrx_word' id='word_1_721' title='bbox 3525 4452 3555 4482; x_wconf 75' lang='grc' dir='ltr'>ι»</span> <span class='ocrx_word' id='word_1_722' title='bbox 3587 4431 3759 4489; x_wconf 70' lang='lat'>8.8</span> <span class='ocrx_word' id='word_1_723' title='bbox 3787 4432 3855 4487; x_wconf 81' lang='lat' dir='ltr'>Et</span> 
     </span>
    </p>
   </div>
   <div class='ocr_carea' id='block_1_91' title="bbox 418 4512 3853 4606">
    <p class='ocr_par' dir='ltr' id='par_1_91' title="bbox 418 4512 3853 4606">
     <span class='ocr_line' id='line_1_91' title="bbox 418 4512 3853 4606; baseline 0.002 -39"><span class='ocrx_word' id='word_1_724' title='bbox 418 4527 615 4606; x_wconf 63' lang='lat' dir='ltr'>corpus</span> <span class='ocrx_word' id='word_1_725' title='bbox 637 4605 643 4606; x_wconf 11' lang='grc' dir='ltr'><em>γ</em></span> <span class='ocrx_word' id='word_1_726' title='bbox 669 4513 896 4606; x_wconf 83' lang='lat' dir='ltr'>Domini</span> <span class='ocrx_word' id='word_1_727' title='bbox 943 4513 1128 4583; x_wconf 89' lang='lat' dir='ltr'>(ibid.,</span> <span class='ocrx_word' id='word_1_728' title='bbox 1159 4516 1272 4606; x_wconf 51' lang='grc' dir='ltr'>ἓξ).</span> <span class='ocrx_word' id='word_1_729' title='bbox 1307 4512 1452 4569; x_wconf 85' lang='lat' dir='ltr'>Hinc</span> <span class='ocrx_word' id='word_1_730' title='bbox 1501 4513 1639 4606; x_wconf 83' lang='lat' dir='ltr'>item</span> <span class='ocrx_word' id='word_1_731' title='bbox 1680 4517 2033 4606; x_wconf 82' lang='lat' dir='ltr'>Ambrosius</span> <span class='ocrx_word' id='word_1_732' title='bbox 2065 4539 2078 4580; x_wconf 91' lang='lat'><strong>:</strong></span> <span class='ocrx_word' id='word_1_733' title='bbox 2109 4538 2160 4606; x_wconf 82' lang='lat' dir='ltr'><strong>D</strong></span> <span class='ocrx_word' id='word_1_734' title='bbox 2191 4528 2434 4588; x_wconf 73' lang='lat' dir='ltr'>sanctus</span> <span class='ocrx_word' id='word_1_735' title='bbox 2463 4520 2720 4578; x_wconf 88' lang='lat' dir='ltr'>Hilarius</span> <span class='ocrx_word' id='word_1_736' title='bbox 2757 4520 2816 4576; x_wconf 90' lang='lat' dir='ltr'>in</span> <span class='ocrx_word' id='word_1_737' title='bbox 2842 4518 3201 4592; x_wconf 86' lang='lat' dir='ltr'>expositione</span> <span class='ocrx_word' id='word_1_738' title='bbox 3225 4517 3440 4593; x_wconf 88' lang='lat' dir='ltr'>psalmi</span> <span class='ocrx_word' id='word_1_739' title='bbox 3461 4535 3638 4578; x_wconf 76' lang='lat' dir='ltr'>cxmx</span> <span class='ocrx_word' id='word_1_740' title='bbox 3665 4537 3722 4575; x_wconf 84' lang='lat'>:«</span> <span class='ocrx_word' id='word_1_741' title='bbox 3745 4520 3853 4576; x_wconf 81' lang='lat' dir='ltr'>Ex-</span> 
     </span>
    </p>
   </div>
   <div class='ocr_carea' id='block_1_92' title="bbox 387 4599 2077 4666">
    <p class='ocr_par' dir='ltr' id='par_1_92' title="bbox 387 4599 2077 4666">
     <span class='ocr_line' id='line_1_92' title="bbox 387 4599 2077 4666; baseline 0.005 -8"><span class='ocrx_word' id='word_1_742' title='bbox 387 4656 390 4658; x_wconf 33' lang='lat'>.</span> <span class='ocrx_word' id='word_1_743' title='bbox 423 4621 452 4650; x_wconf 78' lang='grc' dir='ltr'>α</span> <span class='ocrx_word' id='word_1_744' title='bbox 472 4599 690 4656; x_wconf 83' lang='lat' dir='ltr'>Devoto</span> <span class='ocrx_word' id='word_1_745' title='bbox 711 4601 910 4658; x_wconf 88' lang='lat' dir='ltr'>animo</span> <span class='ocrx_word' id='word_1_746' title='bbox 935 4605 994 4658; x_wconf 92' lang='lat' dir='ltr'>et</span> <span class='ocrx_word' id='word_1_747' title='bbox 1013 4618 1150 4658; x_wconf 87' lang='lat' dir='ltr'>cum</span> <span class='ocrx_word' id='word_1_748' title='bbox 1175 4601 1385 4658; x_wconf 91' lang='lat' dir='ltr'>timore</span> <span class='ocrx_word' id='word_1_749' title='bbox 1407 4603 1801 4662; x_wconf 87' lang='lat' dir='ltr'>accedendum</span> <span class='ocrx_word' id='word_1_750' title='bbox 1821 4607 1895 4664; x_wconf 90' lang='lat' dir='ltr'>ad</span> <span class='ocrx_word' id='word_1_751' title='bbox 1919 4625 2077 4666; x_wconf 91' lang='lat' dir='ltr'>com-</span> 
     </span>
    </p>
   </div>
   <div class='ocr_carea' id='block_1_93' title="bbox 419 4685 2071 4756">
    <p class='ocr_par' dir='ltr' id='par_1_93' title="bbox 419 4685 2071 4756">
     <span class='ocr_line' id='line_1_93' title="bbox 419 4685 2071 4756; baseline 0.008 -15"><span class='ocrx_word' id='word_1_752' title='bbox 419 4685 762 4744; x_wconf 89' lang='lat' dir='ltr'>munionem</span> <span class='ocrx_word' id='word_1_753' title='bbox 785 4689 974 4756; x_wconf 90' lang='lat' dir='ltr'>docet,</span> <span class='ocrx_word' id='word_1_754' title='bbox 1000 4693 1064 4744; x_wconf 89' lang='lat' dir='ltr'>ut</span> <span class='ocrx_word' id='word_1_755' title='bbox 1087 4689 1233 4746; x_wconf 89' lang='lat' dir='ltr'>sciat</span> <span class='ocrx_word' id='word_1_756' title='bbox 1264 4706 1434 4748; x_wconf 88' lang='lat' dir='ltr'>mens</span> <span class='ocrx_word' id='word_1_757' title='bbox 1462 4693 1843 4750; x_wconf 88' lang='lat' dir='ltr'>reverentiam</span> <span class='ocrx_word' id='word_1_758' title='bbox 1874 4713 1937 4752; x_wconf 91' lang='lat' dir='ltr'>se</span> <span class='ocrx_word' id='word_1_759' title='bbox 1965 4699 2071 4755; x_wconf 89' lang='lat' dir='ltr'>de-</span> 
     </span>
    </p>
   </div>
   <div class='ocr_carea' id='block_1_94' title="bbox 417 4773 2068 4854">
    <p class='ocr_par' dir='ltr' id='par_1_94' title="bbox 417 4773 2068 4854">
     <span class='ocr_line' id='line_1_94' title="bbox 417 4773 2068 4854; baseline 0.008 -24"><span class='ocrx_word' id='word_1_760' title='bbox 417 4773 554 4831; x_wconf 90' lang='lat' dir='ltr'>bere</span> <span class='ocrx_word' id='word_1_761' title='bbox 568 4775 709 4832; x_wconf 90' lang='lat' dir='ltr'>eiad</span> <span class='ocrx_word' id='word_1_762' title='bbox 726 4777 898 4849; x_wconf 90' lang='lat' dir='ltr'>cujus</span> <span class='ocrx_word' id='word_1_763' title='bbox 916 4794 1128 4850; x_wconf 92' lang='lat' dir='ltr'>corpus</span> <span class='ocrx_word' id='word_1_764' title='bbox 1147 4779 1506 4835; x_wconf 89' lang='lat' dir='ltr'>sumendum</span> <span class='ocrx_word' id='word_1_765' title='bbox 1523 4783 1763 4854; x_wconf 90' lang='lat' dir='ltr'>accepit.</span> <span class='ocrx_word' id='word_1_766' title='bbox 1777 4783 1895 4842; x_wconf 87' lang='lat' dir='ltr'>Hoc</span> <span class='ocrx_word' id='word_1_767' title='bbox 1910 4787 2068 4843; x_wconf 91' lang='lat' dir='ltr'>enim</span> 
     </span>
    </p>
   </div>
   <div class='ocr_carea' id='block_1_95' title="bbox 416 4864 2066 4946">
    <p class='ocr_par' dir='ltr' id='par_1_95' title="bbox 416 4864 2066 4946">
     <span class='ocr_line' id='line_1_95' title="bbox 416 4864 2066 4946; baseline 0.008 -27"><span class='ocrx_word' id='word_1_768' title='bbox 416 4864 572 4936; x_wconf 89' lang='lat' dir='ltr'>apud</span> <span class='ocrx_word' id='word_1_769' title='bbox 603 4881 666 4922; x_wconf 88' lang='lat' dir='ltr'>se</span> <span class='ocrx_word' id='word_1_770' title='bbox 688 4865 860 4922; x_wconf 90' lang='lat' dir='ltr'>debet</span> <span class='ocrx_word' id='word_1_771' title='bbox 878 4867 1168 4938; x_wconf 87' lang='lat' dir='ltr'>judicare,</span> <span class='ocrx_word' id='word_1_772' title='bbox 1188 4867 1326 4940; x_wconf 90' lang='lat' dir='ltr'>quia</span> <span class='ocrx_word' id='word_1_773' title='bbox 1357 4867 1640 4926; x_wconf 83' lang='lat' dir='ltr'>Dominus</span> <span class='ocrx_word' id='word_1_774' title='bbox 1669 4876 1781 4941; x_wconf 89' lang='lat' dir='ltr'>est,</span> <span class='ocrx_word' id='word_1_775' title='bbox 1803 4875 1976 4946; x_wconf 74' lang='lat' dir='ltr'>cuius</span> <span class='ocrx_word' id='word_1_776' title='bbox 2005 4876 2066 4934; x_wconf 91' lang='lat' dir='ltr'>in</span> 
     </span>
    </p>
   </div>
   <div class='ocr_carea' id='block_1_96' title="bbox 414 4953 2064 5038">
    <p class='ocr_par' dir='ltr' id='par_1_96' title="bbox 414 4953 2064 5038">
     <span class='ocr_line' id='line_1_96' title="bbox 414 4953 2064 5038; baseline 0.008 -32"><span class='ocrx_word' id='word_1_777' title='bbox 414 4953 694 5025; x_wconf 82' lang='lat' dir='ltr'>mysterio</span> <span class='ocrx_word' id='word_1_778' title='bbox 725 4971 942 5028; x_wconf 89' lang='lat' dir='ltr'>corpus</span> <span class='ocrx_word' id='word_1_779' title='bbox 973 4957 1292 5012; x_wconf 78' lang='lat' dir='ltr'>manducet</span> <span class='ocrx_word' id='word_1_780' title='bbox 1309 4961 1367 5012; x_wconf 90' lang='lat' dir='ltr'>et</span> <span class='ocrx_word' id='word_1_781' title='bbox 1387 4959 1733 5031; x_wconf 85' lang='lat' dir='ltr'>sanguinem</span> <span class='ocrx_word' id='word_1_782' title='bbox 1757 4967 1941 5034; x_wconf 90' lang='lat' dir='ltr'>potat,</span> <span class='ocrx_word' id='word_1_783' title='bbox 1965 4965 2064 5038; x_wconf 92' lang='lat' dir='ltr'>qui</span> 
     </span>
    </p>
   </div>
   <div class='ocr_carea' id='block_1_97' title="bbox 411 5042 2065 5125">
    <p class='ocr_par' dir='ltr' id='par_1_97' title="bbox 411 5042 2065 5125">
     <span class='ocr_line' id='line_1_97' title="bbox 411 5042 2065 5125; baseline 0.007 -27"><span class='ocrx_word' id='word_1_784' title='bbox 411 5042 582 5099; x_wconf 84' lang='lat' dir='ltr'>testis</span> <span class='ocrx_word' id='word_1_785' title='bbox 611 5047 701 5098; x_wconf 90' lang='lat' dir='ltr'>est</span> <span class='ocrx_word' id='word_1_786' title='bbox 731 5043 997 5101; x_wconf 89' lang='lat' dir='ltr'>beneﬁcii</span> <span class='ocrx_word' id='word_1_787' title='bbox 1028 5043 1151 5100; x_wconf 90' lang='lat' dir='ltr'>Dei.</span> <span class='ocrx_word' id='word_1_788' title='bbox 1177 5048 1359 5112; x_wconf 92' lang='lat' dir='ltr'>Quem</span> <span class='ocrx_word' id='word_1_789' title='bbox 1386 5063 1492 5102; x_wconf 91' lang='lat' dir='ltr'>nos</span> <span class='ocrx_word' id='word_1_790' title='bbox 1523 5047 1573 5102; x_wconf 92' lang='lat' dir='ltr'>si</span> <span class='ocrx_word' id='word_1_791' title='bbox 1596 5064 1731 5104; x_wconf 92' lang='lat' dir='ltr'>cum</span> <span class='ocrx_word' id='word_1_792' title='bbox 1752 5049 2065 5125; x_wconf 86' lang='lat' dir='ltr'>disciplina</span> 
     </span>
    </p>
   </div>
   <div class='ocr_carea' id='block_1_98' title="bbox 409 5129 2066 5212">
    <p class='ocr_par' dir='ltr' id='par_1_98' title="bbox 409 5129 2066 5212">
     <span class='ocr_line' id='line_1_98' title="bbox 409 5129 2066 5212; baseline 0.007 -27"><span class='ocrx_word' id='word_1_793' title='bbox 409 5129 789 5204; x_wconf 89' lang='lat' dir='ltr'>accipiamus,</span> <span class='ocrx_word' id='word_1_794' title='bbox 811 5149 925 5188; x_wconf 91' lang='lat' dir='ltr'>non</span> <span class='ocrx_word' id='word_1_795' title='bbox 947 5133 1168 5188; x_wconf 89' lang='lat' dir='ltr'>erimus</span> <span class='ocrx_word' id='word_1_796' title='bbox 1191 5131 1417 5205; x_wconf 89' lang='lat' dir='ltr'>indigni</span> <span class='ocrx_word' id='word_1_797' title='bbox 1440 5149 1680 5206; x_wconf 87' lang='lat' dir='ltr'>corpore</span> <span class='ocrx_word' id='word_1_798' title='bbox 1699 5140 1757 5192; x_wconf 89' lang='lat' dir='ltr'>et</span> <span class='ocrx_word' id='word_1_799' title='bbox 1776 5139 2066 5212; x_wconf 86' lang='lat' dir='ltr'>sanguine</span> 
     </span>
    </p>
   </div>
   <div class='ocr_carea' id='block_1_99' title="bbox 408 5218 2063 5295">
    <p class='ocr_par' dir='ltr' id='par_1_99' title="bbox 408 5218 2063 5295">
     <span class='ocr_line' id='line_1_99' title="bbox 408 5218 2063 5295; baseline 0.006 -21"><span class='ocrx_word' id='word_1_800' title='bbox 408 5218 688 5276; x_wconf 90' lang='lat' dir='ltr'>Domini:</span> <span class='ocrx_word' id='word_1_801' title='bbox 732 5220 922 5294; x_wconf 86' lang='lat' dir='ltr'>gratia</span> <span class='ocrx_word' id='word_1_802' title='bbox 973 5221 1131 5276; x_wconf 92' lang='lat' dir='ltr'>enim</span> <span class='ocrx_word' id='word_1_803' title='bbox 1187 5221 1482 5277; x_wconf 89' lang='lat' dir='ltr'>videbitur</span> <span class='ocrx_word' id='word_1_804' title='bbox 1537 5223 1908 5295; x_wconf 86' lang='lat' dir='ltr'>redemptori.</span> <span class='ocrx_word' id='word_1_805' title='bbox 1933 5249 1962 5276; x_wconf 91' lang='grc'><strong>››</strong></span> <span class='ocrx_word' id='word_1_806' title='bbox 1991 5229 2063 5284; x_wconf 88' lang='lat' dir='ltr'>Et</span> 
     </span>
    </p>
   </div>
   <div class='ocr_carea' id='block_1_100' title="bbox 407 5305 2059 5384">
    <p class='ocr_par' dir='ltr' id='par_1_100' title="bbox 407 5305 2059 5384">
     <span class='ocr_line' id='line_1_100' title="bbox 407 5305 2059 5384; baseline 0.007 -22"><span class='ocrx_word' id='word_1_807' title='bbox 407 5305 548 5363; x_wconf 86' lang='lat' dir='ltr'>item</span> <span class='ocrx_word' id='word_1_808' title='bbox 579 5307 720 5364; x_wconf 92' lang='lat' dir='ltr'>dicit</span> <span class='ocrx_word' id='word_1_809' title='bbox 751 5325 804 5365; x_wconf 88' lang='lat'>:«</span> <span class='ocrx_word' id='word_1_810' title='bbox 828 5309 1117 5366; x_wconf 84' lang='lat' dir='ltr'>Medicina</span> <span class='ocrx_word' id='word_1_811' title='bbox 1145 5310 1302 5366; x_wconf 91' lang='lat' dir='ltr'>enim</span> <span class='ocrx_word' id='word_1_812' title='bbox 1331 5309 1614 5382; x_wconf 87' lang='lat' dir='ltr'>spiritalis</span> <span class='ocrx_word' id='word_1_813' title='bbox 1634 5316 1741 5380; x_wconf 90' lang='lat' dir='ltr'>est,</span> <span class='ocrx_word' id='word_1_814' title='bbox 1765 5328 1893 5384; x_wconf 68' lang='lat' dir='ltr'>quas</span> <span class='ocrx_word' id='word_1_815' title='bbox 1923 5331 2059 5372; x_wconf 90' lang='lat' dir='ltr'>cum</span> 
     </span>
    </p>
   </div>
   <div class='ocr_carea' id='block_1_101' title="bbox 409 5397 2062 5471">
    <p class='ocr_par' dir='ltr' id='par_1_101' title="bbox 409 5397 2062 5471">
     <span class='ocr_line' id='line_1_101' title="bbox 409 5397 2062 5471; baseline 0.007 -21"><span class='ocrx_word' id='word_1_816' title='bbox 409 5397 731 5454; x_wconf 88' lang='lat' dir='ltr'>reverentia</span> <span class='ocrx_word' id='word_1_817' title='bbox 771 5398 1082 5471; x_wconf 84' lang='lat' dir='ltr'>degustata</span> <span class='ocrx_word' id='word_1_818' title='bbox 1127 5399 1400 5471; x_wconf 86' lang='lat' dir='ltr'>puriticat</span> <span class='ocrx_word' id='word_1_819' title='bbox 1451 5397 1562 5454; x_wconf 87' lang='lat' dir='ltr'>sibi</span> <span class='ocrx_word' id='word_1_820' title='bbox 1612 5400 1906 5458; x_wconf 91' lang='lat' dir='ltr'>devotum.</span> <span class='ocrx_word' id='word_1_821' title='bbox 1931 5427 1960 5454; x_wconf 83' lang='lat'>»</span> <span class='ocrx_word' id='word_1_822' title='bbox 1992 5407 2062 5461; x_wconf 92' lang='lat' dir='ltr'>Et</span> 
     </span>
    </p>
   </div>
   <div class='ocr_carea' id='block_1_102' title="bbox 405 5482 2059 5562">
    <p class='ocr_par' dir='ltr' id='par_1_102' title="bbox 405 5482 2059 5562">
     <span class='ocr_line' id='line_1_102' title="bbox 405 5482 2059 5562; baseline 0.008 -24"><span class='ocrx_word' id='word_1_823' title='bbox 405 5482 548 5541; x_wconf 90' lang='lat' dir='ltr'>item</span> <span class='ocrx_word' id='word_1_824' title='bbox 584 5503 636 5542; x_wconf 88' lang='lat'>:«</span> <span class='ocrx_word' id='word_1_825' title='bbox 665 5486 790 5544; x_wconf 86' lang='lat' dir='ltr'>Ideo</span> <span class='ocrx_word' id='word_1_826' title='bbox 817 5489 984 5544; x_wconf 81' lang='lat' dir='ltr'>multi</span> <span class='ocrx_word' id='word_1_827' title='bbox 1013 5490 1074 5544; x_wconf 86' lang='lat' dir='ltr'>in</span> <span class='ocrx_word' id='word_1_828' title='bbox 1105 5488 1254 5544; x_wconf 86' lang='lat' dir='ltr'>vobis</span> <span class='ocrx_word' id='word_1_829' title='bbox 1281 5488 1520 5544; x_wconf 81' lang='lat' dir='ltr'>invalidi</span> <span class='ocrx_word' id='word_1_830' title='bbox 1546 5497 1598 5545; x_wconf 86' lang='lat' dir='ltr'>et</span> <span class='ocrx_word' id='word_1_831' title='bbox 1625 5495 1834 5562; x_wconf 79' lang='lat' dir='ltr'>a&#39;groti,</span> <span class='ocrx_word' id='word_1_832' title='bbox 1856 5503 1908 5550; x_wconf 90' lang='lat' dir='ltr'>et</span> <span class='ocrx_word' id='word_1_833' title='bbox 1933 5495 2059 5552; x_wconf 86' lang='lat' dir='ltr'>dor-</span> 
     </span>
    </p>
   </div>
   <div class='ocr_carea' id='block_1_103' title="bbox 406 5573 2060 5653">
    <p class='ocr_par' dir='ltr' id='par_1_103' title="bbox 406 5573 2060 5653">
     <span class='ocr_line' id='line_1_103' title="bbox 406 5573 2060 5653; baseline 0.008 -25"><span class='ocrx_word' id='word_1_834' title='bbox 406 5573 586 5633; x_wconf 88' lang='lat' dir='ltr'>miunt</span> <span class='ocrx_word' id='word_1_835' title='bbox 611 5576 794 5634; x_wconf 79' lang='lat' dir='ltr'>multi.</span> <span class='ocrx_word' id='word_1_836' title='bbox 828 5577 902 5635; x_wconf 91' lang='lat' dir='ltr'>Ut</span> <span class='ocrx_word' id='word_1_837' title='bbox 929 5594 1131 5636; x_wconf 89' lang='lat' dir='ltr'>verum</span> <span class='ocrx_word' id='word_1_838' title='bbox 1163 5577 1434 5652; x_wconf 83' lang='lat' dir='ltr'>probaret</span> <span class='ocrx_word' id='word_1_839' title='bbox 1462 5579 1603 5653; x_wconf 89' lang='lat' dir='ltr'>quia</span> <span class='ocrx_word' id='word_1_840' title='bbox 1632 5597 1875 5640; x_wconf 85' lang='lat' dir='ltr'>examen</span> <span class='ocrx_word' id='word_1_841' title='bbox 1909 5586 2060 5642; x_wconf 79' lang='lat' dir='ltr'>futu-</span> 
     </span>
    </p>
   </div>
   <div class='ocr_carea' id='block_1_104' title="bbox 2189 4607 3852 4693">
    <p class='ocr_par' dir='ltr' id='par_1_104' title="bbox 2189 4607 3852 4693">
     <span class='ocr_line' id='line_1_104' title="bbox 2189 4607 3852 4693; baseline -0.007 -19"><span class='ocrx_word' id='word_1_842' title='bbox 2189 4616 2430 4693; x_wconf 87' lang='lat' dir='ltr'>probrat</span> <span class='ocrx_word' id='word_1_843' title='bbox 2447 4610 2606 4668; x_wconf 89' lang='lat' dir='ltr'>enim</span> <span class='ocrx_word' id='word_1_844' title='bbox 2627 4608 2900 4682; x_wconf 90' lang='lat' dir='ltr'>superbis</span> <span class='ocrx_word' id='word_1_845' title='bbox 2921 4611 3099 4681; x_wconf 90' lang='lat' dir='ltr'>atque</span> <span class='ocrx_word' id='word_1_846' title='bbox 3129 4608 3458 4665; x_wconf 90' lang='lat' dir='ltr'>maledictis</span> <span class='ocrx_word' id='word_1_847' title='bbox 3477 4624 3584 4664; x_wconf 89' lang='lat' dir='ltr'>cur</span> <span class='ocrx_word' id='word_1_848' title='bbox 3613 4607 3775 4664; x_wconf 86' lang='lat' dir='ltr'>nihil</span> <span class='ocrx_word' id='word_1_849' title='bbox 3796 4607 3852 4664; x_wconf 86' lang='lat' dir='ltr'>in</span> 
     </span>
    </p>
   </div>
   <div class='ocr_carea' id='block_1_105' title="bbox 2183 4695 3852 4772">
    <p class='ocr_par' dir='ltr' id='par_1_105' title="bbox 2183 4695 3852 4772">
     <span class='ocr_line' id='line_1_105' title="bbox 2183 4695 3852 4772; baseline -0.006 -8"><span class='ocrx_word' id='word_1_850' title='bbox 2183 4708 2550 4764; x_wconf 88' lang='lat' dir='ltr'>sacramento</span> <span class='ocrx_word' id='word_1_851' title='bbox 2567 4698 2875 4772; x_wconf 88' lang='lat' dir='ltr'>sanguinis</span> <span class='ocrx_word' id='word_1_852' title='bbox 2892 4696 2984 4754; x_wconf 90' lang='lat' dir='ltr'>sui</span> <span class='ocrx_word' id='word_1_853' title='bbox 3005 4701 3184 4770; x_wconf 89' lang='lat' dir='ltr'>atque</span> <span class='ocrx_word' id='word_1_854' title='bbox 3205 4697 3414 4754; x_wconf 88' lang='lat' dir='ltr'>mortis</span> <span class='ocrx_word' id='word_1_855' title='bbox 3433 4695 3717 4754; x_wconf 86' lang='lat' dir='ltr'>utilitatis</span> <span class='ocrx_word' id='word_1_856' title='bbox 3733 4713 3852 4754; x_wconf 68' lang='lat' dir='ltr'>sua</span> 
     </span>
    </p>
   </div>
   <div class='ocr_carea' id='block_1_106' title="bbox 2179 4785 3852 4856">
    <p class='ocr_par' dir='ltr' id='par_1_106' title="bbox 2179 4785 3852 4856">
     <span class='ocr_line' id='line_1_106' title="bbox 2179 4785 3852 4856; baseline -0.006 -4"><span class='ocrx_word' id='word_1_857' title='bbox 2179 4811 2310 4852; x_wconf 88' lang='lat' dir='ltr'>esse</span> <span class='ocrx_word' id='word_1_858' title='bbox 2336 4787 2815 4856; x_wconf 86' lang='lat' dir='ltr'>existimaverint,</span> <span class='ocrx_word' id='word_1_859' title='bbox 2841 4803 2977 4843; x_wconf 90' lang='lat' dir='ltr'>cum</span> <span class='ocrx_word' id='word_1_860' title='bbox 3007 4785 3106 4842; x_wconf 88' lang='lat' dir='ltr'>ille</span> <span class='ocrx_word' id='word_1_861' title='bbox 3132 4785 3318 4842; x_wconf 90' lang='lat' dir='ltr'>nostri</span> <span class='ocrx_word' id='word_1_862' title='bbox 3341 4803 3522 4844; x_wconf 86' lang='lat' dir='ltr'>causa</span> <span class='ocrx_word' id='word_1_863' title='bbox 3549 4789 3612 4843; x_wconf 83' lang='lat' dir='ltr'>et</span> <span class='ocrx_word' id='word_1_864' title='bbox 3644 4790 3852 4854; x_wconf 84' lang='lat' dir='ltr'>natus,</span> 
     </span>
    </p>
   </div>
   <div class='ocr_carea' id='block_1_107' title="bbox 2179 4874 3852 4956">
    <p class='ocr_par' dir='ltr' id='par_1_107' title="bbox 2179 4874 3852 4956">
     <span class='ocr_line' id='line_1_107' title="bbox 2179 4874 3852 4956; baseline -0.007 -15"><span class='ocrx_word' id='word_1_865' title='bbox 2179 4887 2238 4940; x_wconf 90' lang='lat' dir='ltr'>et</span> <span class='ocrx_word' id='word_1_866' title='bbox 2271 4897 2502 4956; x_wconf 89' lang='lat' dir='ltr'>passus,</span> <span class='ocrx_word' id='word_1_867' title='bbox 2537 4883 2594 4935; x_wconf 88' lang='lat' dir='ltr'>et</span> <span class='ocrx_word' id='word_1_868' title='bbox 2635 4879 2906 4932; x_wconf 88' lang='lat' dir='ltr'>mortuus</span> <span class='ocrx_word' id='word_1_869' title='bbox 2937 4875 3034 4932; x_wconf 88' lang='lat' dir='ltr'>sit.</span> <span class='ocrx_word' id='word_1_870' title='bbox 3068 4897 3095 4924; x_wconf 91' lang='lat'>»</span> <span class='ocrx_word' id='word_1_871' title='bbox 3116 4875 3188 4931; x_wconf 88' lang='lat' dir='ltr'>Et</span> <span class='ocrx_word' id='word_1_872' title='bbox 3218 4875 3359 4932; x_wconf 88' lang='lat' dir='ltr'>item</span> <span class='ocrx_word' id='word_1_873' title='bbox 3398 4874 3555 4932; x_wconf 91' lang='lat' dir='ltr'>idem</span> <span class='ocrx_word' id='word_1_874' title='bbox 3593 4879 3852 4931; x_wconf 84' lang='lat' dir='ltr'>sanctus</span> 
     </span>
    </p>
   </div>
   <div class='ocr_carea' id='block_1_108' title="bbox 2178 4960 3852 5037">
    <p class='ocr_par' dir='ltr' id='par_1_108' title="bbox 2178 4960 3852 5037">
     <span class='ocr_line' id='line_1_108' title="bbox 2178 4960 3852 5037; baseline -0.004 -10"><span class='ocrx_word' id='word_1_875' title='bbox 2178 4970 2435 5028; x_wconf 87' lang='lat' dir='ltr'>Hilarius</span> <span class='ocrx_word' id='word_1_876' title='bbox 2467 4966 2830 5024; x_wconf 89' lang='lat' dir='ltr'>concordans</span> <span class='ocrx_word' id='word_1_877' title='bbox 2851 4968 3054 5022; x_wconf 89' lang='lat' dir='ltr'>sancto</span> <span class='ocrx_word' id='word_1_878' title='bbox 3071 4963 3381 5021; x_wconf 87' lang='lat' dir='ltr'>Ambrosio</span> <span class='ocrx_word' id='word_1_879' title='bbox 3402 4964 3462 5020; x_wconf 91' lang='lat' dir='ltr'>in</span> <span class='ocrx_word' id='word_1_880' title='bbox 3485 4960 3731 5037; x_wconf 85' lang='lat' dir='ltr'>psalmo</span> <span class='ocrx_word' id='word_1_881' title='bbox 3763 4979 3852 5030; x_wconf 74' lang='lat' dir='ltr'>LV,</span> 
     </span>
    </p>
   </div>
   <div class='ocr_carea' id='block_1_109' title="bbox 2175 5054 3856 5128">
    <p class='ocr_par' dir='ltr' id='par_1_109' title="bbox 2175 5054 3856 5128">
     <span class='ocr_line' id='line_1_109' title="bbox 2175 5054 3856 5128; baseline -0.005 -12"><span class='ocrx_word' id='word_1_882' title='bbox 2175 5059 2320 5116; x_wconf 90' lang='lat' dir='ltr'>dicit</span> <span class='ocrx_word' id='word_1_883' title='bbox 2367 5077 2382 5115; x_wconf 89' lang='lat'><strong>:</strong></span> <span class='ocrx_word' id='word_1_884' title='bbox 2425 5083 2452 5110; x_wconf 84' lang='lat'><strong><em>«</em></strong></span> <span class='ocrx_word' id='word_1_885' title='bbox 2495 5058 2650 5114; x_wconf 86' lang='lat' dir='ltr'>Sicut</span> <span class='ocrx_word' id='word_1_886' title='bbox 2701 5061 3148 5128; x_wconf 71' lang='lat' dir='ltr'>exspectaverunt</span> <span class='ocrx_word' id='word_1_887' title='bbox 3200 5054 3447 5110; x_wconf 85' lang='lat' dir='ltr'>animam</span> <span class='ocrx_word' id='word_1_888' title='bbox 3503 5067 3692 5108; x_wconf 82' lang='lat' dir='ltr'>meum</span> <span class='ocrx_word' id='word_1_889' title='bbox 3751 5068 3856 5125; x_wconf 84' lang='lat' dir='ltr'>pro</span> 
     </span>
    </p>
   </div>
   <div class='ocr_carea' id='block_1_110' title="bbox 2171 5139 3853 5220">
    <p class='ocr_par' dir='ltr' id='par_1_110' title="bbox 2171 5139 3853 5220">
     <span class='ocr_line' id='line_1_110' title="bbox 2171 5139 3853 5220; baseline -0.005 -15"><span class='ocrx_word' id='word_1_890' title='bbox 2171 5149 2354 5205; x_wconf 83' lang='lat' dir='ltr'>nihilo</span> <span class='ocrx_word' id='word_1_891' title='bbox 2372 5149 2547 5205; x_wconf 86' lang='lat' dir='ltr'>salves</span> <span class='ocrx_word' id='word_1_892' title='bbox 2572 5148 2740 5220; x_wconf 77' lang='lat' dir='ltr'>[acies</span> <span class='ocrx_word' id='word_1_893' title='bbox 2777 5145 2920 5214; x_wconf 82' lang='lat' dir='ltr'>illos,</span> <span class='ocrx_word' id='word_1_894' title='bbox 2947 5146 3008 5200; x_wconf 89' lang='lat' dir='ltr'>in</span> <span class='ocrx_word' id='word_1_895' title='bbox 3037 5145 3126 5200; x_wconf 87' lang='lat' dir='ltr'>ira</span> <span class='ocrx_word' id='word_1_896' title='bbox 3147 5143 3379 5216; x_wconf 81' lang='lat' dir='ltr'>populos</span> <span class='ocrx_word' id='word_1_897' title='bbox 3405 5139 3637 5198; x_wconf 74' lang='lat' dir='ltr'>deduce:</span> <span class='ocrx_word' id='word_1_898' title='bbox 3669 5141 3853 5214; x_wconf 69' lang='lat' dir='ltr'>(Paul.</span> 
     </span>
    </p>
   </div>
   <div class='ocr_carea' id='block_1_111' title="bbox 2177 5231 3858 5310">
    <p class='ocr_par' dir='ltr' id='par_1_111' title="bbox 2177 5231 3858 5310">
     <span class='ocr_line' id='line_1_111' title="bbox 2177 5231 3858 5310; baseline -0.004 -18"><span class='ocrx_word' id='word_1_899' title='bbox 2177 5253 2262 5304; x_wconf 85' lang='lat' dir='ltr'>LV,</span> <span class='ocrx_word' id='word_1_900' title='bbox 2287 5237 2364 5310; x_wconf 87' lang='lat'>8).</span> <span class='ocrx_word' id='word_1_901' title='bbox 2384 5241 2580 5293; x_wconf 89' lang='lat' dir='ltr'>Novus</span> <span class='ocrx_word' id='word_1_902' title='bbox 2600 5234 2695 5291; x_wconf 91' lang='lat' dir='ltr'>hic</span> <span class='ocrx_word' id='word_1_903' title='bbox 2727 5233 3022 5308; x_wconf 64' lang='lat' dir='ltr'>prophetis</span> <span class='ocrx_word' id='word_1_904' title='bbox 3055 5249 3249 5290; x_wconf 90' lang='lat' dir='ltr'>sermo</span> <span class='ocrx_word' id='word_1_905' title='bbox 3270 5235 3378 5302; x_wconf 89' lang='lat' dir='ltr'>est,</span> <span class='ocrx_word' id='word_1_906' title='bbox 3399 5235 3465 5286; x_wconf 90' lang='lat' dir='ltr'>ut</span> <span class='ocrx_word' id='word_1_907' title='bbox 3492 5247 3591 5286; x_wconf 87' lang='lat' dir='ltr'>eos</span> <span class='ocrx_word' id='word_1_908' title='bbox 3616 5231 3732 5302; x_wconf 86' lang='lat' dir='ltr'>qui</span> <span class='ocrx_word' id='word_1_909' title='bbox 3757 5249 3858 5286; x_wconf 81' lang='lat' dir='ltr'>ex-</span> 
     </span>
    </p>
   </div>
   <div class='ocr_carea' id='block_1_112' title="bbox 2172 5317 3857 5398">
    <p class='ocr_par' dir='ltr' id='par_1_112' title="bbox 2172 5317 3857 5398">
     <span class='ocr_line' id='line_1_112' title="bbox 2172 5317 3857 5398; baseline -0.005 -17"><span class='ocrx_word' id='word_1_910' title='bbox 2172 5330 2439 5398; x_wconf 88' lang='lat' dir='ltr'>spectant</span> <span class='ocrx_word' id='word_1_911' title='bbox 2469 5325 2729 5380; x_wconf 90' lang='lat' dir='ltr'>animam</span> <span class='ocrx_word' id='word_1_912' title='bbox 2763 5341 2933 5380; x_wconf 89' lang='lat' dir='ltr'>suam</span> <span class='ocrx_word' id='word_1_913' title='bbox 2965 5323 3040 5380; x_wconf 91' lang='lat' dir='ltr'>ad</span> <span class='ocrx_word' id='word_1_914' title='bbox 3071 5321 3324 5379; x_wconf 90' lang='lat' dir='ltr'>nihilum</span> <span class='ocrx_word' id='word_1_915' title='bbox 3357 5321 3512 5378; x_wconf 84' lang='lat' dir='ltr'>Deus</span> <span class='ocrx_word' id='word_1_916' title='bbox 3541 5317 3764 5383; x_wconf 74' lang='lat' dir='ltr'>salvet,</span> <span class='ocrx_word' id='word_1_917' title='bbox 3797 5323 3857 5374; x_wconf 91' lang='lat' dir='ltr'>et</span> 
     </span>
    </p>
   </div>
   <div class='ocr_carea' id='block_1_113' title="bbox 2172 5409 3858 5483">
    <p class='ocr_par' dir='ltr' id='par_1_113' title="bbox 2172 5409 3858 5483">
     <span class='ocr_line' id='line_1_113' title="bbox 2172 5409 3858 5483; baseline -0.004 -13"><span class='ocrx_word' id='word_1_918' title='bbox 2172 5431 2309 5470; x_wconf 89' lang='lat' dir='ltr'>cum</span> <span class='ocrx_word' id='word_1_919' title='bbox 2340 5414 2500 5470; x_wconf 90' lang='lat' dir='ltr'>aliud</span> <span class='ocrx_word' id='word_1_920' title='bbox 2532 5413 2609 5470; x_wconf 91' lang='lat' dir='ltr'>sit</span> <span class='ocrx_word' id='word_1_921' title='bbox 2629 5415 2701 5470; x_wconf 91' lang='lat' dir='ltr'>ad</span> <span class='ocrx_word' id='word_1_922' title='bbox 2738 5412 3012 5483; x_wconf 88' lang='lat' dir='ltr'>nihilum,</span> <span class='ocrx_word' id='word_1_923' title='bbox 3037 5411 3198 5470; x_wconf 88' lang='lat' dir='ltr'>aliud</span> <span class='ocrx_word' id='word_1_924' title='bbox 3224 5409 3459 5480; x_wconf 89' lang='lat' dir='ltr'>salvari,</span> <span class='ocrx_word' id='word_1_925' title='bbox 3482 5424 3646 5464; x_wconf 88' lang='lat' dir='ltr'>nunc</span> <span class='ocrx_word' id='word_1_926' title='bbox 3682 5409 3858 5464; x_wconf 84' lang='lat' dir='ltr'>salus</span> 
     </span>
    </p>
   </div>
   <div class='ocr_carea' id='block_1_114' title="bbox 2171 5496 3856 5576">
    <p class='ocr_par' dir='ltr' id='par_1_114' title="bbox 2171 5496 3856 5576">
     <span class='ocr_line' id='line_1_114' title="bbox 2171 5496 3856 5576; baseline -0.003 -17"><span class='ocrx_word' id='word_1_927' title='bbox 2171 5519 2301 5576; x_wconf 74' lang='lat' dir='ltr'>quae</span> <span class='ocrx_word' id='word_1_928' title='bbox 2332 5502 2388 5558; x_wconf 92' lang='lat' dir='ltr'>in</span> <span class='ocrx_word' id='word_1_929' title='bbox 2423 5502 2554 5559; x_wconf 90' lang='lat' dir='ltr'>illos</span> <span class='ocrx_word' id='word_1_930' title='bbox 2587 5503 2686 5558; x_wconf 89' lang='lat' dir='ltr'>ﬁet</span> <span class='ocrx_word' id='word_1_931' title='bbox 2717 5504 2789 5559; x_wconf 91' lang='lat' dir='ltr'>ad</span> <span class='ocrx_word' id='word_1_932' title='bbox 2823 5502 3075 5559; x_wconf 90' lang='lat' dir='ltr'>nihilum</span> <span class='ocrx_word' id='word_1_933' title='bbox 3105 5502 3203 5565; x_wconf 87' lang='lat' dir='ltr'>sit.</span> <span class='ocrx_word' id='word_1_934' title='bbox 3227 5501 3330 5557; x_wconf 86' lang='lat' dir='ltr'>Est</span> <span class='ocrx_word' id='word_1_935' title='bbox 3359 5515 3496 5571; x_wconf 88' lang='lat' dir='ltr'>ergo</span> <span class='ocrx_word' id='word_1_936' title='bbox 3527 5497 3699 5570; x_wconf 88' lang='lat' dir='ltr'>quod</span> <span class='ocrx_word' id='word_1_937' title='bbox 3733 5496 3856 5554; x_wconf 82' lang='lat' dir='ltr'>sal-</span> 
     </span>
    </p>
   </div>
   <div class='ocr_carea' id='block_1_115' title="bbox 2147 5586 3861 5666">
    <p class='ocr_par' dir='ltr' id='par_1_115' title="bbox 2147 5586 3861 5666">
     <span class='ocr_line' id='line_1_115' title="bbox 2147 5586 3861 5666; baseline -0.006 -13"><span class='ocrx_word' id='word_1_938' title='bbox 2147 5596 2339 5654; x_wconf 88' lang='lat' dir='ltr'>.vetur</span> <span class='ocrx_word' id='word_1_939' title='bbox 2369 5591 2429 5648; x_wconf 91' lang='lat' dir='ltr'>in</span> <span class='ocrx_word' id='word_1_940' title='bbox 2451 5590 2726 5664; x_wconf 89' lang='lat' dir='ltr'>nihilum,</span> <span class='ocrx_word' id='word_1_941' title='bbox 2751 5597 2841 5649; x_wconf 90' lang='lat' dir='ltr'>est</span> <span class='ocrx_word' id='word_1_942' title='bbox 2862 5591 3059 5666; x_wconf 87' lang='lat' dir='ltr'>plane,</span> <span class='ocrx_word' id='word_1_943' title='bbox 3082 5589 3370 5666; x_wconf 88' lang='lat' dir='ltr'>quidquid</span> <span class='ocrx_word' id='word_1_944' title='bbox 3405 5586 3861 5648; x_wconf 82' lang='lat' dir='ltr'>resurrectione</span> 
     </span>
    </p>
   </div>
  </div>
