3962 6178
192 430 289 492 ωδ
868 426 971 487 DE
1018 424 1777 489 PBIEDESTINATIONE
1821 422 2343 495 DbSSERTA'I‘lO
2385 425 2851 489 POSTERIOR.
3444 432 3571 497 ma

192 565 306 624 idem
346 562 585 637 Spiritus
613 562 675 633 (Γ
700 560 822 621 Cor.
853 578 954 632 xu,
1003 561 1110 635 10).
1143 563 1215 619 Et
1258 562 1472 619 iterum
1519 560 1806 635 scriptum
1837 558 1892 633 Α
1920 560 2084 619 ribus
2113 559 2296 635 igitur
2314 560 2389 618 ad
2410 560 2661 619 salutem
2683 560 3126 621 resurrectionis
3145 568 3236 622 est
3252 571 3521 633 mortuus
3546 586 3559 626 :

190 661 261 714 est
287 672 299 712 :
331 654 473 724 Quos
499 655 791 727 praesciuit,
832 653 931 710 hos
986 662 1039 711 et
1086 653 1532 726 praedestinavit;
1569 660 1623 710 et
1676 669 1806 726 quos
1916 653 2019 710 sed
2048 653 2444 710 sanctiﬁcatos
2476 653 2535 708 in
2568 652 2854 726 sanguine
2884 670 2991 711 suo
3023 653 3273 713 salvabit
3297 658 3373 717 ab
3400 658 3506 717 ira.
3533 683 3562 711 »

187 745 590 821 prmanavit,
621 744 717 800 hos
743 751 797 800 et
822 745 1060 812 vocavit;
1103 752 1157 800 et
1195 759 1327 816 quos
1372 744 1599 810 vocavit,
1633 743 1727 800 hos
1755 751 1809 801 et
1914 744 1986 801 Et
2019 744 2077 799 S.
2100 742 2466 816 Augustinus
2496 742 2735 800 in'libro
2764 743 3048 815 vigesimo
3089 746 3159 803 de
3189 745 3433 806 Civitate
3460 749 3571 809 Deis

180 835 506 911 jusliﬂeauit;
553 841 606 890 et
647 850 778 906 quos
818 834 1160 906 justiﬂcavit,
1215 834 1339 891 illos
1387 841 1440 889 et
1481 834 1809 905 gloriﬁcavit
1914 832 2102 904 capite
2130 832 2410 905 vigesimo
2446 836 2679 890 sextam
2703 834 2808 890 Pro
2831 834 3107 891 omnibus
3130 837 3379 894 mortuis
3398 836 3579 896 vivus:

188 927 330 994 (Rom.
351 939 476 989 VIII,
498 922 613 993 29).
637 922 707 978 Et
743 922 908 990 item,
937 922 1115 994 Elegit
1146 940 1248 979 nos
1279 932 1403 980 ante
1443 931 1681 996 tempora
1709 941 1803 979 su~
1914 926 2185 980 mortuus
2215 927 2306 978 est
2348 941 2523 991 unus,
2557 923 2616 980 id
2655 927 2763 989 est,
2798 923 3028 981 nullum
3068 925 3294 983 habens
3322 928 3574 984 omnino.

1914 1015 2238 1084 peccatum,
2264 1016 2330 1068 ut
2357 1012 2456 1084 qui
2488 1029 2590 1084 per
2627 1012 3034 1070 remissionem
3076 1018 3447 1086 peccatorum
3479 1016 3567 1072 vi.-

1911 1104 2075 1169 vunt,
2101 1102 2226 1173 jam
2259 1119 2376 1159 non
2416 1102 2528 1158 sibi
2559 1103 2770 1169 vivant,
2795 1103 2897 1158 sed
2927 1103 2978 1159 ei
3011 1104 3113 1175 qui
3152 1121 3257 1176 pro
3285 1106 3567 1171 omnibus

1914 1194 2182 1247 mortuus
2212 1196 2317 1273 est.
2342 1195 2578 1264 propter
2614 1196 2852 1263 peccata
2896 1197 3117 1261 nostra,
3141 1197 3201 1250 et
3246 1197 3569 1252 resurrexit

1912 1285 2149 1353 propter
2159 1280 2647 1352 justiﬁcationem
2664 1285 3017 1349 nostram,ut
3030 1283 3333 1340 credentes
3348 1284 3407 1340 in
3424 1303 3561 1342 eum

1911 1370 2010 1441 qui
2033 1370 2325 1443 justiﬁcat
2354 1371 2624 1443 impium,
2648 1388 2716 1426 ex
2744 1370 3041 1443 impietate
3072 1372 3406 1442 justiﬁcati,
3428 1379 3559 1431 tunc

1911 1476 2089 1530 quam
2112 1476 2179 1516 ex
2196 1464 2381 1516 morte
2396 1459 2689 1526 viviﬁcati,
2705 1460 2774 1515 ad
2799 1459 3049 1531 primam
3073 1463 3564 1521 resurrectionem

1910 1563 2038 1619 quae
2062 1563 2217 1605 nunc
2240 1552 2331 1605 est
2352 1546 2639 1620 pertinere
2660 1546 2978 1619 possimus.
2995 1548 3079 1604 Ad
3105 1547 3253 1605 hanc
3271 1549 3426 1606 enim
3450 1549 3564 1623 pri~

1910 1654 2068 1693 mam
2092 1637 2200 1694 soli
2221 1637 2516 1710 pertinent
2536 1636 2636 1709 qui
2667 1636 2823 1693 beati
2845 1640 3018 1692 erunt
3046 1635 3119 1692 in.
3135 1639 3417 1694 aeternum
3442 1655 3455 1693 :
3483 1639 3563 1695 ad-

177 1724 321 1780 etiam
339 1724 728 1782 collocatione
749 1725 1010 1785 ﬁdelium
1030 1727 1625 1800 propellendus.Nam
1651 1736 1801 1789 Deus
1909 1727 2229 1783 secundum
2267 1742 2421 1793 vero,
2445 1727 2518 1782 de
2546 1743 2665 1798 qua
2702 1742 2837 1783 mox
2876 1724 3109 1782 locutus
3138 1729 3247 1794 est,
3270 1729 3328 1782 et
3358 1727 3561 1783 beatos

177 1812 373 1882 vindex,
401 1830 518 1869 non
551 1819 755 1872 auctor
786 1815 925 1871 mali
959 1820 1067 1882 est,
1088 1833 1189 1873 nec
1226 1819 1411 1875 volens
1455 1821 1802 1894 iniquitatem
1909 1816 2197 1887 pertinere
2222 1815 2454 1873 docebit
2483 1819 2540 1872 et
2569 1815 2837 1871 miseros.
2862 1815 2979 1871 Ista
3008 1819 3099 1871 est
3124 1814 3561 1883 misericordiae,”

174 1903 554 2005 (Mv,3:),ut
574 1904 860 1977 scriptum
876 1906 1071 1962 est.Et
1091 1907 1319 1964 cunctis
1337 1910 1436 1981 qui
1459 1909 1603 1967 salvi
1627 1911 1796 1979 fiunt,
1830 1937 1878 2005 Β
1908 1903 2010 1961 illa
2031 1903 2243 1977 judicii
2267 1922 2280 1961 :
2306 1909 2541 2005 propter
2578 1905 2734 1976 quod
2766 1903 2825 1959 in
2871 1902 3098 2005 psalmo
3126 1902 3416 2005 scriptum
3444 1907 3553 2005 est,

175 1990 551 2053 Wsalutis
567 1993 901 2064 est,nemini
920 1999 1115 2052 autem
1130 2012 1309 2055 causa
1324 1998 1669 2070 perditionis
1684 2005 1792 2069 est,
1830 1990 1876 2005 ”
1907 1994 2334 2053 Μίεενίοοναίατπ
2360 2003 2412 2051 et
2428 1994 2706 2067 judicium
2733 1993 2958 2051 cantabo
2986 1992 3106 2058 tibi,
3134 1994 3361 2050 Domine
3379 1993 3553 2063 (Psal.

173 2080 253 2152 qui
278 2097 484 2140 omnes
504 2081 631 2137 vult
658 2081 849 2139 salvos
877 2085 1023 2151 fieri,
1047 2089 1106 2140 et
1127 2086 1421 2143 neminem
1444 2088 1567 2144 vult
1586 2090 1790 2161 perire.

1908 2100 1960 2150 c,
1994 2084 2123 2156 1).»
2154 2086 2225 2143 Et
2252 2083 2600 2141 Ambrosius
2639 2083 2699 2138 in
2743 2081 3004 2154 Epistula
3051 2083 3126 2138 ad
3174 2080 3504 2138 Corinthios
3538 2099 3552 2138 :

172 2168 258 2233 Qui
272 2168 424 2225 enim
440 2175 792 2243 spreverunt
802 2172 1161 2230 voluntatem
1175 2175 1407 2233 Domini
1428 2177 1790 2247 invitantem,

1903 2173 2057 2229 Sicut
2083 2173 2240 2230 enim
2272 2174 2334 2229 iu
2362 2172 2533 2229 Adam
2557 2188 2741 2229 omnes
2768 2172 3106 2237 moriuntur,
3137 2172 3217 2227 ita
3245 2172 3305 2226 in
3335 2170 3567 2227 Christo.

169 2256 504 2323 voluntatem
534 2260 769 2316 Domini
796 2261 1051 2318 sentient
1078 2262 1491 2335 vindicantem,
1516 2267 1790 2340 quoniam

1903 2280 2086 2320 omnes
2138 2263 2561 2334 viviﬁcabuntur
2606 2262 2665 2330 (ι
2710 2261 2830 2318 Cor.
2879 2279 2970 2329 xv,
3020 2260 3112 2331 22)
3145 2276 3158 2316 :
3189 2282 3217 2311 «
3268 2259 3561 2317 Omnibus

170 2345 289 2401 nulli
314 2348 694 2406 correctionis
717 2349 928 2409 adimit
942 2349 1116 2419 viam,
1140 2369 1247 2409 nec
1270 2371 1625 2428 quemquam
1656 2356 1799 2414 boni

167 2434 532 2504 possibilitate
563 2437 861 2511 dispoliat.
886 2440 996 2497 Sed
1021 2441 1121 2513 qui
1145 2459 1206 2498 se
1237 2444 1309 2499 ab
1331 2460 1396 2499 eo
1418 2444 1643 2514 avertit,
1668 2447 1793 2520 ipse

187 1013 390 1077 altaria,
409 1010 831 1083 prwdestinans,
857 1027 977 1081 nos,
1000 1011 1059 1067 id
1082 1015 1173 1068 est
1196 1030 1551 1086 przeparans,
1584 1021 1646 1069 ut
1671 1029 1807 1069 esse-

184 1119 282 1158 m
330 1103 510 1157 sancti
568 1108 620 1156 et
670 1101 1012 1157 inmaculati
1052 1101 1267 1173 (Ephes.
1296 1102 1433 1174 1,4).
1466 1102 1612 1158 Hinc
1666 1119 1803 1175 ergo

185 1191 363 1246 scitum
387 1194 480 1246 est
499 1190 661 1263 quod
677 1190 797 1263 qui,
823 1194 887 1246 ut
908 1189 1018 1246 hoc
1037 1190 1407 1247 diffinitionis
1425 1191 1803 1247 conditionali

182 1285 347 1341 tenore
379 1280 729 1348 ostenditur,
767 1281 911 1337 dicit
956 1285 1059 1337 aut
1106 1281 1545 1355 subintelligere
1597 1300 1800 1338 susur-

182 1371 331 1427 raado
363 1369 685 1439 contendit,
710 1370 989 1443 quoniam
1017 1370 1505 1440 Antichistus,vel
1553 1371 1803 1444 quilibet

181 1459 379 1531 mprobi
401 1475 471 1515 ex
492 1460 609 1515 Deo
632 1459 891 1516 habeant
909 1477 1147 1518 causam
1175 1460 1538 1533 perditionis,
1553 1461 1640 1517 vel
1672 1478 1803 1534 ope-

180 1545 373 1603 ratione
404 1547 597 1620 ipsius
625 1552 885 1621 pereant,
909 1565 1024 1605 non
1055 1549 1401 1617 catholicus,
1424 1552 1525 1607 sed
1556 1550 1801 1608 insanus

179 1639 264 1707 est,
283 1640 335 1692 et
350 1636 402 1694 si
423 1637 845 1711 ineorrigibilis
864 1654 1231 1711 perseverare
1251 1639 1546 1708 maluerit,
1569 1642 1640 1698 ab
1671 1641 1802 1716 ipsa

1902 2445 1993 2497 est
2030 2441 2540 2507 resurrectionem,
2576 2439 2844 2513 quamvis
2891 2437 3242 2511 generaliter
3284 2436 3561 2495 tribuerit

167 2539 262 2578 non
283 2525 435 2582 Deus
458 2530 519 2582 et
535 2526 681 2584 velle
701 2529 855 2600 quod
888 2529 1109 2586 bonum
1144 2536 1234 2588 est
1263 2536 1318 2589 et
1349 2550 1519 2605 posse
1549 2534 1660 2591 sibi
1694 2554 1792 2592 su.-
1901 2530 2530 2587 resurrectionem.»Et
2546 2529 2689 2585 item
2709 2527 2770 2584 in
2796 2528 3001 2584 eadem
3019 2527 3560 2600 Epistola:l’erbum

167 2612 328 2671 stulit.
348 2614 479 2670 Non
510 2621 602 2672 est
632 2633 768 2690 ergo
789 2634 1155 2692 con-sequens
1175 2624 1239 2676 ut
1265 2621 1417 2677 Deus
1439 2623 1655 2694 quibus
1680 2642 1793 2696 pce-
1898 2622 2048 2676 enim
2077 2621 2256 2675 crucis
2293 2620 2644 2689 pereuntibus
2674 2617 2892 2688 quidem
2927 2618 3163 2673 stultitia
3189 2617 3345 2683 est-{1
3363 2616 3483 2672 Cor.
3509 2635 3550 2683 ι,

164 2700 446 2761 nitentium
478 2722 595 2761 non
626 2705 867 2774 dederit,
889 2708 1355 2780 resipiscentiam
1385 2712 1712 2781 abstulerit,
1736 2718 1794 2770 et
1901 2709 1988 2775 18)
2023 2725 2036 2764 :
2066 2729 2094 2758 ‹‹
2135 2707 2510 2763 Manifestum
2563 2710 2653 2761 est
2697 2704 2835 2777 quia
2882 2705 3096 2776 quibus
3143 2722 3285 2761 crux
3332 2704 3551 2763 Christi

164 2805 289 2860 quos
315 2809 433 2848 non
463 2793 739 2850 levaverit
758 2794 1023 2863 alliserit,
1046 2814 1180 2853 cum
1211 2797 1368 2854 aliud
1392 2799 1471 2856 sit
1498 2800 1789 2857 insontem
1900 2796 2155 2854 stultitia
2176 2800 2266 2853 est
2295 2796 2351 2851 in
2387 2794 2712 2867 perditione
2735 2797 2893 2860 sunt,
2921 2792 3158 2849 infernas
3185 2792 3342 2850 enim
3375 2795 3551 2850 morti

163 2878 210 2932 in
222 2881 435 2937 crimen
458 2881 653 2955 egisse
673 2900 777 2955 per
790 2885 943 2956 quod
964 2885 1037 2941 ad
1053 2887 1409 2959 supplicium
1433 2890 1786 2960 pervenitur,
1901 2901 2016 2940 non
2047 2888 2186 2940 sunt
2213 2884 2428 2956 erepti;
2461 2883 2547 2938 his
2574 2890 2756 2938 autem
2785 2883 2882 2953 qui
2905 2881 3051 2936 salvi
3084 2882 3231 2951 ﬁunt
3255 2884 3427 2938 virtus
3447 2883 3553 2938 Dei

162 2970 293 3038 quod
321 2970 585 3027 alienum
616 2976 706 3028 est
750 2989 786 3028 a
828 2973 946 3030 Deo
970 2990 983 3028 :
1008 2974 1166 3035 aliud
1216 2975 1532 3032 criminose
1561 2979 1787 3034 veniam
1898 2973 2207 3044 est.(ibid.).
2232 2973 2355 3028 Non
2395 2976 2483 3028 est
2512 2972 2851 3037 obscurum,
2877 2969 3019 3041 quia
3044 2968 3140 3026 his
3167 2969 3270 3041 qui
3301 2970 3549 3025 credunt

158 3073 256 3113 non
282 3058 537 3127 dedisse,
565 3061 722 3133 quod
752 3062 824 3117 de
869 3063 1190 3134 peccatoris
1237 3068 1326 3121 est
1373 3066 1602 3134 merito,
1637 3071 1693 3123 et
1721 3085 1790 3125 ex
1894 3061 2084 3119 virtus
2105 3060 2207 3118 Dei
2232 3065 2322 3117 est
2347 3078 2360 3116 :
2387 3061 2633 3117 credunt
2655 3058 2811 3115 enim
2838 3074 2953 3113 non
2984 3057 3388 3115 inﬁrmitatem
3413 3076 3547 3116 esse

159 3146 517 3204 retributione
531 3149 776 3220 justitite
789 3151 939 3223 justi
955 3151 1177 3224 judicis
1196 3153 1526 3210 vindicatur
1537 3156 1785 3227 judicio.
1897 3168 2130 3207 crucem
2162 3149 2377 3206 Christi
2417 3150 2519 3206 sed
2562 3148 2868 3214 virtutem;
2902 3145 3296 3221 intelligentes
3333 3146 3553 3204 victam

156 3233 282 3291 Nam
303 3236 349 3292 si
371 3237 679 3293 Christum
702 3237 793 3295 his
816 3242 1049 3296 tantum
1070 3242 1327 3298 remedia
1348 3243 1615 3301 attulisse
1635 3245 1791 3300 dica—
1898 3244 2146 3297 mortem
2178 3238 2238 3294 in
2269 3256 2460 3306 cruce,
2495 3238 2667 3309 cujus
2713 3236 2950 3309 signum
2982 3234 3087 3308 qui
3129 3233 3352 3292 habent
3402 3235 3550 3293 salvi

157 3338 270 3379 mus
296 3324 399 3397 qui
441 3326 731 3399 redempti
776 3331 936 3393 sunt,
967 3328 1299 3386 videbimur
1342 3331 1639 3389 absolvere
1670 3349 1785 3389 non
1818 3308 1869 3376 θ’
1899 3333 2056 3395 sunt,
2088 3327 2229 3401 quia
2256 3328 2329 3383 ab
2360 3326 2462 3382 illa
2490 3308 2675 3382 teneri
2708 3308 2824 3381 non
2856 3327 3124 3397 possunt.
3150 3345 3179 3373 »
3201 3323 3273 3380 Et
3301 3323 3459 3379 Beda
3482 3322 3549 3381 in

153 3412 651 3486 redemptos,quos
671 3431 773 3487 pro
796 3417 1190 3489 redemptione
1210 3423 1542 3494 contempta
1557 3427 1787 3480 constat
1894 3421 2227 3473 commento
2267 3417 2454 3483 Lucae,
2488 3415 2829 3472 Retribuetur
2866 3416 3017 3470 enim
3054 3415 3116 3469 in
3152 3414 3545 3470 resurrectione

153 3516 261 3556 esse
290 3502 647 3574 puniendos.
676 3503 735 3560 Si
782 3504 962 3573 enim,
1007 3510 1074 3562 ut
1118 3506 1325 3564 beatus
1365 3510 1678 3583 Gregorius
1722 3512 1782 3567 in
1883 3508 2161 3578 iustorum
2206 3507 2357 3573 (Luc.
2398 3521 2514 3573 xxv,
2566 3505 2655 3572 14)
2687 3520 2755 3559 :«
2790 3500 3296 3559 Resurrectionem
3324 3501 3540 3573 ’justo-

153 3586 371 3647 homilia
415 3592 725 3664 trigesima
769 3593 978 3666 quinta
1034 3595 1254 3664 scribit,
1290 3615 1448 3653 mors
1482 3599 1782 3670 justorum
1893 3612 2025 3650 rum
2055 3593 2216 3661 dicit,
2251 3591 2353 3664 qui
2383 3592 2490 3648 etsi
2520 3607 2723 3646 omnes
2753 3593 3081 3662 resurgant,
3109 3605 3311 3645 eorum
3341 3592 3539 3645 tamen

151 3675 387 3735 bonisin
421 3679 786 3752 adjutorium
817 3686 927 3749 est,
949 3682 1124 3740 malis
1162 3680 1223 3740 in
1263 3686 1689 3757 testimonium,
1718 3694 1785 3745 ut
1893 3699 2008 3739 non
2047 3681 2341 3738 immerito
2372 3679 2544 3753 quasi
2584 3678 2820 3752 propria
2847 3676 3315 3751 cognominatur,
3344 3677 3445 3749 qui
3472 3676 3539 3732 in

150 3761 267 3822 inde
293 3769 552 3841 perversi
586 3770 712 3825 sine
740 3770 1113 3829 excusatione
1144 3780 1401 3845 pereant,
1428 3778 1582 3833 unde
1616 3778 1781 3834 electi
1891 3770 2002 3828 hac
2032 3788 2093 3826 se
2122 3770 2324 3826 beatos
2356 3786 2469 3824 non
2493 3767 2767 3824 dubitant
2794 3783 2922 3822 esse
2952 3767 3200 3821 futuros.
3228 3787 3256 3814 ››
3279 3765 3351 3820 Et
3378 3765 3542 3821 Pros-

147 3855 367 3925 Oapinnt
407 3856 747 3930 exemplum
798 3863 865 3913 ut
905 3859 1120 3929 vivant,
1155 3861 1340 3918 multo
1387 3865 1577 3937 magis
1624 3883 1782 3923 mors
1890 3876 1994 3932 per
2021 3861 2224 3915 contra
2251 3856 2448 3915 Gallos
2491 3856 2717 3912 actione
2747 3872 2903 3912 nona.
2930 3852 3073 3910 dicit
3103 3870 3155 3909 ;‹‹
3187 3853 3541 3926 Redemptor

150 3940 541 4018 Redemptoris
570 3946 756 4002 nostri
813 3963 919 4019 pro
960 3948 1237 4006 omnibus
1292 3953 1529 4021 mortui,
1555 3958 1620 4009 ut
1658 3972 1781 4010 cre-
1891 3948 2098 4005 mundi
2129 3947 2290 4004 dedit
2320 3965 2422 4019 pro
2455 3946 2675 4001 mundo
2697 3944 3047 4017 sanguinem
3069 3959 3265 4009 suum,
3287 3947 3536 4001 etman-

146 4028 403 4088 dentibus
438 4037 620 4106 atque
651 4034 873 4091 devotis
902 4035 1087 4106 salus,
1109 4036 1191 4093 ita
1221 4038 1536 4095 incredulis
1564 4046 1622 4096 et
1651 4059 1784 4098 con-
1890 4039 2004 4094 dus
2035 4035 2241 4093 redimi
2272 4035 2478 4102 noluit,
2503 4033 2641 4107 quia
2666 4033 2859 4089 lucem
2887 4032 3138 4088 tenebrze
3166 4050 3282 4087 non
3314 4048 3544 4105 recepe-

1890 4130 2029 4183 runt
2050 4143 2063 4180 :
2087 4129 2146 4182 et
2164 4125 2413 4181 tenebrae
2437 4120 3020 4194 receperunt,quibus
3041 4120 3184 4175 dicit
3201 4119 3532 4191 Apostolus,
3570 4146 3589 4155 κ

145 4122 521 4193 temptoribus
568 4140 698 4179 esse
736 4123 795 4181 in
825 4126 1329 4183 condemnationis
1376 4129 1779 4187 testimonium

1889 4218 2088 4273 Fuistis
2113 4213 2411 4287 aliquando
2441 4212 2851 4279 tenebraz,nunc
2876 4217 3059 4265 autem
3087 4209 3188 4264 lux
3220 4209 3277 4263 ia
3302 4209 3534 4264 Domino

145 4209 281 4264 caedi
308 4211 510 4267 debet.
547 4211 925 4284 Sequeudum
967 4218 1059 4271 est
1111 4214 1291 4288 igitur
1332 4219 1487 4290 quod
1538 4220 1781 4293 Prosper

1905 2369 2042 2425 ergo
2073 2352 2174 2425 qui
2204 2355 2343 2409 sunt
2372 2369 2441 2407 ex
2478 2352 2610 2424 ejus
2648 2366 2887 2424 corpore
2923 2348 3236 2422 acquisivit
3262 2348 3462 2416 vitam,
3496 2348 3565 2413 id)
3662 2400 3665 2403 λ

145 4296 455 4382 rectissime
488 4299 633 4354 dicit
661 4304 869 4370 (contra
901 4302 1100 4376 Gallos)
1132 4323 1196 4359 :«
1219 4306 1504 4371 Quoniam
1537 4310 1780 4382 sanguis

140 4381 337 4441 Christi
368 4387 700 4460 redemptio
737 4394 826 4447 est
870 4390 1050 4447 totius
1098 4394 1334 4461 mundi;
1366 4413 1401 4451 a
1428 4412 1544 4467 quo
1594 4381 1781 4469 pretio

139 4477 378 4531 extranei
412 4482 580 4544 sunt,
614 4477 714 4551 qui
761 4484 864 4536 aut
892 4480 1157 4537 delectati
1205 4483 1540 4555 captivitate
1571 4485 1777 4541 redimi

136 4560 465 4631 subierunt,
512 4571 618 4621 aut
673 4572 808 4639 post
863 4569 1322 4641 redemptionem
1379 4574 1451 4628 ad
1510 4576 1777 4632 eamdem

1887 4305 2102 4377 (Ephcs.
2125 4321 2181 4371 ν,
2204 4304 2281 4369 8).
2304 4303 2375 4357 Et
2422 4300 2707 4356 Dominus
2752 4297 2813 4353 in
2862 4295 3170 4368 Evangelia
3204 4313 3217 4351 :
3250 4296 3343 4352 Sic
3387 4296 3536 4351 enim

1887 4394 2027 4449 Deus
2066 4392 2265 4448 dilexit
2306 4388 2594 4455 mundum,
2627 4394 2690 4443 ut
2729 4387 2933 4441 Filium
2980 4400 3145 4441 suum
3189 4386 3534 4455 unigenitum

1886 4482 2057 4552 daret,
2088 4488 2149 4536 ut
2176 4480 2353 4536 omnis
2383 4478 2480 4550 qui
2505 4475 2677 4533 credit
2712 4476 2774 4531 in
2801 4490 2927 4530 eum
2951 4488 3063 4529 non
3087 4478 3290 4544 pereat,
3322 4469 3415 4527 sed
3440 4470 3536 4526 Ιιατ

1888 4570 2006 4626 beat
2032 4571 2201 4625 vitam
2226 4575 2491 4625 tetanum
2514 4565 2692 4635 (Joan.
2726 4579 2808 4629 III,
2844 4561 2952 4633 16).
2985 4562 3092 4617 Et:
3116 4561 3222 4617 Hoc
3249 4567 3534 4627 est'aulcm

136 4656 260 4739 sunt
288 4654 644 4711 servitutem
694 4658 925 4713 reversi.
960 4657 1228 4715 Christus
1259 4678 1395 4735 ergo
1444 4679 1548 4734 pro
1589 4664 1779 4719 omni-
1808 4675 1863 4739 Β,
1874 4659 2171 4732 judicium,
2206 4657 2337 4729 quia
2368 4656 2468 4710 lux
2501 4654 2646 4709 venit
2696 4653 2756 4706 in
2801 4649 3090 4717 mundum,
3122 4656 3175 4705 et
3222 4648 3535 4705 dilexerunt

136 4738 232 4801 bas
260 4759 483 4815 passus
510 4747 622 4813 est,
640 4744 780 4801 licet
800 4763 916 4802 non
945 4764 1155 4804 omnes
1171 4750 1462 4821 passionis
1490 4753 1620 4824 ejus
1652 4770 1777 4826 my-

134 4830 296 4886 sterio
312 4831 446 4887 sint
470 4833 777 4905 redempti.
806 4856 835 4884 «
865 4834 1012 4901 Quia
1030 4854 1164 4893 vero
1191 4837 1519 4910 specialiter
1537 4842 1774 4897 creden-

134 4916 277 4975 tibus
305 4923 469 4981 403
498 4922 571 4977 ad
599 4921 849 4978 salutem
897 4941 1056 4981 mors
1103 4928 1389 4997 profuerit
1437 4929 1773 5001 Salvatoris,

132 5020 234 5062 nou
251 5010 643 5067 credentibus
660 5014 857 5067 autem
877 5011 938 5067 in
958 5013 1250 5085 judicium
1272 5020 1331 5071 et
1348 5018 1778 5075 condemnatio-

131 5109 251 5150 nem
279 5097 363 5154 sit
388 5103 735 5172 contempta
763 5099 950 5172 ipsius
977 5104 1168 5175 gratia
1194 5104 1506 5176 passionis,
1535 5108 1594 5164 S.
1628 5107 1778 5164 Hila-

126 5182 241 5241 rius
268 5186 330 5241 in
364 5188 862 5262 quinquagesimo
884 5190 1090 5263 quinto
1115 5193 1342 5265 psalmo
1365 5195 1508 5251 dicit
1532 5213 1581 5251 :«
1608 5196 1671 5252 In
1692 5198 1779 5253 ira

126 5271 578 5333 deducenturhi
608 5278 830 5350 populi,
867 5280 1083 5352 quibus
1113 5283 1184 5337 ad
1217 5300 1397 5355 ptume
1429 5302 1669 5341 sensum
1692 5304 1778 5343 sa-

126 5358 207 5418 lus
236 5366 698 5423 resurrectionis
719 5372 807 5427 est
826 5368 1185 5427 constituta:
1212 5389 1246 5427 a
1265 5391 1382 5444 qna
1411 5373 1499 5429 ira
1527 5375 1775 5447 eripien-

127 5449 217 5506 dos
268 5471 386 5510 nos
434 5456 748 5527 Apostolus
805 5457 1115 5530 pollicetur
1142 5460 1362 5531 dicens,
1414 5464 1682 5531 Quoniam
1727 5466 1778 5519 si

124 5554 232 5596 cum
278 5543 476 5599 adhuc
521 5554 822 5617 peccatores
875 5565 1112 5605 esscmns
1171 5551 1416 5607 Christus
1470 5569 1570 5624 pro
1622 5554 1777 5611 nobis

126 5640 363 5688 mortuus
406 5641 509 5702 est,
540 5637 711 5691 multo
738 5640 915 5708 magis
941 5640 1231 5711 justiﬁcati
1260 5644 1321 5696 in
1348 5644 1616 5712 sanguine
1660 5646 1776 5716 ejus

128 5719 468 5777 intuebimur
495 5740 592 5796 per
617 5741 743 5780 cum
769 5726 838 5781 ab
869 5729 956 5785 ira
984 5729 1160 5801 (Rom.
1194 5749 1251 5801 ν,
1280 5731 1355 5802 9).
1382 5730 1489 5787 Pro
1515 5737 1775 5803 peccato-

1887 4748 2129 4804 homines
2186 4745 2432 4802 tenebras
2490 4743 2668 4810 magis
2707 4756 2871 4812 quam
2925 4739 3101 4796 lucem
3128 4754 3147 4791 :
3177 4745 3334 4794 erant
3386 4739 3536 4793 enim

1881 4853 2072 4893 eorum
2098 4835 2249 4889 mala
2278 4849 2440 4904 opera
2470 4829 2651 4899 (ibid,
2674 4847 2724 4884 υ.
2754 4828 2860 4900 19).
2887 4850 2914 4877 ‹‹
2938 4827 3104 4884 Unde
3131 4829 3364 4882 constat
3393 4825 3535 4898 quia

1885 4943 1989 4999 pro
2018 4924 2294 4981 omnibus
2338 4936 2550 4993 passus
2589 4922 2680 4973 est
2708 4917 2999 4983 Christus,
3032 4915 3133 4974 sed
3162 4913 3535 4971 credentibus

1885 5016 1987 5071 dat
2010 5012 2282 5069 salutem.

1957 5102 2219 5159 Tandem
2248 5096 2502 5171 qualiter
2539 5111 2725 5168 quave
2753 5092 3103 5150 discretione
3130 5087 3432 5149 orthodoxi
3463 5102 3532 5142 ex

1885 5189 2204 5264 Scripturis
2252 5185 2663 5243 intellexerunt
2692 5185 2846 5241 404
2875 5186 2933 5238 et
2970 5183 3217 5237 docuere
3238 5174 3535 5233 'doctorcs

1885 5280 2166 5353 quoniam
2189 5293 2399 5350 passus
2421 5278 2510 5331 est
2530 5272 2799 5330 Christus
2819 5288 2923 5343 pro
2938 5264 3397 5360 Aomnibus,,licet_
3412 5277 3527 5360 non

1885 5385 2087 5425 omnes
2119 5367 2190 5422 ad
2214 5370 2489 5421 aeternam
2513 5362 2764 5418 salutem
2796 5356 3085 5431 passionis
3104 5355 3233 5424 ejus
3255 5353 3527 5421 mysterio

1885 5458 2269 5521 redimantur,
2304 5454 2457 5508 Petri
2505 5452 2684 5507 verba
2730 5447 3170 5533 consideremus
3200 5439 3298 5512 qui
3336 5436 3478 5493 dicit
3510 5453 3525 5491 :

1883 5550 2000 5605 Non
2040 5545 2237 5613 tardat,
2271 5542 2565 5613 inquiens,
2597 5541 2860 5596 Dominus
2894 5533 3309 5605 promissionem
3344 5543 3524 5594 suam,

1882 5637 1975 5695 sed
1994 5638 2262 5707 exspectat
2276 5639 2495 5705 propter
2508 5646 2617 5696 vos,
2636 5628 2824 5683 nolens
2841 5624 3081 5694 aliquem
3097 5620 3298 5691 perire,
3310 5615 3404 5707 sed
3420 5631 3530 5707 oms

1884 5744 1978 5786 nes
2008 5703 2487 5796 ad-pcenitentiam
2517 5717 2710 5773 reverti
2740 5715 2810 5786 (ll
2836 5714 2982 5768 Patr.
3006 5726 3092 5776 ιιι,
3112 5707 3190 5777 9).
3214 5707 3282 5763 Et
3312 5703 3543 5763 Paulus:
