3962 6178
435 428 555 488 467

1387 427 1776 492 HINCMARI
1821 428 2275 494 RHEMENSIS
2319 428 2938 493 ARCHIEPISCOPI.

3725 429 3825 496 468

440 559 618 617 dicit:
645 559 762 634 Qui
774 560 1002 633 proprio
1022 561 1162 618 Filio
1181 577 1280 618 suo
1299 579 1408 618 non
1426 565 1684 636 pepercit,
1705 561 1799 620 sed
1815 580 1914 638 pro
1934 565 2093 620 nobis
2121 563 2175 632 Α
2203 561 2354 620 libro
2383 563 2641 620 secundo
2672 563 2742 619 de
2773 561 3008 636 Nuptiis
3048 564 3108 618 et
3144 558 3627 634 Concupiscentia
3660 561 3786 619 dicit

439 649 694 708 omnibus
740 647 971 712 tradidit
1018 649 1182 704 illum
1210 650 1383 722 (Rom.
1415 669 1539 720 νιιι,
1563 653 1677 725 32).
1709 653 1782 708 Et
1814 669 1827 707 :
1861 653 1924 709 Si
1964 669 2110 709 unus

443 753 546 812 pro
585 737 839 794 omnibus
885 745 1131 794 mortuus
1177 747 1279 808 est,
1309 757 1434 812 ergo
1481 757 1664 798 omnes
1708 743 1915 798 mortui
1959 751 2108 808 sunt,

440 832 508 884 et
531 842 630 900 pro
659 826 912 883 omnibus
941 835 1189 883 mortuus
1233 835 1314 884 est
1353 829 1427 900 (II
1453 827 1574 885 Cor.
1607 847 1664 891 ν,
1699 830 1808 902 lt),
1839 831 1936 903 qui
1963 829 2116 888 dedit

447 916 803 988 semetipsum
829 915 1252 989 redemptionem
1275 934 1376 990 pro
1404 919 1657 974 omnibus
1687 919 1736 988 (1
1768 921 1902 975 Tim.
1936 936 1998 987 ιι,
2027 919 2105 991 6).

447 1005 520 1060 Et
557 1021 570 1060 :
607 1004 794 1061 Gratia
821 1006 919 1060 Dei
961 1022 1062 1078 pro
1092 1005 1345 1062 omnibus
1389 1009 1628 1079 gustavit
1668 1015 1896 1066 mortem
1924 1009 2106 1082 (Hebro

450 1110 515 1159 ιι,
538 1094 615 1162 9).
641 1092 786 1160 Quia
817 1097 885 1148 ut
915 1093 1098 1150 Isaias
1129 1094 1290 1158 dicit.
1325 1094 1521 1153 Omnes
1557 1113 1656 1152 nos
1693 1096 1844 1154 velut
1871 1114 1991 1155 oves
2019 1115 2106 1154 er-

449 1184 722 1251 ravimus,
750 1185 1128 1256 unusquisque
1154 1185 1215 1239 in
1239 1185 1384 1240 viam
1401 1202 1562 1242 suam
1589 1186 1900 1267 declinavit,
1923 1195 1976 1244 et
2012 1189 2108 1244 Do-

446 1273 638 1326 minus
665 1273 853 1343 posuit
881 1274 940 1327 in
969 1289 1030 1328 eo
1061 1275 1407 1346 iniquitatem
1436 1277 1683 1331 omnium
1711 1285 1959 1333 nostrum
1975 1279 2106 1348 (Isa,

452 1377 569 1426 Lm,
589 1361 668 1428 6).
703 1359 850 1426 Quia
879 1377 1014 1416 vero
1046 1378 1162 1417 non
1185 1379 1390 1419 omnes
1420 1363 1714 1436 passionis
1739 1367 1870 1438 ejus
1898 1371 2112 1440 myste-

453 1447 538 1504 rio
559 1453 702 1504 sunt
726 1449 1034 1522 redempti,
1056 1449 1194 1507 licet
1223 1452 1347 1526 ipse
1367 1453 1542 1510 fuerit
1570 1472 1784 1528 passus
1802 1474 1905 1530 pro
1927 1458 2114 1514 omni‘

452 1536 586 1604 bus,
600 1537 939 1594 manifestat
957 1538 1166 1595 iterum
1191 1558 1296 1614 per
1313 1543 1524 1599 Isaiam
1543 1543 1748 1602 dicens
1767 1562 1780 1601 :
1801 1546 1864 1602 In
1881 1548 2112 1604 scientia

449 1641 550 1682 sua
582 1627 908 1698 justiﬁcavit
964 1629 1080 1700 ipse
1125 1645 1306 1687 servos
1357 1649 1484 1689 suos
1529 1634 1728 1692 multos
1761 1635 1886 1708 (lsa.
1908 1653 1975 1705 ιι,
1999 1636 2108 1706 11).

449 1715 520 1770 Et
575 1715 714 1771 item
763 1733 778 1772 :
828 1716 947 1784 Ipse
996 1727 1219 1791 peccata
1269 1722 1571 1778 multorum
1627 1725 1756 1780 tulit
1803 1725 2008 1798 (ibid.).
2041 1726 2124 1782 Et

449 1801 591 1859 item
625 1821 638 1860 :
680 1805 783 1862 Iste
828 1816 1082 1881 asperget
1127 1817 1310 1881 gentes
1357 1813 1561 1869 multas
1605 1813 1734 1887 (lsa.
1769 1831 1864 1881 LII,
1901 1815 2009 1888 15).
2042 1816 2113 1872 Et

449 1891 510 1947 in
540 1892 851 1968 Evangelio
884 1911 898 1952 :
928 1897 1108 1953 Filius
1137 1898 1378 1955 hominis
1426 1917 1534 1957 non
1580 1905 1730 1959 venit
1773 1905 2111 1968 ministrari,

447 1980 541 2038 sed
565 1983 907 2049 ministrare,
939 1993 992 2041 et
1026 1986 1160 2042 dare
1187 1989 1433 2044 animam
1479 2007 1639 2046 suam
1689 1992 2112 2066 redemptionem

443 2086 546 2142 pro
589 2072 782 2128 multis
813 2073 964 2143 (Mat.
996 2093 1088 2144 xx,
1119 2075 1233 2149 28).
1265 2077 1337 2132 Et
1380 2079 1698 2152 Apostolus
1729 2097 1744 2136 :
1786 2087 1894 2138 Per
1940 2085 2110 2140 unius

447 2158 812 2216 obedientiam
857 2164 1003 2236 justi
1048 2167 1445 2224 constituentur
1488 2169 1653 2225 multi
1699 2171 1873 2239 (Rom.
1905 2189 1962 2239 ν,
1997 2171 2106 2244 19).

449 2247 521 2332 Et
548 2247 689 2304 item
719 2266 732 2305 :
771 2251 836 2308 Ut
861 2253 935 2308 sit
962 2254 1076 2326 ipse
1099 2256 1502 2326 primogenitus
1533 2259 1593 2313 in
1619 2259 1813 2316 multis
1841 2261 2110 2332 fratribus

449 2329 626 2402 (Rom.
655 2355 778 2406 vm,
798 2339 910 2412 29).
936 2343 1004 2397 Et
1037 2343 1175 2398 item
1214 2361 1226 2399 :
1252 2345 1358 2413 Qui
1384 2347 1583 2403 multos
1611 2348 1757 2420 ﬁlios
1786 2329 1849 2404 in
1873 2350 2111 2422 gloriam

451 2425 759 2482 adduxerat
785 2429 966 2498 (Hebr.
1003 2448 1065 2500 ιι,
1101 2433 1209 2501 10).
1261 2434 1329 2488 Et
1379 2433 1518 2490 item
1566 2451 1578 2491 :
1623 2436 1871 2494 Christus
1913 2456 2110 2512 passus

452 2523 535 2571 est
557 2515 628 2572 ad
667 2518 967 2574 multorum
1009 2519 1388 2578 exhaurienda
1423 2532 1638 2596 peccata
1668 2525 1848 2598 (Hebr.
1884 2545 1958 2594 ix,
1992 2528 2106 2601 28).

456 2605 527 2660 Et
555 2603 695 2660 item
731 2621 744 2660 :
777 2605 1024 2664 Christus
1062 2609 1263 2668 dilexit
1297 2613 1623 2680 Ecclesiam,
1653 2621 1704 2670 et
1729 2617 1967 2688 seipsum
1995 2625 2108 2674 tra-

459 2693 604 2750 didit
626 2711 727 2767 pro
755 2711 818 2752 ea
847 2697 1074 2770 (Ephes.
1105 2717 1160 2768 v,
1190 2701 1303 2773 25).
1337 2702 1401 2758 In
1443 2701 1659 2775 quibus
1695 2703 1947 2778 singulis
1975 2723 2108 2763 sen-

455 2783 658 2840 tentiis
687 2784 1133 2859 intelligendum
1165 2793 1274 2857 est,
1307 2789 1434 2846 ideo
1479 2808 1584 2864 pro
1623 2791 1824 2849 multis
1857 2811 1970 2851 non
2004 2813 2108 2868 pro

456 2872 738 2929 omnibus
755 2873 1000 2944 dictum,
1015 2876 1156 2949 quia
1179 2895 1294 2934 non
1315 2896 1521 2936 omnes
1540 2881 1934 2951 crediderunt,
1955 2883 2110 2941 sicut

459 2959 516 3016 in
553 2962 1054 3036 subsequentibus
1090 2967 1283 3024 verbis
1326 2968 1562 3026 Patrum
1622 2971 2104 3030 monstrabimus.

455 3049 568 3106 Sed
591 3055 649 3106 et
669 3051 1004 3125 Matthaaus,
1025 3057 1082 3110 et
1103 3055 1356 3126 Marcus,
1379 3062 1438 3114 et
1467 3059 1678 3129 Lucas,
1700 3060 1830 3118 ideo
1860 3079 1973 3117 non
2003 3079 2106 3134 pro

454 3138 751 3209 omnibus,
766 3143 867 3198 sed
892 3157 996 3215 pro
1017 3143 1222 3201 multis
1238 3149 1295 3201 et
1313 3163 1418 3218 pro
1433 3145 1596 3202 vobis
1616 3148 1884 3204 tradetur
1896 3165 2108 3222 corpus

454 3243 676 3296 meum,
695 3232 756 3284 et
775 3231 1108 3287 etl'undetur
1127 3234 1369 3307 sanguis
1389 3251 1577 3301 meus,
1602 3235 1808 3291 dicunt
1828 3240 2108 3310 protesta-

453 3318 582 3370 tum
605 3313 786 3371 fuisse
806 3317 1122 3376 Dominum
1144 3320 1661 3395 salvatorem,quia
1681 3323 1816 3380 licet
1837 3323 2108 3383 Christus

455 3418 560 3476 pro
580 3403 857 3460 omnibus
879 3423 1090 3477 passus
1109 3409 1298 3476 fuerit,
1312 3427 1428 3466 non
1451 3427 1656 3468 omnes
1671 3411 1962 3484 passionis
1977 3415 2106 3487 ejus

456 3491 732 3563 mysterio
763 3497 904 3550 sunt
933 3495 1238 3570 redempti.
1272 3499 1344 3553 Et
1388 3499 1529 3572 quia
1567 3517 1681 3556 non
1712 3517 1918 3558 omnes
1965 3508 2108 3559 sunt

455 3581 738 3653 redempti
773 3598 876 3654 pro
909 3583 1126 3655 quibus
1163 3590 1253 3642 est
1283 3604 1513 3659 passus,
1546 3589 1617 3644 ad
1661 3588 1984 3647 inﬁdelium
2018 3609 2103 3649 re-

455 3667 630 3740 spicit
651 3673 1026 3741 partem,non
1045 3675 1115 3729 ad
1140 3675 1308 3748 pretii
1334 3680 1841 3750 potestatem,cum
1863 3680 2105 3754 sanguis

455 3757 686 3814 Domini
710 3759 894 3814 nostri
913 3761 1052 3817 Jesu
1068 3761 1280 3818 Christi
1305 3765 1556 3836 pretium
1580 3765 1657 3822 sit
1677 3767 1858 3824 totius
1875 3769 2101 3826 mundi.

455 3844 622 3900 Sicut
650 3846 808 3900 enim
835 3851 967 3920 post
991 3850 1306 3908 adventum
1336 3851 1397 3908 in
1427 3869 1602 3910 carne
1629 3856 1892 3927 ejusdem
1915 3857 2016 3914 Dei
2047 3863 2108 3914 et

455 3931 762 3989 hominum
795 3936 1154 4006 mediatoris,
1190 3957 1306 3996 non
1337 3940 1543 3998 salvati
1586 3947 1743 4013 sunt,
1767 3961 1954 4018 neque
1983 3945 2102 4002 sal-

451 4023 682 4087 vantur,
709 4037 815 4078 nec
845 4024 1021 4081 etiam
1046 4027 1448 4096 salvabuntur,
1469 4031 1568 4104 qui
1603 4031 1659 4086 in
1690 4049 1823 4088 eum
1857 4037 1915 4089 et
1942 4051 2100 4104 cum,

453 4107 610 4164 sicut
630 4110 914 4168 catholica
940 4117 1098 4171 tenet
1129 4133 1194 4172 ac
1219 4118 1386 4174 docet
1410 4119 1686 4190 Ecclesia,
1712 4139 1826 4178 non
1857 4123 2106 4180 credunt

451 4196 678 4265 Jcsum,
701 4197 758 4254 id
782 4205 874 4256 est
895 4201 1240 4262 salvatorem
1265 4207 1493 4276 mundi,
1515 4209 1602 4265 vel
1633 4209 1682 4266 si
1709 4210 1901 4267 verbis
1930 4214 2107 4268 confl-

451 4289 668 4353 tentur,
693 4288 861 4345 factis
885 4296 1083 4348 autem
1117 4299 1351 4368 negant,
1380 4296 1519 4368 quia
1565 4314 1680 4354 non
1713 4300 1960 4356 credunt
1990 4301 2104 4358 fide

452 4389 580 4444 qua:
603 4391 707 4447 per
725 4375 1096 4436 dilectionem
1119 4387 1414 4454 Operatur,
1433 4401 1569 4440 nam
1590 4389 1648 4441 ct
1668 4387 1964 4444 daemones
1985 4406 2105 4445 cre-

452 4461 603 4516 dunt
629 4466 688 4518 et
717 4467 1194 4538 contremiscunt,
1227 4469 1454 4528 dicente
1493 4473 1832 4546 Scriptura:
1859 4477 1965 4545 Qui
1992 4495 2104 4534 non

451 4548 621 4604 credit
638 4551 759 4622 jam
785 4553 1066 4624 judicatus
1095 4566 1176 4614 est
1201 4560 1378 4628 (Joan.
1403 4577 1486 4627 ιιι,
1519 4562 1626 4630 18),
1663 4563 1802 4635 quia
1831 4581 1945 4620 non
1977 4583 2100 4623 cre-

2218 656 2360 726 (cap.
2389 653 2474 720 11)
2495 669 2545 706 :«
2569 652 2836 708 Masculus
2856 653 2952 725 qui
2967 665 3078 707 non
3096 649 3515 706 circumcidetur
3529 666 3688 706 carne
3707 667 3830 723 pra-

2215 743 2368 815 putii
2402 743 2495 798 sui
2538 748 2718 798 octavo
2747 741 2855 810 die,
2885 741 3144 812 disperiet
3171 741 3360 795 anima
3403 739 3521 812 ejus
3564 738 3628 795 de
3665 757 3832 812 genere

2217 847 2335 901 suo,
2359 833 2492 904 quia
2513 837 2886 888 testamentum
2904 846 3085 886 meum
3107 828 3394 901 dissipavit
3413 827 3563 900 (Gen.
3585 845 3713 897 xvu,
3736 830 3826 898 tt).

2218 920 2384 976 Dicat
2403 920 2532 987 iste,
2556 919 2606 976 si
2627 918 3143 993 potest,quomodo
3163 933 3308 990 puer
3327 915 3424 973 ille
3443 919 3831 974 testamentum

2217 1008 2523 1083 dissipavit
2551 1014 2682 1065 octo
2710 1008 2960 1076 dierum,
2984 1010 3270 1081 quantum
3301 1007 3376 1062 ad
3404 1005 3600 1078 ipsum
3631 1007 3833 1078 preprie

2217 1097 2445 1166 attinet,
2469 1097 2752 1154 innocens
2779 1097 3010 1152 infans:
3040 1101 3098 1152 et
3123 1099 3320 1152 tamen
3351 1093 3685 1151 nullomodo
3702 1094 3834 1151 Deus

2216 1185 2304 1242 vel
2335 1185 2639 1260 Scriptura
2665 1189 2870 1242 sancta
2907 1183 2965 1240 id
3019 1184 3382 1241 mendaciter
3427 1183 3663 1240 diceret.
3693 1183 3834 1239 Tunc

2219 1291 2356 1349 ergo
2377 1275 2686 1348 dissipavit
2714 1277 3130 1331 testamentum
3151 1271 3273 1341 Dei,
3299 1290 3415 1328 non
3445 1271 3554 1328 hoc
3583 1272 3656 1328 de
3684 1271 3834 1344 impe-

2218 1368 2348 1420 rata
2373 1362 2840 1428 circumcisione,
2863 1362 2966 1419 sed
2996 1361 3142 1417 illud
3175 1362 3248 1418 de
3275 1359 3417 1435 ligni
3449 1360 3834 1434 prohibitione,

2219 1453 2453 1526 quando
2480 1469 2578 1526 per
2596 1469 2770 1508 unum
2788 1452 3061 1509 hominem
3083 1456 3370 1525 peccatum
3388 1451 3615 1506 intravit
3636 1451 3691 1506 in
3708 1466 3837 1504 mini-

2218 1542 2370 1614 dum,
2400 1550 2452 1600 et
2475 1559 2575 1616 per
2608 1549 2888 1615 peccatum
2911 1558 3078 1608 mors,
3109 1549 3164 1598 et
3189 1543 3267 1597 ita
3303 1541 3364 1597 in
3401 1556 3582 1598 omnes
3622 1541 3838 1598 homines

2215 1634 2557 1705 pertransiit,
2589 1633 2648 1688 in
2696 1647 2800 1704 quo
2845 1647 3030 1687 omnes
3073 1637 3432 1704 peccaverunt
3461 1631 3638 1700 (Rom.
3670 1646 3724 1700 v,
3747 1628 3836 1702 l2).

2219 1720 2291 1777 Et
2318 1721 2428 1776 hoc
2460 1720 2520 1776 in
2550 1719 2650 1776 illo
2689 1718 3134 1793 signiﬁcabatur
3171 1718 3391 1792 expiari
3422 1717 3838 1775 circumcisione

2220 1808 2405 1867 octavi
2427 1808 2565 1880 diei,
2586 1809 2695 1865 hoc
2715 1812 2824 1878 est,
2849 1813 3216 1865 sacramento
3245 1806 3580 1864 Mediatoris
3613 1807 3673 1864 in
3693 1820 3838 1863 carne

2140 1936 2188 2002 Β
2218 1898 2447 1956 venturi
2473 1915 2486 1955 :
2511 1898 2650 1972 quia
2695 1915 2796 1971 per
2823 1897 3089 1954 eamdem
3122 1897 3296 1954 ﬁdem
3325 1896 3554 1954 venturi
3594 1897 3658 1952 in
3693 1912 3838 1953 carne

2220 1986 2456 2058 Christi,
2479 1992 2538 2043 et
2557 1985 2822 2043 morituri
2856 2003 2958 2059 pro
2980 1985 3170 2051 nobis,
3193 1990 3253 2043 et
3277 1985 3447 2042 tertio
3468 1985 3562 2042 die
3579 1985 3704 2060 (qui
3729 1988 3839 2058 post

2221 2077 2538 2149 septimum
2568 2075 2809 2132 Sabbati
2839 2076 3027 2132 fuerat
3055 2075 3290 2131 futurus
3317 2078 3580 2146 octavus)
3609 2090 3838 2132 resurre-

2219 2165 2391 2235 cturi,
2425 2164 2601 2222 etiam
2627 2163 2776 2238 justi
2805 2163 3182 2222 salvabantur
3208 2163 3457 2237 antiqui.
3479 2164 3752 2221 Traditus
3767 2167 3842 2220 est

2218 2253 2375 2310 enim
2409 2258 2646 2327 propter
2673 2253 2884 2310 delicta
2925 2257 3144 2322 nostra,
3175 2257 3234 2308 et
3273 2254 3587 2310 resurrexit
3634 2257 3842 2327 propter

2210 2343 2696 2415 justiﬁcationem
2727 2346 3012 2399 nostram.
3035 2343 3116 2398 Ex
3145 2358 3260 2416 quo
3289 2341 3448 2398 enim
3480 2341 3746 2400 instituta
3768 2345 3842 2398 est

2218 2429 2588 2488 circumcisio
2617 2431 2674 2486 in
2707 2429 2923 2504 populo
2945 2431 3068 2498 Dei,
3092 2431 3248 2504 quod
3276 2434 3403 2487 erat
3429 2435 3571 2488 tunc
3601 2430 3842 2506 signacu-

2219 2520 2342 2578 lum
2364 2521 2613 2594 justitire
2645 2521 2777 2576 ﬁdei
2813 2521 2983 2594 (Rom.
3016 2537 3094 2588 IV,
3129 2520 3238 2594 11),
3271 2521 3341 2577 ad
3374 2519 3841 2594 signiﬁcationem

2217 2609 2584 2684 purgationis
2606 2610 2836 2666 valebat
2857 2614 2915 2666 et
2943 2609 3203 2683 parvulis
3219 2608 3520 2683 originalis
3541 2609 3842 2681 veterisque

2217 2697 2458 2772 peccati,
2475 2698 2627 2754 sicut
2647 2703 2705 2755 et
2723 2698 3056 2772 baptismus
3077 2715 3147 2754 ex
3167 2697 3266 2754 illo
3283 2696 3473 2754 valere
3495 2697 3674 2770 ccepit
3692 2697 3757 2752 ad
3776 2695 3845 2751 in.

2217 2787 2587 2844 novationem
2605 2785 2864 2842 hominis
2878 2804 2948 2843 ex
2963 2803 3081 2860 quo
3101 2790 3194 2842 est
3211 2785 3544 2842 institutus.
3560 2785 3688 2842 Non
3708 2783 3840 2858 quod

2217 2880 2352 2932 ante
2381 2875 2890 2932 circumcisionem
2920 2875 3158 2948 justitia
3187 2873 3320 2931 fidei
3353 2874 3512 2931 nulla
3539 2878 3687 2930 erat.
3716 2873 3841 2930 Nam

2215 2981 2350 3022 cum
2373 2965 2565 3022 adhuc
2585 2969 2740 3022 esset
2759 2965 2818 3020 in
2840 2963 3143 3038 praeputio,
3166 2981 3237 3021 ex
3257 2965 3369 3020 fide
3389 2963 3751 3038 justiﬁcatus
3767 2966 3843 3018 est

2215 3053 2341 3127 ipse
2361 3053 2672 3119 Abraham,
2689 3055 2852 3126 pater
2870 3051 3134 3125 gentium
3152 3068 3278 3124 quae
3297 3051 3468 3106 fidem
3496 3051 3689 3120 ipsius
3701 3051 3843 3106 erant

2215 3146 2518 3202 sectatum
2539 3159 2552 3197 :
2572 3141 2672 3198 sed
2697 3139 3098 3214 superioribus
3118 3139 3483 3212 temporibus
3503 3139 3668 3196 omni
3693 3136 3841 3194 modo

2215 3229 2390 3286 latuit
2420 3223 2857 3287 sacramentum
2892 3227 3335 3302 justiﬁcationis
3372 3245 3442 3284 ex
3479 3228 3616 3284 fide.
3653 3225 3842 3284 Eadem

2136 3304 2180 3372 C
2213 3323 2408 3376 tamen
2441 3320 2588 3376 fides
2617 3317 2955 3375 Mediatoris
2984 3316 3176 3374 salvos
3197 3317 3396 3390 justus
3425 3315 3680 3373 faciebat
3706 3313 3843 3370 anti-

2213 3424 2381 3480 quos,
2398 3407 2645 3482 pusillos
2663 3425 2800 3464 cum
2822 3406 3074 3480 magnis,
3089 3422 3206 3462 non
3221 3405 3404 3461 Vetus
3421 3406 3842 3462 Testamentum

2213 3497 2368 3569 quod
2421 3497 2478 3552 in
2528 3496 2868 3553 servitutem
2919 3498 3158 3568 generat
3185 3494 3326 3566 (Gal.
3355 3495 3571 3562 ιν,24),
3605 3509 3722 3548 ncn
3770 3489 3846 3546 lex

2213 3601 2356 3657 quae,
2377 3603 2490 3642 non
2522 3585 2607 3641 sic
2647 3590 2738 3641 est
2767 3585 2904 3640 data
2930 3601 3058 3656 quae
3091 3585 3288 3656 posset
3315 3581 3607 3638 viviﬁcare
3645 3579 3743 3652 (Id.
3773 3594 3842 3642 ιιι,

2211 3675 2322 3746 21),
2359 3675 2460 3731 sed
2491 3673 2680 3748 gratia
2707 3673 2803 3728 Dei
2838 3690 2941 3746 per
2979 3672 3187 3729 Jesum
3217 3669 3512 3726 Christum
3545 3668 3843 3725 Dominum

2214 3769 2478 3819 nostrum
2513 3764 2688 3833 (Rom.
2729 3781 2829 3830 vn,
2858 3762 2970 3834 25).
3005 3759 3152 3828 Quia
3198 3759 3354 3817 sicut
3401 3758 3704 3815 credimus
3753 3771 3843 3811 nos

2211 3850 2509 3928 Christum
2539 3851 2599 3906 in
2629 3867 2806 3907 carne
2823 3849 3070 3918 venisse,
3095 3848 3182 3904 sic
3210 3847 3298 3903 illi
3326 3851 3646 3904 venturum
3671 3864 3683 3903 :
3711 3846 3847 3901 sicut

2212 3958 2320 3998 nos
2351 3945 2671 4009 mortuum,
2701 3939 2783 3996 ita
2812 3939 2896 3994 illi
2928 3937 3281 3996 moriturum
3305 3953 3320 3992 :
3344 3935 3498 3993 sicut
3528 3954 3640 3992 nos
3670 3951 3844 3991 resur-

2212 4030 2449 4099 rexisse,
2475 4030 2560 4086 ita
2575 4029 2659 4085 illi
2683 4032 3147 4086 resurrecturum
3171 4041 3184 4082 :
3210 4029 3266 4082 et
3285 4043 3392 4082 nos
3420 4041 3555 4082 vero
3587 4029 3647 4081 et
3675 4023 3753 4080 illi
3782 4020 3846 4076 ad

2202 4117 2496 4191 judicium
2541 4122 2908 4175 mortuorum
2948 4117 3326 4188 vivorumque
3366 4118 3704 4171 venturu'n.
3735 4111 3846 4169 Non

2211 4223 2348 4282 ergo
2367 4207 2474 4263 iste
2495 4206 2816 4263 humanam
2839 4204 2992 4261 male
3010 4203 3378 4261 defendendo
3401 4202 3699 4276 impedita
3713 4198 3850 4258 salu-

2210 4300 2270 4352 te
2289 4293 2724 4368 naturam,quia
2741 4310 2947 4350 omnes
2969 4293 3080 4350 sub
3101 4295 3338 4365 peccato
3358 4291 3745 4356 nascimur,et
3759 4304 3850 4361 per

2211 4401 2395 4440 unum
2414 4383 2735 4456 solum,qui
2753 4382 2882 4438 sine
2904 4386 3139 4454 peccato
3159 4384 3335 4436 natus
3349 4383 3460 4449 est,
3481 4379 3843 4442 liberamur,»

2207 4471 2476 4530 videlicet
2496 4473 2609 4529 [ide
2639 4489 2765 4544 quae
2791 4487 2896 4543 per
2916 4469 3287 4527 dilectionem
3315 4473 3594 4542 operatur
3617 4467 3847 4525 creden-

2209 4563 2319 4626 tes,
2343 4565 2398 4616 et
2427 4563 2562 4616 ante
2591 4561 2903 4616 adventum
2935 4561 2995 4615 et
3024 4561 3155 4630 post
3177 4557 3492 4614 adventum
3524 4553 3777 4621 Domini,
3798 4555 3848 4607 et

453 4636 606 4734 did-it-
640 4637 698 4692 in
750 4642 984 4734 flamine
1017 4646 1300 4720 unigeniti
1354 4647 1481 4704 Filii
1529 4649 1650 4706 Dei,
1683 4652 1752 4707 Et
1795 4653 2050 4711 Jacobus
2083 4671 2096 4711 :
2128 4669 2176 4734 Ι)
2209 4648 2422 4706 abhinc
2453 4665 2640 4722 usque
2676 4648 2746 4704 ad
2782 4648 2959 4704 ﬁnem
3008 4645 3205 4702 saeculi
3253 4644 3556 4734 credituri.
3587 4644 3700 4734 Qui
3729 4657 3848 4734 vere

341 4727 356 4738 '
454 4723 606 4796 Quid
627 4726 888 4797 proderit,
921 4733 1120 4802 fratres
1155 4738 1284 4804 mei,
1317 4738 1370 4792 si
1395 4738 1558 4808 ﬁdem
1587 4741 1709 4811 quis
1743 4739 1888 4797 dicat
1912 4759 1969 4798 se
1997 4743 2096 4799 ha-

454 4811 592 4902 bere,
625 4829 785 4885 oqera
815 4826 998 4874 autem
1035 4839 1146 4878 non
1191 4825 1400 4894 habeat,
1433 4827 1687 4899 nunquid
1725 4832 1924 4900 poterit
1967 4831 2099 4902 ﬁdes

450 4899 668 4991 salvere
688 4919 810 4959 eum
833 4907 966 4975 (Jac.
992 4926 1054 4976 ιι,
1082 4911 1207 4980 lli)?
1222 4912 1292 4968 Et
1321 4913 1606 4972 Dominus
1629 4931 1643 4970 :
1673 4899 1789 4972 Non
1808 4899 1984 4974 omnis
2005 4921 2101 4991 qui

449 4987 586 5044 dicit
610 4991 770 5059 mihi,
804 4993 1050 5065 Domine,
1076 5000 1318 5070 Domine,
1341 5001 1433 5057 sed
1473 5004 1570 5075 qui
1608 5005 1745 5074 facit
1771 4987 2100 5063 voluntatem

449 5077 634 5134 Patris
663 5082 792 5148 mei,
827 5084 942 5155 ipse
971 5087 1199 5144 intrabit
1245 5091 1307 5145 in
1348 5106 1574 5160 regnum
1609 5093 1868 5148 caelorum
1892 5094 2094 5163 (Matth.

448 5183 549 5233 vn,
580 5167 671 5238 21)
723 5169 810 5226 Ita
837 5176 894 5227 ct
923 5175 1019 5247 qui
1053 5180 1188 5232 ante
1228 5177 1417 5250 ipsius
1464 5179 1523 5234 in
1566 5196 1738 5236 carne
1781 5181 2096 5238 adventum

449 5270 566 5310 non
587 5256 961 5317 crediderunt
980 5261 1040 5318 in
1063 5262 1280 5336 ipsum,
1302 5265 1410 5322 hoc
1425 5271 1514 5322 est
1535 5265 1594 5322 in
1615 5267 1946 5342 Jesum,qui
1968 5287 2099 5326 vcn-

449 5343 622 5399 turus
652 5351 776 5402 erat
807 5348 866 5403 in
899 5351 1134 5407 nomine
1162 5352 1392 5408 Domini
1418 5353 1762 5410 benedictus
1792 5374 1890 5412 rex
1920 5357 2096 5414 Israel

449 5429 521 5485 ad
545 5431 855 5490 salvandas
873 5442 1094 5515 gentes,
1109 5439 1196 5494 vel
1219 5440 1266 5494 si
1293 5441 1537 5496 formam
1561 5440 1796 5515 pietatis
1816 5443 2096 5502 habentes

448 5516 720 5576 virtutem
743 5523 870 5594 ejus
893 5513 1168 5598 operibus
1189 5513 1973 5603 negaverunt—perseveranti
2009 5533 2094 5589 in-

451 5605 731 5664 ﬁdelitate
753 5613 902 5670 κίθῦ
927 5619 983 5669 et
1001 5613 1310 5688 iniquitate
1339 5617 1655 5689 perierunt.
1680 5619 1842 5677 Unde
1864 5625 1922 5678 et
1952 5639 2094 5694 prae-

450 5695 542 5749 ter
571 5695 669 5750 illa
698 5716 825 5770 quae
857 5718 1034 5774 supra
1065 5705 1392 5776 posuimus,
1417 5705 1622 5763 beatus
1641 5709 2004 5782 Augustinus
2035 5710 2094 5767 in

2205 4738 2406 4796 eadem
2440 4737 2553 4793 fide
2582 4737 2815 4792 credere
2840 4733 3491 4804 noluerunt,nolunt,et
3512 4727 3846 4802 nolent,ipsi

2207 4827 2319 4883 sibi
2347 4843 2524 4882 causa
2553 4825 2760 4882 mortis
2789 4825 3158 4890 exstiterunt,
3191 4821 3470 4890 existunt,
3495 4825 3554 4876 et
3577 4821 3846 4884 existent;

2205 4915 2364 4988 quia,
2399 4919 2464 4970 ut
2498 4915 2744 4986 Prosper
2771 4912 2916 4968 dicit
2952 4911 3044 4984 (ad
3080 4911 3267 4984 obiecti
3303 4910 3450 4966 Vino.
3484 4926 3628 4982 resp.
3669 4911 3742 4976 1),
3767 4922 3850 4979 po-

2204 5003 2402 5060 culum
2437 4999 2918 5067 immortalitatis,
2941 5001 3099 5074 quod
3119 4999 3450 5056 confectum
3477 5003 3572 5054 est
3600 4999 3674 5054 de
3707 4996 3854 5052 infir-

2206 5092 2411 5148 mitate
2435 5095 2633 5147 nostra
2652 5093 2710 5146 et
2723 5089 2936 5145 virtute
2949 5087 3355 5156 divina,habet
3372 5085 3611 5159 quidem
3635 5087 3699 5142 in
3717 5101 3779 5141 se
3797 5086 3855 5138 ut

2203 5180 2480 5236 omnibus
2511 5177 2714 5252 prosit,
2739 5178 2840 5234 sed
2872 5177 2921 5234 si
2955 5193 3070 5233 non
3102 5175 3325 5232 bibitur
3345 5193 3461 5232 non
3492 5174 3788 5230 medetur.

2279 5269 2437 5324 Hanc
2478 5267 2760 5324 catholico
2809 5266 3121 5324 discretam
3172 5262 3648 5338 intelligentiam,
3703 5258 3854 5335 quod

2204 5355 2476 5413 Christus
2493 5358 2662 5413 Jesus
2681 5355 2966 5412 Dominus
2990 5359 3186 5410 noster
3213 5371 3316 5427 pro
3336 5351 3614 5410 omnibus
3645 5363 3854 5423 passus

2205 5446 2302 5513 sit,
2327 5445 2463 5501 licet
2483 5461 2594 5500 non
2621 5461 2826 5500 omnes
2847 5443 3141 5516 passionis
3159 5443 3288 5514 ejus
3321 5440 3599 5514 mysterio
3619 5439 3748 5495 sint
3769 5454 3856 5492 re-

2205 5534 2448 5606 dempti,
2461 5533 2826 5589 demonstrat
2845 5531 3020 5588 etiam
3041 5533 3251 5589 beatus
3267 5527 3634 5594 Ambrosius,
3650 5527 3715 5582 in
3734 5523 3858 5597 Epi-

2205 5620 2354 5678 slola
2389 5621 2648 5677 secunda
2685 5621 2755 5677 ad
2793 5619 3124 5676 Corinthios
3165 5619 3366 5676 dicens
3385 5619 3526 5691 (cap.
3549 5618 3604 5686 5)
3630 5632 3690 5672 :u
3713 5611 3860 5684 Quod

2201 5713 2254 5767 si
2285 5726 2426 5767 unus
2467 5726 2566 5783 pro
2607 5709 2859 5766 omnibus
2891 5710 3044 5767 400
3073 5716 3320 5766 mortuus
3364 5713 3461 5776 est,
3493 5722 3619 5778 ergo
3673 5717 3860 5762 omnes
