3962 6178
212 373 325 436 ὄὸθ

923 372 1028 435 DE
1068 367 1854 441 PRIEDESTINA'I‘IONE,
1876 369 2396 436 DISSERTATIO
2438 373 2904 439 POSTERIOH.

3499 378 3621 442 4'10

213 503 1293 575 mortmsunt(ll€or.v,15).Quoniam
1315 503 1586 560 Christus
1608 501 1860 577 diligens
1890 502 2171 571 Aurbes,
2215 507 2318 560 aut
2377 505 2598 574 decem,
2653 509 2754 562 aut
2809 505 3036 580 viginti,
3087 526 3277 582 neque
3333 512 3405 569 ad
3463 513 3613 570 401

212 613 388 671 genus
419 594 772 662 humanum,
798 599 865 651 ut
893 612 993 652 eos
1023 593 1354 661 redimeret,
1377 593 1550 650 morti
1584 610 1646 650 se
1675 592 1853 648 dedit.

211 687 276 742 Et
305 684 444 758 quia
464 701 671 741 omnes
693 699 931 740 necesse
951 688 1042 740 est
1065 684 1213 739 mori
1239 700 1418 740 causa
1435 684 1592 754 Adae,
1615 699 1720 756 pro
1741 698 1862 738 om-

213 777 378 832 nibus
406 778 678 830 mortuus
701 776 794 830 est
815 772 1100 841 Christus,
1123 777 1190 828 ut
1208 789 1308 829 eos
1339 790 1373 828 a
1392 773 1651 830 secunda
1672 775 1860 828 morte

211 865 537 922 liberaret.»
553 863 624 918 Et
647 863 706 918 in
739 861 930 936 prima
959 862 1217 935 Eqistola
1241 865 1383 935 (cap.
1408 865 1468 918 11
1493 879 1505 918 :
1531 885 1558 912 ‹‹
1584 863 1686 918 Rei
1721 865 1862 919 sunt

212 953 465 1026 corporis
495 957 554 1009 et
581 951 888 1024 sanguinis
918 951 1172 1008 Domini.
1197 951 1440 1008 Occisus
1460 955 1549 1008 est
1574 952 1730 1008 enim
1753 969 1859 1024 pro

211 1044 294 1100 his
323 1043 423 1115 qui
456 1041 809 1098 beneficium
841 1042 970 1113 ejus
1005 1039 1064 1096 in
1105 1040 1337 1096 irritum
1369 1041 1612 1096 ducunt.
1641 1064 1668 1091 »
1699 1043 1769 1096 Et
1797 1042 1858 1096 in

209 1131 461 1205 Epistola
491 1131 563 1187 ad
597 1132 893 1187 Romanos
923 1147 977 1185 :«
1009 1130 1164 1186 Sicut
1183 1147 1284 1202 per
1312 1132 1482 1185 unius
1510 1130 1770 1186 delictum
1799 1131 1859 1186 in

207 1238 383 1278 cautes
411 1221 661 1278 homines
693 1223 752 1275 in
793 1219 1298 1276 condemnationem
1327 1239 1346 1274 :
1375 1222 1458 1275 sic
1485 1228 1539 1276 ct
1570 1237 1668 1292 per
1691 1221 1860 1276 unius

197 1312 472 1384 justitiam
518 1311 577 1366 in
624 1326 810 1366 omnes
847 1309 1093 1366 homines
1139 1311 1196 1364 in
1235 1310 1686 1382 justiﬁeationem
1731 1309 1862 1365 vitae

205 1401 368 1470 (item.
395 1416 454 1470 ν,
481 1400 588 1470 16).
608 1399 726 1454 Hoc
747 1402 858 1466 est,
883 1397 1038 1454 sicut
1067 1397 1246 1452 unius
1279 1397 1491 1453 delicto
1519 1413 1726 1452 omnes
1755 1396 1860 1452 ho-

204 1487 386 1544 mines
397 1486 950 1544 condemnationem
970 1489 1310 1542 meruerunt
1327 1485 1605 1542 similiter
1622 1502 1862 1558 peccan-

205 1583 302 1646 tes,
325 1577 411 1632 ita
432 1579 494 1633 et
523 1576 580 1632 in
605 1575 844 1648 justitia
866 1575 1043 1632 unius
1073 1591 1278 1632 omnes
1301 1575 1711 1646 justiﬁcantur
1731 1591 1859 1631 cre-

203 1668 420 1724 dentes.
445 1667 508 1724 Si
533 1667 634 1740 qui
658 1670 857 1722 autem
876 1665 1424 1721 condemnationem
1446 1663 1599 1720 hanc
1626 1680 1861 1738 genera-

203 1756 306 1813 lem
329 1773 464 1812 esse
495 1760 727 1830 putant,
751 1753 928 1812 simili
963 1753 1136 1810 modo
1157 1757 1216 1809 et
1236 1752 1730 1826 justiticationem
1760 1768 1859 1819 ge-

205 1844 455 1902 neralem
480 1843 790 1917 accipient.
813 1843 924 1900 Sed
948 1859 1063 1899 non
1085 1846 1174 1899 est
1193 1859 1416 1910 verum,
1443 1841 1584 1914 quia
1603 1859 1718 1897 non
1742 1858 1862 1896 om-
1888 1873 1938 1939 Β

205 1950 298 1990 nes
338 1935 613 1990 credunt.
642 1955 664 1982 ι
691 1933 852 1990 Hanc
912 1936 1155 1988 sanctus
1209 1931 1598 2005 Hieronymus
1643 1930 1852 2000 tenuit,

203 2023 398 2080 dicens
427 2023 490 2078 in
521 2021 897 2096 Expositione
932 2021 1204 2095 Epistolas
1243 2021 1316 2077 ad
1357 2019 1638 2093 Ephesios
1662 2037 1713 2076 :«
1743 2021 1856 2076 lloc

204 2113 258 2168 in
287 2113 391 2168 Dei
426 2111 572 2169 Filio
601 2109 882 2185 possibile
903 2109 1298 2182 judicandum
1331 2112 1438 2177 est,
1463 2111 1620 2182 quod
1651 2124 1856 2164 cruore

205 2219 302 2259 suo
333 2219 447 2257 non
471 2201 678 2258 urbem
705 2216 905 2266 unam,
933 2199 1036 2256 sed
1057 2201 1246 2255 totum
1274 2202 1486 2272 purgat
1505 2199 1762 2255 orbem.»
1786 2199 1858 2254 Et

203 2291 256 2347 in
285 2294 624 2347 commento
653 2289 911 2346 Matthmi
947 2305 1010 2344 ια
1042 2287 1216 2346 Solus
1246 2293 1374 2344 orat
1409 2305 1514 2360 pro
1555 2288 1854 2356 omnibus,

202 2380 347 2436 sicut
364 2384 424 2436 et
440 2379 606 2436 solus
621 2378 844 2452 patitur
857 2395 960 2451 pro
975 2377 1323 2434 universis.»
1335 2379 1404 2433 Et
1419 2377 1556 2434 item
1577 2377 1632 2431 in
1651 2377 1856 2433 eodem

200 2468 342 2525 libro
365 2493 396 2519 «
419 2469 599 2525 Filius
625 2469 864 2524 hominis
891 2483 1004 2523 non
1027 2468 1177 2524 venit
1200 2467 1536 2532 ministrari,
1569 2466 1662 2522 sed
1690 2468 1857 2522 mini-

203 2565 390 2625 strare,
415 2566 470 2615 et
493 2557 628 2614 dare
656 2558 902 2612 animam
921 2573 1081 2612 suam
1101 2555 1522 2628 redemptionem
1550 2573 1648 2628 pro
1671 2558 1860 2612 multis

207 2647 346 2715 (lat.
379 2665 476 2714 xx,
501 2645 615 2719 28).
641 2645 769 2701 Non
801 2645 949 2700 dixit
979 2662 1083 2718 pro
1113 2644 1410 2710 omnibus,
1447 2645 1546 2700 sed
1576 2661 1680 2716 pro
1712 2645 1860 2700 mul-

206 2735 300 2805 tis,
330 2735 391 2791 id
424 2740 515 2792 est
546 2751 650 2806 pro
680 2734 778 2791 bis
807 2734 907 2807 qui
941 2735 1174 2790 credere
1203 2732 1531 2790 voluerunt.
1556 2756 1584 2782 ››
1603 2735 1676 2789 Et
1705 2735 1861 2790 Beda

211 2822 267 2879 in
295 2823 546 2880 homilia
564 2821 858 2897 Evangelii
883 2821 1108 2879 decima
1127 2822 1302 2878 tertia
1322 2839 1371 2878 ια
1397 2823 1458 2878 In
1483 2821 1704 2895 Spiritu
1731 2839 1862 2878 san-

212 2917 296 2968 cto
342 2911 675 2984 baptizans,
707 2911 850 2983 quin
881 2910 1168 2977 Christus,
1197 2909 1270 2966 ad
1320 2909 1580 2966 tollenda
1623 2913 1861 2981 peccata

213 3016 321 3058 non
351 2999 549 3056 solum
581 2999 780 3066 Israel,
803 3000 904 3056 sed
936 3003 996 3055 et
1023 2999 1206 3056 totius
1227 2999 1433 3055 muudi
1462 2997 1508 3053 si
1541 2999 1591 3054 ei
1625 2999 1860 3054 credere

208 3088 471 3156 voluerit,
497 3089 742 3144 idoneus
771 3092 882 3144 est.
907 3111 936 3138 ››
959 3088 1056 3145 Sic
1085 3088 1272 3145 sensit
1309 3092 1550 3144 sanctus
1583 3085 1854 3154 llilarius,

209 3177 404 3234 dicens
427 3177 484 3232 in
512 3175 883 3250 Expositione
908 3175 1120 3250 psalmi
1141 3194 1309 3233 cxvm
1333 3194 1385 3233 :«
1413 3177 1578 3232 Tunc
1599 3175 1858 3230 humano

209 3267 400 3339 generi
433 3267 741 3338 exprobret
769 3283 887 3322 non
913 3266 1193 3332 credenti,
1215 3282 1370 3338 nequ
1403 3265 1462 3321 in
1489 3265 1645 3320 viam
1677 3281 1856 3320 evan-

209 3353 450 3428 gelicum
473 3355 762 3428 pergenti,
781 3353 839 3410 id
855 3355 1010 3428 quod
1031 3355 1089 3410 in
1108 3353 1334 3427 psalmo
1353 3355 1702 3421 continetur,
1727 3355 1862 3423 Quae

210 3445 416 3500 utilitas
447 3446 510 3498 in
537 3445 807 3516 sanguine
831 3459 968 3511 meo,
991 3443 1121 3499 dum
1158 3443 1420 3500 descendo
1459 3445 1516 3499 in
1557 3444 1858 3516 corruptio-

211 3537 366 3589 nem!
386 3531 712 3606 Exprobrat
731 3532 888 3588 enim
911 3532 1182 3606 superbis
1197 3537 1371 3605 atque
1393 3532 1741 3600 maledictis,
1757 3549 1862 3587 cur

212 3621 351 3676 nihil
374 3621 434 3676 in
459 3624 828 3677 sacramento
847 3620 1155 3694 sanguinis
1176 3621 1267 3677 sui
1291 3623 1463 3693 atque
1481 3619 1687 3677 mortis
1709 3619 1862 3674 utili-

214 3709 342 3766 tatis
363 3727 486 3766 suae
515 3726 645 3766 esse
672 3708 1153 3774 existimaverint,
1175 3725 1310 3764 cum
1340 3707 1437 3763 ille
1467 3707 1651 3764 nostri
1684 3724 1862 3764 causa

212 3802 268 3852 et
293 3801 492 3864 natus,
514 3801 577 3853 et
607 3813 840 3869 passus,
863 3800 920 3853 et
949 3800 1216 3853 mortuus
1247 3796 1344 3852 sit.
1371 3817 1399 3846 ››

281 3887 374 3942 Sic
389 3885 584 3941 tenuit
595 3889 653 3940 et
663 3884 862 3941 docuit
871 3889 1112 3942 sanctus
1124 3885 1378 3941 Joannes
1390 3885 1470 3940 Ch
1478 3887 1760 3958 rysostom
1767 3902 1860 3956 us,

213 3975 409 4032 dicens
439 3974 502 4030 in
533 3973 796 4047 Epistola
817 3974 889 4030 ad
915 3974 1204 4043 Hebraeos,
1219 3973 1472 4046 qualiter
1490 3997 1519 4024 ‹‹
1540 3973 1730 4048 gratia
1758 3973 1860 4029 Dei

213 4079 313 4135 pro
341 4063 622 4120 omnibus
652 4063 973 4136 gustaverit
1001 4067 1273 4128 mortem,
1296 4079 1414 4120 non
1453 4079 1558 4136 pro
1590 4061 1862 4118 fidelibus

212 4156 468 4220 tantum,
488 4151 592 4208 sed
618 4167 720 4224 pro
741 4151 963 4208 mundo
981 4149 1270 4208 universo.
1291 4152 1363 4208 Et
1382 4150 1512 4208 ideo
1533 4151 1758 4206 dictum
1775 4154 1865 4207 est

214 4240 284 4296 ad
316 4239 642 4296 multorum
671 4237 1069 4294 exhaurienda
1098 4243 1354 4312 peccata.
1378 4240 1448 4295 Et
1477 4239 1601 4312 ipse
1623 4237 1861 4311 quidem

213 4343 317 4400 pro
337 4327 618 4384 omnibus
641 4331 911 4383 mortuus
931 4331 1040 4384 est.
1055 4327 1204 4395 Quid
1227 4331 1421 4384 autem
1446 4327 1491 4383 si
1517 4344 1631 4383 non
1659 4314 1865 4384 omnes

213 4417 500 4472 credunt?
531 4415 634 4471 ille
664 4415 818 4488 quod
850 4431 1026 4472 suum
1070 4419 1196 4472 erat
1233 4415 1551 4488 implevit.»
1572 4417 1642 4472 Et
1668 4415 1728 4471 in
1755 4415 1864 4471 ho-

111 4555 118 4560 .
213 4503 378 4561 milia
397 4505 664 4562 secunda
685 4503 942 4560 Mattbmi
961 4503 1329 4578 evangelista;
1349 4521 1399 4560 :«
1417 4505 1488 4560 Et
1503 4505 1633 4576 hoc,
1650 4505 1862 4578 inquit,

1969 611 2148 651 unam
2192 611 2294 650 vos
2345 595 2514 651 mitto
2565 599 2799 669 gentem
2848 595 3001 652 sicut
3057 597 3618 673 etiam'propbetas,

1970 685 2071 742 sed
2106 685 2178 740 ad
2202 701 2436 740 omnem
2469 688 2686 741 terram
2720 703 2962 758 prorsus
2997 703 3062 742 ac
3105 692 3624 764 mare,-totumque

1971 775 2285 838 mundum,
2308 774 2544 830 ethunc
2567 774 2746 830 variis
2769 774 3118 832 criminibus
3137 793 3543 849 oppressum.»
3555 781 3624 835 Et

1971 863 2111 936 quia
2139 880 2254 920 non
2288 879 2492 918 omnes
2522 863 2824 919 salvantur
2852 865 2924 919 ad
2961 880 3110 936 quos
3135 865 3380 920 verbum
3413 865 3623 923 salutis

1969 951 2221 1008 missum
2254 956 2364 1017 est,
2389 969 2494 1007 nec
2524 969 2727 1008 omnes
2759 953 3051 1026 passionis
3080 953 3208 1025 ejus
3229 954 3508 1027 mysterio
3539 969 3623 1010 re-

1969 1041 2298 1110 dimuntur,
2326 1057 2430 1113 pro
2463 1041 2681 1114 quibus
2714 1041 2876 1098 salus
2906 1047 3111 1114 parata
3129 1042 3402 1098 omnibus
3427 1043 3620 1098 crucis

1970 1130 2152 1186 subiit
2191 1129 2545 1204 passionem,
2580 1130 2718 1185 item
2772 1129 2926 1186 idem
2960 1133 3161 1187 doctor
3207 1129 3530 1188 catholicus
3557 1132 3614 1187 in

1967 1219 2212 1275 homilia
2241 1219 2493 1291 septima
2532 1219 2798 1290 ejusdem
2839 1219 3202 1292 evangelista:
3233 1221 3376 1276 dicit
3407 1237 3456 1276 ει
3492 1222 3616 1277 Non

1967 1309 2146 1376 enim,
2171 1307 2464 1380 inquiens,
2489 1325 2693 1364 omnes
2724 1307 2823 1380 qui
2863 1326 2932 1365 ex
2962 1308 3138 1364 Israel
3169 1309 3230 1364 bi
3261 1315 3402 1365 sunt
3431 1310 3620 1366 Israe-

1967 1397 2104 1469 litae,
2137 1398 2238 1454 sed
2269 1397 2608 1470 quicunque
2638 1414 2742 1468 per
2779 1398 2952 1453 fidem
2994 1397 3468 1470 repromissionis
3497 1399 3617 1455 nati

1968 1490 2126 1542 sunt.
2161 1486 2220 1543 Si
2253 1501 2386 1542 vero
2436 1501 2550 1540 non
2583 1502 2786 1541 omnes
2823 1485 2990 1559 regit,
3015 1489 3350 1542 vocatorum
3399 1487 3618 1544 crimen

1968 1580 2076 1638 est,
2101 1593 2218 1630 non
2249 1575 2532 1632 vocantis.
2561 1596 2589 1625 »
2613 1576 2684 1631 Et
2719 1574 2859 1631 item
2883 1591 2898 1630 :
2927 1597 2955 1626 ‹‹
2981 1576 3143 1642 Quod
3193 1579 3348 1631 certe
3395 1575 3536 1632 dicit
3563 1581 3622 1632 et

1969 1664 2208 1730 Paulus,
2246 1665 2419 1732 Vobis,
2449 1663 2661 1738 inquit,
2695 1665 2966 1736 oportebat
2999 1665 3243 1737 primum
3290 1667 3620 1722 annuntiari

1967 1753 2192 1810 verbum
2243 1756 2363 1820 Dei,
2393 1753 2487 1810 sed
2537 1755 2796 1826 quoniam
2852 1753 3108 1826 indignos
3164 1770 3256 1810 vos
3299 1753 3617 1827 judicastis,

1968 1844 2328 1899 convertimus
2356 1859 2454 1900 nos
2501 1842 2571 1898 ad
2612 1849 2792 1915 gentes
2821 1843 2954 1914 (Act.
2975 1859 3097 1910 xm,
3119 1843 3230 1913 46).
3253 1843 3324 1898 Et
3358 1843 3406 1900 si
3438 1842 3618 1915 igitur

1967 1937 2137 1990 antea
2159 1929 2530 1988 incredibiles
2553 1931 3204 2003 permanebant,tamen
3226 1935 3537 2004 postquam
3559 1935 3618 1986 et

1964 2023 2160 2095 ipsum
2193 2039 2226 2076 a
2255 2020 2443 2094 Magis
2491 2020 2825 2087 audierunt,
2857 2019 3167 2076 confestim
3213 2021 3282 2076 ad
3316 2020 3612 2076 Christum

1964 2111 2293 2168 debuerunt
2332 2109 2618 2166 advolare.
2645 2110 2756 2166 Sed
2789 2109 2991 2182 utique
3030 2109 3366 2174 noluerunt,
3399 2113 3454 2164 et
3483 2125 3614 2182 pro-

1965 2205 2163 2276 pterea
2189 2199 2320 2256 istis
2349 2197 2779 2255 dormientibus
2819 2197 2902 2254 illi
2943 2197 3348 2272 proveniunt.»
3373 2197 3445 2253 Et
3473 2197 3614 2252 item

1965 2291 2024 2347 in
2057 2289 2302 2346 homilia
2332 2292 2496 2345 sexta
2523 2305 2574 2344 :«
2596 2290 2664 2344 Et
2684 2304 2812 2352 cur,
2833 2288 3126 2360 inquiens,
3153 2305 3268 2343 non
3297 2287 3408 2343 hoc
3429 2284 3615 2358 Magis

1965 2380 2240 2438 omnibus
2270 2378 2582 2436 revelavit?
2612 2377 2754 2451 quia
2783 2377 3005 2433 scilicet.
3025 2393 3130 2432 nec
3153 2393 3356 2432 omnes
3389 2375 3619 2430 fuerant

1966 2469 2262 2527 credituri.
2291 2471 2407 2526 nEt
2442 2469 2579 2524 item
2629 2467 2688 2522 in
2738 2467 2979 2522 homilia
3027 2465 3257 2522 decima
3283 2482 3298 2522 :
3323 2489 3349 2514 ‹‹
3385 2465 3454 2520 Et
3485 2480 3614 2537 pro-

1966 2563 2166 2634 p‘erea
2195 2557 2501 2631 subjunxit
2544 2559 2604 2613 in
2653 2557 3022 2613 testimonium
3065 2557 3319 2612 omnibus
3365 2553 3617 2625 gentibus

1963 2649 2111 2720 (Mat.
2157 2666 2310 2715 xxxv,
2345 2648 2452 2718 14),
2496 2647 2812 2702 ostendens
2863 2663 2978 2700 non
3029 2662 3092 2700 se
3139 2646 3614 2716 exspectaturum

1965 2741 2031 2794 ut
2059 2753 2264 2794 omnes
2295 2735 2460 2809 prius
2490 2735 2748 2802 credant,
2781 2738 2839 2790 et
2868 2733 2950 2789 ita
2980 2733 3103 2805 ipse
3132 2731 3234 2804 qui
3268 2731 3616 2804 prmdixerat

1965 2827 2178 2882 veniat.
2204 2825 2367 2892 Quod
2389 2823 2542 2878 enim
2567 2823 2650 2878 ait
2677 2823 2732 2876 in
2757 2821 3160 2880 testimonium
3182 2820 3460 2876 omnibus
3479 2837 3616 2894 gen-

1963 2913 2144 2981 tibus,
2167 2913 2278 2968 hoc
2306 2916 2396 2970 est
2432 2911 2642 2976 dicere,
2665 2910 2725 2965 in
2766 2909 3198 2966 accusationem
3231 2925 3297 2964 ac
3329 2909 3612 2980 redargu-

1963 3002 2182 3058 tionem
2214 3017 2414 3057 eorum
2443 2999 2541 3072 qui
2571 2997 2878 3072 Evangelio
2903 2997 3138 3053 credere
3169 2995 3542 3052 noluerunt.»

2035 3091 2130 3147 Sic
2177 3089 2511 3162 praedicavit
2560 3090 2799 3144 sanctus
2824 3085 3190 3159 Augustinus
3237 3085 3296 3140 in
3347 3083 3496 3141 libro
3543 3084 3615 3140 de

1966 3179 2341 3252 Correptione
2381 3182 2439 3233 et
2469 3175 2684 3242 Gratia,
2718 3175 2916 3230 dicens
2946 3178 3085 3247 (cap.
3114 3175 3201 3243 16)
3227 3190 3286 3229 :«
3319 3172 3461 3240 Quis
3489 3191 3614 3229 ma-

1969 3269 2061 3343 gis
2082 3267 2570 3324 dilexitinﬁrmos
2603 3281 2780 3336 quam
2813 3262 2910 3318 ille
2940 3263 3038 3336 qui
3090 3281 3194 3336 pro
3224 3261 3499 3318 omnibus
3526 3266 3618 3318 est

1966 3360 2157 3414 factus
2188 3356 2480 3418 infirmus,
2502 3357 2559 3408 et
2587 3369 2690 3424 pro
2722 3351 2996 3408 omnibus
3021 3369 3090 3407 ex
3119 3351 3462 3407 inﬁrmitate
3483 3368 3614 3406 cru-

1967 3446 2218 3504 ciﬁxus?
2247 3445 2318 3499 Et
2347 3443 2403 3498 in
2437 3441 2585 3496 libro
2617 3446 2777 3496 sexto
2809 3445 3012 3496 contra
3029 3440 3332 3496 Julianum
3359 3439 3496 3512 ’cap.
3519 3441 3574 3509 5)
3599 3456 3612 3494 :

1969 3535 2056 3592 Illi
2103 3537 2241 3590 sunt
2270 3531 2434 3586 liberi
2469 3547 2502 3584 a
2531 3535 2787 3603 peccato,
2811 3546 2915 3602 pro
2963 3529 3178 3601 quibus
3227 3533 3498 3584 mortuus
3529 3531 3620 3584 est

1969 3624 2067 3698 qui
2101 3637 2403 3694 nunquam
2437 3621 2628 3675 fuerat
2661 3619 2718 3674 in
2752 3623 3026 3692 peccato:
3051 3623 3110 3673 et
3137 3634 3272 3672 cum
3312 3616 3490 3674 semel
3542 3615 3620 3672 sit

1969 3715 2460 3776 mortuus,tamen
2476 3727 2580 3782 pro
2592 3711 3098 3781 unoquoquctunc
3111 3705 3619 3778 moritur,quando

1968 3803 2029 3857 in
2063 3802 2190 3872 ejus
2220 3797 2818 3870 morte,quantzelibet
2839 3795 3028 3852 aetatis
3049 3795 3243 3861 tuerit,
3265 3793 3616 3867 baptizatur,

1970 3891 2027 3947 id
2059 3893 2170 3957 est,
2199 3893 2342 3944 tunc
2372 3887 2421 3944 ei
2459 3885 2718 3960 proderit
2747 3902 2908 3942 mors
2934 3887 3064 3957 ejus
3093 3884 3194 3956 qui
3235 3884 3347 3940 fuit
3388 3884 3446 3940 in
3487 3901 3618 3956 pec-

1969 3985 2118 4048 cato,
2143 3978 2380 4050 quando
2405 3977 2462 4031 in
2485 3976 2614 4048 ejus
2642 3978 2829 4032 morte
2858 3974 3189 4048 baptizatus
3213 3977 3484 4030 mortuus
3504 3973 3622 4029 fue-

1970 4069 2047 4124 rit
2071 4069 2247 4124 etiam
2280 4065 2406 4138 ipse
2450 4067 2706 4137 peccato,
2729 4063 2832 4134 qui
2873 4067 3142 4120 mortuus
3174 4063 3364 4118 fuerat
3394 4061 3453 4117 in
3487 4079 3621 4135 pec-

1971 4161 2158 4214 cato.»
2179 4155 2275 4211 Sic
2307 4153 2539 4227 rugitus
2571 4151 2768 4225 magni
2801 4147 3030 4218 Le'onis,
3061 4168 3222 4224 papae
3256 4149 3479 4206 scilicet
3509 4150 3620 4205 Ro-

1970 4261 2157 4301 mana:
2190 4241 2373 4306 urbis,
2397 4259 2524 4312 quis
2563 4244 2741 4315 caput
2766 4241 2869 4296 'est
2905 4239 3298 4296 Ecelesiarum
3331 4237 3620 4300 omnium.

1971 4337 2145 4406 atque
2173 4329 2354 4386 totius
2377 4329 2557 4395 orbis,
2587 4345 2688 4401 per
2716 4331 2925 4394 totum,
2948 4331 3014 4383 ut
3039 4327 3456 4400 praemisimus,
3479 4325 3624 4380 into-

1973 4425 2074 4478 nat
2105 4419 2394 4476 mundum
2427 4419 2602 4490 (epist.
2633 4419 2723 4484 97,
2746 4433 2866 4488 cap.
2891 4418 2950 4484 2)
2983 4433 3031 4470 :u
3058 4413 3298 4482 Etl'usio,
3323 4411 3620 4485 inquiens,

1966 4510 2114 4583 justi
2147 4525 2250 4581 pro
2282 4507 2524 4578 injustis
2569 4504 2877 4578 sanguinis
2905 4502 3123 4560 Christi
3172 4507 3296 4559 tam
3327 4501 3437 4558 fuit
3464 4502 3626 4559 dives

213 4593 318 4648 tibi
342 4598 477 4649 ante
500 4610 596 4682 me
619 4591 804 4647 lsaias
823 4591 1107 4682 propheta
1125 4591 1452 4682 denuntiat.
1468 4591 1770 4666 Siquidem
1791 4593 1874 4666 ip.
1903 4616 1952 4682 Β
1982 4601 2054 4656 ad
2087 4596 2361 4672 pretium,
2395 4599 2461 4650 ut
2507 4595 2559 4650 si
2615 4591 3360 4682 universitasicaptivorum
3401 4591 3464 4682 in
3510 4592 3625 4682 Re-

213 4683 346 4738 sius
370 4681 692 4753 praedicans
715 4680 1049 4752 passionem
1069 4685 1126 4736 et
1147 4680 1462 4754 plurimam
1485 4699 1589 4754 pro
1611 4686 1731 4737 toto
1753 4687 1866 4738 ter-

214 4785 415 4825 rarum
437 4768 578 4824 orbe
597 4767 1025 4841 pissimamque
1045 4774 1460 4842 curam,atque
1481 4771 1865 4838 admiratus,»

215 4860 271 4912 et
299 4857 548 4929 reliqua.
593 4856 666 4912 Et
693 4857 833 4912 item
862 4855 922 4912 in
955 4855 1201 4914 homilia
1228 4863 1438 4929 quarta
1461 4876 1474 4914 :
1494 4880 1522 4909 ‹‹
1544 4859 1671 4914 Non
1699 4859 1864 4926 dixit,

215 4944 407 5001 Pariet
431 4945 564 5013 tibi,
588 4945 690 5001 sed
723 4945 981 5001 medium
1013 4945 1158 5002 illud
1189 4946 1388 5018 posuit
1415 4951 1592 5019 atque
1621 4965 1867 5020 suspen-

215 5049 376 5088 sum.
398 5033 522 5088 Non
555 5032 715 5088 enim
747 5028 854 5102 illi,
878 5033 982 5090 sed
1025 5034 1296 5090 universo
1336 5051 1578 5107 prorsus
1608 5035 1732 5092 orbi
1764 5053 1868 5108 pe-

215 5121 374 5192 perit
391 5119 751 5176 Christum.»
773 5121 844 5176 Et
873 5126 1006 5193 post
1040 5138 1230 5194 pauca
1259 5138 1317 5178 :«
1354 5123 1460 5178 Per
1487 5123 1680 5194 ipsum
1715 5125 1870 5180 bona

218 5207 491 5264 universo
521 5208 647 5264 orbi
696 5209 1047 5266 conferenda
1090 5211 1489 5282 pronuntiat.»
1516 5213 1588 5267 Et
1639 5213 1778 5267 item
1810 5211 1870 5268 in

216 5293 466 5352 homilia
513 5296 745 5352 decima
775 5297 982 5370 quinta
1014 5314 1082 5354 τα
1118 5299 1214 5355 Vos
1251 5301 1380 5355 estis
1403 5301 1489 5354 sat
1532 5308 1690 5356 terra:
1721 5300 1868 5368 (Mat.

215 5401 272 5450 v,
307 5385 417 5456 13).
445 5385 556 5440 Per
611 5386 764 5456 quod
824 5386 1083 5442 ostendit
1140 5403 1314 5459 quam
1375 5389 1701 5444 necessarie
1760 5388 1873 5444 ista

215 5473 540 5545 precipiat.
574 5473 701 5528 Non
731 5473 888 5528 enim
921 5491 1026 5546 pro
1055 5479 1266 5542 vestra,
1289 5474 1500 5546 inquit,
1531 5475 1718 5532 salute
1749 5481 1875 5532 tan-

209 5563 550 5630 tummodo,
609 5562 710 5617 sed
769 5580 872 5634 pro
930 5562 1199 5619 universo
1259 5581 1500 5636 prorsus
1559 5567 1696 5621 orbe
1750 5565 1892 5623 haec

215 5646 388 5705 vobis
412 5649 682 5706 doctrina
717 5651 1123 5708 committitur.
1155 5652 1280 5708 Non
1335 5653 1409 5708 ad
1462 5654 1608 5711 duas
1657 5655 1874 5728 quippe

1976 4689 2336 4759 demptorem
2371 4700 2545 4739 suum
2579 4683 2856 4750 crederet,
2892 4681 3119 4737 nullum
3151 4679 3363 4737 diaboli
3393 4679 3628 4737 vincula

1975 4769 2308 4833 retinerent.
2333 4796 2359 4821 ι)
2383 4773 2478 4829 Sic
2509 4774 2748 4827 sanctus
2770 4769 3084 4845 Gregorius
3113 4769 3302 4826 tenuit
3330 4773 3388 4826 et
3418 4771 3625 4842 praedi-

1975 4863 2145 4928 cavit,
2179 4861 2240 4916 in
2296 4859 2446 4916 libro
2505 4859 2815 4916 Moralium
2872 4860 3100 4917 decimo
3157 4863 3366 4932 quarto
3423 4859 3626 4915 dicens

1976 4953 2114 5026 (cap.
2137 4953 2230 5017 22)
2255 4966 2313 5005 τα
2347 4949 2514 5005 Stutti
2567 4965 2777 5022 quoque
2829 4949 3199 5022 despiciebant
3242 4965 3330 5005 me
3359 4948 3482 5016 (Job
3510 4964 3624 5015 xix,

1980 5043 2088 5110 18).
2108 5039 2187 5094 Ac
2217 5039 2264 5094 si
2299 5041 2496 5110 aperte
2525 5037 2853 5094 diceretur:
2881 5037 2996 5111 Ipsi
3027 5037 3201 5094 etiam
3236 5053 3328 5092 me
3351 5036 3624 5106 despexe-

1980 5131 2140 5192 runt,
2163 5144 2267 5198 pro
2297 5127 2515 5198 quibus
2543 5125 2824 5182 sanandis
2856 5127 3167 5183 stultitiam
3201 5120 3627 5196 praedicationis

1979 5215 2298 5287 assumpsi,
2321 5215 2379 5268 id
2417 5219 2528 5281 est,
2556 5219 2622 5270 ut
2653 5233 2755 5287 per
2783 5233 3016 5270 carnem
3048 5213 3220 5268 Verbi
3253 5211 3624 5276 sanarentur,

1980 5309 2038 5359 et
2066 5305 2138 5360 ab
2168 5303 2313 5376 ipsis
2335 5305 2648 5376 despectus
2673 5321 2826 5370 sum,
2855 5321 2958 5374 pro
2981 5301 3196 5372 quibus
3227 5297 3444 5354 stultus
3475 5297 3627 5352 (esti-

1981 5393 2131 5449 mari
2162 5391 2381 5447 veritus
2425 5409 2543 5447 non
2583 5407 2772 5447 sum.»
2801 5391 2870 5444 Et
2917 5389 2975 5444 in
3025 5385 3268 5442 homilia
3313 5384 3630 5442 Ezechielis

1981 5479 2274 5552 prophetae
2301 5495 2314 5534 :
2339 5502 2368 5528 «
2401 5479 2507 5534 Pro
2540 5477 2856 5534 electorum
2887 5475 3004 5528 vita
3042 5489 3230 5543 usque
3269 5473 3338 5528 ad
3383 5476 3630 5528 mortem

1982 5585 2043 5624 se
2072 5567 2318 5623 tradidit
2363 5571 2568 5623 auctor
2596 5565 2794 5619 vitae.»
2828 5563 2897 5617 Et
2940 5562 3000 5616 in
3047 5560 3289 5617 homilia
3337 5561 3632 5636 Evangelii

1979 5656 2267 5730 vigesima
2301 5673 2313 5712 :
2340 5678 2368 5706 «
2406 5653 2577 5710 illum
2609 5653 2864 5708 Joannes
2909 5649 3169 5722 Baptista
3197 5649 3512 5724 praedicare
3539 5668 3632 5707 ve-
