3962 6178
372 345 483 406 4⁵71

1298 344 1685 414 ΗΙΝΟΜΑΗΙ
1728 345 2176 412 RHEMENSIS
2223 347 2840 417 ARCHIEPISCOPI.

3651 354 3766 418 4'13

355 475 573 545 niebat,
591 473 688 550 qui
711 475 998 550 quosdam
1022 493 1090 536 ex
1110 476 1313 538 Judea
1334 482 1392 534 et
1412 477 1628 536 multos
1649 495 1718 538 ex
1735 480 2016 554 gentibus
2046 481 2100 550 Α*
2126 481 2306 540 totius
2337 483 2540 542 mundi
2573 501 2700 542 esse
2747 481 3186 548 celebrandum.
3213 505 3242 533 »
3270 480 3544 556 Et'paulo
3594 487 3723 557 post
3749 501 3766 540 :

360 565 586 623 salvare
613 566 901 624 veniebat.
929 589 958 617 »
980 569 1050 622 Et
1080 568 1136 624 in
1168 567 1452 642 vigesimo
1483 569 1634 626 libro
1666 569 2016 628 Moralium:

367 677 396 706 «
430 654 789 726 Redemptor
807 673 1021 728 corpus
1053 657 1316 728 passioni
1335 657 1570 728 obtulit,
1591 659 1746 730 quod
1780 672 1884 731 pro
1910 657 2021 717 ele-

363 743 474 800 ctis
505 747 926 816 assumpserat.
947 766 968 793 ιι
996 746 1154 803 408‘
1181 747 1251 802 Et
1280 745 1417 802 item
1451 763 1464 802 :
1491 769 1520 797 «
1553 745 1888 820 Interpellat
1911 765 2018 820 pro

359 833 528 890 nobis
550 832 855 901 Dominus,
875 850 990 888 non
1009 851 1148 892 voce
1168 836 1272 890 sed
1299 835 1838 910 miseratione,quia
1859 838 2019 910 quod-

358 922 628 978 damnari
659 921 719 980 in
743 916 943 978 electis
969 923 1177 990 noluit,
1197 923 1572 997 suscipiendo
1591 925 1862 983 liberavit
1885 947 1910 978 ιι
1944 929 2016 984 Et

363 1011 518 1068 idem
549 1011 608 1067 in
641 1013 789 1068 libro
819 1011 1102 1084 vigesimo
1133 1018 1339 1086 quarto
1371 1014 1680 1071 Moralium
1708 1020 1846 1090 (cap.
1883 1019 2008 1086 ii):

357 1124 385 1151 ‹‹
420 1101 566 1168 Quia
610 1101 790 1175 igitur
837 1102 1123 1160 Dominus
1152 1120 1283 1160 vere
1331 1108 1526 1171 natus,
1557 1122 1690 1161 vere
1720 1109 2008 1176 mortuus,

355 1208 490 1247 vere
520 1191 928 1258 resuscitatus,
959 1191 1020 1246 in
1051 1191 1325 1248 omnibus
1355 1196 1550 1249 tamen
1581 1195 1760 1250 distat
1788 1213 1822 1250 a
1842 1195 2012 1252 nobis

357 1279 766 1354 magnitudine
797 1280 1088 1354 potentiaa,
1111 1281 1212 1338 sed
1241 1280 1364 1338 sola
1383 1283 1696 1340 concordat
1724 1284 1894 1341 nobis
1922 1301 2010 1341 ve-

357 1369 530 1426 ritate
561 1373 803 1438 naturas,
833 1370 980 1426 bene
1009 1369 1246 1438 dicitur,
1271 1371 1411 1443 quia
1439 1388 1544 1444 pro
1575 1372 1746 1428 nobis
1775 1371 2014 1435 istean-

357 1457 526 1531 gelus
572 1474 748 1514 unum
789 1458 856 1515 de
901 1459 1183 1516 similibus
1234 1457 1497 1532 loquitur
1523 1459 1643 1530 (Job
1669 1462 2006 1534 xxx‘m,23).

357 1547 504 1603 Cum
536 1548 690 1605 enim
725 1548 784 1604 in
815 1547 1044 1604 cunctis
1083 1548 1522 1620 operationibus
1553 1550 1679 1606 suis
1715 1549 2010 1608 immensa

360 1653 466 1694 nos
485 1637 700 1694 virtute
721 1637 1119 1706 transcendat,
1145 1637 1205 1692 in
1237 1654 1354 1694 uno
1375 1642 1572 1694 tamen
1595 1653 1630 1696 a
1649 1639 1818 1700 nobis
1839 1639 1897 1695 id
1920 1643 2011 1701 est

357 1725 418 1782 in
440 1727 640 1783 formae
660 1727 960 1793 varietate,
978 1743 1094 1782 non
1118 1726 1429 1799 discrepat.
1455 1727 1562 1784 Per
1580 1727 1692 1786 hoc
1711 1745 1818 1801 pro
1836 1729 2008 1788 nobis

356 1815 511 1872 Patri
536 1815 814 1888 loquitur,
841 1833 944 1889 per
961 1816 1117 1888 quod
1141 1814 1524 1890 semetipsum
1555 1817 1727 1873 nobis
1747 1817 2001 1876 similem

355 1905 631 1962 ostendit.
667 1905 850 1978 Loqui
899 1905 1117 1978 quippe
1169 1906 1300 1977 ejus
1340 1905 1430 1962 vel
1477 1904 1850 1978 interpellare
1895 1910 2006 1974 est,

353 1992 550 2065 ipsum
569 2009 632 2050 se
655 2011 756 2066 pro
767 1995 1050 2052 omnibus
1073 1993 1372 2050 hominem
1391 1995 2014 2060 demonstrare.»0uo-

355 2081 529 2137 modo
559 2085 755 2138 autem
789 2082 847 2140 id
879 2085 1038 2156 quod
1067 2071 1292 2140 dictum
1340 2087 1449 2151 est,
1485 2099 1546 2140 se
1593 2101 1698 2156 pro
1730 2077 2010 2140 omnibus

353 2171 774 2240 demonstrare,
802 2171 1174 2246 manifestius
1205 2171 1532 2245 intelligere
1555 2171 1880 2240 valeamus,
1909 2189 2008 2229 os-

354 2259 544 2316 tendit
563 2260 896 2334 evangelica
915 2261 1131 2318 veritas
1153 2261 1354 2320 dicens
1376 2277 1389 2316 :
1417 2263 1482 2318 Ut
1507 2263 1687 2319 omnis
1717 2263 1814 2334 qui
1839 2262 2013 2320 credit

354 2349 413 2404 in
444 2350 624 2422 ipsum
648 2367 759 2407 non
787 2359 991 2423 pereat,
1013 2351 1106 2407 sed
1133 2351 1329 2408 habeat
1347 2352 1515 2410 vitam
1539 2359 1806 2408 aeternam
1825 2353 2005 2420 (Joan.

355 2455 440 2504 HI,
474 2439 563 2508 15)
587 2455 600 2493 :
627 2441 724 2512 qui
750 2457 874 2497 vero
902 2457 1016 2496 non
1033 2439 1326 2498 crediderit
1350 2439 1799 2496 condemnabitur
1818 2440 2002 2514 (Marc.

353 2544 470 2596 xvr,
497 2529 605 2597 16),
630 2532 696 2584 ut
726 2529 1001 2601 praefatus
1026 2530 1230 2584 doctor
1261 2529 1321 2584 in
1339 2528 1491 2588 libro
1511 2529 1813 2602 trigesimo
1845 2533 2006 2586 sexto

355 2616 664 2674 Moralium
709 2618 852 2674 dicit
883 2635 894 2674 :
923 2641 950 2668 «
985 2618 1094 2675 Sed
1127 2617 1316 2690 iniqui
1345 2634 1552 2675 omnes
1598 2621 1818 2676 aeterno
1861 2637 2006 2692 sup-

355 2707 528 2780 plicio
551 2711 608 2764 et
627 2705 864 2780 quidem
887 2725 996 2764 sua
1014 2706 1325 2780 iniquitate
1354 2707 1704 2780 puniuntur,
1728 2713 1786 2765 et
1808 2713 2008 2768 tamen

353 2795 426 2850 ad
457 2795 678 2869 aliquid
701 2801 1168 2864 concrementur,
1193 2795 1414 2853 scilicet
1441 2800 1499 2852 et
1519 2796 1669 2868 justi
1699 2814 1928 2863 omnes,
1950 2802 2010 2854 et

351 2881 412 2939 in
442 2885 558 2942 Deo
601 2884 836 2942 videant
881 2886 1102 2960 gaudia
1145 2903 1272 2960 quae
1316 2885 1670 2960 percipiunt,
1700 2891 1758 2944 et
1785 2887 1845 2943 in
1875 2886 2006 2944 istis

352 2972 671 3047 respiciant
702 2975 992 3050 supplicia
1022 2993 1152 3050 quae
1181 2979 1512 3034 evaserunt.
1540 2998 1567 3026 »

422 3063 582 3121 Hanc
633 3063 942 3122 discretam
994 3064 1441 3140 intelligentiam
1488 3065 1558 3122 de
1607 3065 2005 3137 redemptione

350 3169 479 3224 quis
507 3153 574 3210 fit
601 3171 704 3226 per
749 3155 1097 3228 sanguinem
1125 3153 1363 3223 Christi,
1397 3170 1532 3210 cum
1585 3152 2004 3226 suprascriptis

2127 593 2156 632 (ς
2181 569 2458 628 Consulto
2485 573 2575 629 vel
2607 589 2770 645 aqua;
2809 571 2990 644 baiuli
3023 571 3110 640 vel
3139 571 3362 628 domini
3393 573 3605 629 domus
3631 578 3769 630 sunt

2125 660 2522 740 praetermissa
2537 661 2842 728 vocabula,
2862 665 2926 717 ut
2945 659 3224 718 omnibus
3243 661 3466 718 Pascha
3481 661 3770 718 celebrem

2123 747 2474 816 volentibus,
2489 749 2600 806 hoc
2625 754 2712 806 est
2731 749 2945 818 Christi
2972 751 3359 809 sacramentis
3383 749 3592 816 imbui,
3615 749 3771 807 Chri-

2124 841 2284 894 stum
2315 855 2435 895 suas
2465 839 2681 896 mentis
2724 838 2980 912 hospitio
3024 837 3322 912 suscipere
3351 840 3766 912 quaerentibus,

2123 927 2370 984 facultas
2399 928 2596 984 danda
2627 929 2908 1001 signetur.
2934 950 2964 980 »

2194 1016 2288 1071 Sic
2319 1020 2376 1072 et
2403 1017 2784 1073 Cassiodorus
2824 1015 3109 1080 intellexit
3143 1035 3212 1072 ac
3242 1017 3449 1080 tenuit,
3482 1017 3681 1074 dicens
3711 1019 3769 1074 in

2121 1104 2348 1176 psalmo
2377 1121 2540 1168 CXLIX
2567 1123 2579 1160 ε
2606 1129 2634 1156 ‹‹
2669 1105 2904 1162 Laudato
2952 1107 3104 1164 409
3152 1122 3280 1162 eum
3329 1109 3388 1162 in
3432 1109 3776 1177 ﬂnnamcnto

2119 1195 2341 1250 virtutis
2368 1196 2504 1268 ejus.
2532 1195 2806 1250 Firmitas
2823 1195 3058 1250 virtutis
3083 1195 3212 1266 ejus
3233 1199 3342 1262 est,
3367 1195 3508 1267 quia
3531 1194 3772 1252 exitium

2120 1299 2223 1355 pro
2245 1283 2511 1340 omnium
2545 1283 2734 1339 salute
2764 1282 3119 1357 suscipiens,
3139 1287 3386 1340 mortem
3415 1282 3606 1357 ipsam
3637 1301 3778 1341 cum

2118 1375 2353 1428 auctore
2373 1372 2736 1446 nequissimo
2755 1371 3026 1446 potentiae
3047 1389 3169 1429 sum
3185 1371 3396 1430 virtute
3417 1373 3767 1446 superavit.-

2117 1460 2188 1516 Et
2213 1459 2271 1515 in
2304 1460 2530 1534 psalmo
2561 1478 2707 1518 cxw
2742 1479 2755 1518 :
2785 1485 2814 1513 «
2849 1462 3030 1519 Nemo
3076 1463 3272 1519 autem
3315 1461 3619 1535 requisivit
3647 1464 3774 1520 ani-

2118 1565 2276 1605 mam
2307 1551 2458 1622 ejus,
2476 1551 2620 1606 dum
2642 1549 2694 1606 ei
2727 1549 2892 1608 nulla
2920 1549 3242 1611 consolatio
3271 1553 3648 1624 praeberetur,
3672 1554 3772 1610 sed

2117 1637 2280 1694 solus
2295 1638 2368 1694 ad
2391 1639 2722 1712 passionem
2743 1638 2980 1698 relictus
3001 1639 3218 1714 est,qui
3235 1645 3363 1698 erat
3379 1657 3487 1713 pro
3503 1642 3772 1699 omnium

2115 1727 2304 1784 salute
2335 1727 2673 1786 moriturus.
2703 1751 2731 1779 »
2753 1730 2822 1786 Et
2849 1729 2987 1786 item
3012 1745 3026 1786 :
3051 1751 3078 1780 «
3107 1729 3253 1786 Nam
3283 1729 3333 1784 si
3363 1729 3510 1786 illud
3538 1729 3776 1788 deitatis

2114 1833 2234 1873 suae
2255 1815 2488 1875 culmen
2513 1817 2784 1875 mirabile
2807 1835 2924 1874 non
2949 1817 3296 1876 inclinasset
3316 1819 3540 1892 sumpti
3562 1836 3774 1894 corpo-

2119 1905 2199 1970 ris
2221 1905 2992 1978 veritate,quemadmodum
3021 1924 3126 1980 pro
3147 1905 3338 1964 salute
3357 1907 3634 1964 omnium.
3648 1926 3776 1964 eru-

2115 1994 2270 2068 ciﬁgi
2297 1995 2603 2067 potuerat?
2621 2018 2650 2046 ‹‹
2673 1997 2743 2054 Et
2765 1995 2823 2054 in
2851 1995 3079 2069 psalmo
3103 2013 3174 2052 cx
3197 1995 3530 2054 :«Virtutcm
3549 2013 3778 2069 operum

2114 2099 2342 2139 suorum
2368 2086 2726 2142 annuntiavit
2762 2085 2964 2158 populo
3013 2101 3131 2154 suo,
3165 2083 3390 2144 scilicet
3419 2085 3776 2156 Christiano,

2115 2187 2290 2244 quem
2334 2172 2581 2228 redemit
2627 2173 2918 2248 sanguine
2943 2173 3222 2248 pretioso.
3247 2197 3275 2224 ››
3310 2175 3382 2232 Et
3430 2172 3491 2229 in
3539 2173 3774 2248 psalmo

2113 2277 2280 2316 cxxxx
2305 2277 2355 2316 ;‹‹
2378 2261 2444 2318 Et
2468 2263 2692 2334 copiosa
2713 2261 2860 2336 apud
2889 2280 3016 2322 cum
3043 2263 3360 2336 redemptio,
3385 2267 3455 2320 ut
3479 2262 3774 2336 pretiosus

2115 2347 2213 2404 ille
2243 2349 2484 2422 sanguis
2515 2355 2682 2408 tanta
2706 2350 2880 2408 fuerit
2903 2351 3166 2416 ubertate
3187 2352 3539 2420 ditissimus,
3558 2355 3774 2426 quate-

2115 2455 2228 2494 nus
2247 2439 2428 2495 totius
2444 2440 2650 2496 mundi
2673 2444 2913 2514 peccata
2926 2440 3320 2509 redimeret,et
3339 2439 3496 2498 velut
3509 2443 3784 2517 quodam-

2113 2525 2332 2582 diluvio
2353 2527 2596 2584 salutari
2620 2529 2820 2586 orbem
2851 2534 3144 2587 terrarum
3167 2548 3202 2586 a
3219 2528 3346 2587 suis
3367 2531 3650 2588 sordibus
3675 2547 3772 2587 ex-

2115 2615 2318 2689 piaret.
2343 2638 2372 2668 »
2396 2618 2467 2673 Et
2486 2617 2626 2674 item
2661 2619 2718 2674 in
2745 2619 2974 2692 psalmo
2993 2609 3252 2676 cxnvnizu
3284 2621 3393 2688 Qui
3445 2621 3608 2676 enim
3659 2619 3776 2678 erit

2113 2703 2274 2761 illius
2299 2707 2498 2778 gaudii
2530 2709 2765 2774 modus,
2783 2709 3120 2781 conspicere
3151 2707 3322 2764 illum
3344 2707 3655 2766 dominum
3691 2727 3778 2766 re-

2113 2811 2246 2850 rum
2259 2795 2359 2867 qui
2373 2795 2466 2852 hic
2485 2795 2632 2852 mori
2647 2797 2904 2855 creditus
2915 2801 3008 2854 est
3022 2815 3129 2870 pro
3137 2796 3328 2854 salute
3341 2802 3696 2854 cunctorum
3709 2799 3773 2855 ?n

2113 2883 2184 2941 Et
2213 2883 2274 2938 in
2307 2883 2533 2956 psalmo
2561 2901 2734 2943 cxvm
2758 2885 3020 2944 πωλέω
3056 2886 3338 2958 judicium
3377 2903 3580 2954 meum,
3613 2895 3671 2944 et
3695 2903 3776 2944 re-

2109 2969 2378 3029 dimeme.
2400 2975 2582 3040 Quem
2606 2975 3140 3048 redimerepoterat
3157 2975 3272 3032 nisi
3297 2975 3778 3043 credentem,ant

2111 3075 2216 3133 pro
2227 3077 2344 3132 quo
2357 3062 2610 3119 maxime
2623 3063 2972 3137 sanguinem
2989 3062 3410 3136 redemptionis
3421 3063 3778 3133 effunderet,

2111 3146 2162 3204 si
2192 3148 2381 3206 ﬁdelis
2411 3149 2670 3208 famulus
2699 3168 2814 3208 non
2849 3151 3096 3209 fuisset?
3114 3150 3391 3208 Addidit:
3415 3153 3655 3224 Propter
3671 3153 3776 3210 elo-

350 3223 651 3314 magistris
672 3223 976 3300 catholicis
1005 3243 1446 3316 intelligendam
1468 3247 1644 3315 atque
1659 3223 1998 3311 tenendam,
2031 3223 2090 3292 θ’
2113 3239 2266 3310 quim
2293 3245 2452 3296 tuum
2481 3241 2699 3312 viviﬁca
2722 3257 2810 3298 me
2837 3259 2856 3296 :
2889 3241 2988 3308 illo
3036 3240 3278 3308 scilicet,
3303 3241 3404 3298 ubi
3452 3223 3776 3313 promittit,

349 3335 408 3386 et
435 3330 786 3386 venerabilis
833 3333 988 3388 Beda
1033 3333 1338 3406 presbyter
1366 3329 1649 3387 intellexit
1683 3333 1742 3386 et
1787 3331 1999 3399 tenuit,

351 3417 553 3473 dicens
581 3417 640 3474 in
669 3419 1030 3492 expositione
1068 3419 1362 3494 Evangelii
1404 3421 1571 3476 Lucae
1606 3435 1674 3474 ;‹‹
1707 3421 1898 3476 Factus
1925 3427 2006 3477 est

347 3505 516 3562 sudor
542 3508 660 3580 ejus
705 3510 848 3566 sicut
883 3517 1052 3581 gutta?
1077 3511 1367 3582 sanguinis
1395 3508 1730 3565 decurrentis
1781 3510 1843 3564 in
1889 3515 2002 3564 ter-

349 3613 472 3652 ram
518 3596 667 3668 (Luc.
699 3616 838 3668 χχιι,
871 3600 983 3667 44),
1025 3603 1090 3656 ut
1147 3597 1484 3654 universum
1542 3596 1657 3654 late
1713 3601 2002 3654 ter-rarum

349 3685 549 3742 orbem
581 3687 838 3759 peccatis
869 3691 1168 3743 mortuum
1214 3703 1322 3749 sua
1350 3689 1538 3742 morte
1567 3684 1804 3742 innoxia
1833 3685 2002 3742 οωιθ-

349 3777 500 3832 stem
532 3777 910 3832 resuscitaret
939 3776 1013 3832 ad
1041 3775 1290 3832 vitam.»
1313 3775 1384 3830 Et
1412 3774 1552 3831 item
1577 3793 1623 3831 τι
1650 3776 1814 3842 Quod
1844 3779 2004 3832 veste

347 3861 484 3918 alba
532 3863 820 3930 induitur,
853 3861 1243 3920 immaculata:
1273 3864 1374 3920 dat
1419 3863 1637 3919 indicia
1687 3863 1999 3935 passionis,

349 3949 628 4022 quoniam
657 3953 860 4024 Agnus
890 3952 992 4008 Dei
1027 3951 1447 4008 immaculatus
1476 3951 1660 4009 totius
1687 3951 1892 4028 mundi
1923 3953 2004 4012 sit

349 4041 585 4110 peccata
615 4039 920 4097 ablaturus
973 4043 1190 4098 Etcum
1236 4042 1495 4114 tetigisset
1529 4041 1842 4103 auriculam
1887 4043 2003 4113 ejus

346 4129 564 4183 sanavit
589 4144 714 4184 eum
743 4129 926 4198 (ibid.,
957 4121 1352 4203 51.),‘mystiee
1395 4130 1610 4186 docens
1641 4133 1706 4186 et-
1739 4129 1922 4202 ipsos,
1952 4129 2003 4191 si

349 4219 779 4286 convertantur,
814 4235 986 4290 posse
1015 4219 1234 4287 sanari,
1267 4217 1369 4292 qui
1401 4219 1459 4274 in
1491 4235 1600 4277 sua
1625 4222 1767 4274 sunt
1797 4218 2002 4276 mortis
2045 4287 2049 4291 η

349 4305 732 4363 consensione
763 4306 1071 4365 vulnerati.
1097 4331 1126 4358 ››
1149 4308 1220 4364 Et
1255 4307 1398 4364 item
1432 4323 1494 4362 :«
1525 4308 1816 4380 Postquam
1851 4323 2004 4364 aeneo

349 4401 478 4449 run!
505 4393 576 4450 ad
633 4396 813 4451 locum
849 4399 946 4470 qui
996 4405 1219 4454 vocatur
1265 4397 1557 4464 Calcarise,
1591 4395 1676 4452 ibi
1718 4397 2001 4467 cruci/iace-

349 4491 481 4538 runt
507 4499 632 4539 cum
660 4486 812 4554 (Luc.
847 4503 972 4554 xm,
1002 4487 1115 4556 33).
1156 4486 1464 4558 Propterea
1492 4488 1689 4542 autem
1739 4483 1819 4540 ibi
1867 4502 1998 4542 cru-

2113 3327 2221 3396 Qui
2241 3328 2416 3386 credit
2440 3331 2503 3385 in
2529 3347 2616 3386 me
2643 3346 2754 3386 nou
2780 3331 3065 3398 morietur,
3085 3330 3395 3387 sed/iubeat
3419 3331 3592 3386 vitam
3619 3338 3775 3388 tuter-

2109 3416 2406 3474 uam.Tale
2423 3421 2514 3486 est
2531 3417 2762 3474 et'illud.
2773 3419 3072 3492 prophetas
3089 3418 3402 3492 quaerentis
3421 3418 3682 3476 Domino
3701 3419 3776 3476 de

2111 3504 2491 3576 quibusdam,
2520 3509 2790 3566 Attrivisti
2815 3523 2924 3577 eos,
2957 3507 3250 3580 inquiens,
3271 3515 3324 3564 et
3350 3515 3668 3564 renucrunt.
3686 3524 3772 3564 ac-

2111 3595 2288 3665 cipere
2333 3594 2687 3668 disciplinam
2711 3596 2838 3669 (lar.
2863 3614 2921 3664 v,
2952 3597 3042 3670 3);
3075 3600 3134 3653 et
3165 3612 3178 3651 :
3213 3595 3540 3652 Curavimus
3583 3597 3774 3670 Baby-

2113 3681 2290 3740 lonem
2315 3691 2368 3739 et
2391 3700 2504 3740 mm
2531 3692 2612 3740 est
2644 3693 2838 3744 sanata
2865 3689 3006 3756 (δῖαν.
3040 3703 3112 3754 ιλ,
3144 3685 3221 3754 9).
3253 3687 3324 3741 Et
3351 3685 3648 3742 Dominus
3677 3686 3774 3742 di-

2111 3769 2192 3825 cit
2223 3787 2236 3825 :
2269 3771 2510 3844 Intcrﬁci
2537 3782 2592 3830 et
2615 3774 2836 3846 perdidi
2868 3774 3134 3847 poputum
3165 3775 3403 3847 justum,
3431 3781 3486 3830 et
3511 3780 3712 3831 tamen
3739 3791 3776 3830 α

2111 3859 2218 3920 viis
2236 3862 2354 3916 suis
2375 3877 2490 3918 non
2504 3869 2634 3918 sunt
2653 3863 2999 3933 rcversider.
3013 3880 3106 3928 xv,
3117 3865 3153 3930 7
3157 3867 3201 3931 ).
3215 3862 3286 3917 Et
3303 3878 3510 3918 rursus
3529 3861 3620 3918 ait
3637 3881 3653 3918 :
3671 3864 3776 3919 Po-

2107 3950 2274 4024 pulus
2302 3965 2428 4007 non-
2441 3958 2521 4017 est
2546 3967 2800 4020 reversus
2817 3951 2895 4027 ad,
2912 3953 3301 4024 percutientcm
3317 3967 3375 4006 se
3395 3951 3522 4024 (Isa.
3547 3969 3630 4019 ιχ,
3658 3951 3772 4020 13).

2110 4039 2224 4100 Et:
2256 4039 2379 4098 Lua:
2405 4041 2470 4095 iu
2493 4039 2914 4108 tenebristucet,
2941 4041 3268 4100 etetznebrae
3291 4057 3414 4097 eam
3456 4057 3572 4096 non
3616 4057 3775 4098 com-

2105 4127 2510 4200 prehendetuat
2537 4132 2718 4198 (Joau.
2749 4147 2791 4198 ι,
2813 4131 2890 4202 5),
2913 4134 2971 4191 et
2997 4131 3330 4202 redemptor
3361 4128 3570 4184 mundi
3605 4129 3778 4186 dedit

2111 4232 2216 4288 pro
2245 4217 2466 4274 mundo
2516 4217 2870 4291 sanguinem
2912 4233 3101 4283 suum,
3139 4221 3200 4274 et
3246 4217 3504 4272 mundus
3555 4216 3776 4274 redimi

2110 4303 2320 4362 noluit.
2343 4305 2412 4360 Et
2442 4305 2580 4362 item
2613 4306 2897 4379 scrip-tum
2919 4311 3045 4367 est:
3069 4306 3194 4364 Noti
3213 4307 3402 4363 timere
3425 4307 3776 4378 paupercula

2109 4401 2414 4465 ternpestate
2444 4395 2728 4464 convulsa,
2749 4397 2882 4468 quia
2925 4397 2986 4454 in
3023 4397 3240 4457 camino
3287 4395 3637 4468 paupertati}
3683 4412 3778 4452 αυ-

2108 4483 2232 4538 ωωί
2260 4489 2312 4542 te
2330 4481 2460 4554 (lsa.
2488 4499 2598 4551 LIV,
2625 4484 2732 4556 11).
2755 4485 2825 4540 Et
2853 4483 3041 4544 item:
3072 4484 3388 4557 Loquimini
3435 4481 3506 4538 ad
3554 4498 3659 4540 cor
3685 4485 3776 4542 Je-

347 4570 554 4626 ciﬁxus
583 4576 673 4628 est
702 4573 1010 4642 Dominus,
1039 4578 1106 4631 ut
1133 4574 1234 4632 ubi
1282 4574 1449 4648 prius
1495 4577 1640 4632 erat.
1665 4585 1800 4630 area
1828 4572 1999 4628 dam-
2023 4593 2075 4664 ω
2108 4571 2372 4664 rusalem,
2402 4580 2454 4628 et
2486 4580 2702 4632 avocata
2730 4588 2852 4630 eam
2882 4573 3009 4646 (tu.
3037 4571 3236 4664 n.2,).
3267 4589 3456 4664 usque
3493 4571 3780 4664 dumr‘di-

348 4663 641 4727 natorum,
665 4661 1028 4734 erigerentur
1053 4663 1261 4720 vexilla
1293 4661 1580 4735 martyrii.
1604 4662 1674 4718 Et
1703 4661 1996 4734 quomodo
2049 4659 2058 4664 ’
2105 4659 2278 4731 σίων,
2309 4662 2522 4732 Recepit
2549 4661 2796 4734 duplicia
2821 4662 2887 4719 de
2926 4679 3098 4722 manu
3131 4663 3355 4718 Domini
3376 4677 3476 4733 pro
3504 4661 3777 4718 omnibus

349 4765 452 4820 pro
482 4749 652 4804 nobis
681 4749 1059 4808 maledictum
1105 4752 1296 4808 crucis
1335 4753 1524 4808 factus
1563 4755 1671 4819 est,
1705 4753 1764 4806 et
1802 4749 1998 4823 ﬂagel-

349 4838 504 4894 latus
541 4843 600 4894 et
646 4839 980 4909 cruciﬁxus,
1015 4841 1064 4898 si
1119 4859 1224 4914 pro
1269 4842 1538 4898 omnium
1595 4839 1784 4898 salute
1830 4840 1999 4912 quasi

347 4925 556 4984 noxius
593 4927 748 4984 inter
793 4929 997 4988 noxios
1025 4929 1410 5004 crucifigitur,
1443 4933 1510 4985 ut
1537 4929 1638 4987 ubi
1679 4928 2001 4986 abundavit

347 5019 672 5088 peccatum,
709 5019 1148 5090 superabundet
1178 5023 1237 5075 et
1263 5017 1509 5092 gratia.»
1529 5019 1600 5074 Et
1629 5017 1769 5074 item
1804 5033 1862 5072 :«
1895 5016 2000 5075 Ve-

345 5103 457 5162 lint
481 5105 668 5167 nolint
693 5124 828 5179 ergo
849 5107 1059 5174 Judaei,
1083 5125 1256 5164 omne
1279 5106 1487 5164 mundi
1513 5105 1998 5180 regnum,,omnis

347 5195 647 5251 mundana
675 5195 981 5267 sapientia,
1004 5195 1203 5252 omnia
1222 5195 1428 5252 divina:
1459 5195 1604 5268 legis
1631 5197 1998 5252 sacramenta

346 5283 804 5358 testantur,quia
823 5285 996 5341 Jesus
1027 5303 1126 5341 rex
1147 5286 1487 5342 Judteorum
1508 5287 1616 5350 est,
1637 5283 1746 5339 hoc
1767 5285 1856 5339 est
1879 5283 1993 5338 im-

347 5373 956 5442 peratorcredentium
978 5377 1036 5429 et
1051 5375 1452 5430 conﬁtentium
1472 5372 1799 5428 Dcum.»Et
1818 5370 1954 5428 item
1976 5387 1989 5426 :

351 5480 377 5508 ‹‹
411 5459 654 5516 Pulchre
685 5468 879 5518 autem
909 5462 1201 5534 paraturis
1232 5461 1454 5518 Pascha
1484 5459 1788 5534 discipulis
1819 5459 1993 5517 homo

349 5549 691 5619 amphoram
740 5569 904 5624 aqua:
955 5556 1196 5626 portans
1226 5551 1496 5619 occurrit,
1543 5555 1609 5605 ut
1654 5551 1996 5606 ostendatur

350 5633 529 5707 hujus
559 5638 789 5698 Pascha:
821 5639 1162 5712 mysterium
1203 5657 1306 5712 pro
1344 5637 1992 5710 absolutioneperi'ecta

2102 4751 2338 4822 peccatis
2383 4751 2500 4806 suis
2548 4749 2754 4822 (Ibid.).
2779 4751 2850 4806 Et
2905 4751 3040 4808 item
3091 4749 3377 4822 scriptum
3429 4752 3520 4805 est
3552 4766 3568 4805 :
3605 4751 3780 4808 Livor

2107 4839 2352 4894 vulneris
2381 4841 2640 4910 abstemii
2666 4841 2834 4908 mala,
2857 4841 3116 4912 etvptagte
3141 4842 3205 4897 in
3229 4837 3614 4897 secretioribus
3647 4856 3779 4896 ven-

2107 4929 2210 4982 tris
2241 4931 2426 4994 (Prov.
2454 4945 2548 4993 xx,
2571 4929 2683 4996 30).
2713 4929 2784 4984 Et
2817 4926 3133 5001 Apostolus
3165 4929 3415 4988 {Fuistis
3459 4925 3778 5000 aliquando

2107 5017 2366 5087 tenebrae,
2411 5032 2561 5072 nunc
2603 5023 2786 5076 autem
2833 5017 2934 5074 tua:
2978 5018 3040 5073 in
3087 5018 3324 5078 Domino
3346 5013 3562 5087 (Ephes.
3595 5031 3656 5083 v,
3692 5017 3776 5084 8),

2107 5103 2248 5175 quia
2277 5103 2528 5160 tenebras
2559 5103 2750 5162 lucem
2776 5105 3122 5181 recipientes
3151 5103 3493 5165 illuminatae
3515 5108 3693 5172 sunt,
3717 5106 3780 5160 et

2103 5192 2404 5249 credentes
2425 5192 2632 5250 mundi
2659 5193 2844 5264 pretio
2865 5193 2938 5248 ad
2960 5191 3211 5255 salutem
3235 5191 3516 5264 redempti
3542 5196 3718 5249 sunt.
3747 5215 3778 5242 υ

2101 5281 2176 5337 Et
2197 5281 2442 5354 Prosper
2461 5297 2530 5337 ex
2551 5281 2913 5355 delegatitme
2941 5281 3270 5356 apostolicae
3299 5280 3456 5338 sedis
3486 5279 3648 5335 hane
3669 5298 3776 5337 ca-

2103 5369 2382 5426 tholicam
2431 5369 2879 5442 intelligentiam
2919 5371 3285 5429 demonstrat
3323 5372 3524 5424 contra
3557 5367 3776 5426 Gallos

2105 5459 2166 5514 in
2197 5458 2675 5531 recapitulatione
2705 5476 2862 5516 nona
2887 5477 2938 5515 :«
2961 5459 3090 5527 Qui,
3113 5459 3404 5532 inquiens,
3433 5455 3580 5512 dicit
3597 5457 3773 5529 quod

2104 5564 2220 5603 non
2252 5564 2356 5620 pro
2378 5546 2560 5604 totius
2591 5547 2798 5604 mundi
2826 5549 3224 5622 redemptione
3244 5545 3508 5604 Salvator
3525 5543 3608 5600 sit
3626 5561 3777 5602 eru-

2103 5636 2327 5706 ciﬁxus,
2361 5653 2477 5693 non
2509 5637 2582 5692 ad
2607 5636 3279 5709 sacramentivirtntem,
3303 5636 3405 5693 sed
3433 5633 3508 5692 ad
3539 5634 3772 5696 inﬁde.-
