3930 6178
279 381 452 440 477.

1297 377 1398 438 DE
1443 377 1602 438 UNA
1645 375 1745 438 ET
1791 376 1947 438 NON
1992 373 2230 436 TRINA
2281 373 2644 436 DEITATE.

3556 370 3675 433 4'78

281 536 307 564 (ι
342 510 522 577 trina;
556 508 743 565 multa
793 508 992 566 minus
1039 507 1120 565 ibi
1166 513 1355 582 potest
1400 510 1544 578 ﬁeri,
1581 509 1681 565 ubi
1722 509 1916 565 Deitas
1950 511 2002 578 Α
2033 532 2062 559 ‹‹
2096 507 2418 580 coaequales
2449 509 2505 563 et
2535 510 2850 574 coaeternus,
2886 505 3490 579 propterea-profecto
3519 505 3674 562 Deus

280 626 304 652 κ
339 601 488 656 trina
516 600 738 654 dicitur
758 604 814 656 et
832 598 1130 671 unazquia
1157 599 1376 655 scilicet
1398 599 1769 671 simplicibus
1788 615 1920 654 mox

279 714 306 741 «
339 689 646 757 diceretur,
681 688 833 744 sicut
862 692 918 744 et
949 688 1162 743 dicitur
1193 706 1206 743 :
1240 690 1382 744 Ecce
1414 705 1570 744 nunc
1596 689 1720 760 jam
1763 692 1920 759 patet

277 803 304 830 «ε
338 778 471 851 quia
501 795 618 834 non
652 783 878 850 poterat
923 795 1030 834 nec
1081 783 1270 850 potest
1321 795 1518 834 revera
1565 779 1678 833 dici
1723 777 1920 832 Deitas

275 890 302 917 «
336 868 508 934 trino,
543 867 645 922 sed
676 871 905 922 tantum
938 867 1136 922 Deitas
1164 885 1301 923 una.
1337 868 1447 923 Sed
1499 868 1752 940 profecto
1793 869 1917 938 jam

279 978 307 1006 «ι
336 960 569 1028 tempus
599 959 780 1026 est,ut
799 957 901 1027 qui
925 957 1172 1011 credunt
1202 961 1378 1028 atque
1400 956 1604 1010 dicunt
1625 956 1778 1027 quod
1804 972 1919 1009 non

280 1067 307 1094 «
340 1044 525 1116 possit
554 1045 956 1100 auctoritative
987 1061 1176 1117 neque
1205 1063 1334 1100 vere
1365 1045 1478 1100 dici
1510 1043 1706 1099 Deitas
1745 1043 1917 1109 trina,

285 1156 310 1183 κ
339 1138 581 1188 cernant
609 1138 667 1190 et
694 1134 890 1206 legant
920 1134 977 1188 in
1010 1134 1157 1189 libro
1187 1135 1259 1190 de
1288 1142 1489 1188 sancta
1535 1134 1786 1205 Synodo,
1820 1131 1917 1203 qui

279 1246 305 1270 «
338 1222 592 1293 scriptus
614 1226 705 1277 est
726 1222 782 1276 in
807 1222 1251 1293 Graeco,scilicet
1272 1221 1793 1294 Constantinopoli,
1811 1221 1920 1275 sub

276 1333 301 1360 οι
331 1309 572 1365 Juniore
603 1311 1009 1377 Constantino,
1045 1329 1079 1366 a
1112 1316 1346 1368 centum
1397 1317 1451 1367 et
1496 1310 1922 1383 quinquaginta

278 1423 303 1447 «
339 1399 609 1454 Patribus
629 1401 766 1470 jure
795 1401 1103 1455 damnatos
1133 1406 1189 1482 et
1220 1401 1740 1456 anathematizatos
1768 1399 1924 1453 Aria-

273 1511 298 1536 ‹‹
333 1505 440 1544 nos
490 1488 750 1545 colentes
807 1489 1114 1552 τριθεοτέιας,
1172 1489 1229 1544 id
1290 1495 1378 1545 est
1435 1496 1553 1546 tres
1610 1488 1855 1544 deitatcs
1905 1503 1919 1540 :

275 1599 301 1626 ιι
329 1581 387 1632 et
415 1582 614 1632 tamen
662 1578 720 1632 in
771 1577 898 1651 ipso
939 1582 1364 1653 consequenter
1393 1579 1730 1636 continetur
1759 1575 1921 1631 volu-

276 1689 301 1715 «ε
333 1665 583 1734 mine,in
615 1667 803 1723 edicto
834 1666 1056 1724 scilicet
1084 1668 1925 1742 Constantini,congloriﬁcan-

274 1778 298 1804 «
331 1755 470 1810 dam
505 1755 719 1811 trinam
747 1756 1053 1824 Deitatem,
1088 1775 1193 1813 nec
1223 1759 1355 1814 addi
1391 1763 1584 1813 tamen
1618 1757 1734 1812 illic
1766 1775 1913 1829 opus

2032 621 2061 647 ‹‹
2095 597 2326 652 trinitas
2358 600 2615 669 potestas
2645 601 2734 652 est
2765 595 3046 667 prima,ac
3068 613 3169 668 per
3197 595 3307 651 hoc
3336 614 3451 651 non
3475 613 3677 651 secun-

2032 710 2057 736 ‹‹
2093 687 2232 740 dum
2265 686 2530 755 Arianos,
2563 686 2716 756 quod
2748 683 2920 750 absit,
2955 688 3070 738 tres
3099 687 3436 754 potestates,
3460 702 3562 740 nec
3591 700 3676 740 se-

2031 799 2057 825 ‹‹
2094 777 2350 830 cundum
2385 775 2764 838 Sabellianos,
2800 774 2955 846 quod
2989 773 3159 838 absit,
3196 777 3450 843 potestas
3472 789 3671 844 perso-

2031 889 2058 913 ‹‹
2095 863 2304 919 naliter
2335 868 2422 918 est
2452 864 2695 920 una.sed
2731 863 3056 918 secundum
3081 859 3400 916 catholicos
3419 864 3673 930 potestas

2031 978 2058 1003 «
2094 958 2182 1008 est
2214 971 2330 1007 una
2361 953 2721 1018 naturaliter,
2756 956 2812 1007 et
2843 950 3227 1024 personaliter
3254 948 3426 1002 trina.
3477 949 3676 1002 Restat

2031 1065 2058 1091 ‹‹
2097 1042 2276 1114 igitur
2305 1045 2360 1097 et
2391 1044 2677 1113 superest,
2704 1046 2769 1095 ut
2794 1039 2875 1094 illi
2904 1039 3000 1112 qui
3035 1040 3173 1092 sunt
3202 1036 3594 1110 grammatici,
3625 1036 3674 1091 si

2035 1152 2061 1178 ι‹
2093 1126 2300 1182 nolunt
2331 1145 2459 1181 esse
2495 1126 2670 1183 simul
2721 1131 2779 1181 et
2825 1125 3103 1189 haeretici,
3152 1142 3268 1181 non
3316 1128 3677 1196 praesumant

2032 1241 2059 1266 «
2098 1215 2258 1271 fateri
2313 1216 2370 1271 in
2417 1215 2705 1271 Eecclesia
2752 1215 2972 1269 veracis
3025 1213 3140 1280 Dei,
3187 1213 3303 1269 veri
3356 1211 3475 1279 Dei,
3518 1213 3673 1284 quod

2033 1329 2058 1354 ‹‹
2093 1305 2371 1368 τριθεοτεία,
2405 1304 2461 1358 id
2493 1310 2582 1359 est
2605 1305 2759 1358 trina
2787 1304 3006 1369 Deitas,
3030 1303 3149 1358 ulla
3179 1302 3400 1356 ratione
3432 1301 3676 1373 pluralis

2033 1417 2060 1442 ‹‹
2095 1395 2302 1450 existat
2334 1394 2580 1459 numeri,
2613 1411 2746 1449 cum
2797 1393 2872 1447 sit
2915 1397 2979 1447 ut
3025 1392 3206 1447 claret
3234 1391 3437 1463 utique
3466 1391 3676 1463 singu-

2038 1506 2058 1530 α
2095 1482 2255 1552 laris,
2288 1482 2447 1537 velut
2478 1487 2758 1538 noverunt
2781 1482 3160 1553 univcrsi,qui
3192 1480 3279 1534 vel
3311 1477 3677 1534 mediocriter

2033 1594 2060 1620 ‹‹
2093 1571 2234 1626 artis
2264 1571 2658 1644 grammaticm
2689 1576 2828 1626 sunt
2869 1570 3059 1642 periti.
3111 1568 3276 1625 Sicut
3322 1568 3478 1623 enim
3528 1568 3676 1622 Deas

2039 1683 2060 1709 α
2097 1659 2352 1715 Trinitas
2381 1661 2608 1715 numeri
2640 1659 2956 1733 singularis
2987 1662 3074 1714 est
3097 1659 3269 1729 juxta
3303 1656 3442 1711 illud
3475 1657 3678 1710 :Bene-

2041 1770 2067 1800 α
2098 1749 2238 1804 dicta
2267 1751 2341 1804 sit
2367 1757 2552 1804 sancta
2598 1751 2856 1815 Trinitas,
2903 1748 2988 1804 sic
3036 1747 3210 1802 etiam
3268 1743 3496 1800 numeri
3547 1743 3674 1798 sin-

274 1868 298 1894 «
327 1844 441 1899 fuit
465 1861 669 1909 unam,
699 1845 842 1916 quia
863 1846 1105 1915 scilicet,
1129 1847 1270 1902 dum
1304 1847 1412 1902 sub
1447 1864 1689 1902 numero
1721 1846 1921 1920 singu-
1952 1881 1998 1946 Β
2037 1861 2062 1888 ί(
2094 1838 2317 1910 gularis
2365 1843 2453 1894 est
2507 1838 2768 1902 τριθεοτεία
2817 1837 2971 1893 trina
3019 1835 3244 1903 DBitaS;
3297 1850 3431 1890 cum
3474 1835 3673 1887 tamen

331 1933 340 1946 ι
425 1933 436 1943 ο
487 1934 524 1946 ι·
570 1934 602 1946 ι.
716 1935 754 1946 ἢ
802 1935 834 1946 ι.
950 1940 958 1946 .
1004 1936 1015 1946 ι
1151 1936 1188 1946 ε.
1269 1941 1277 1946 .
1499 1937 1531 1946 ο.
1588 1937 1626 1946 -ι
1673 1940 1680 1946 .
1856 1937 1867 1946 ι
2102 1931 2308 1946 --ηκιμι
2355 1932 2505 1946 _--,,n
2557 1945 2565 1946 κ
2657 1927 2835 1946 ,,,,,_,,2
2881 1925 3119 1946 ,_‘___,_I!_
3178 1924 3509 1946 A_3_.___--_..
3546 1937 3672 1946 ιιι-...ιι

273 1956 297 1983 «
330 1933 438 1988 lari
469 1934 686 1988 dicitur
714 1935 911 1991 Deitas
945 1936 1118 2003 trina,
1151 1936 1287 1992 licet
1316 1954 1428 1991 non
1464 1937 1542 1991 sit
1571 1937 1744 2004 dicta,
1780 1937 1918 1992 sub-

274 2044 298 2070 ι(
326 2020 679 2094 intelligitur
707 2027 901 2078 tamen
935 2024 1108 2080 simul
1141 2030 1199 2080 et
1228 2043 1365 2080 una.
1400 2024 1492 2081 Sic
1525 2025 1679 2080 enim
1708 2026 1922 2083 dilecta

275 2133 301 2160 α
331 2115 423 2166 est
451 2129 483 2166 a
507 2111 786 2184 Prospero
811 2114 967 2169 trina
999 2116 1296 2186 majestas,
1346 2133 1380 2170 a
1429 2115 1740 2171 Prudentio
1769 2117 1921 2172 trina

276 2222 302 2250 α
332 2200 543 2273 pietas,
595 2201 669 2256 ab
718 2203 955 2258 Aratore
1016 2204 1106 2258 bis
1164 2203 1317 2258 trina
1366 2208 1655 2276 potestas;
1690 2206 1773 2260 sic
1803 2210 1859 2260 et
1889 2223 1922 2260 a

277 2312 302 2339 u
334 2289 551 2345 Graecis
581 2292 844 2354 τρισάγιον,
877 2309 912 2346 a
958 2292 1178 2347 Latinis
1230 2297 1425 2348 autem
1479 2294 1623 2350 satis
1670 2295 1920 2366 proprie,

279 2399 305 2427 α
334 2377 685 2450 regulariter
711 2384 884 2452 atque
905 2381 1188 2437 catholice
1209 2382 1422 2437 dicitur
1443 2383 1596 2437 trina
1618 2383 1918 2438 sanctitas.

278 2490 303 2515 α
331 2468 418 2521 Ac
464 2485 565 2539 per
612 2468 722 2524 hoc
768 2468 920 2524 sicut
971 2471 1044 2525 ab
1092 2469 1176 2526 eis
1226 2471 1680 2528 catholicissime
1710 2471 1924 2527 dicitur

277 2555 621 2618 «τριθεοτεία,
659 2556 743 2611 sic
800 2561 858 2612 et
913 2576 946 2612 a
1006 2559 1175 2614 nobis
1239 2559 1693 2616 catholicissime
1772 2561 1923 2616 trina

279 2645 560 2700 «Deitas.
595 2647 738 2701 Cum
789 2651 981 2702 tamen
1030 2652 1087 2703 et
1135 2648 1238 2714 illi,
1289 2654 1345 2705 et
1397 2649 1583 2704 Latini
1632 2668 1920 2706 consensu

278 2756 303 2782 α
337 2736 493 2790 416
523 2735 670 2807 pari,
703 2736 1108 2792 damnaverint
1155 2741 1211 2794 et
1263 2739 1545 2794 damnent
1584 2741 1920 2795 anathema-

284 2845 307 2872 «ι
343 2822 646 2878 tizaverint
675 2829 733 2880 et
763 2825 1258 2882 anathematizent
1285 2827 1546 2896 Arianos,
1583 2829 1681 2900 qui
1725 2830 1923 2884 colunt

283 2916 459 2969 «tres
518 2914 878 2984 majestates,
933 2919 1050 2970 tres
1101 2915 1366 2987 pietates,
1416 2921 1532 2972 tres
1581 2921 1919 2988 potestates,

281 3007 458 3056 «tres
516 3002 678 3067 deos,
739 3007 913 3075 atque
969 3008 1087 3059 tres
1139 3005 1402 3060 deitates.
1462 3006 1697 3061 Necnon
1745 3006 1920 3062 etiam

283 3112 308 3139 ει
337 3089 628 3157 similiter,
665 3091 713 3146 si
743 3108 859 3147 non
893 3091 1077 3148 multo
1113 3092 1630 3166 amplius,constat
1662 3099 1718 3150 et
1747 3095 1925 3150 claret

280 3179 444 3235 «rite
502 3179 811 3235 damnatos
868 3185 1043 3252 atque
1101 3182 1471 3238 damnandos
1537 3183 1917 3250 Sabellianos,

2029 1950 2056 1976 (ι
2093 1931 2318 1983 constet
2346 1932 2580 1982 econtra
2609 1927 2838 1982 numeri
2881 1925 3121 1998 pluralis
3167 1924 3512 1979 Arianorum
3543 1937 3674 1976 esse

2028 2038 2055 2064 «
2088 2016 2392 2079 τριθεοτείας,
2425 2017 2482 2071 id
2518 2020 2607 2072 est
2654 2020 2770 2071 tres
2817 2015 3084 2078 deitates,
3135 2030 3168 2068 a
3215 2009 3516 2067 catholicis
3541 2010 3675 2079 jure

2029 2128 2057 2154 «
2090 2106 2611 2178 damnatas.lgitur
2633 2107 2768 2176 jure
2795 2105 2904 2159 sub
2936 2119 3179 2158 numero
3197 2099 3481 2172 singulari
3511 2098 3674 2152 trinae

2030 2216 2056 2242 ‹‹
2093 2198 2150 2248 et
2176 2192 2276 2248 uni
2311 2195 2521 2249 Deitati
2558 2192 3082 2267 suppliciter,velut
3112 2187 3670 2263 expedit,competit,

2031 2304 2058 2334 ‹‹
2091 2281 2380 2353 congruit,
2414 2284 2665 2338 dicimus
2697 2300 2710 2338 :

2246 2382 2314 2430 Te
2347 2382 2484 2430 trina
2513 2383 2707 2438 Deitas,
2735 2396 2949 2445 unaque
2981 2381 3266 2445 poseimus,

2249 2445 2314 2492 Ut
2343 2445 2525 2506 culpas
2558 2445 2759 2496 abluas.
2792 2443 2951 2493 nokia
2979 2443 3279 2506 subtrahas,

2247 2507 2348 2555 Des
2379 2503 2562 2568 pacem
2592 2507 2820 2563 famulis,
2856 2521 2956 2569 nos
2983 2520 3195 2569 quoque
3222 2503 3443 2568 gloriam

2344 2571 2439 2618 Per
2465 2579 2656 2618 cuncta
2681 2571 2778 2618 sibi
2806 2568 3015 2618 saecula.
3054 2571 3238 2618 Amen.

2033 2671 2058 2695 ‹‹
2095 2647 2219 2702 Νοη
2251 2648 2404 2702 enim
2440 2647 2711 2714 dicimus,
2744 2649 2896 2703 sicut
2924 2647 3144 2712 Ariani,
3178 2664 3298 2713 vos,
3334 2650 3452 2701 tres
3491 2644 3674 2700 deita-

2033 2759 2058 2784 ‹‹
2095 2740 2201 2803 tes,
2239 2737 2536 2808 poscimus
2587 2742 2652 2792 ut
2698 2737 2902 2809 culpas
2931 2735 3209 2803 abluatis,
3242 2733 3413 2790 noxia
3443 2734 3674 2788 subtra-

2031 2849 2056 2873 α
2093 2825 2266 2889 batis,
2300 2825 2449 2880 detis
2497 2844 2697 2897 pacem
2747 2826 2937 2898 nobis,
2992 2843 3099 2881 nos
3147 2841 3378 2897 quoque
3428 2822 3673 2897 gloriam

2033 2936 2058 2962 ‹‹
2095 2914 2277 2968 vobis.
2308 2914 2352 2969 Ο
2385 2915 2578 2970 Deitas
2611 2915 2802 2986 vigila,
2836 2933 2962 2987 qua:
3004 2914 3158 2968 trina
3196 2912 3419 2968 vocaris
3448 2915 3505 2966 et
3535 2929 3672 2978 una,

2033 3025 2060 3051 «
2094 3001 2367 3068 crcderis,
2401 3003 2701 3072 assereris,
2735 3002 3124 3076 cognosceris,
3165 3006 3340 3072 atque
3387 2999 3671 3072 probaris,

2032 3114 2059 3140 «
2093 3090 2371 3146 auxiliare
2399 3092 2538 3159 tuis,
2575 3096 2638 3146 ut
2667 3091 2866 3164 egenis
2912 3093 2984 3146 ad
3036 3089 3235 3145 omnia
3275 3089 3476 3145 servis.
3513 3087 3673 3143 Istud

2034 3181 2374 3249 «attendat,
2439 3181 2751 3252 appendat,
2811 3184 2868 3236 et
2927 3183 3123 3236 mente
3181 3177 3520 3252 perpendat,
3580 3174 3675 3230 cui

280 3289 306 3315 κ
334 3268 690 3340 eosdemque
721 3268 1204 3340 Patripassianos,
1231 3271 1332 3342 qui
1364 3271 1566 3327 colunt
1596 3275 1918 3329 secundum
1951 3252 1994 3319 C
2024 3293 2052 3318 «
2086 3286 2318 3342 semper
2390 3271 2706 3337 adoranda,
2786 3269 3050 3338 colenda,
3121 3269 3449 3334 tremenda,
3518 3265 3676 3320 trina

279 3379 303 3404 «ι
335 3355 641 3412 Judaicam
673 3363 1079 3430 paupertatem
1111 3359 1485 3433 singulariter
1513 3362 1836 3418 solitariam
1867 3366 1924 3418 et

279 3467 305 3492 ‹‹
336 3445 721 3515 personaliter
751 3463 931 3502 unam
962 3448 1350 3520 majestatem,
1375 3449 1925 3524 pietatem,potesta-

282 3555 308 3583 «
335 3538 476 3598 tem,
509 3534 902 3603 sanctitatem,
937 3536 1237 3593 deitatem.
1270 3538 1535 3610 Namque
1587 3541 1729 3595 dum
1762 3541 1923 3596 solus

279 3647 304 3670 «ι
335 3626 506 3679 Pater
535 3623 620 3680 sic
643 3630 732 3679 est
751 3625 926 3693 Deus,
950 3630 1016 3681 ut
1037 3643 1152 3682 non
1175 3626 1252 3681 sit
1273 3643 1342 3682 ex
1362 3627 1499 3695 Deo,
1533 3630 1634 3684 sed
1658 3629 1926 3702 genuerit

279 3732 305 3760 ει
336 3712 552 3780 Deum,-
581 3717 640 3768 et
659 3713 820 3769 solus
843 3712 1026 3770 Filius
1051 3713 1134 3770 sic
1155 3720 1244 3770 est
1264 3716 1508 3782 Deus,ut
1528 3717 1762 3788 genitus
1795 3718 1925 3772 sita

279 3821 304 3846 «
334 3799 480 3868 Deo;
513 3805 573 3855 et
604 3799 766 3856 solus
799 3801 1054 3872 Spiritus
1087 3808 1326 3859 sanctus
1375 3804 1458 3858 sic
1506 3809 1596 3859 est
1642 3805 1815 3870 Deus,
1859 3810 1926 3860 ut

283 3910 306 3938 ‹‹
335 3890 612 3960 procedat
639 3907 710 3944 ex
747 3889 1006 3960 ingenito
1052 3891 1232 3946 simul
1276 3896 1333 3946 et
1376 3910 1445 3947 ex
1492 3893 1687 3964 genito
1740 3894 1855 3948 Deo
1907 3911 1920 3948 :

280 3998 306 4024 «
335 3981 494 4047 patet
522 3980 948 4049 prorsus,quod
985 3979 1330 4035 naturaliter
1354 3998 1508 4035 unus
1532 3986 1590 4037 et
1607 3983 1928 4053 personali-

279 4087 303 4113 ει
336 4067 421 4122 ter
448 4066 644 4122 trinus
674 4071 764 4124 est
788 4067 962 4124 Deus.
995 4068 1140 4123 Item
1172 4069 1312 4123 dum
1347 4069 1500 4124 Deus
1531 4071 1700 4125 Pater
1729 4072 1923 4127 Deitas

281 4175 306 4202 «
333 4158 422 4211 est
439 4154 726 4229 ingenita,
759 4155 1126 4213 innascibilis
1167 4162 1225 4213 et
1271 4156 1474 4214 innata
1507 4175 1521 4213 :
1555 4164 1613 4214 et
1642 4159 1799 4216 Deus
1832 4161 1922 4215 Fi-

278 4241 444 4300 «lius
474 4244 672 4300 Deitas
703 4245 922 4317 genita,
963 4245 1266 4302 nascibilis
1312 4250 1369 4302 et
1415 4250 1551 4302 nata
1600 4263 1614 4302 :
1666 4252 1725 4304 et
1767 4248 1922 4305 Deus

280 4353 305 4381 «
330 4332 582 4404 Spiritus
614 4338 853 4389 sanctus
889 4335 1080 4390 Deitas
1110 4339 1198 4390 est
1224 4351 1331 4390 nec
1361 4334 1640 4406 ingenita,
1665 4336 1920 4394 innasci-

281 4442 306 4470 α
334 4420 467 4478 bilis
496 4426 555 4478 et
586 4421 811 4490 innata,
847 4439 1035 4495 neque
1063 4423 1278 4496 genita,
1312 4424 1634 4482 nascibilis.
1657 4430 1716 4480 et
1763 4430 1918 4494 nata,

280 4532 306 4559 «ι
333 4512 431 4566 sed
466 4513 786 4583 procedens
817 4529 851 4566 a
880 4512 1102 4567 Deitatc
1133 4512 1410 4584 ingenita,
1461 4515 1813 4582 innascibili,
1864 4521 1921 4572 et

2032 3382 2058 3407 «
2093 3361 2238 3414 417
2299 3364 2355 3414 et
2387 3376 2503 3413 una
2531 3359 2726 3414 Deitas
2775 3360 2894 3424 dat,
2947 3359 3101 3430 quod
3151 3357 3247 3412 hic
3296 3355 3674 3411 inserendum

2035 3470 2064 3498 ‹‹
2096 3447 2281 3520 pietas
2304 3447 2464 3504 illius
2489 3446 2736 3520 inspirat
2755 3451 2812 3504 et
2833 3447 3201 3513 donat.Quod
3233 3444 3511 3500 videlicet.
3523 3443 3677 3499 sicut

2039 3557 2061 3584 ι
2095 3555 2571 3610 unamquamque
2583 3554 2651 3594 ex
2663 3537 2946 3593 Trinitate
2969 3553 3278 3609 personam
3302 3533 3572 3606 quisquis
3587 3535 3678 3588 est

2036 3648 2063 3678 ‹‹
2095 3626 2418 3682 catholicus
2449 3626 2633 3683 credit
2660 3631 2718 3682 et
2747 3627 3058 3682 confitetur
3087 3625 3403 3697 integrum,
3437 3621 3675 3694 plenum

2040 3737 2060 3766 υ
2096 3716 2414 3786 perfectum
2448 3716 2681 3787 penitus
2714 3716 2898 3771 Deum
2919 3732 2931 3770 :
2952 3716 3036 3770 sic
3069 3713 3384 3784 unicuique
3415 3727 3674 3783 persona}

2034 3826 2062 3854 ‹‹
2096 3821 2264 3859 suam
2314 3804 2608 3876 propriam
2669 3805 2969 3873 deitatem,
3039 3803 3348 3875 integram,
3417 3799 3671 3870 plenam,

2038 3914 2066 3941 ‹‹
2098 3894 2432 3965 perfect-am,
2465 3893 2696 3964 penitus
2731 3893 2920 3948 inesse
2959 3892 3178 3954 credat,
3225 3890 3572 3945 conﬁteatur
3601 3890 3678 3954 et

2037 4004 2064 4031 «
2095 3987 2335 4046 asserat,
2369 3987 2542 4054 atque
2576 4000 2676 4054 pro
2704 3982 2927 4038 viribus
2955 3981 3181 4036 collatis
3220 3983 3280 4034 et
3309 3975 3677 4034 conferendis

2034 4093 2060 4118 ‹‹
2090 4069 2364 4141 deinceps
2385 4069 2665 4125 divinitus
2691 4069 3120 4125 contradientes
3142 4081 3525 4139 quoscunque
3546 4080 3676 4118 con-

2033 4182 2060 4209 «
2092 4160 2378 4215 vincat.ln
2409 4159 2518 4214 hoc
2549 4158 2705 4215 enim
2735 4158 2922 4230 liquet
2951 4157 3080 4212 luce
3111 4153 3495 4225 clarius,quin
3516 4155 3677 4222 patet

2032 4272 2060 4299 «
2096 4247 2216 4304 sole
2246 4247 2631 4320 splendidius,
2666 4247 2821 4318 quod
2854 4246 3007 4301 inest
3046 4243 3365 4313 unicuique
3415 4255 3674 4311 personas

2030 4361 2059 4389 ‹‹
2093 4355 2202 4394 sua
2232 4337 2464 4410 propria
2509 4337 2695 4392 deitas
2743 4339 2920 4407 atque
2969 4333 3264 4389 divinitas.
3296 4330 3443 4396 Quia
3479 4343 3673 4383 revera

2032 4450 2059 4480 ‹‹
2094 4443 2466 4499 nequaquam
2498 4423 2823 4496 assumpsit
2842 4421 3294 4488 humanitatem,
3319 4417 3476 4490 quod
3497 4415 3673 4487 absit,

2031 4540 2056 4567 ‹‹
2093 4516 2208 4572 ullo
2241 4515 2411 4570 modo
2463 4518 2586 4569 tota
2633 4514 2912 4575 Trinitas,
2948 4512 3050 4567 sed
3102 4509 3227 4566 sola
3266 4504 3674 4564 tantummodo

279 4622 305 4647 α
336 4598 555 4667 innata,
605 4605 664 4655 et
719 4617 753 4655 a
801 4601 1023 4656 Deitatc
1071 4601 1289 4670 genita,
1344 4603 1611 4658 nascibili
1656 4608 1714 4658 et
1743 4609 1916 4672 nata;
1954 4621 1998 4684 υ
2032 4629 2057 4653 ‹‹
2096 4604 2222 4659 Filii
2255 4604 2460 4658 deitas.
2516 4603 2644 4657 Hzec
2690 4605 2779 4656 est
2826 4617 3058 4672 semper
3104 4598 3321 4654 invicta
3365 4595 3573 4652 victrix
3604 4595 3676 4650 de

278 4688 532 4755 «claret,
597 4689 836 4746 omnino
889 4691 1043 4762 quod
1104 4690 1218 4752 ἁγία
1245 4693 1396 4753 τριὰς,
1456 4691 1512 4746 id
1571 4696 1661 4747 est
1716 4697 1920 4748 sancta

278 4798 303 4824 κ
335 4775 776 4844 Trinitas,sicut
805 4795 922 4832 una
941 4778 1331 4834 essentialiter
1351 4783 1527 4850 atque
1553 4780 1914 4846 naturaliter,

284 4888 302 4913 ι
339 4865 423 4921 sic
452 4865 654 4937 procul
686 4866 865 4920 dubio
896 4871 986 4922 est
1025 4867 1406 4939 personaliter
1450 4867 1604 4923 trina
1653 4869 1848 4924 Deitas
1899 4886 1912 4922 :

278 4975 304 5001 ‹‹
337 4953 508 5009 sicuti
535 4953 760 5010 scilicet
787 4956 1089 5027 majestas,
1121 4955 1305 5026 pietas
1334 4960 1390 5010 et
1429 4960 1704 5026 potestas,
1738 4957 1810 5010 ob
1859 4957 1915 5011 id

278 5054 573 5113 «prorsus
603 5047 695 5097 est
724 5059 840 5097 una
870 5042 1047 5099 simul
1079 5047 1136 5098 et
1166 5043 1340 5114 trina,
1374 5043 1512 5114 quia
1544 5061 1738 5099 revera
1772 5063 1914 5099 una-

281 5151 307 5177 ει
337 5147 576 5202 qumque
607 5148 855 5203 persona
885 5148 989 5202 per
1019 5148 1079 5186 se
1109 5135 1197 5186 est
1229 5137 1485 5203 potestas
1524 5133 1730 5203 prima,
1763 5133 1916 5189 sicut

280 5237 304 5264 «
334 5217 624 5275 evidenter
678 5221 750 5275 de
795 5221 910 5276 Deo
961 5220 1060 5275 Dei
1111 5220 1255 5276 Filio
1304 5220 1517 5275 dicitur
1564 5220 1622 5274 in
1677 5221 1917 5277 Michaaa

277 5327 304 5352 α
339 5307 616 5379 prOpbeta
649 5324 662 5364 :
697 5309 761 5364 Et
788 5316 866 5376 tu,
898 5310 1068 5364 turris
1113 5311 1292 5379 gregis
1333 5310 1594 5365 nebulosa
1621 5311 1741 5380 ﬁlia
1787 5311 1916 5364 Hie-

284 5412 304 5439 σ
337 5397 668 5462 rusalem,ad
696 5404 745 5452 te
792 5400 984 5465 veniet,
1018 5402 1075 5452 et
1103 5414 1272 5468 usque
1301 5398 1377 5453 ad
1408 5405 1455 5452 te
1484 5400 1660 5453 veniet
1683 5406 1915 5469 potestas

279 5486 513 5553 «prima
543 5485 730 5552 (Mich.
785 5503 860 5554 1v,
915 5486 990 5556 8).
1042 5487 1190 5558 Ergo
1247 5487 1387 5557 quia
1441 5504 1557 5541 non
1611 5491 1701 5542 est
1752 5487 1918 5541 Pater

280 5593 308 5618 α
340 5573 523 5642 major
556 5573 718 5640 Filio,
754 5593 940 5646 neque
975 5574 1154 5630 Filius
1205 5576 1394 5645 major
1441 5576 1657 5647 Spiritu
1693 5582 1914 5640 sancto,

283 5680 310 5705 α
341 5661 437 5714 sed
461 5661 698 5717 omnino
729 5665 859 5716 totae
892 5668 1008 5718 tres
1039 5680 1316 5734 personae,
1353 5664 1464 5718 sibi
1497 5669 1636 5718 sunt
1670 5664 1916 5719 invicem

2029 4717 2055 4742 ‹‹
2092 4693 2245 4747 trina
2276 4697 2331 4746 et
2362 4708 2479 4745 una
2501 4690 2724 4746 Deitatc
2746 4688 3044 4744 catholicae
3075 4687 3208 4743 fidei
3232 4686 3679 4756 veritas.ltaque

2032 4804 2058 4832 «
2093 4782 2246 4836 sicut
2276 4785 2366 4835 est
2395 4783 2529 4834 ante
2543 4777 2866 4843 szecula,sic
2899 4795 2999 4849 per
3031 4775 3263 4843 saecula,
3280 4780 3338 4830 et
3359 4776 3417 4830 in
3441 4773 3672 4838 saecula,

2028 4893 2054 4918 «
2091 4867 2394 4924 benedicta
2425 4866 2502 4922 sit
2533 4865 2686 4921 trina
2715 4872 2773 4922 et
2803 4884 2921 4921 una
2969 4866 3185 4930 Deitas,
3218 4865 3517 4936 majestas,
3569 4878 3674 4933 po-

2025 4979 2053 5006 ‹‹
2087 4962 2291 5020 testas,
2343 4956 2548 5027 pietas,
2593 4955 2827 5022 veritas,
2882 4955 3158 5021 charitas,
3207 4958 3266 5010 et
3311 4952 3394 5008 sic
3447 4965 3676 5018 semper

2031 5065 2052 5093 ι
2087 5044 2427 5100 omnimoda
2457 5045 2568 5116 ipsi
2614 5043 2722 5100 soli
2751 5045 2902 5111 laus,
2937 5043 3142 5116 gloria,
3178 5041 3432 5103 claritas,
3466 5039 3669 5091 Amen.

2025 5158 2051 5183 ‹‹
2086 5134 2188 5198 Da,
2225 5134 2398 5201 Deus,
2432 5150 2561 5188 vere
2607 5149 2672 5188 ac
2716 5133 2857 5198 vive,
2906 5130 3248 5188 naturaliter
3297 5143 3430 5189 unc,
3477 5138 3671 5194 perso-

2025 5245 2051 5271 ‹‹
2086 5222 2296 5276 naliter
2317 5221 2487 5288 trine,
2524 5220 2638 5275 tuis
2670 5221 2966 5276 evidenter
2995 5218 3195 5275 electis
3225 5213 3475 5279 credere,
3508 5207 3673 5264 intel-

2029 5332 2056 5360 ‹‹
2086 5309 2282 5382 ligare,
2317 5309 2578 5365 confiteri
2611 5313 2668 5364 et
2696 5305 3144 5377 asscrcre,quod
3179 5291 3669 5373 quemadmodam

2029 5421 2054 5447 ‹‹
2086 5403 2172 5464 tu,
2223 5399 2395 5464 Deus,
2448 5397 2546 5468 qui
2601 5394 3002 5467 interpretaris
3055 5391 3248 5455 timor,
3295 5392 3352 5443 et
3402 5391 3464 5441 tu
3515 5387 3671 5442 Deus

2026 5511 2052 5536 ‹‹
2087 5486 2470 5558 charitas,qui
2503 5484 2903 5555 interpretaris
2925 5495 3250 5542 amor,cum
3282 5475 3506 5532 vocaris
3541 5492 3669 5547 per-

2029 5598 2055 5624 ‹‹
2090 5575 2369 5630 sonaliter
2399 5574 2588 5628 trinus
2621 5573 2816 5634 timor,
2848 5574 2902 5622 et
2935 5566 3124 5622 triuus
3155 5582 3461 5630 amor,non
3493 5565 3670 5635 (quod

2026 5687 2052 5713 «
2089 5664 2260 5732 absit)
2296 5668 2414 5718 tres
2447 5659 2789 5716 naturaliter
2821 5657 3059 5712 timores
3102 5660 3160 5712 et
3189 5672 3438 5721 amores,
3469 5666 3669 5708 verum
