3962 6178
250 298 350 359 493
363 337 376 348 ς

1262 303 1364 363 DE
1411 303 1569 364 UNA
1613 304 1714 364 ET
1759 305 1917 364 NON
1960 305 2201 365 TBINA
2245 308 2612 371 DEITATE.

3522 323 3640 380 494

249 428 444 495 nitum,
477 431 625 486 481
665 429 763 502 qui
815 434 947 488 ante
977 432 1178 487 omnia
1218 433 1433 489 saecula
1466 451 1548 490 ex
1597 451 1663 490 eo
1710 437 1884 490 natus
1912 435 1968 502 Α
1996 435 2212 492 fectum
2235 439 2507 496 eumdem
2533 441 2590 496 in
2615 442 3000 513 humanitate,
3021 447 3203 503 Deum
3223 466 3355 505 vere
3375 455 3433 506 et
3452 451 3644 507 homi-

246 523 335 585 est,
369 535 574 574 verum
607 519 789 579 Deum
819 521 902 575 de
951 521 1066 576 Deo
1097 538 1250 589 vero,
1283 521 1485 578 lumen
1517 523 1588 578 de
1635 523 1880 589 lumine,
1907 541 1920 554 °

246 611 430 661 natum
466 625 583 662 non
631 607 870 674 factum,
903 609 1462 667 consubstantialem
1495 613 1672 679 Patri,
1703 611 1762 667 id
1793 616 1884 667 est

243 695 493 768 ejusdem
527 713 662 750 cum
715 697 880 752 Patre
928 697 1292 766 substantiae,
1327 717 1430 772 per
1467 717 1640 773 quem
1683 700 1882 756 omnia

243 783 373 839 tacta
405 789 551 840 sunt
578 801 705 857 qua:
739 785 798 840 in
827 785 968 841 cmlo
1007 791 1065 842 ct
1103 804 1232 860 qua:
1265 789 1323 843 in
1356 793 1546 845 terra:
1571 794 1629 845 et
1658 789 1719 845 in
1751 789 1879 861 Spi-

241 872 403 928 ritum
437 879 711 930 sanctum
747 875 1050 932 dominum
1083 881 1141 932 et
1164 877 1602 944 viviticatorcm,
1625 896 1693 934 cx
1714 878 1881 934 Patre

239 963 658 1034 procedentem,
683 981 816 1020 cum
852 964 1016 1021 Patre
1061 969 1118 1020 et
1165 965 1310 1022 Filio
1359 967 1793 1023 coadorandum
1825 970 1882 1022 et

237 1051 788 1125 congloriﬂcandum
825 1071 840 1109 :
873 1053 1196 1110 trinitatem
1231 1055 1290 1110 in
1321 1055 1566 1121 unitate,
1592 1061 1650 1112 et
1687 1056 1879 1112 unita-

234 1145 336 1196 tem
366 1141 428 1197 in
455 1141 739 1211 trinitate,
769 1142 1057 1199 unitatem
1081 1144 1320 1216 quidem
1346 1143 1632 1213 essentim,
1656 1144 1882 1201 trinita-

234 1234 338 1286 tem
365 1247 506 1286 vero
537 1247 946 1303 personarum,
971 1233 1090 1289 sive
1130 1233 1668 1302 subsistentiarum.
1691 1233 1876 1289 Deum

235 1317 448 1374 Patrem
483 1319 855 1391 confitentes,
888 1320 1072 1376 Deum
1107 1321 1340 1391 Filium,
1374 1322 1558 1378 Deum
1591 1321 1876 1394 Spiritum

235 1413 516 1464 sanctum.
540 1409 665 1464 Non
690 1413 810 1466 tres
831 1411 973 1466 deos
995 1411 1096 1467 sed
1126 1428 1310 1466 unum
1335 1412 1542 1480 Deum,
1566 1411 1795 1467 Patrem
1821 1415 1879 1468 et

235 1495 432 1552 Filium
465 1501 525 1553 et
553 1497 840 1571 Spiritum
867 1503 1138 1556 sanctum
1164 1517 1176 1555 :
1207 1517 1320 1556 non
1353 1501 1533 1556 trium
1567 1498 1876 1557 nominum

232 1584 687 1656 subsistentiam,
738 1588 839 1644 sed
887 1588 1067 1644 trium
1127 1588 1643 1645 subsistentiarum
1696 1605 1876 1644 unam

231 1675 640 1741 substantiam,
665 1692 917 1748 quorum
943 1694 1064 1732 una
1081 1677 1358 1745 essentia,
1378 1677 1498 1733 sive
1519 1677 1873 1744 substantia,

231 1763 305 1818 vel
343 1769 578 1834 natura,
612 1764 672 1820 id
719 1770 810 1820 est
858 1783 978 1822 una
1006 1766 1212 1834 deitas,
1238 1784 1357 1822 una
1407 1765 1724 1835 arternitas,
1757 1783 1878 1823 una

233 1858 698 1926 potestas,unum
728 1853 1200 1926 imperium,una
1229 1854 1572 1930 gloria,una
1593 1855 1875 1920 adoratio,

235 1961 337 2000 una
373 1941 712 2000 essentialis
743 1948 959 1999 sanctaa
1011 1949 1070 2000 et
1117 1943 1528 2018 inseparabilis
1575 1944 1879 2001 Trinitati

231 2033 484 2090 voluntas
507 2035 565 2088 et
595 2032 874 2106 Operatio,
895 2049 1022 2105 qua:
1045 2033 1245 2089 omnia
1271 2033 1555 2106 condidit,
1575 2033 1880 2106 dispensat

231 2125 277 2177 et
294 2119 569 2178 continet.
587 2143 616 2170 »
631 2122 765 2189 Quae
797 2121 980 2191 ita,ut
1000 2121 1192 2178 verbis
1216 2125 1456 2177 utamur
1486 2121 1672 2194 ipsius
1702 2126 1876 2178 sextis

231 2209 601 2283 synodi,cum
635 2208 896 2284 quinque
927 2213 1062 2266 ante
1090 2209 1310 2266 habitis
1351 2211 1572 2266 sanctis
1611 2208 1876 2267 conciliis

232 2297 666 2370 praedicabiliter
703 2297 1128 2372 receptissima,
1153 2302 1212 2355 et
1247 2298 1728 2373 irrefragabiliter
1757 2315 1876 2354 cre-

229 2388 405 2444 denda
424 2393 605 2461 atque
629 2389 894 2457 tenenda,
910 2387 968 2444 in
989 2389 1216 2445 actione
1241 2390 1305 2444 18
1326 2390 1671 2444 conﬁrmata
1691 2393 1832 2444 sunt
1853 2405 1868 2444 :

229 2501 252 2526 «
274 2477 549 2534 Excitavit
567 2477 770 2551 igitur,
789 2476 1066 2551 inquiens
1087 2482 1251 2534 sexta
1269 2477 1530 2550 synodus
1550 2477 1770 2550 (synodi
1790 2495 1867 2546 v1,

227 2574 318 2622 act.
348 2567 457 2636 18),
481 2566 753 2624 Christus
771 2566 928 2624 Deus
949 2571 1152 2623 noster
1171 2565 1579 2622 ﬁdelissimum
1611 2565 1689 2621 im
1699 2583 1867 2639 pera-

227 2660 418 2723 torem,
442 2673 661 2712 novum
684 2655 863 2713 David
887 2655 1077 2712 virum
1101 2656 1425 2712 secundum
1451 2672 1551 2710 cor
1579 2673 1751 2712 suum
1785 2655 1870 2711 in-

227 2744 468 2812 veniens,
504 2745 605 2817 qui
657 2761 772 2800 non
805 2745 964 2801 dedit
1007 2745 1182 2816 juxta
1211 2745 1365 2816 quod
1417 2743 1701 2817 scriptum
1755 2749 1862 2811 est,

227 2849 460 2890 somnum
488 2834 665 2890 oculis
705 2837 844 2903 suis,
875 2842 929 2890 et
949 2834 1228 2908 palpebris
1273 2835 1390 2890 suis
1429 2833 1868 2890 dormitationem

227 2923 380 2990 (Psal.
404 2939 595 2988 cxnx,
618 2922 695 2994 4),
721 2923 901 2980 donec
931 2939 1037 2995 per
1065 2922 1221 2978 hunc
1242 2925 1509 2978 nostrum
1533 2940 1568 2977 a
1586 2923 1702 2978 Deo
1727 2939 1862 2978 con-

226 3016 518 3084 gregatum
550 3029 902 3085 sacrumque
932 3015 1303 3080 conventum,
1327 3011 1518 3086 ipsam
1550 3015 1702 3067 recte
1729 3009 1862 3068 ﬁdei

226 3100 423 3170 reperit
453 3100 770 3172 perfectam
816 3101 1309 3174 prtedicationem,
1344 3100 1668 3156 secundum
1703 3101 1859 3156 enim

1995 542 2128 580 nem
2161 544 2291 582 vere
2323 529 2596 584 eumdem
2643 547 2709 585 ex
2757 531 2954 588 anima
2984 534 3249 591 rationali
3281 544 3339 593 et
3377 555 3638 613 corpore,

1991 616 2550 672 consubstantialem
2583 619 2733 674 Patri
2759 623 3080 678 secundum
3105 624 3403 696 deitatem,
3427 633 3484 683 et
3503 646 3640 686 eon-

1992 704 2442 762 substantialem
2476 707 2644 764 nobis
2676 709 3003 766 secundum
3035 711 3494 772 humanitatem.
3521 740 3549 767 »
3573 719 3643 774 Et

1991 793 2075 848 sic
2105 793 2388 850 catholica
2417 813 2606 868 usque
2639 798 2709 852 ad
2744 799 2919 854 tinem
2951 806 3386 871 percurrentem
3419 821 3639 860 sermo-

1992 897 2122 937 nem
2149 883 2641 940 conﬁrmavcrunt
2657 889 2714 942 et
2731 887 3210 960 subscripserunt
3225 894 3455 945 centum
3476 893 3574 963 qui
3583 911 3645 947 n-

1991 970 2273 1043 quaginta
2301 971 2577 1046 episcopi,
2603 973 2862 1030 dicentes
2887 991 2945 1030 :«
2971 976 3072 1032 His
3103 977 3286 1050 igitur
3314 993 3448 1034 cum
3481 981 3640 1035 omni

1990 1059 2251 1132 undique
2279 1061 2506 1117 cautela
2535 1066 2710 1135 atque
2749 1063 3056 1136 diligentia
3086 1083 3121 1120 a
3151 1066 3322 1122 nobis
3353 1068 3640 1138 formatis,

1989 1147 2315 1205 diffinimus
2337 1149 2514 1206 aliam
2535 1150 2710 1206 fidem
2735 1151 2882 1208 nulli
2905 1151 3076 1209 licere
3107 1155 3363 1227 proferre
3384 1162 3486 1213 aut
3501 1174 3641 1214 con-

1988 1237 2264 1303 scribere,
2289 1255 2705 1311 componereve
2744 1245 2847 1296 aut
2892 1258 3116 1314 sapere,
3141 1243 3230 1300 vel
3267 1245 3444 1302 etiam
3475 1246 3644 1302 aliter

1986 1324 2214 1380 docere.
2238 1327 2345 1392 Qui
2376 1343 2508 1384 vero
2549 1330 3031 1401 praesumpserint
3059 1331 3234 1388 fidem
3276 1332 3520 1390 alteram
3550 1334 3636 1391 vel

1985 1429 2354 1486 componere,
2385 1413 2474 1471 vel
2532 1415 2809 1488 proferre,
2851 1417 2938 1473 vel
2988 1419 3214 1488 docere,
3244 1421 3335 1477 vel
3386 1424 3638 1494 tradere,

1985 1506 2092 1557 aut
2130 1502 2462 1574 symbolum
2491 1503 2825 1563 volentibus
2854 1508 3108 1563 converti
3157 1511 3228 1565 ad
3281 1511 3637 1585 agnitionem
3685 1558 3694 1576 .

1982 1590 2246 1646 veritatis
2296 1608 2363 1648 ex
2422 1592 2770 1666 gentilitate,
2802 1594 2892 1650 vel
2940 1613 3010 1652 ex
3055 1596 3383 1667 Judaismo,
3417 1604 3520 1656 aut
3571 1617 3639 1657 ex

1985 1679 2246 1751 qualibet
2266 1679 2506 1748 haerese,
2521 1684 2623 1737 aut
2652 1682 2753 1754 qui
2784 1683 3103 1746 novitatem
3125 1685 3282 1742 vocis
3303 1687 3390 1742 vel
3417 1705 3639 1745 sermo-

1985 1767 2078 1824 nis
2121 1768 2614 1851 adinventionem,
2647 1772 2719 1826 ad
2769 1771 3205 1829 subversionem
3255 1792 3456 1832 eorum
3507 1793 3636 1850 quae

1991 1875 2146 1914 nunc
2177 1875 2212 1914 a
2241 1859 2411 1915 nobis
2441 1859 2828 1917 determinata
2855 1866 2996 1918 sunt
3021 1861 3410 1934 introducere,
3433 1865 3564 1934 hos,
3585 1866 3634 1924 si

1987 1947 2224 2019 quidem
2273 1947 2530 2020 episcopi
2579 1948 2796 2006 fuerint
2838 1953 2942 2006 aut
2986 1950 3200 2020 clerici,
3231 1952 3454 2009 alienos
3507 1968 3637 2011 esse

1987 2034 2290 2108 episcopos
2328 2036 2401 2092 ab
2442 2036 2799 2110 episcopatu,
2834 2037 3074 2096 clericos
3111 2057 3244 2096 vero
3275 2057 3311 2096 a
3347 2039 3500 2097 clero
3535 2058 3549 2098 :
3584 2041 3636 2097 si

1985 2127 2181 2179 autem
2215 2123 2486 2179 monachi
2525 2124 2743 2180 fuerint
2770 2123 2858 2180 vel
2897 2125 3050 2194 laici,
3075 2127 3252 2182 etiam
3291 2127 3635 2186 anathema-

1982 2211 2148 2267 tizari
2196 2229 2316 2269 eos.
2342 2213 2455 2268 »Ει
2497 2213 2921 2286 subscriptiones
2951 2233 2970 2269 :
3003 2214 3345 2272 Theodorus
3392 2209 3636 2274 humilis

1981 2301 2284 2375 presbyter
2311 2306 2524 2358 sanctas
2565 2302 2838 2359 Romana:
2877 2304 3167 2374 Ecclesiae,
3191 2303 3386 2361 locum
3425 2321 3634 2380 gerens

1978 2389 2302 2461 Agathonis
2349 2394 2438 2446 ter
2493 2391 2817 2446 beatissimi
2852 2391 3196 2449 universalis
3255 2410 3418 2468 papae
3469 2394 3633 2450 urbis

1983 2477 2177 2533 Roma:
2207 2479 2551 2551 subscripsi.
2579 2481 2648 2535 Et
2677 2480 2952 2552 deinceps
2978 2498 3082 2553 per
3101 2481 3364 2538 ordinem
3387 2482 3627 2556 singuli.

1977 2566 2047 2621 Et
2067 2583 2170 2638 per
2188 2567 2668 2623 acclamationem
2692 2585 2854 2624 more
2881 2585 3009 2638 suo,
3033 2569 3188 2626 sicut
3206 2575 3263 2626 et
3285 2571 3343 2626 in
3367 2570 3630 2628 conciliis

1977 2653 2108 2710 aliis
2130 2655 2404 2728 legimus,
2424 2655 3060 2712 anathematizaverunt
3079 2675 3284 2715 omnes
3305 2659 3624 2728 haereticos,

1974 2747 2032 2799 et
2054 2760 2259 2799 omnes
2280 2743 2380 2816 qui
2405 2744 2804 2816 suffragantur
2825 2744 3132 2801 haereticis.
3159 2747 3316 2802 Inter
3333 2764 3482 2819 quos
3503 2765 3626 2803 om-

1975 2847 2079 2888 nes
2111 2831 2588 2887 anatbematizati
2631 2836 2773 2886 sunt
2819 2837 2878 2887 et
2925 2832 3447 2901 Praedestinatiani,
3480 2851 3624 2906 quo-

1973 2936 2104 2976 rum
2137 2919 2394 2987 haeresis,
2419 2918 2764 2975 auctoritate
2791 2936 2954 2992 papae
2985 2919 3274 2977 Coelestini
3301 2937 3370 2976 ex
3393 2920 3624 2994 delega-

1969 3007 2128 3064 tione
2157 3007 2366 3080 ipsius,
2399 3023 2504 3080 per
2535 3011 2807 3063 sanctum
2841 3009 3190 3081 Prosperum
3221 3009 3280 3064 in
3303 3009 3506 3066 Galliis
3536 3014 3626 3066 est

1971 3095 2190 3176 revicta
2215 3097 2406 3168 (sexta
2433 3095 2632 3167 synodi
2659 3103 2762 3152 act.
2790 3097 2899 3169 18).
2926 3097 2996 3152 Et
3025 3097 3083 3151 in
3117 3097 3306 3153 edicto
3338 3097 3622 3154 Constan-

225 3205 255 3242 a
279 3168 522 3245 Domino
563 3189 780 3246 editam
809 3168 1044 3246 vocem:
1077 3190 1176 3248 Ubi
1216 3168 1322 3246 duo
1370 3189 1454 3245 vel
1501 3197 1607 3246 tres
1654 3191 1866 3261 fuerint
1891 3168 1934 3236 (ἶ
1972 3183 2080 3238 tini
2112 3170 2502 3256 imperatoris,
2528 3184 2680 3257 quod
2712 3168 3048 3256 petentibus
3068 3185 3356 3259 episcopis
3383 3187 3454 3242 ad
3485 3203 3622 3243 con-

221 3279 520 3350 congregati
549 3281 611 3335 in
638 3280 862 3335 nomine
891 3295 1030 3348 meo,
1063 3279 1146 3336 ibi
1169 3297 1292 3336 sum
1343 3281 1405 3334 in
1451 3279 1628 3335 medio
1675 3296 1865 3335 eorum

221 3365 416 3432 (Hat'h.
438 3383 602 3437 xvm,
623 3366 736 3439 20).
762 3367 896 3432 Quae
927 3384 1185 3440 prmscns
1205 3372 1411 3424 sancta
1431 3371 1490 3422 et
1518 3367 1865 3442 universalis

219 3455 499 3528 synodus,
533 3454 786 3511 ﬁdeliter
815 3455 1144 3528 suscipiens
1186 3460 1242 3512 et
1281 3455 1554 3529 expansis
1587 3456 1864 3513 manibus

217 3557 299 3596 am
307 3542 569 3614 plcctens
592 3544 1188 3618 suggestionem,quae
1210 3562 1243 3601 a
1261 3544 1634 3601 sanctissimo
1651 3562 1717 3601 ac
1738 3546 1868 3601 bea-

214 3628 435 3687 tissimo
457 3631 762 3706 Agathone
791 3633 1048 3706 antiqua;
1081 3634 1277 3689 Romae
1309 3633 1462 3688 facta
1482 3638 1590 3702 est,
1615 3633 1688 3689 ad
1711 3635 1864 3690 Con-

216 3721 532 3777 stantinum
565 3722 901 3794 piissimum
926 3739 994 3778 ac
1027 3721 1438 3779 fidelissimum
1465 3727 1730 3778 nostrum
1755 3723 1863 3780 im-

217 3815 690 3884 pcratorem,qua:
706 3809 1054 3867 nominatim
1079 3811 1293 3882 abjecit
1309 3827 1407 3866 eos
1427 3811 1525 3884 qui
1540 3813 1867 3868 docuerunt

216 3898 296 3954 vel
325 3899 802 3971 prazdicaverunt,
831 3899 987 3956 sicut
1005 3900 1280 3973 superius
1303 3900 1530 3956 dictum
1554 3905 1663 3967 est,
1687 3919 1864 3957 unam

214 3985 566 4044 voluntatem
594 3992 654 4044 et
685 4005 864 4044 unam
898 3989 1296 4062 operationem
1342 3987 1400 4042 in
1444 3987 1868 4046 incarnationis

218 4072 646 4146 dispensatione
691 4077 924 4134 Domini
973 4076 1154 4132 nostri
1186 4077 1326 4132 Jcsu
1358 4077 1571 4133 Chrisii
1615 4077 1731 4133 veri
1764 4079 1868 4138 Dei

217 4163 394 4218 nostri
435 4166 677 4238 adaeque
721 4164 991 4238 amplexa
1019 4169 1108 4222 est
1136 4169 1195 4222 et
1225 4165 1472 4222 alteram
1527 4165 1868 4239 synodalem

217 4251 670 4324 suggestionem,
697 4271 826 4327 quae
859 4253 1044 4310 missa
1064 4257 1153 4310 est
1183 4271 1218 4310 a
1248 4271 1414 4310 sacro
1437 4254 1865 4328 concilio,quod

217 4343 310 4394 est
324 4341 429 4397 sub
445 4342 649 4398 eodem
667 4342 1042 4398 sanctissimo
1059 4359 1211 4415 papa
1227 4347 1464 4399 centum
1481 4343 1685 4416 viginti
1705 4343 1870 4416 quin-

216 4443 334 4499 que
381 4429 492 4486 Deo
540 4429 888 4487 amabilium
938 4431 1465 4504 episcoporum,ad
1515 4433 1644 4504 ejus
1675 4449 1708 4486 a
1750 4432 1866 4490 Deo

1972 3273 2361 3329 ﬁrmationem
2383 3273 2555 3329 istius
2576 3279 2748 3329 sextae
2769 3275 2974 3347 synodi
2999 3275 3134 3330 fecit
3151 3279 3210 3331 et
3233 3274 3620 3343 conﬁrmavit,

1971 3361 2052 3416 ita
2080 3361 2367 3432 scriptum
2396 3367 2484 3418 est
2509 3379 2521 3418 :
2547 3384 2575 3412 ‹‹
2599 3363 2903 3418 Credimus
2934 3363 2995 3418 in
3025 3363 3275 3434 Patrem,
3297 3367 3356 3419 et
3385 3361 3621 3432 Filium,

1971 3455 2030 3506 et
2049 3449 2334 3522 Spiritum
2357 3455 2628 3506 sanctum
2655 3469 2668 3506 :
2694 3450 3039 3508 Trinitatem
3068 3451 3128 3508 in
3155 3451 3466 3521 unitate,et
3491 3453 3622 3508 uni-

1971 3543 2150 3596 tatem
2173 3539 2230 3593 in
2255 3539 2558 3608 Trinitate,
2581 3556 2759 3596 unam
2781 3540 3174 3596 substantiam
3196 3539 3254 3595 in
3277 3539 3468 3596 tribus
3489 3541 3623 3598 sub-

1972 3627 2574 3684 sistentiis.Unitatem
2594 3627 2830 3700 quidem
2853 3633 3089 3702 propter
3109 3628 3440 3686 naturalem
3461 3630 3623 3685 unio-

1973 3733 2107 3773 nem
2163 3733 2229 3772 ac
2285 3717 2790 3774 dominationem:
2826 3717 3170 3774 Trinitatem
3201 3735 3334 3775 vero
3389 3722 3626 3792 prepter

1973 3806 2153 3862 trium
2187 3805 2704 3862 subsistentiarum
2737 3808 3244 3878 perfectionem,et
3265 3807 3502 3864 divitias
3532 3825 3624 3864 suo

1975 3895 2389 3968 perexistcntis‘
2411 3895 2712 3951 bonitatis.
2738 3896 2943 3952 Unitas
2973 3898 3190 3970 quippe
3219 3915 3350 3954 vere
3378 3900 3468 3952 est
3495 3896 3624 3952 Tri-

1975 3983 2150 4051 nitas,
2177 3984 2316 4056 quia
2335 3984 2501 4039 unita
2520 3989 2610 4040 cst
2634 3984 2872 4051 deitate,
2887 3991 2945 4042 et
2965 3986 3222 4043 Trinitas
3242 4003 3371 4042 vere
3391 3991 3481 4042 est
3502 3985 3628 4041 uni-

1975 4077 2086 4139 tas,
2112 4073 2298 4128 divisa
2325 4071 2802 4144 proprietatibus,
2827 4079 2884 4128 et
2912 4091 3026 4130 non
3059 4075 3367 4147 dispertita
3395 4073 3622 4130 zeterni-

1976 4165 2094 4217 tate
2119 4179 2132 4217 :
2158 4159 2288 4234 ipsa
2322 4160 2476 4215 enim
2529 4159 2768 4216 sibimet
2814 4163 3286 4234 consempiterna
3313 4167 3422 4230 est,
3445 4166 3502 4217 et
3527 4179 3622 4218 es-

1978 4249 2167 4305 sentia
2192 4246 2433 4320 aqualis
2464 4247 2704 4303 honoris
2735 4252 2842 4303 est.
2867 4249 2983 4305 Nec
3013 4249 3166 4304 enim
3202 4249 3422 4305 exstitit
3451 4266 3626 4305 saecu-

1976 4340 2124 4405 lum,
2141 4337 2378 4410 quando
2399 4353 2530 4392 cum
2555 4336 2721 4392 Patre
2742 4354 2858 4392 non
2879 4342 3006 4394 erat
3023 4343 3080 4393 et
3102 4339 3302 4406 Filius,
3322 4339 3494 4409 cujus
3515 4337 3626 4393 uti—

1977 4445 2090 4502 que
2111 4427 2426 4482 vocabatur
2448 4429 2637 4498 pater,
2663 4425 2713 4480 si
2743 4443 2859 4482 non
2891 4424 3066 4482 simul
3091 4442 3224 4481 cum
3248 4443 3314 4482 eo
3343 4429 3470 4482 erat
3498 4425 3626 4482 sine

213 4515 563 4575 instructam
586 4518 1722 4601 tranquillitatem,utpoteconsonantes
1741 4537 1870 4576 san-
1899 4537 1944 4601 ι)
1979 4518 2265 4598 principio
2312 4515 2508 4572 ﬁlius?
2537 4517 2653 4572 Nec
2699 4519 2824 4572 erat
2869 4516 3104 4588 quando
3152 4533 3268 4571 non
3318 4520 3442 4572 erat
3487 4532 3624 4572 cum

213 4608 313 4660 cto
335 4605 788 4664 Chalcedonensi
821 4607 1088 4674 concilio,
1110 4612 1168 4664 et
1197 4599 1353 4664 tom'o
1393 4607 1772 4664 sacratissimi
1806 4613 1864 4666 et
1902 4599 1931 4601 π
1972 4611 2238 4682 utrisque
2255 4605 2510 4677 Spiritus
2531 4604 2964 4662 sanctus.Unus
2984 4603 3166 4678 igitur
3181 4605 3301 4662 haec
3317 4606 3430 4661 tria
3446 4605 3624 4677 Deus,

215 4693 533 4752 beatissimi
557 4714 722 4770 papae
744 4697 1009 4769 ejusdem
1035 4696 1286 4769 antiquae
1311 4697 1504 4752 Roma:
1529 4697 1862 4771 Leonis,qui

217 4781 470 4840 directus
491 4791 580 4842 est
601 4786 672 4842 ad
703 4789 971 4842 sanctum
1005 4785 1542 4859 Flavianum,qucm
1563 4791 1620 4843 et
1641 4787 1862 4843 colum-

219 4887 354 4928 nam
387 4879 550 4930 rectae
593 4875 727 4930 ﬁdei
761 4874 1101 4947 hujusmodi
1133 4875 1395 4948 synodus
1425 4874 1756 4948 appellavit.
1779 4877 1863 4931 Ad

217 4957 340 5022 haec
363 4967 421 5017 ct
440 4962 734 5036 synodicis
753 4963 1040 5037 epistolis,
1065 4980 1192 5036 qua:
1215 4963 1442 5036 scriptae
1465 4969 1606 5020 sunt
1637 4983 1670 5020 a
1697 4965 1866 5022 beato

219 5046 431 5120 Cyrillo
453 5054 734 5109 adversus
755 5053 1002 5126 impium
1024 5053 1356 5110 Nestorium
1377 5057 1436 5108 et
1461 5054 1534 5108 ad
1557 5054 1868 5111 orientales

219 5137 541 5213 episcopos.
566 5143 833 5198 Assecuti
857 5159 1088 5215 quoque
1119 5145 1324 5198 sancta
1353 5141 1614 5215 quinque
1647 5143 1872 5200 univer-

218 5225 370 5283 salia
396 5229 659 5300 concilia,
693 5235 752 5286 et
781 5235 1016 5287 sanctos
1061 5235 1237 5304 atque
1287 5230 1618 5303 probabiles
1651 5231 1867 5302 Patres,

219 5321 724 5392 consonantcrque
749 5319 1010 5376 conﬁteri
1045 5319 1400 5376 difﬁnientes
1427 5319 1742 5376 Dominum
1771 5337 1868 5376 no-

215 5406 409 5459 strum
431 5407 632 5464 Jesum
655 5407 1180 5477 Christum,verum
1203 5410 1376 5464 Deum
1399 5413 1663 5464 nostrum
1683 5426 1866 5464 unum

214 5491 289 5546 de
319 5499 524 5551 sancta
559 5501 618 5552 et
646 5497 1134 5555 consubstantiali
1165 5502 1222 5554 et
1249 5497 1376 5554 vitae
1407 5484 1692 5572 originem
1722 5517 1867 5573 prte-

211 5577 396 5639 bents
426 5584 732 5657 Trinitate,
755 5587 1074 5663 perfectum
1105 5587 1167 5646 in
1199 5588 1352 5647 482
1382 5588 1621 5664 deitate,
1649 5593 1706 5648 et
1735 5605 1866 5666 per-

1972 4719 2100 4776 quzs
2122 4697 2370 4754 invicem
2388 4711 2520 4750 cum
2541 4693 2662 4750 sola
2686 4693 3030 4768 singillatim
3050 4694 3376 4752 differentia
3397 4695 3455 4752 in
3475 4713 3628 4752 com-

1974 4787 2257 4848 munitate
2275 4779 2540 4841 esse'ntize
2559 4783 3028 4857 inseparabiliter
3043 4784 3409 4842 discernente
3425 4802 3628 4841 unam-

1974 4892 2270 4953 quamque
2327 4891 2638 4948 personam
2693 4873 3120 4948 intelliguntur.
3165 4875 3337 4931 Solus
3385 4875 3627 4947 proinde

1978 4969 2146 5024 Pater
2205 4966 2373 5021 Pater
2427 4968 2534 5031 est,
2579 4963 2742 5020 solus
2802 4963 2984 5020 Filius
3041 4964 3246 5033 Filius,
3279 4963 3440 5020 solus
3496 4961 3624 5033 Spi-

1976 5057 2124 5113 ritus
2173 5059 2415 5112 sanctus
2466 5053 2721 5126 Spiritus
2751 5057 3012 5109 sanctus.
3048 5053 3149 5109 His
3195 5052 3410 5108 etenim
3460 5051 3621 5106 diffe-

1978 5146 2182 5202 rentiis
2213 5163 2328 5201 non
2371 5147 2790 5200 convertuntur
2837 5143 2910 5198 ad
2960 5141 3222 5197 invicem.
3261 5141 3371 5196 Sed
3421 5139 3481 5194 in
3530 5137 3626 5194 his

1977 5235 2216 5308 quidem
2255 5233 2724 5305 inseparabiliter
2765 5231 3110 5286 dividuntur
3141 5247 3154 5286 :
3187 5229 3627 5287 communicant

1978 5327 2169 5379 autem
2222 5324 2488 5380 essentia:
2535 5322 2779 5391 unitate,
2814 5321 3074 5377 Trinitas
3120 5318 3386 5390 simplex,
3418 5321 3476 5374 et
3515 5317 3626 5374 im-

1978 5411 2196 5484 partita
2252 5415 2424 5483 atque
2479 5410 2890 5483 incomposita.
2941 5409 3022 5463 Ex
3082 5406 3272 5462 tribus
3326 5407 3620 5480 perfectis,

1977 5517 2047 5556 ex
2103 5499 2297 5572 seipsa
2352 5499 2634 5573 perfecta,
2699 5503 2756 5554 et
2819 5495 3282 5569 superperfecta,
3343 5513 3462 5554 una
3519 5515 3624 5555 na-

1974 5594 2108 5651 tura
2136 5593 2309 5667 atque
2339 5588 2572 5661 deitate,
2601 5592 2660 5648 et
2698 5605 2815 5646 una
2841 5585 3138 5644 voluntate
3184 5587 3340 5646 488
3390 5605 3625 5666 unaque
