3962 6178
305 315 423 372 495

1235 309 1622 370 IIINCMARI
1670 295 2116 369 RIIEMENSlS
2157 306 2776 368 ARCHIEPISCOPI.

3565 309 3663 371 49B

305 443 638 516 operatione
697 441 1098 513 gloriﬁcanda.
1149 444 1407 508 Quorum
1465 442 1622 498 enim
1676 459 1795 498 una
1857 458 1960 497 na-
1987 441 2041 508 Α
2073 458 2107 496 a
2137 439 2429 496 consortio
2457 439 2748 508 ﬁdelium;
2781 455 2854 494 ne
2881 435 3012 494 aliis
3045 453 3244 495 nocere
3263 439 3541 514 valeatqui
3565 441 3673 504 sibi-

307 537 440 590 tura
482 535 590 602 est,
623 531 834 586 horum
865 537 922 586 et.
947 531 1218 588 voluntas
1267 536 1324 586 et
1369 531 1626 602 operatio
1683 548 1802 586 una
1847 533 1954 598 est,

307 621 461 675 sicut
511 637 618 675 nos
649 621 848 676 docuit
898 620 995 675 Dei
1046 619 1234 675 cultor
1270 619 1578 676 Basilius»
1613 623 1668 675 et
1724 619 1783 674 in
1845 619 1958 673 ﬁne

308 709 498 781 ipsius
527 708 702 764 edicti
739 726 806 764 :«
842 709 1025 776 Unus,
1059 709 1270 780 inquit,
1308 709 1613 776 Dominus,
1644 726 1760 762 una
1790 707 1957 772 ﬁdes,

308 815 495 854 unum
528 798 840 872 baptisma,
867 816 986 854 una
1013 799 1072 852 in
1105 799 1220 854 Deo
1253 815 1408 854 nunc
1454 803 1543 854 est
1589 796 1865 853 Ecclesia.
1899 795 1958 852 Si

311 887 443 961 quis
472 887 654 962 igitur
679 887 894 944 Christi
921 892 1149 944 amator
1177 891 1287 955 est,
1311 890 1368 944 et
1387 885 1596 942 metuit
1620 885 1958 952 Dominum,

311 981 690 1050 aptatamque
737 976 986 1032 salutem
1019 977 1332 1044 desiderat,
1368 976 1518 1032 hanc
1567 975 1742 1030 ﬁdem
1775 973 1965 1029 ortho-

311 1067 523 1122 doxam
553 1065 892 1122 teneat.Nec
913 1065 1070 1119 enim
1099 1065 1210 1120 erit
1240 1081 1342 1137 per
1371 1064 1545 1120 aliam
1575 1064 1749 1118 ﬁdem
1783 1063 1964 1118 salva-

210 1216 222 1221 _
311 1159 428 1210 tus.
445 1155 504 1210 Si
529 1154 664 1228 quis
681 1172 814 1210 vero
836 1154 1142 1210 hominum
1169 1155 1404 1226 quidem
1425 1153 1691 1226 personis
1713 1151 1962 1222 gratiam

313 1244 566 1312 exhibet,
589 1244 892 1300 charitatis
931 1249 1123 1300 autem
1156 1243 1213 1298 in
1258 1243 1442 1298 Deum
1473 1241 1869 1296 aemulatorem
1901 1255 1966 1295 se

314 1351 430 1388 non
461 1334 844 1402 demonstrat,
877 1336 1342 1405 prmseutemque
1368 1332 1524 1404 piam
1551 1335 1814 1386 nostram
1835 1346 1966 1385 con-

315 1422 682 1478 stitutionem
713 1440 828 1478 non
872 1421 1095 1494 recipit,
1120 1421 1168 1476 si
1221 1421 1460 1492 quidem
1496 1419 1806 1493 episcopus
1853 1422 1964 1484 est,

313 1511 402 1568 vel
423 1509 695 1580 clericus,
721 1516 822 1567 aut
843 1511 1186 1566 monachico
1207 1511 1607 1566 circumdatus
1626 1512 1716 1564 est
1739 1507 1964 1576 habitu,

314 1599 700 1672 depositionis
728 1617 958 1673 pinnam
983 1599 1269 1672 persolvet
1293 1617 1305 1656 :
1331 1600 1378 1656 si
1401 1616 1536 1654 vero
1565 1599 1626 1654 in
1654 1597 1857 1654 ordine
1879 1597 1967 1652 di-

315 1689 609 1762 gnitatum
631 1688 888 1744 insertus
911 1693 1020 1755 est,
1045 1688 1334 1761 supplicio
1356 1687 1801 1760 proscriptionis
1824 1685 1969 1742 mul-

316 1781 526 1844 ctetur,
553 1777 722 1850 eique
755 1777 1056 1850 cingulum
1078 1778 1376 1834 adimatur
1400 1794 1412 1832 :
1441 1778 1533 1832 sin
1564 1780 1759 1832 autem
1782 1775 1972 1831 idioti-

317 1883 394 1922 σω
429 1866 607 1922 sortis
637 1871 746 1934 est,
772 1883 840 1921 ex
881 1884 946 1922 ac
977 1867 1138 1939 regia
1166 1867 1444 1939 omnique
1475 1866 1709 1939 penitus
1739 1865 1970 1922 civitate

316 1956 527 2012 exteris
559 1956 887 2023 addicatur,
912 1961 967 2012 et
998 1971 1175 2028 super
1203 1955 1325 2011 haec
1355 1955 1554 2010 omnia
1582 1953 1862 2011 terribilis
1890 1955 1972 2010 at-

318 2063 434 2117 que
460 2044 833 2116 inexpiabilis
855 2045 1064 2116 judicii
1099 2061 1214 2098 non
1247 2043 1485 2116 eﬂ'ugiet
1513 2044 1860 2099 cruciatum.
1891 2066 1920 2094 »

387 2135 749 2206 Quapropter
775 2133 868 2190 his
897 2151 1024 2206 quae
1055 2133 1494 2204 Gothcscalcus,
1531 2132 1679 2188 alter
1701 2131 1971 2188 videlicet

321 2240 425 2296 pro
456 2221 694 2279 modulo
726 2239 832 2279 suo
864 2223 1065 2278 Simon
1095 2238 1326 2295 magus,
1353 2221 1414 2276 in
1447 2222 1682 2294 scriptis
1713 2221 1838 2278 suis
1863 2222 1971 2276 frc-

321 2315 568 2384 quenter
595 2312 794 2384 posuit
835 2311 1047 2385 Spiritu
1081 2313 1300 2367 furioso
1339 2310 1686 2384 exagitatus,
1718 2310 1966 2366 exaltato

319 2401 512 2469 corde,
545 2404 601 2456 et
630 2400 796 2456 elatis
818 2400 1025 2466 oculis,
1049 2418 1110 2456 se
1143 2399 1500 2455 mendaciter
1529 2398 1878 2472 promittens
1905 2398 1966 2458 in

319 2489 692 2545 mirabilibus
723 2506 900 2561 super
919 2507 980 2545 se
1002 2488 1462 2557 ambulaturum,
1487 2489 1735 2561 petendo
1769 2491 1832 2543 ut
1854 2487 1964 2542 sibi

318 2577 430 2633 tria
459 2577 614 2634 dolia
641 2583 936 2650 parentur,
967 2595 1154 2633 unum
1185 2577 1444 2634 vieelicet
1471 2578 1694 2633 dolium
1726 2576 1966 2650 plenum

318 2666 558 2722 ferventi
591 2667 780 2738 adipe,
803 2669 861 2722 et
894 2666 1050 2722 aliud
1085 2665 1324 2739 plenum
1356 2667 1593 2722 ferventi
1622 2665 1746 2722 oleo
1773 2670 1829 2722 et
1855 2671 1967 2721 ter-

319 2754 467 2810 tium
485 2753 724 2826 plenum
743 2754 1008 2826 bullienti
1030 2755 1238 2828 pice,et
1255 2772 1388 2810 eum
1407 2755 1666 2811 vicissim
1684 2755 1742 2809 in
1761 2771 1972 2810 unum-

319 2844 593 2916 quodque
623 2843 846 2900 dolium
882 2861 1069 2916 usque
1117 2845 1188 2900 ad
1239 2843 1456 2900 collum
1495 2845 1724 2900 intrans
1754 2844 1824 2900 de
1854 2843 1970 2900 illis

317 2932 510 2989 tribus
533 2932 708 2989 doliis
728 2933 946 2990 illaesus
969 2933 1190 3002 exierit,
1206 2935 1478 2990 credatur
1497 2934 1571 2990 ab
1589 2933 1864 2990 omnibus
1885 2951 1973 2990 as-

317 3022 496 3078 sertio
527 3021 688 3079 illius
717 3039 846 3080 esse
879 3023 1206 3090 verissima,
1231 3040 1348 3096 qua
1371 3022 1532 3091 dicit,
1555 3027 1764 3094 praeter
1791 3023 1969 3078 istam

318 3110 744 3183 blasphemiam
777 3113 931 3184 quod
966 3113 1150 3168 deitas
1181 3112 1266 3166 sic
1294 3111 1680 3184 personaliter
1707 3111 1784 3167 sit
1814 3112 1970 3167 trina

2069 530 2348 602 prodesse
2375 546 2488 584 non
2511 528 2684 597 volet,
2707 527 2834 584 sine
2861 528 3266 584 retractatione
3283 529 3426 586 male
3450 531 3666 603 pertina-

2069 618 2218 674 citer
2246 617 2508 674 sentiens
2529 618 2701 673 debet
2726 616 2970 687 retrudi,
2993 621 3052 672 et
3079 615 3136 672 in
3167 617 3292 690 ipsa
3311 617 3482 675 exsilii
3497 619 3574 677 vel
3587 637 3664 676 res

2069 705 2353 762 trusionis
2375 705 2709 779 alligatione
2737 709 3020 778 perpetua
3049 721 3398 779 permanere,
3422 707 3668 765 nisi'l‘orte

2069 801 2183 852 Deo
2205 795 2553 868 respiciente
2577 794 2886 868 resipiscat
2906 812 2940 850 a
2961 793 3173 850 diaboli
3203 794 3400 868 laqueo
3419 813 3570 869 aquo
3589 811 3667 853 cae

2071 888 2208 958 ptus
2227 889 2481 953 tenetur,
2509 884 2582 940 ad
2610 884 2800 956 ipsius
2821 882 3347 940 misericordissimi
3374 888 3429 940 et
3447 885 3682 958 omnipe‘

2071 973 2388 1030 tentissimi
2430 973 2662 1030 Domini
2689 972 3074 1041 voluntatem,
3101 973 3251 1030 sicut
3278 989 3344 1029 ex
3371 974 3686 1030 auctoritate-

2072 1061 2332 1136 epistolaa
2361 1062 2558 1135 magni
2593 1079 2754 1135 papae
2786 1061 2998 1118 Leonis
3025 1061 3098 1117 ad
3129 1059 3480 1118 Pnlcheriam
3505 1063 3673 1135 Augu-

2073 1155 2226 1206 stam
2258 1153 2435 1223 (epist.
2460 1153 2552 1221 47)
2589 1149 2978 1223 percepimus,
3008 1149 3067 1204 in
3099 1167 3216 1222 qua
3261 1149 3529 1222 scriptum
3557 1153 3635 1205 est
3662 1167 3673 1206 ε

2075 1264 2103 1290 ‹‹
2127 1240 2206 1295 De
2238 1239 2516 1312 Eutyche,
2548 1239 2758 1312 inquit,
2796 1239 2977 1294 totius
3007 1237 3264 1296 scandali
3311 1243 3366 1294 et
3411 1237 3688 1311 pravitatis-

2075 1333 2310 1385 auctore
2331 1329 2440 1385 hoc
2461 1328 2770 1384 clementia
2789 1332 2981 1384 vestra
2999 1327 3315 1400 praecipiat,
3329 1332 3391 1383 ut
3410 1327 3478 1383 ab
3497 1344 3556 1384 eo
3574 1326 3696 1384 loco

2077 1417 2174 1491 qui
2197 1416 2852 1490 Constantinopolitanm
2879 1416 3011 1473 urbi
3039 1416 3220 1473 nimis
3248 1416 3464 1472 vicinus
3483 1420 3564 1472 est
3580 1415 3684 1473 lon-

2075 1507 2209 1580 gius
2228 1507 2635 1576 transferatur,
2650 1523 2722 1562 ne
2743 1505 3237 1579 frequentioribus
3253 1505 3472 1562 solatiis
3485 1519 3681 1574 eorum,

2078 1612 2226 1670 quos
2247 1597 2318 1652 ad
2339 1595 2698 1668 impietatem
2717 1613 2885 1653 suam
2909 1595 3100 1662 traxit,
3117 1599 3344 1664 utatur;
3366 1594 3698 1651 monasterio

2078 1702 2311 1759 quoque
2341 1684 2549 1757 ipsius,
2573 1685 2666 1741 cui
2694 1685 3014 1758 perniciose
3042 1683 3398 1758 indigneque
3425 1681 3685 1756 prmedit,

2049 1773 2431 1855 lcatholicum
2466 1773 2736 1830 abbatem
2760 1775 2966 1846 jubete
2993 1773 3274 1846 praeponi,
3296 1773 3394 1846 qui
3423 1771 3572 1828 illam
3591 1788 3690 1828 ser-

2077 1880 2282 1920 vorum
2339 1863 2440 1920 Dei
2497 1863 3026 1936 congregationem,
3059 1869 3117 1920 et
3155 1880 3191 1919 a
3231 1879 3404 1936 pravo
3451 1861 3708 1936 dogmate

2078 1952 2344 2023 liberare,
2375 1957 2432 2008 et
2479 1951 2767 2028 institutis
2821 1950 3082 2008 veritatis
3141 1952 3329 2024 possit
3382 1950 3644 2006 imbuere.
3667 1969 3710 2000 »ι’

2079 2041 2224 2109 Quia
2250 2058 2384 2098 vero
2417 2041 2487 2097 de
2516 2041 2857 2113 hujusmodi
2887 2044 3170 2114 tanquam
3203 2042 3274 2098 de
3304 2039 3494 2097 dubiis
3521 2039 3695 2112 dispu-

2078 2135 2202 2186 tare
2220 2149 2336 2186 non
2361 2131 2702 2196 debeamus,
2721 2129 2876 2186 idem
2901 2131 3012 2186 Leo
3035 2131 3106 2187 ad
3127 2130 3481 2186 Martianum
3499 2130 3696 2201 Augus-

2078 2225 2206 2276 tum
2239 2221 2415 2292 (epist.
2439 2219 2528 2291 45)
2553 2237 2567 2276 :
2593 2242 2622 2270 ‹‹
2653 2219 2760 2276 Per
2815 2219 3035 2292 ipsum,
3070 2218 3372 2294 inquiens,
3409 2217 3696 2276 Dominum

2077 2313 2342 2365 nostrum
2360 2309 2561 2365 Jesum
2581 2307 2899 2376 Christum,
2915 2307 3015 2382 qui
3032 2309 3197 2382 regni
3218 2308 3393 2365 vestri
3415 2310 3500 2364 est
3519 2310 3700 2363 auctor

2077 2402 2134 2454 et
2164 2403 2368 2466 rector,
2391 2397 2652 2454 obtestor
2679 2400 2736 2454 et
2778 2397 3017 2454 obsecro
3047 2397 3420 2454 clementiam
3447 2400 3700 2462 vestram,

2077 2493 2142 2542 ut
2161 2487 2220 2542 in
2251 2487 2521 2560 praesenti
2544 2488 2762 2560 synodo
2793 2488 2991 2558 ﬁdem,
3015 2503 3195 2559 quam
3221 2486 3376 2544 beati
3406 2487 3698 2542 Patresno-

2077 2577 2179 2632 stri
2212 2577 2284 2632 ab
2315 2575 2596 2648 apostolis
2626 2575 2738 2632 sibi
2791 2575 3064 2632 traditam
3097 2575 3568 2650 praedicaverunt,
3597 2589 3701 2628 non

2079 2663 2384 2738 patiamini
2407 2665 2576 2738 quasi
2598 2664 2836 2720 dubiam
2868 2666 3196 2734 retractari,
3223 2670 3282 2721 et
3301 2683 3430 2738 quae
3451 2662 3581 2720 olim
3601 2677 3704 2718 ma-

2070 2755 2271 2826 jorum
2328 2758 2466 2810 sunt
2521 2753 2866 2810 auctoritate
2913 2755 3214 2823 damnata,
3251 2752 3516 2811 redivivis
3565 2763 3720 2808 nunc'

2080 2860 2196 2900 non
2234 2842 2585 2916 permittatis
2616 2843 2924 2900 conatibus
2952 2843 3194 2900 excitari
3241 2843 3505 2915 illudque
3533 2840 3708 2914 potius

2070 2932 2350 3004 jubeatis,
2373 2937 2439 2988 ut
2469 2932 2712 3004 antiqua
2753 2932 2996 2988 Nicante
3030 2932 3254 3006 synodi
3286 2932 3614 3000 constituta,
3635 2942 3708 2983 re-

2079 3026 2240 3078 mota
2257 3021 2661 3077 haereticorum
2682 3020 3179 3094 interpretatione,
3210 3017 3712 3096 permaneant.»Et
3733 3040 3738 3050 -

2077 3110 2218 3166 item
2262 3111 2331 3168 ad
2390 3111 2634 3166 Leonem
2681 3111 3014 3183 Augustum
3046 3110 3190 3184 (Leo,
3225 3113 3387 3184 epist.
3421 3110 3510 3180 84)
3539 3105 3712 3163 dicit:

315 3204 382 3256 ut
411 3203 498 3256 est
527 3199 872 3256 naturaliter
900 3217 1038 3268 una,
1072 3200 1213 3272 quia
1255 3200 1410 3254 sicut
1447 3200 1601 3255 Deus
1650 3199 1864 3255 electos
1894 3200 1967 3255 ad
1997 3187 2040 3254 C
2075 3221 2103 3248 «
2137 3199 2482 3268 Prmnoscat,
2507 3198 2804 3272 inquiens,
2827 3199 3014 3272 pietas
3042 3203 3148 3254 tua
3170 3197 3528 3256 venerabilis
3556 3196 3718 3268 impe-

316 3304 564 3359 regnum
595 3292 897 3355 aeternum,
931 3288 1012 3343 ita
1058 3289 1335 3360 reprobos
1376 3281 1447 3342 ad
1489 3287 1787 3343 interitum
1821 3305 1966 3359 prae-

315 3373 630 3430 destinavit
675 3378 983 3442 zetcrnum,
1015 3380 1217 3430 etnon
1267 3375 1392 3430 vult
1439 3393 1644 3431 omnes
1697 3375 1968 3432 homines

315 3461 507 3518 salvos
536 3462 684 3529 ﬁeri,
717 3462 830 3518 nisi
883 3467 1111 3518 tantum
1147 3480 1246 3520 eos
1276 3463 1375 3536 qui
1417 3462 1732 3533 salvantur,
1765 3467 1821 3519 et
1849 3481 1963 3520 non

314 3555 405 3608 est
433 3568 646 3624 passus
679 3552 792 3608 nisi
832 3553 1242 3608 tantummodo
1283 3569 1386 3626 pro
1426 3551 1645 3618 electis,
1669 3556 1726 3608 et
1765 3551 1965 3608 nullus

315 3641 385 3696 de
416 3639 488 3697 iis
517 3641 720 3713 periet,
743 3659 846 3714 pro
877 3641 1093 3714 quibus
1123 3641 1292 3698 fusus
1335 3644 1425 3698 est
1453 3641 1696 3714 sanguis
1725 3641 1961 3711 Christi,

313 3745 484 3785 nemo
507 3729 699 3786 ﬁdelis
716 3748 781 3786 ac
803 3731 1036 3786 sobrius
1055 3747 1292 3786 sensum
1315 3731 1483 3786 debet
1501 3731 1961 3802 accommodare,

313 3819 632 3890 praesertim
663 3835 798 3874 cum
830 3819 1117 3875 Dominus
1158 3819 1292 3875 hinc
1321 3820 1494 3876 verbo
1524 3824 1580 3873 et
1611 3819 1871 3892 exemplo
1902 3821 1962 3875 in

312 3907 724 3978 congressione
745 3911 947 3962 contra
973 3908 1294 3978 diabolum,
1320 3907 1528 3963 dixerit
1552 3925 1562 3964 :
1587 3909 1700 3964 Non
1733 3909 1963 3965 tentabis

309 3995 602 4050 Dominum
629 3998 799 4052 Deum
830 4004 984 4051 tuum
1014 3997 1218 4066 (Matth.
1252 4015 1328 4066 ιν,
1360 3998 1438 4070 7),
1473 3997 1573 4069 qui
1608 4001 1673 4052 ut
1701 3997 1962 4070 omnipo-

309 4086 438 4138 tens
480 4099 650 4157 agere
695 4089 920 4156 poterat
951 4087 1104 4157 quod
1137 4085 1407 4142 diabolus
1456 4085 1870 4158 postulaverat,
1903 4091 1961 4142 et

309 4171 419 4228 iste
448 4173 690 4246 implere
721 4191 836 4230 non
883 4175 1071 4246 possit
1102 4175 1255 4246 quod
1291 4175 1434 4230 falso
1475 4180 1532 4231 et
1572 4175 1959 4231 inverecunde

308 4262 618 4336 conﬁngit;
643 4263 744 4319 sed
777 4262 1092 4336 apostolico
1113 4264 1234 4318 zelo
1257 4281 1597 4332 succensus,
1623 4269 1826 4320 contra
1849 4263 1958 4320 hu-

297 4350 560 4422 jusmodi
597 4351 925 4408 mortiferas
971 4351 1399 4424 suggestioncs,
1431 4353 1590 4408 velut
1629 4353 1956 4408 antidotum

306 4439 540 4496 salubre
588 4441 760 4497 debet
805 4443 976 4496 corde
1007 4446 1064 4496 et
1107 4458 1203 4496 ore
1235 4444 1490 4514 proferre
1519 4459 1532 4498 :
1559 4441 1618 4497 Si
1662 4442 1815 4513 quis,
1867 4442 1956 4498 in-

2077 3291 2254 3354 rator,
2267 3286 2376 3343 hos
2389 3304 2536 3360 quos
2555 3287 2813 3360 spondeo
2829 3286 3317 3360 dirigendos,non
3336 3288 3408 3344 ad
3425 3284 3717 3356 conﬂigen-

2075 3375 2218 3431 dum
2243 3392 2378 3431 cum
2424 3375 2695 3432 hostibus
2726 3375 2884 3443 ﬁdei,
2909 3391 3016 3432 nec
3047 3393 3113 3432 ac
3153 3377 3508 3432 certandum
3537 3375 3742 3429 contra:

2075 3463 2228 3534 illos,
2255 3481 2288 3519 a
2317 3465 2454 3520 sede
2487 3463 2808 3538 apostolica
2830 3465 3193 3538 profecturos
3221 3483 3234 3520 :
3261 3464 3366 3538 qui
3389 3465 3460 3519 de
3493 3462 3655 3518 rebus
3674 3462 3723 3514 et

2077 3554 2232 3626 apud
2266 3553 2518 3610 Nicaeam
2551 3558 2609 3608 et
2635 3554 2786 3626 apud
2809 3553 3267 3624 Chalcedonam,
3291 3553 3450 3610 sicut
3479 3551 3590 3608 Deo
3619 3546 3726 3623 pla-

2074 3642 2216 3712 cuit,
2249 3642 2541 3712 difﬁnitis,
2577 3641 2807 3698 nullum
2855 3641 3004 3698 inire
3045 3642 3345 3699 audemus
3403 3643 3722 3703 tractatum,

2074 3735 2357 3804 tanquam
2391 3730 2571 3786 dubia
2587 3729 2674 3786 vel
2704 3729 2940 3786 inﬁrma
2971 3729 3108 3798 sint,
3129 3747 3261 3802 qua:
3295 3734 3468 3787 tanta
3497 3744 3597 3802 per
3611 3723 3724 3799 Spi-

2073 3819 2252 3875 ritum
2283 3823 2551 3875 sanctum
2589 3819 2714 3874 ﬁxit
2743 3819 3082 3875 auctoritas.
3119 3818 3514 3876 lnstructioni
3545 3820 3724 3872 autem

2071 3907 2446 3980 parvulorum
2479 3911 2836 3974 nostrorum,
2867 3908 2968 3980 qui
3001 3912 3134 3980 post
3177 3907 3356 3964 lactis
3398 3903 3724 3964 alimoniam

2071 3997 2200 4052 cibo
2231 3996 2566 4053 desiderant
2612 3996 2884 4054 solidiore
2933 3995 3156 4063 satiari,
3191 3995 3520 4054 ministerii
3554 3990 3725 4049 nostri

2071 4085 2409 4158 praesidium
2441 4103 2556 4141 non
2587 4101 2896 4159 negamus,
2916 4089 2973 4141 ct
3003 4085 3156 4142 sicut
3189 4085 3590 4159 simpliciores
3619 4095 3724 4136 non

2069 4175 2425 4246 spernimus,
2460 4175 2540 4230 ita
2569 4191 2604 4230 a
2631 4173 2948 4230 rebellibus
2996 4173 3291 4230 haereticis
3346 4173 3726 4238 abstinemus,

2069 4279 2359 4318 memores
2381 4263 2649 4336 praecepti
2675 4261 2961 4318 Dominici
2983 4261 3232 4320 dicentis
3253 4279 3268 4318 :
3289 4263 3478 4320 Nolite
3493 4268 3728 4318 sanctum

2067 4353 2198 4408 dare
2225 4353 2476 4418 canibus,
2499 4369 2672 4426 neque
2711 4353 2977 4410 miseritis
3004 4354 3352 4422 margaritas
3382 4360 3594 4409 vostras
3619 4355 3763 4405 (μηδ’

2061 4457 2250 4513 porcos
2283 4441 2486 4513 (Matth.
2519 4459 2620 4508 vn,
2651 4441 2726 4514 6).
2761 4441 2949 4497 Nimis
2997 4439 3215 4514 quippe
3267 4441 3613 4514 indignum,
3643 4437 3730 4493 ni-

305 4528 534 4600 quicns,
557 4528 726 4584 aliter
753 4529 1230 4602 evangelizavcrit
1261 4535 1472 4602 praeter
1502 4531 1556 4586 id
1590 4531 1745 4602 quod
1778 4547 1954 4586 evan--
1986 4557 2033 4624 Ι)
2067 4531 2298 4603 misque
2327 4531 2617 4602 injustum
2657 4535 2765 4597 est,
2797 4547 2896 4586 eos
2945 4530 3016 4586 ad
3065 4529 3414 4588 libertatem
3449 4530 3730 4602 discepta-

303 4615 612 4687 gelizatum
630 4620 718 4672 est
733 4635 766 4672 a
784 4623 984 4673 sancto
1003 4618 1221 4692 Spiritu
1239 4636 1342 4691 per
1359 4637 1459 4674 ora
1480 4619 1953 4692 supradictorum

304 4705 610 4760 doctorum
641 4709 695 4760 ct
726 4710 1060 4762 sanctorum
1087 4707 1494 4780 epise0p0rum
1527 4709 1586 4764 in
1618 4727 1718 4764 sex
1747 4710 1950 4781 praefa-

299 4792 377 4848 tis
399 4793 682 4859 conciliis,
698 4795 768 4849 de
794 4795 1018 4850 unitate
1041 4795 1294 4864 deitatis,
1311 4815 1437 4868 quze
1459 4803 1547 4853 est
1574 4799 1771 4854 unitas
1791 4799 1955 4854 trini-

301 4881 462 4952 tatis,
485 4882 632 4938 etde
654 4882 929 4940 omnibus
949 4883 1224 4956 capitulis
1255 4886 1326 4941 ad
1359 4887 1740 4942 orthodoxam
1776 4889 1949 4944 ﬁdem

299 4970 629 5043 specialiter
648 4971 1230 5044 1.)ertinentibus,quae
1253 4974 1542 5032 catholica
1557 4980 1612 5030 et
1633 4976 1951 5046 apostolica

297 5059 575 5132 praedicat
604 5065 661 5116 et
690 5064 848 5125 tenet
875 5060 1151 5129 Ecclesia,
1183 5062 1496 5118 anathema
1535 5064 1630 5120 sit.
1654 5064 1724 5119 Et
1756 5065 1826 5120 de
1857 5065 1948 5122 his

295 5165 423 5220 quae
440 5150 764 5206 secundum
784 5148 1080 5205 tramitem
1095 5150 1216 5206 Scri
1224 5155 1326 5223 ptu
1337 5169 1532 5207 rarum
1552 5152 1949 5209 traditionem-

294 5255 406 5309 que
437 5241 729 5311 majorum
763 5239 1018 5295 difﬁnita
1055 5245 1212 5307 sunt,
1241 5245 1444 5296 contra
1476 5240 1944 5313 Gothescalcum,

289 5326 378 5382 vel
413 5333 618 5384 contra
647 5345 1058 5400 quemcunque
1089 5328 1292 5396 alium,
1319 5329 1378 5382 in
1401 5345 1812 5402 quamcunque
1834 5331 1947 5392 dis.

290 5416 652 5485 putationem
711 5417 931 5474 intrare
989 5435 1159 5473 nemo
1206 5405 1380 5472 debet
1433 5435 1807 5492 praesumere,
1841 5423 1942 5478 sed

290 5503 626 5574 damnatus,
659 5511 725 5562 ut
754 5507 956 5580 spuria
977 5505 1321 5562 vitulamina
1343 5506 1402 5560 in
1426 5506 1552 5579 ipsa
1572 5508 1768 5563 radice
1788 5527 1944 5566 ama-

2066 4620 2244 4676 tionis
2275 4619 2530 4687 admitti,
2559 4637 2708 4692 quos
2740 4619 3034 4694 signiﬁcat
3063 4617 3327 4692 Spiritus
3359 4624 3610 4677 sanctus
3637 4633 3733 4690 per

2063 4709 2414 4781 Prophetam
2431 4709 2652 4776 dicens,
2667 4710 2800 4765 Filii
2817 4709 2992 4766 alieni
3008 4711 3228 4764 mentiti
3247 4717 3388 4766 sunt
3406 4709 3556 4765 mihi
3567 4706 3728 4780 (Ρδαι,

2060 4815 2197 4866 xvn,
2221 4800 2332 4869 46).
2353 4797 2458 4864 Qui
2487 4799 2662 4854 etiam
2695 4797 2744 4853 si
2777 4796 3080 4872 Evangelis
3113 4815 3225 4854 non
3263 4799 3642 4865 resisterent,
3665 4795 3730 4850 de

2061 4887 2178 4943 illis
2201 4893 2394 4943 tamen
2420 4903 2482 4942 se
2503 4903 2632 4943 esse
2654 4890 3067 4954 monstrarent,
3092 4886 3164 4941 de
3186 4886 3422 4959 quibus
3445 4887 3731 4959 scriptum

2059 4981 2184 5034 est:
2215 4982 2387 5034 Deum
2413 4993 2471 5032 se
2492 4978 2818 5048 proﬁtentur
2844 4977 3005 5044 scire,
3031 4977 3194 5047 [aclis
3222 4984 3421 5031 autem
3449 4981 3680 5048 negant.
3705 4991 3732 5020 »

2057 5067 2126 5121 Et
2157 5066 2296 5122 item
2331 5067 2402 5122 ad
2441 5066 2712 5121 eumdem
2750 5066 3081 5138 Augustum
3122 5063 3268 5120 dicit
3303 5081 3376 5120 :u
3406 5066 3550 5132 Quae
3585 5064 3736 5136 pate-

2060 5153 2212 5208 facta
2241 5158 2382 5209 sunt
2425 5168 2700 5224 quaerere,
2725 5169 2852 5224 quae
2885 5151 3142 5224 perfecta
3185 5155 3338 5206 sunt
3389 5155 3730 5217 retractare,

2057 5245 2114 5298 et
2157 5259 2285 5314 quae
2345 5246 2483 5297 sunt
2530 5241 2782 5297 ditiinita
2829 5240 3170 5310 convellere,
3203 5239 3358 5312 quid
3421 5240 3593 5297 aliud
3649 5239 3735 5296 est

2057 5349 2233 5404 quam
2266 5331 2337 5386 de
2367 5330 2594 5402 adeptis
2635 5329 2882 5402 gratiam
2913 5347 3030 5386 non
3079 5329 3320 5398 referre,
3349 5333 3414 5386 et
3445 5330 3520 5385 ad
3555 5328 3734 5384 inter-

2053 5421 2218 5476 dicta:
2249 5420 2476 5476 arboris
2505 5419 2704 5476 cibum
2735 5419 3034 5492 improbos
3063 5417 3372 5492 appetitus
3407 5417 3732 5474 mortiferae

2049 5508 2390 5583 cupiditatis
2419 5507 2763 5564 extendere?
2786 5530 2815 5558 ››
2837 5509 3052 5564 Beatus
3083 5521 3328 5582 quoque
3367 5504 3736 5564 Ambrosius

290 5589 588 5665 ritudinis,
613 5596 768 5654 484
796 5595 883 5654 vel
915 5595 1137 5667 exsilio,
1160 5594 1249 5653 vel
1281 5594 1596 5671 ergastulo,
1633 5603 1940 5673 separatus
2047 5599 2108 5658 in
2140 5597 2289 5657 libro
2310 5597 2502 5674 primo
2522 5597 2592 5655 de
2613 5597 2751 5657 Fide
2768 5597 2842 5657 ad
2861 5597 3228 5668 Gratianum,
3261 5595 3736 5673 imperatorem;
3764 5617 3772 5622 '
