3962 6178
297 328 431 394 497

1348 328 1448 389 DE
1495 327 1655 391 UNA
1698 327 1798 390 ET
1843 326 2000 389 NON
2045 327 2286 391 TRINA
2331 329 2696 394 DEITATE.

3566 401 3583 414 ,
3610 338 3730 401 498

305 460 465 522 485
488 464 546 518 et
568 463 810 518 sanctus
828 459 1198 535 Augustinus
1227 460 1286 517 in
1317 459 1466 518 libro
1489 465 1690 518 contra
1711 460 1969 534 quinque
2001 462 2053 529 Α
2080 467 2138 518 et
2167 463 2398 520 decreto
2431 482 2676 522 numero
2697 465 3104 540 episcoporum
3135 469 3193 525 in
3217 487 3396 528 causa
3416 473 3571 530 486
3596 489 3731 546 pre-

309 551 571 610 hostium
613 568 851 626 genera,
905 555 963 608 et
1011 551 1237 625 Agatho
1287 569 1459 625 papa,
1493 568 1560 607 ac
1609 551 1974 623 Sophronius

284 640 850 715 Hierosolymorum
885 640 1216 714 episcOpns,
1237 640 1508 696 similiter
1529 641 1868 708 sentientes,
1895 645 1976 696 at“

306 747 419 804 que
436 729 677 786 l’roclus
691 728 1378 801 Constantinopolitanae
1393 728 1707 802 episcopus
1730 728 1931 785 dicens
1953 750 1966 788 :

308 818 627 893 Fugiamus
673 817 1048 876 turbulentos
1077 823 1135 874 et
1181 835 1446 874 cmnosos
1497 818 1748 874 fallaciae
1796 819 1968 892 rivos,

297 913 499 966 sectas
529 913 714 964 Deum
745 908 1184 980 impugnantes,
1201 907 1320 962 Arii
1353 907 1482 963 dico
1517 907 1796 975 furorem,
1825 909 1968 963 divi-

305 997 536 1054 dentem
586 997 950 1054 individuam
986 997 1344 1054 Trinitatem
1399 995 1457 1051 in
1493 997 1696 1069 quinta
1747 998 1968 1070 synodo

305 1087 646 1153 scribentes,
670 1091 726 1144 et
755 1090 1000 1142 sanctus
1030 1085 1484 1142 Athanasius‘in
1515 1085 1681 1142 libris
1712 1085 1836 1141 suis
1867 1087 1966 1140 de-

311 1181 601 1234 monstrat
638 1175 760 1232 haac
808 1193 936 1248 quas
972 1175 1391 1232 Gothescalcus
1442 1175 1666 1250 didicit,
1700 1173 1968 1231 videlicet

305 1265 444 1340 quia
477 1265 636 1322 sicut
663 1265 820 1320 Deus
863 1263 1249 1338 personaliter
1284 1269 1374 1320 est
1421 1264 1632 1330 trinus,
1665 1264 1748 1320 sic
1777 1264 1967 1320 deitas

299 1353 687 1428 personaliter
715 1357 806 1411 est
833 1353 1008 1422 trina,
1041 1354 1301 1410 sensisse
1333 1354 1639 1426 praefatum
1671 1352 1874 1408 Arium
1909 1357 1967 1410 et

299 1441 616 1518 complices
644 1444 776 1515 ejus
805 1441 866 1498 in
905 1459 1074 1499 sacra
1101 1442 1335 1499 Nicaena
1367 1443 1586 1514 synodo
1617 1443 1967 1497 condemna-

299 1536 422 1589 tos:
449 1549 604 1605 quos
623 1549 759 1589 cum
781 1532 1058 1588 omnibus
1079 1532 1178 1604 qui
1203 1535 1405 1587 contra
1426 1529 1762 1603 symbolum
1789 1530 1961 1587 Nicae-

289 1638 440 1682 aum
471 1621 693 1678 sentire
721 1625 1108 1694 praesumunt,
1133 1620 1333 1676 omnia
1377 1619 1624 1676 concilia
1669 1619 1962 1676 catholica

301 1711 739 1768 damnaverunt
761 1714 819 1767 et
839 1711 1144 1766 damnant.
1165 1711 1329 1766 Unde
1351 1710 1410 1766 S.
1427 1709 1694 1766 Gelasius
1719 1710 1792 1766 ad
1824 1709 1960 1765 uni-

297 1817 493 1860 versos
513 1799 826 1874 episcopos
853 1816 960 1873 per
997 1799 1358 1900 Darnaniam
1397 1798 1750 1898 canstitutos
1781 1798 1958 1900 ςειρξῖςιἶ
1991 1835 2038 1900 Β

281 1891 382 1958 ,11,
415 1891 476 1946 in
521 1891 850 1962 principio),
877 1913 905 1941 «
932 1889 1151 1958 Patres,
1195 1887 1410 1961 inquit,
1454 1886 1640 1943 nostri
1688 1886 1959 1944 catholici

298 1977 568 2036 videlicet
597 1979 872 2052 doctique
911 1978 1220 2051 pontiﬁces
1251 1977 1314 2033 in
1348 1993 1705 2048 unaquaque
1753 1975 1960 2032 bzsresi

293 2067 563 2141 quolibet
589 2071 852 2141 tempore
883 2065 1188 2135 suscitata,
1213 2064 1502 2139 quidquid
1551 2082 1656 2137 pro
1685 2065 1823 2135 ﬁde,
1854 2080 1958 2136 pro

297 2155 555 2224 veritate,
581 2173 687 2230 pro
721 2155 1135 2212 communione
1175 2155 1465 2211 catholica
1503 2158 1680 2227 atque
1727 2156 1958 2227 aposto-

299 2243 422 2314 lica,
444 2246 779 2302 secundum
799 2243 1236 2317 Scripturarum
1259 2243 1580 2311 tramitem,
1602 2242 1958 2316 praedicatio-

299 2351 552 2408 nemque
572 2335 891 2407 majorum,
911 2333 1067 2390 facta
1086 2333 1266 2389 semel
1292 2331 1738 2406 congregatione
1759 2351 1958 2390 sanxe-

295 2428 435 2482 runt
467 2422 897 2480 'inconvulsum
928 2421 1240 2478 voluerunt
1274 2421 1548 2493 deinceps
1600 2422 1956 2494 ﬁrmumque

299 2517 590 2584 constare,
607 2529 716 2569 nec
736 2512 797 2568 in
819 2511 929 2570 hac
947 2511 1151 2568 eadem
1169 2527 1346 2569 causa
1368 2509 1558 2568 denuo
1575 2527 1703 2582 qua:
1724 2511 1960 2583 praeﬁxa

303 2603 537 2660 fuerant
587 2603 890 2660 retractari
933 2601 1196 2674 qualibet
1239 2601 1456 2658 recenti
1501 2599 1957 2672 praesumptione

309 2692 722 2765 permiserunt,
765 2691 1196 2764 sapientissime
1250 2690 1638 2762 pervidentes,
1677 2689 1955 2762 quoniam

309 2780 357 2838 si
383 2782 621 2838 decreta
647 2781 962 2838 salubriter
992 2779 1204 2854 cuique
1231 2779 1431 2836 liceret
1469 2778 1700 2847 iterare,
1725 2779 1954 2836 nullum

310 2875 508 2928 contra
533 2869 803 2943 singulos
818 2886 1084 2942 quosque
1105 2885 1347 2940 prorsus
1364 2885 1588 2925 errores
1609 2867 1816 2925 stabile
1831 2885 1961 2941 per-

305 2958 538 3017 sisteret
555 2957 828 3016 Ecclesia
861 2957 1270 3024 constitutum,
1286 2973 1352 3014 ac
1374 2973 1606 3030 semper
1633 2957 1842 3014 iisdem
1865 2958 1954 3014 fu-

307 3047 536 3106 roribus
557 3047 828 3104 recidivis
843 3046 1037 3104 omnis
1058 3047 1286 3120 integra
1303 3045 1577 3102 difﬁnitio
1597 3047 1952 3104 turbaretur.

307 3137 449 3194 Nam
479 3136 532 3194 si
559 3135 854 3192 limitibus
883 3135 1060 3192 etiam
1106 3135 1359 3209 praeﬁxis
1399 3135 1724 3208 positarum
1776 3135 1954 3194 semel

305 3225 678 3300 synodalium
723 3224 1084 3298 regularum,
1115 3241 1232 3281 non
1277 3229 1512 3281 cessant
1559 3224 1715 3281 elisae
1762 3230 1956 3297 pestes

305 3315 626 3388 resumptis
655 3314 1076 3372 certaminibus
1105 3319 1306 3371 centra
1345 3315 1796 3370 fundamentum
1828 3329 1956 3372 sese

303 3402 567 3462 veritatis
597 3403 881 3471 attollere,
905 3408 962 3460 et
997 3402 1292 3476 simplicia
1321 3419 1566 3475 quaeque
1607 3404 1784 3460 corda
1825 3421 1954 3476 per-

301 3491 672 3564 cutere,quid
695 3492 861 3548 ﬁeret
888 3491 937 3548 si
963 3491 1213 3548 subinde
1243 3491 1333 3548 fas
1360 3497 1514 3548 esset
1543 3491 1780 3564 perﬁdis
1808 3491 1956 3549 inire

303 3579 659 3640 concilium?
677 3597 812 3638 cum
834 3580 1161 3656 quamlibet
1179 3580 1282 3636 illa
1309 3580 1622 3636 manifesta
1642 3579 1719 3636 sit
1745 3580 1954 3636 verita-

303 3670 736 3744 tis,snunquam
769 3669 918 3726 desit
936 3669 1093 3742 quod
1123 3667 1450 3742 perniciosa
1469 3669 1774 3742 depromat
1803 3669 1957 3726 falsi-

302 3762 418 3828 tas,
436 3764 492 3816 et
511 3757 560 3816 si
583 3759 810 3816 ratione
829 3759 917 3814 vel
937 3757 1282 3816 auctoritate
1303 3758 1597 3826 deﬁciens,
1613 3757 1739 3814 sola
1759 3762 1954 3814 tamen

297 3847 632 3904 intentione
669 3863 787 3903 non
818 3848 1050 3904 cedens.
1084 3849 1218 3913 Quae
1259 3847 1509 3918 majores
1540 3847 1722 3903 nostri
1761 3845 1958 3903 divina

300 3935 693 4009 inspiratione
735 3939 1059 4002 cernentes,
1082 3934 1412 3991 necessario
1452 3938 1864 4006 proecaverunt,
1890 3940 1957 3991 ut

297 4025 465 4096 quod
491 4027 626 4080 acta
651 4023 833 4080 semel
865 4025 1124 4096 synodus
1151 4041 1256 4096 pro
1278 4023 1411 4078 ﬁdei
1442 4024 1876 4091 communione,
1901 4028 1959 4080 et

297 4113 546 4170 veritate
555 4111 846 4170 catholica
857 4117 1035 4184 atque
1049 4110 1370 4185 apostolica
1382 4111 1832 4185 promulgasset,
1841 4129 1956 4168 non

299 4201 564 4258 sinerent
592 4205 728 4276 post
767 4200 890 4256 haec
928 4201 1094 4257 novis
1131 4201 1644 4258 retractationibus
1673 4201 1954 4272 mutilari,

299 4307 373 4351 ne
389 4290 590 4364 pravis
613 4289 842 4347 occasio
873 4290 1231 4362 praeberetur
1247 4307 1376 4362 quae
1399 4289 1824 4352 medicinaliter
1842 4292 1959 4348 fue-

297 4385 436 4436 mnt
469 4384 692 4437 statuta
723 4378 999 4453 pulsandi
1025 4397 1038 4435 :
1063 4380 1166 4437 sed
1199 4385 1434 4436 auctore
1462 4379 1777 4452 cujuslibet
1807 4381 1960 4438 insa-

298 4469 412 4528 niae
445 4487 512 4525 ac
538 4469 761 4542 pariter
791 4484 981 4525 errore
1001 4469 1280 4524 damnato
1301 4469 1570 4526 sufﬁcere
1589 4469 1955 4542 judicarunt,

2085 553 2302 626 sbyteri
2329 554 2415 610 vel
2456 555 2705 623 diaconi,
2730 573 2925 612 verum
2958 562 3014 613 et
3043 559 3089 613 si
3126 577 3226 631 pro
3276 561 3588 618 manifesta
3615 562 3732 618 hce-

2085 643 2198 698 resi
2229 662 2261 699 a
2292 643 2414 700 solo
2447 663 2554 700 suo
2583 645 2858 717 episcopo
2889 647 3099 702 fuisset
3130 647 3462 718 damnatus,
3493 667 3607 706 non
3641 651 3733 706 de-

2084 732 2245 787 beret
2267 733 2336 788 de
2366 750 2432 790 eo
2467 735 2721 789 refricari
2754 734 3070 805 judicium,
3103 735 3255 790 sicut
3285 737 3549 792 Gelasius
3581 756 3731 810 papa

2081 820 2140 875 in
2163 821 2621 879 Commonitorio
2644 824 2854 878 Fausto
2878 823 3157 894 [magistro
3180 824 3434 880 militum
3453 826 3731 882 Constan-

2081 910 2392 982 tinopolim
2414 911 2676 984 fungenti
2703 913 2892 968 ofﬁcio
2917 912 3223 984 legationis
3243 913 3731 986 (lelegato,osten-

2079 1001 2225 1056 dens
2255 1001 2678 1058 rationabiliter
2700 1021 2733 1056 a
2756 1002 2942 1058 Felice
2973 1021 3122 1075 papa
3142 1004 3416 1060 Acacium
3439 1005 3727 1062 Constan-

2077 1088 2530 1161 tinopolitanum
2561 1092 2901 1162 episcopum
2945 1092 3123 1147 fuisse
3163 1094 3507 1150 damnatum
3538 1094 3678 1150 dicit
3708 1112 3721 1150 :

2076 1201 2104 1228 «
2131 1179 2524 1246 Decessorem,
2551 1181 2842 1252 inquiens,
2877 1198 3075 1236 meum
3116 1187 3511 1238 exsecutorem
3547 1183 3728 1241 fuisse

2073 1268 2283 1323 veteris
2299 1269 2622 1336 constituti,
2641 1285 2755 1324 non
2776 1287 2932 1326 nova:
2949 1271 3387 1328 constitutionis
3403 1277 3722 1342 auctorem,

2073 1357 2231 1428 quod
2263 1374 2377 1412 non
2405 1357 2596 1412 solum
2625 1358 2865 1430 prmsuli
2889 1359 3207 1431 apostolico
3229 1361 3414 1417 facere
3443 1361 3594 1432 licet,
3621 1364 3723 1418 sed

2071 1450 2130 1501 et
2159 1445 2491 1517 cuicunque
2522 1447 2804 1518 pontiﬁci.
2829 1469 2856 1498 »
2884 1449 2950 1503 Et
2979 1449 3320 1519 hujusmodi
3349 1456 3726 1524 praesumpto-

2071 1551 2184 1600 res,
2224 1539 2292 1590 ut
2346 1534 2644 1590 Nicaanum
2694 1535 2836 1592 dicit
2885 1537 3219 1603 concilium,
3269 1539 3725 1597 anathematizat

2069 1623 2359 1680 catholica
2379 1628 2437 1679 et
2467 1624 2786 1696 apostolica
2805 1625 3080 1682 Ecclesia.
3108 1629 3176 1683 Et
3196 1628 3722 1702 Constantinopoli-

2069 1717 2274 1769 tanum
2323 1713 2660 1781 concilium,
2697 1715 2872 1770 ﬁdem
2933 1735 3047 1771 non
3098 1717 3429 1773 violandam
3480 1719 3716 1774 Patrum

2067 1805 2460 1858 trecentorum
2491 1803 2690 1858 decem
2721 1807 2778 1859 et
2807 1807 2956 1871 octo,
2989 1805 3089 1877 qui
3133 1807 3288 1877 apud
3336 1808 3587 1863 Nicaeam
3620 1807 3716 1863 Bis

2069 1889 2282 1963 thyniae
2315 1896 2723 1960 convenerant,
2749 1896 2806 1948 et
2835 1909 3070 1958 manere
3101 1911 3228 1949 eam
3261 1896 3492 1950 ﬁrmam
3515 1901 3573 1951 et
3593 1899 3716 1952 sta-

2068 1979 2266 2049 bilem,
2299 1985 2358 2036 et
2399 1981 3009 2038 anathematizandam
3044 1999 3278 2037 omnem
3327 1983 3614 2038 haeresim.
3647 1985 3719 2040 Et

2069 2085 2302 2126 sacrum
2341 2069 2810 2127 Chalcedonense
2849 2070 3164 2128 concilium
3205 2070 3520 2142 (concilium
3549 2072 3715 2128 Chal-

2066 2158 2203 2224 ced.,
2230 2160 2440 2214 actione
2465 2159 2520 2224 5,
2551 2159 2651 2214 sub
2679 2159 2808 2228 ﬁne)
2833 2175 2881 2214 :«
2916 2159 3134 2216 Statuit
3165 2163 3366 2215 sancta
3399 2164 3456 2215 et
3486 2159 3714 2216 univer-

2067 2245 2208 2304 salis
2229 2248 2488 2320 synodus
2517 2247 2760 2302 alteram
2783 2248 2956 2303 ﬁdcm
2982 2247 3125 2303 nulli
3150 2248 3322 2304 licere
3347 2248 3714 2321 proferre,vel

2066 2336 2452 2408 conscribere,
2474 2339 2577 2392 aut
2605 2353 2972 2408 componere,
2997 2342 3098 2392 aut
3126 2338 3362 2404 sentire,
3387 2342 3491 2394 aut
3511 2339 3716 2394 docere

2066 2425 2236 2482 aliter
2275 2442 2375 2481 eos
2422 2429 2618 2480 autem
2649 2425 2750 2498 qui
2799 2427 2927 2481 ausi
2977 2426 3096 2480 sint
3144 2443 3489 2498 componere
3537 2427 3712 2482 ﬁdem

2067 2515 2333 2579 alteram,
2355 2518 2455 2569 aut
2485 2515 2763 2586 proferre,
2791 2520 2893 2569 aut
2923 2515 3148 2579 docere,
3182 2520 3284 2570 aut
3315 2516 3542 2570 tradere
3569 2515 3711 2570 alte-

2067 2619 2197 2657 rum
2233 2601 2564 2674 symbolum
2593 2601 2809 2658 volenti
2843 2601 2930 2657 vel
2961 2603 3237 2674 converti,
3259 2603 3347 2658 vel
3378 2621 3446 2658 ex
3475 2601 3711 2678 gentili-

2065 2691 2178 2746 bus
2209 2691 2278 2746 ad
2303 2689 2694 2763 cognitionem
2727 2689 2989 2747 veritatis
3019 2692 3232 2758 venire,
3255 2691 3343 2750 vel
3373 2710 3442 2749 ex
3467 2693 3708 2760 Judaais,

2063 2779 2152 2837 vel
2185 2779 2389 2835 haeresi
2429 2795 2801 2851 quacunque,
2823 2796 2942 2847 eos,
2977 2779 3024 2834 si
3056 2780 3315 2854 episcOpi
3363 2781 3580 2837 fuerint
3609 2786 3713 2838 aut

2065 2869 2280 2939 clerici,
2305 2868 2526 2925 alienos
2556 2885 2685 2925 esse
2703 2868 3008 2940 episcopos
3037 2869 3110 2924 ab
3141 2869 3482 2941 episcopatu
3511 2875 3568 2926 et
3595 2870 3708 2926 cle-

2064 2959 2216 3015 ricos
2237 2977 2271 3014 a
2290 2958 2463 3025 clero,
2482 2957 2532 3014 si
2551 2975 2686 3014 vero
2717 2957 2990 3013 monachi
3011 2961 3114 3013 aut
3140 2956 3274 3014 laici
3307 2957 3544 3025 fuerint,
3563 2976 3710 3016 ana-

2064 3047 2486 3104 thematizari.»
2511 3049 2581 3104 Et
2600 3047 2722 3102 haec
2743 3047 2944 3102 omnia
2960 3051 3246 3104 venerunt
3268 3063 3444 3118 super
3463 3047 3709 3104 Gothes-
3769 3039 3788 3049 ’

2063 3137 2208 3194 calci
2229 3141 2427 3210 caput,
2451 3140 2508 3192 et
2527 3153 2636 3200 nec,
2657 3135 2740 3192 sic
2765 3139 2854 3192 est
2883 3137 2954 3191 ad
2986 3153 3049 3192 se
3073 3135 3492 3208 percutientem
3523 3152 3710 3192 rever-

2063 3243 2186 3282 sus.
2211 3225 2362 3282 Bene
2412 3224 2626 3280 facient
2671 3223 2852 3296 igitur
2879 3224 3239 3280 venerabiles
3273 3225 3480 3282 fratres
3527 3225 3712 3282 nostri

2065 3313 2337 3370 monachi
2355 3313 2462 3368 viri
2494 3313 2773 3385 religiosi,
2797 3312 2846 3368 si
2879 3313 2960 3369 ita
2981 3317 3046 3369 ut
3065 3313 3348 3386 scriptum
3379 3313 3631 3370 habetur
3650 3315 3711 3372 in

2063 3404 2218 3460 beati
2243 3403 2536 3458 Benedicti
2569 3401 2789 3476 regula,
2815 3420 2992 3475 quam
3011 3404 3398 3474 jurejurando
3429 3421 3492 3460 se
3521 3405 3714 3461 obser-

2061 3497 2301 3548 vaturos
2359 3491 2605 3564 professi
2663 3496 2824 3557 sunt,
2869 3490 3261 3547 obedientiam
3319 3493 3712 3564 dependentes

2061 3579 2251 3636 eidem
2299 3579 2449 3634 Patri
2502 3579 2898 3647 sanctissimo,
2920 3579 3040 3634 imo
3088 3585 3289 3636 sancto
3321 3580 3563 3652 Spiritui
3611 3581 3712 3653 qui

2063 3685 2168 3740 per
2195 3685 2330 3724 eum
2363 3667 2592 3724 locutus
2623 3673 2732 3737 est,
2757 3669 2975 3724 relictis
2997 3685 3110 3724 non
3136 3669 3482 3724 necessariis
3503 3687 3710 3740 super-

2063 3757 2426 3815 stitiosorum
2449 3757 2993 3830 compositionibus,
3012 3757 3198 3814 sancti
3220 3757 3532 3825 Ambrosii,
3558 3759 3714 3814 sicut

2063 3847 2190 3920 ipse
2221 3852 2460 3903 sanctus
2492 3848 2841 3904 Benedictus
2879 3847 3158 3920 praecipit,
3194 3846 3279 3903 vel
3312 3846 3710 3903 nominatissi-

2065 3953 2298 3992 morum
2349 3941 2523 4008 atque
2569 3937 3023 3993 orthodoxornm
3074 3936 3344 4009 hymnos,
3378 3937 3448 3992 de
3496 3935 3713 4007 quibus

2064 4025 2422 4081 sufﬁcienter
2437 4025 2673 4094 habent,
2692 4025 2751 4079 in
2772 4024 3004 4080 diurnis
3021 4043 3086 4080 ac
3110 4025 3414 4080 nocturnis
3437 4024 3713 4080 laudibus

2065 4113 2158 4170 usi
2190 4112 2424 4180 fuerint,
2452 4113 2513 4168 in
2544 4113 2761 4184 quibus
2789 4117 2846 4168 et
2875 4113 3162 4168 catholica
3192 4115 3337 4168 ﬁdes
3387 4112 3625 4178 redolet,
3658 4116 3716 4169 et

2065 4202 2172 4275 piae
2195 4206 2336 4258 sunt
2363 4218 2578 4274 preces,
2605 4206 2663 4258 et
2693 4201 2979 4258 mirabilis
3015 4206 3103 4258 est
3121 4201 3488 4273 compositio,
3511 4218 3583 4256 ne
3609 4217 3712 4272 pro

2064 4291 2305 4356 talibus,
2355 4292 2509 4348 sicut
2555 4308 2623 4348 ex
2652 4291 2877 4363 hymni,
2899 4291 3070 4360 cujus
3111 4289 3345 4345 initium
3376 4293 3465 4346 est
3492 4290 3711 4346 Sancto-

2065 4397 2192 4436 rum
2219 4383 2432 4436 meritis
2462 4381 2669 4452 inclyta
2697 4379 2920 4451 gaudia,
2945 4381 3234 4450 cujusque
3263 4395 3388 4434 com
3399 4377 3711 4450 positorem

2067 4469 2350 4526 hactenus
2371 4469 2630 4524 invenire
2655 4467 3047 4538 nequivimus,
3074 4466 3378 4534 ﬁnalitate,
3403 4467 3502 4523 ubi
3526 4484 3561 4522 a
3581 4467 3712 4539 qui-

293 4561 366 4614 ut
387 4557 670 4630 quisquis
689 4556 1008 4630 aliquando
1037 4557 1380 4629 hujusmodi
1407 4557 1620 4614 erroris
1639 4559 1960 4615 communi-
1991 4575 2036 4639 D
2067 4558 2318 4614 busdam
2347 4561 2635 4622 cantatur,
2660 4556 2749 4612 vel
2780 4555 2974 4628 potius
3005 4556 3463 4628 blasphematur,
3485 4563 3539 4612 te
3564 4559 3716 4612 trina

293 4650 468 4702 cator
481 4647 778 4713 existeret,
791 4646 1098 4719 principali
1117 4647 1405 4703 sententia
1421 4647 1816 4706 damnationis
1832 4650 1960 4720 ejus

291 4739 464 4801 esset
507 4733 850 4802 obstrictus,
885 4735 1164 4808 quoniam
1221 4735 1530 4792 manifeste
1579 4737 1827 4809 quilibet
1869 4737 1958 4794 vel

294 4824 664 4896 professione
695 4841 805 4880 sua
832 4823 921 4880 vel
949 4824 1363 4882 communione
1410 4830 1606 4898 posset
1644 4827 1902 4900 agnosci.
1929 4850 1956 4877 ››

289 4911 366 4970 ει
397 4917 537 4986 post
565 4912 874 4984 aliquanta
903 4930 952 4968 ;‹‹
979 4913 1262 4980 Quoniam
1295 4914 1451 4970 idem
1481 4914 1606 4986 ipse
1633 4932 1793 4971 error
1822 4931 1955 4971 cum

291 5017 408 5058 suo
437 5004 680 5058 auctore
711 5001 1028 5058 damnatus
1064 5001 1124 5057 in
1169 5003 1450 5076 participe
1480 5002 1741 5076 quolibet
1771 5021 1957 5076 pravas

285 5089 744 5150 communionis
791 5091 996 5148 affecto
1043 5091 1500 5149 exsecrationem
1549 5091 1640 5148 sui
1686 5097 1878 5166 gestat
1904 5096 1962 5148 et

290 5194 562 5249 pugnam.
591 5202 612 5227 η

369 5266 484 5322 llis
523 5267 855 5340 apostolicis
905 5267 1064 5324 sedis
1115 5268 1564 5325 auctoritatibus
1612 5273 1858 5338 constat,
1891 5271 1963 5326 de

287 5355 432 5423 hac,
460 5353 618 5414 sicut
638 5361 697 5412 et
711 5357 784 5412 de
805 5356 964 5412 omni
985 5355 1190 5414 haeresi
1215 5355 1353 5413 olim
1380 5356 1612 5422 revicta,
1631 5364 1803 5430 atque
1826 5377 1962 5415 eum

287 5446 702 5501 sectatoribus
728 5445 854 5502 suis
884 5446 1182 5514 damnata,
1207 5463 1322 5502 non
1355 5446 1564 5502 debere
1595 5447 1807 5502 iterum
1838 5449 1961 5506 dis-

286 5531 509 5606 putari
540 5550 554 5588 :
585 5549 694 5590 nec
723 5533 1070 5589 damnatum
1106 5534 1382 5590 canonice
1411 5534 1859 5592 Gothescaleum
1893 5539 1964 5593 ad

282 5620 601 5697 indicium
625 5620 1018 5689 revocari.Qui
1036 5622 1214 5680 etiam
1239 5623 1285 5678 si
1310 5641 1424 5679 non
1448 5623 1640 5681 solum
1657 5643 1791 5682 cum
1809 5632 1968 5684 certo

2068 4648 2256 4714 licitas,
2281 4650 2384 4702 aut
2423 4645 2672 4702 scienter
2719 4649 2820 4702 aut
2866 4647 3194 4702 nescienter
3249 4645 3594 4702 scandalum
3653 4647 3712 4701 in

2065 4735 2322 4792 Ecclesia
2341 4738 2632 4801 moveant,
2647 4753 2772 4808 quae
2795 4734 2925 4790 aliis
2948 4735 3151 4791 multis
3174 4735 3713 4806 perturbationibus

2067 4824 2400 4882 concutitur
2427 4827 2486 4880 et
2513 4829 2753 4880 vexatur
2776 4841 2788 4880 :
2823 4815 3072 4880 scientes
3103 4824 3242 4896 quid
3275 4828 3586 4890 mereatur,
3612 4824 3712 4895 qui

2067 4932 2174 4970 suo
2203 4913 2340 4969 vitio
2372 4930 2555 4968 unum
2579 4912 3057 4969 scandalizaverit
3081 4913 3151 4968 de
3177 4911 3407 4984 pusillis
3432 4911 3715 4968 credenti-

2067 5005 2198 5071 bus,
2223 5003 2464 5058 docente
2500 5000 2677 5057 Paulo
2701 5018 2714 5057 :
2738 5001 2830 5058 Sic
2856 5011 3037 5058 autem
3063 5009 3339 5073 peccantes
3389 5003 3448 5056 in
3492 5001 3712 5071 fratres,

2065 5101 2117 5152 et
2139 5093 2495 5165 percutientcs
2515 5092 2900 5147 conscientiam
2925 5109 3116 5146 eorum
3146 5092 3446 5161 inﬁrmam,
3480 5089 3538 5142 in
3564 5087 3716 5142 Chri-

2069 5191 2216 5239 stum
2252 5183 2484 5254 peccatis
2512 5180 2560 5249 (Ι
2584 5184 2708 5238 Cor.
2733 5197 2856 5244 vnn,
2883 5179 2998 5251 12);
3031 5183 3089 5233 et
3119 5194 3354 5233 necesse
3385 5177 3463 5232 sit
3490 5192 3588 5230 eos
3619 5192 3714 5230 ca-

2073 5271 2284 5327 nonica
2301 5270 2606 5326 severitate
2629 5268 2861 5340 percelli
2883 5285 3106 5339 magno:
3126 5263 3608 5321 Chalcedonensis
3629 5281 3720 5336 sy-

2073 5361 2236 5426 nodi,
2261 5363 2664 5414 sexcentornm
2697 5358 2936 5429 triginta
2959 5361 3100 5410 eteo
3123 5352 3378 5425 amplius
3427 5350 3722 5425 episcopo-

2073 5465 2226 5517 rum,
2241 5449 2451 5520 qurede
2469 5447 2804 5517 hujusmodi
2823 5443 3216 5514 difﬁ.nivit,qui
3233 5442 3510 5497 debentes
3528 5443 3724 5498 stude-

2075 5558 2134 5596 re
2163 5537 2398 5595 silentio
2426 5541 2484 5593 et
2513 5536 2718 5608 quieti,
2741 5534 3031 5589 interdum
3057 5531 3234 5586 etiam
3265 5531 3454 5587 zelum
3487 5531 3586 5588 Dei
3620 5533 3721 5589 ha-

2075 5627 2406 5693 bentes,sed
2423 5642 2538 5681 non
2556 5623 2877 5680 secundum
2896 5621 3721 5689 scientiam,ecclcsiasticavel
