3962 6178
293 377 412 437 499

1225 373 1604 436 HINCMARI
1650 373 2101 437 RHEMENSIS
2151 374 2784 440 ABClIIEPISCOPI.

3587 375 3694 438 500

289 507 481 566 civilia
517 509 664 566 487
723 507 957 582 negotia
986 512 1380 577 commovent;
1433 507 1758 581 praesertim
1806 507 1945 580 quia
1973 508 2029 575 Α
2060 525 2178 564 una
2209 513 2298 566 est
2343 509 2640 582 divinitas,
2673 509 2918 583 aequalis
2966 506 3170 583 gloria,
3197 512 3482 565 coasterna
3526 485 3695 581 maje.

287 599 416 670 ipsa
437 615 608 654 sacra
639 599 968 655 auctoritas
994 615 1308 668 canonum,
1334 598 1553 670 Spiritu
1579 597 1678 653 Dei
1703 595 1958 664 condita,

285 691 344 742 et
375 687 560 742 totius
596 688 805 743 mundi
856 688 1178 744 reverentia
1207 693 1564 755 consecrata,
1599 685 1656 742 in
1687 685 1959 742 Africano

287 775 536 832 concilio
577 777 968 832 ducentorum
1011 781 1140 833 octo
1180 777 1612 850 episcoporum,
1647 775 1834 847 capite
1867 791 1956 830 se-

291 864 661 938 ptuagesimo
695 866 884 938 primo
907 867 1188 940 praecepit
1207 871 1270 922 ut
1303 883 1415 922 non
1450 883 1651 939 preces
1671 865 1795 920 alia:
1817 862 1960 919 cele-

294 955 563 1022 brentur,
583 954 692 1010 nisi
717 953 828 1010 illa:
845 973 972 1028 qua:
992 957 1048 1010 in
1069 955 1458 1012 conciliocum
1479 952 1956 1026 prudentioribus

294 1043 518 1100 collata:
552 1044 787 1118 fuerint,
823 1062 894 1100 ne
937 1047 1082 1102 forte
1115 1051 1320 1101 contra
1358 1046 1556 1113 ﬁdem,
1581 1044 1739 1116 quod
1779 1041 1954 1116 absit,

296 1133 356 1188 in
387 1133 610 1190 eisdem
661 1135 954 1208 precibus,
982 1135 1201 1208 quibus
1245 1135 1439 1190 ﬁdelis
1488 1134 1742 1207 quisque
1787 1133 1960 1188 debet

297 1223 414 1278 Deo
447 1223 767 1292 conciliari,
792 1225 864 1280 ab
897 1224 1093 1297 aliquo
1122 1225 1471 1296 proferatur,
1496 1228 1560 1279 ut
1579 1222 1958 1278 audientibus

297 1311 641 1367 scandalum
662 1314 783 1368 ﬁat.
806 1314 1023 1386 Legant
1045 1313 1220 1369 etiam
1241 1313 1403 1370 horis
1419 1313 1529 1369 sibi
1549 1313 1621 1368 ad
1645 1311 1957 1384 legendum

296 1399 960 1474 regulariterdeputatis
977 1402 1431 1458 orthodoxorum
1464 1401 1727 1470 libros,et
1747 1401 1818 1456 ab
1841 1417 1960 1456 om-

296 1487 356 1543 ni
373 1489 488 1544 bus
516 1489 813 1546 invenient
835 1492 1154 1548 contradici
1178 1495 1241 1548 ut
1264 1491 1416 1548 trina
1435 1490 1620 1547 deitas
1653 1507 1957 1562 nunquam

301 1577 594 1646 credatur,
610 1596 911 1652 nunquam
935 1598 969 1636 a
990 1580 1148 1636 ﬁdeli
1169 1584 1233 1636 ut
1248 1581 1514 1636 videatur
1535 1578 1811 1636 credibile
1831 1595 1958 1650 pro-

298 1665 539 1722 feratur.
557 1667 856 1725 Invenient
870 1669 1256 1726 nihilominus
1273 1671 1332 1726 in
1351 1669 1522 1726 dictis
1535 1667 1956 1724 catholicorum

297 1754 491 1826 inepte
523 1755 826 1828 imperitos
855 1759 1024 1831 quasi
1057 1760 1130 1815 ad
1162 1759 1571 1816 auctoritatem
1603 1757 1952 1829 sumpsisse,

299 1843 440 1942 quia
469 1845 624 1902 sicut
653 1847 847 1904 trinus
891 1849 1048 1904 Deus
1085 1849 1321 1916 dicitur,
1347 1849 1428 1903 ita
1475 1853 1533 1902 et
1579 1846 1767 1902 deitas
1798 1845 1954 1900 trina
1984 1878 2030 1942 Β

296 1933 544 1989 dicatur.
580 1935 747 1992 Pater
775 1936 990 2010 quippe
1020 1944 1078 1993 et
1107 1935 1289 1994 Filius
1327 1942 1384 1993 et
1423 1935 1678 2009 Spiritus
1710 1939 1950 1990 sanctus

299 2021 516 2078 idcirco
541 2040 695 2080 unus
725 2025 879 2081 Deus
899 2025 1134 2094 dicitur,
1159 2027 1298 2100 quia
1327 2043 1446 2081 una
1474 2029 1562 2081 est
1591 2024 1801 2089 deitas,
1823 2040 1951 2095 quae

298 2110 604 2168 Trinitatis
625 2118 714 2169 est
731 2115 927 2171 unitas
949 2114 1136 2172 Patris
1155 2121 1214 2172 et
1236 2114 1362 2171 Filii
1383 2120 1442 2171 et
1463 2113 1720 2187 Spiritus
1740 2110 1950 2178 sancti,

298 2204 364 2255 ut
381 2205 586 2257 sancta
607 2202 894 2260 catholica
912 2209 970 2260 et
991 2204 1312 2276 apostolica
1328 2202 1584 2260 Ecclesia
1600 2219 1703 2274 per
1714 2201 1950 2257 beatum

296 2291 356 2344 et
398 2306 680 2364 magnum
730 2310 942 2366 papam
993 2295 1243 2350 Leonem
1273 2295 1417 2363 (Leo,
1450 2295 1607 2364 epist.
1643 2307 1760 2362 cap.
1796 2291 1846 2358 1)
1877 2289 1950 2344 ad

301 2377 609 2435 Turibium
639 2383 1077 2438 Asturicensem
1100 2383 1439 2455 episcopum
1472 2381 1722 2438 breviter
1749 2379 1954 2435 conﬁr-

295 2469 512 2524 mando
543 2469 838 2542 explanat,
867 2474 942 2540 et,
973 2470 1341 2543 explanando
1372 2472 1682 2528 conﬁrmat
1710 2469 1948 2525 dicens:

297 2577 326 2605 «
345 2556 505 2613 Hanc
527 2557 824 2616 catholicae
849 2560 980 2616 ﬁdei
1004 2578 1132 2617 esse
1153 2561 1602 2628 confessionem,
1617 2577 1744 2632 quae
1767 2557 1953 2614 Trini-

298 2648 479 2702 tatem
511 2646 746 2704 deitatis
775 2648 859 2704 sic
889 2657 1148 2722 ὁμοοὺσιον
1177 2651 1508 2718 conﬁtetur,
1533 2653 1599 2704 ut
1637 2648 1864 2705 Patrem
1896 2651 1954 2703 et

299 2733 515 2791 Filium
545 2741 604 2792 et
634 2737 921 2811 Spiritum
944 2744 1214 2795 sanetum
1239 2738 1364 2796 sine
1385 2739 1726 2796 confusione
1750 2737 1954 2792 indivi-

299 2838 416 2891 sos,
433 2823 560 2881 sine
578 2829 840 2900 tempore
857 2827 1395 2901 sempiternos,sine
1410 2827 1738 2884 diﬁ'erentia
1755 2827 1954 2883 credat

300 2913 728 2988 aquales,quia
748 2915 1036 2974 unitatem
1059 2917 1118 2973 in
1140 2917 1446 2987 Trinitate,
1466 2935 1582 2974 non
1605 2917 1807 2973 eadem
1831 2932 1954 2987 per-

301 3019 466 3068 sona,
496 3004 598 3059 sed
629 3005 834 3061 eadem
865 3005 1071 3079 implet
1101 3006 1374 3063 essentia.
1403 3029 1430 3054 n
1463 3006 1570 3073 Qui
1603 3009 1802 3061 autem
1834 3022 1950 3060 non

299 3091 491 3147 solum
523 3093 794 3159 absurde,
821 3095 922 3150 sed
953 3099 1010 3151 et
1038 3095 1352 3152 infideliter
1377 3095 1602 3162 dicunt,
1629 3093 1768 3168 quia
1799 3094 1954 3149 trina

297 3179 546 3237 dicenda
565 3186 655 3237 est
669 3182 949 3248 deitas,eo
966 3185 1123 3256 quod
1139 3185 1390 3257 singulis
1409 3184 1657 3257 quisque
1678 3183 1736 3238 in
1759 3181 1952 3239 tribus

2068 603 2244 654 stas.»
2272 599 2435 655 Unde
2465 600 2604 656 item
2636 605 2876 656 sanctus
2899 599 3241 656 Ambrosius
3271 599 3330 654 in
3363 598 3475 654 alio
3495 598 3697 672 hymno

2067 687 2361 744 evidenter
2379 688 2955 761 ostendit,quomodo
2973 689 3126 744 Deus
3142 688 3334 744 trinus
3351 691 3409 744 et
3422 689 3697 760 quomodo

2067 793 2223 833 unus
2252 777 2408 832 credi
2437 782 2494 832 et
2523 777 2767 852 intelligi
2799 778 3029 842 debeat,
3050 777 3252 834 dicens
3276 794 3288 832 :
3327 777 3544 834 Summe
3573 779 3699 834 Deus

2065 866 2386 934 clementia},
2418 867 2718 940 mundique
2751 869 2924 939 factor
2951 867 3244 932 machina,
3276 883 3420 922 unus
3447 868 3697 938 potentia-

2069 955 2212 1023 liter,
2237 956 2390 1028 quod
2431 957 2799 1029 Augustinus
2838 957 3074 1028 exponit
3113 955 3704 1024 substantialiter,tri‘

2065 1061 2280 1116 nasque
2296 1047 2677 1116 personaliter.
2700 1047 2769 1101 Et
2788 1050 3026 1101 sanctus
3048 1044 3360 1118 Gregorius
3391 1045 3448 1099 in
3475 1044 3706 1101 bomilia

2065 1132 2384 1189 Ezechielis
2407 1135 2570 1205 (hom.
2599 1135 2683 1206 16)
2708 1152 2721 1189 :
2746 1159 2773 1185 «
2799 1135 3024 1191 Veteris
3068 1139 3127 1190 et
3173 1133 3314 1190 Novi
3355 1135 3703 1190 Testamenti

2067 1221 2359 1294 spiritales
2389 1228 2586 1296 patres
2635 1229 2848 1280 sancta:
2880 1224 3186 1280 Trinitatis
3233 1241 3510 1296 personas
3541 1223 3704 1279 unius

2065 1311 2302 1367 deitatis
2321 1313 2638 1368 credidisse
2661 1317 2718 1369 et
2738 1313 3106 1385 praedicasse,
3133 1317 3184 1369 et
3209 1312 3472 1385 angelica
3495 1311 3553 1367 in
3575 1312 3708 1368 coelo

2065 1401 2304 1474 agmina
2335 1401 2762 1459 incessabiliter
2789 1401 3042 1458 clamare
3075 1403 3356 1459 fatetur.»

2140 1490 2240 1545 llis
2261 1507 2396 1563 ergo
2419 1491 2745 1564 perpensis,
2760 1477 3096 1547 discernant
3116 1489 3487 1546 honorabiles
3508 1491 3709 1546 fratres

2067 1579 2250 1635 nostri
2275 1579 2567 1648 monachi,
2593 1583 2795 1636 utrum
2818 1579 3030 1636 melius
3049 1580 3127 1636 sit
3150 1578 3559 1652 blasphemarc
3581 1596 3707 1634 cum

2067 1667 2442 1725 Gothescalco
2463 1674 2520 1724 et
2551 1670 2891 1741 Ratramno,
2913 1669 3158 1724 dicendo
3185 1671 3250 1725 Te
3277 1669 3426 1725 trina
3453 1668 3628 1725 deitas
3654 1667 3708 1724 in

2065 1757 2284 1830 hymno
2305 1758 2476 1830 cujus
2499 1762 2797 1814 auctorem
2829 1759 3120 1825 nesciunt,
3144 1775 3216 1813 an
3239 1757 3471 1814 credere
3491 1761 3550 1813 et
3579 1775 3708 1814 can-

2064 1850 2187 1902 tare
2217 1863 2351 1902 cum
2383 1847 2634 1902 summis
2664 1847 2942 1904 ccelorum
2973 1847 3309 1916 virtutibus,
3325 1851 3382 1904 et
3413 1863 3549 1903 cum
3576 1847 3709 1903 bea-

2058 1937 2251 1991 torum
2284 1935 2610 2008 spiritibus,
2645 1941 2701 1992 et
2729 1953 2864 1992 cum
2896 1937 3172 1993 omnibus
3205 1937 3426 1993 sanctis
3456 1935 3602 1994 viris
3630 1952 3715 1992 ca-

2059 2023 2314 2088 tholicis,
2341 2025 2398 2079 in
2433 2025 2622 2082 tribus
2653 2026 2921 2098 personis
2961 2042 3140 2082 unam
3172 2024 3406 2082 deitatis
3435 2027 3712 2082 substan-

2057 2110 2223 2180 tiam,
2247 2111 2306 2168 id
2329 2117 2418 2169 est
2436 2113 2732 2170 deitatem.
2757 2113 3008 2170 Videant
3030 2115 3208 2171 etiam
3243 2117 3440 2170 utrum
3462 2114 3715 2170 debeant

2061 2201 2226 2273 sequi
2259 2201 2657 2275 blasphemias
2687 2202 3074 2272 Gothescalci,
3103 2219 3252 2275 quas
3281 2203 3351 2258 de
3380 2203 3556 2260 corde
3588 2219 3710 2270 suo,

2057 2289 2146 2345 vel
2170 2290 2364 2362 potius
2386 2291 2644 2364 maligno
2666 2291 2876 2364 spiritu
2898 2291 3243 2364 inspirante,
3261 2291 3714 2348 mendacissime

2061 2377 2322 2450 protulit,
2345 2385 2401 2434 et
2423 2381 2704 2452 ﬁgmenta
2725 2381 3050 2447 Ratramni,
3066 2397 3193 2454 qua;
3215 2379 3361 2437 falso
3381 2379 3714 2453 composuit

2059 2467 2132 2524 de
2162 2467 2328 2524 libris
2359 2469 2512 2524 beati
2556 2469 2756 2525 Hilarii
2805 2473 2863 2524 et
2910 2468 3098 2525 sancti
3144 2468 3479 2543 Augustini,
3510 2468 3714 2542 impu-

2060 2556 2294 2630 gnando
2323 2557 2647 2625 veritatem,
2675 2562 2740 2614 ut
2766 2555 2952 2614 deitas
2991 2557 3145 2614 trina
3175 2557 3424 2628 dicatur,
3456 2574 3530 2612 an
3565 2555 3714 2612 veri-

2059 2649 2237 2704 tatem
2262 2645 2516 2718 Spiritus
2558 2646 2770 2716 sancti,
2795 2645 2896 2720 qui
2927 2645 3158 2703 locutus
3187 2651 3277 2703 est
3322 2663 3425 2719 per
3473 2650 3714 2702 sanctos

2061 2751 2164 2806 pro
2169 2734 2458 2807 phetas,et
2475 2735 2768 2808 apostolos
2783 2734 3302 2808 apostolorumque
3318 2751 3712 2802 successores,

2059 2823 2320 2880 dicentes
2340 2828 2396 2880 et
2416 2826 2852 2890 conﬁrmantes,
2874 2823 3014 2897 quia
3034 2829 3154 2881 tres
3183 2828 3321 2880 sunt
3342 2828 3560 2879 sanctae
3583 2822 3714 2879 Tri-

2061 2911 2264 2968 nitatis
2286 2918 2630 2986 personm,et
2651 2930 2768 2970 una
2789 2913 2995 2980 deitas,
3020 2930 3146 2986 quae
3169 2913 3448 2968 trinitatis
3469 2917 3562 2969 est
3587 2911 3715 2968 uni-

2060 3005 2171 3056 tas.
2191 3002 2336 3058 Nam
2360 3007 2602 3058 sanctus
2621 3001 2986 3076 Augustinus
3003 3001 3062 3058 in
3095 3001 3285 3075 primo
3317 3000 3466 3057 libro
3487 3001 3562 3056 de
3585 2998 3717 3056 Tri-

2061 3090 2454 3164 nitate,quasi
2487 3092 2560 3147 ad
2611 3093 2993 3148 Retramnum
3033 3090 3364 3164 specialiter
3405 3090 3717 3146 confutan-

2059 3179 2223 3250 dum,
2241 3181 2340 3252 qui
2363 3181 2434 3236 de
2455 3181 2584 3252 ejus
2606 3180 2770 3236 libris
2789 3197 2963 3236 suum
2987 3180 3358 3236 mendacium
3381 3179 3537 3250 quod
3559 3178 3720 3233 trina

297 3268 586 3340 personis,
621 3269 789 3326 Pater
816 3242 1085 3326 videlicet
1113 3271 1192 3327 sit
1220 3242 1396 3334 ﬁcus,
1420 3242 1602 3328 Pilius
1646 3272 1725 3329 sit
1772 3271 1948 3337 Deus,
1980 3242 2024 3310 α
2057 3242 2306 3324 dicenda
2325 3269 2402 3324 sit
2421 3242 2606 3326 deitas
2632 3269 3002 3342 compilando
3025 3242 3490 3335 voluitsolida-re,
3515 3267 3719 3338 ipsum

297 3355 554 3428 Spiritus
584 3362 827 3413 sanctus
849 3358 927 3414 sit
955 3360 1130 3424 Deus,
1153 3377 1218 3414 ac
1251 3378 1354 3432 per
1373 3360 1480 3415 hoc
1505 3361 1563 3414 in
1589 3360 1752 3415 Patre
1779 3359 1948 3431 pleno

295 3447 356 3500 et
387 3443 640 3515 perfecto
672 3445 787 3500 Deo
820 3445 991 3517 plena
1019 3451 1078 3501 et
1101 3448 1352 3518 perfecta
1381 3446 1458 3503 sit
1487 3448 1694 3515 deitas,
1720 3449 1778 3503 in
1805 3447 1948 3503 Filio

298 3530 470 3603 pleno
491 3535 548 3586 et
569 3533 821 3604 perfecto
845 3535 959 3588 Deo
994 3533 1161 3606 plena
1191 3541 1250 3590 et
1280 3537 1532 3608 perfecta
1557 3536 1631 3592 sit
1652 3537 1860 3602 deitas,
1888 3535 1946 3591 in

298 3619 518 3692 Spiritu
543 3625 745 3677 sancto
767 3621 937 3694 pleno
959 3627 1014 3678 et
1031 3624 1282 3694 perfecto
1301 3625 1415 3680 Deo
1433 3623 1604 3696 plena
1620 3629 1676 3680 et
1699 3627 1950 3696 perfecta

299 3707 375 3763 sit
396 3707 584 3766 deitas
599 3726 612 3763 :
629 3709 926 3766 inveniant
945 3711 993 3766 si
1013 3716 1262 3784 possunt
1281 3729 1396 3784 quo
1416 3711 1652 3768 nomine
1675 3711 1775 3767 illa
1794 3713 1949 3770 trina

297 3796 484 3852 deitas
523 3797 638 3853 dici
669 3798 860 3854 valeat
905 3817 1042 3855 una.
1063 3800 1122 3856 Si
1170 3800 1422 3856 dixerint
1468 3801 1624 3856 trina
1667 3801 1856 3857 deitas
1888 3802 1946 3858 in

300 3884 585 3956 personis,
627 3903 745 3942 una
781 3886 839 3941 in
881 3887 1116 3959 deitate,
1141 3906 1254 3944 non
1295 3894 1561 3944 constat:
1589 3889 1639 3944 si
1671 3889 1944 3960 dixerint,

297 3970 453 4026 trina
470 3973 658 4029 deitas
689 3973 746 4028 in
770 3975 1054 4046 personis,
1080 3993 1198 4032 una
1217 3976 1275 4032 in
1299 3977 1630 4033 substantia
1650 3977 1736 4034 vel
1756 3995 1949 4034 essen-

297 4059 400 4124 tia,
424 4059 543 4116 sive
563 4061 863 4119 divinitate
885 4069 1235 4134 autnatura,
1261 4083 1364 4121 nec
1391 4065 1500 4121 hoc
1521 4071 1787 4122 constare
1809 4084 1946 4122 con-

297 4151 416 4205 stat
445 4166 573 4206 esse
603 4150 1020 4209 certissimum.
1047 4153 1237 4208 Unum
1261 4154 1418 4210 enim
1442 4155 1714 4227 idemque
1739 4155 1799 4210 in
1829 4156 1945 4212 Deo

297 4242 388 4292 est
431 4242 661 4304 natura,
694 4239 1046 4308 substantia,
1098 4241 1374 4311 essentia,
1406 4241 1700 4307 divinitas,
1735 4241 1962 4298 deitas-

299 4325 616 4382 Fateantur
635 4344 772 4400 ergo
794 4345 1031 4386 necesse
1051 4333 1139 4385 est
1160 4330 1383 4386 trinum
1401 4330 1586 4386 Deum
1609 4330 1719 4385 dici
1745 4329 1800 4385 in
1825 4349 1948 4402 pcr-

286 4413 480 4492 .sonis,
503 4433 689 4472 unum
713 4417 770 4472 in
792 4417 1008 4474 deitate
1037 4434 1050 4473 :
1074 4423 1132 4475 et
1159 4419 1452 4474 fateantur
1472 4418 1627 4490 quod
1651 4435 1765 4474 non
1795 4418 1948 4475 trina

297 4504 398 4557 sed
434 4521 550 4560 una
579 4505 658 4560 sit
688 4505 896 4571 deitas,
919 4525 1046 4580 quae
1079 4507 1386 4563 Trinitatis
1414 4512 1504 4563 est
1535 4507 1748 4563 unitas.
1785 4507 1947 4564 Unde

2058 3356 2192 3412 ﬁdei
2216 3356 2469 3428 lapidem
2503 3358 2720 3430 posuit,
2746 3375 2924 3430 super
2952 3374 3126 3430 quem
3149 3357 3416 3413 Christus
3443 3355 3722 3412 videlicet

2057 3460 2234 3500 manu
2261 3445 2424 3501 fortis
2441 3463 2609 3502 suam
2634 3445 2898 3502 fundavit
2917 3445 3256 3512 Ecclesiam,
3272 3451 3329 3500 et
3344 3461 3459 3516 quo
3479 3443 3716 3500 Goliam

2056 3533 2461 3606 designantem
2493 3535 2814 3602 diabolum,
2863 3535 3034 3607 cujus
3063 3533 3294 3590 insania
3321 3549 3529 3588 omnes
3558 3532 3716 3588 anti-

2055 3621 2282 3693 christi,
2314 3621 2373 3678 id
2405 3628 2493 3679 est
2521 3623 2795 3689 haeretici,
2820 3623 3024 3696 repleti
3053 3622 3398 3696 loquuntur,
3423 3620 3482 3675 in
3516 3621 3719 3677 fronte

2057 3711 2364 3782 percussit,
2391 3727 2493 3783 pro
2515 3728 2578 3768 se
2599 3716 2655 3768 et
2675 3728 2780 3784 pro
2803 3711 3078 3768 omnibus
3103 3709 3426 3779 catholicis,
3453 3725 3718 3782 quorum

2056 3798 2237 3856 libros
2257 3801 2328 3855 de
2349 3801 2462 3856 ﬁde
2483 3805 2695 3856 sancta:
2719 3801 3024 3856 Trinitatis
3044 3799 3283 3873 legerat,
3303 3804 3506 3856 contra
3527 3799 3720 3856 istum

2055 3888 2299 3961 protulit
2329 3889 2447 3960 (lib.
2475 3889 2576 3946 ide
2611 3892 2782 3951 Trin..
2803 3907 2922 3962 cap.
2959 3890 3033 3962 4),
3056 3889 3257 3945 dicens
3281 3905 3330 3944 τα
3356 3889 3604 3959 Omnes,
3629 3887 3720 3944 in-

2055 3978 2204 4049 quit,
2226 3995 2374 4050 quos
2409 3977 2598 4050 legere
2617 3979 2800 4050 potui,
2825 3977 2925 4050 qui
2957 3982 3090 4034 ante
3120 3995 3214 4033 me
3243 3976 3618 4049 scripserunt
3649 3977 3723 4033 de

2055 4066 2338 4122 Trinitate
2355 4084 2485 4139 qua:
2507 4067 2660 4122 Dcus
2675 4067 3119 4132 est,divinorum
3146 4065 3429 4142 librorum
3445 4069 3722 4122 veterum

2053 4160 2110 4211 et
2141 4173 2422 4211 novorum
2472 4155 2741 4212 catholici
2789 4159 3131 4212 tractatores
3179 4154 3290 4210 hoc
3333 4153 3726 4210 intenderunt

2054 4246 2380 4300 secundum
2411 4245 2744 4317 Scripturas
2771 4245 2998 4311 docere,
3025 4244 3182 4316 quod
3215 4243 3399 4311 Pater,
3423 4247 3482 4299 et
3504 4242 3722 4310 Filius,

2055 4338 2112 4388 et
2141 4333 2398 4406 Spiritus
2428 4338 2668 4390 sanctus
2698 4333 2875 4389 unius
2914 4333 3296 4404 ejusdemque
3339 4331 3721 4398 substantias,

2054 4420 2428 4494 inseparabili
2451 4421 2779 4493 aequalitate
2795 4421 3052 4478 divinam
3075 4419 3374 4476 insinuent
3393 4419 3722 4488 unitatem,

2055 4510 2303 4582 ideoque
2325 4529 2440 4567 non
2463 4511 2583 4566 sint
2602 4515 2720 4566 tres
2743 4510 2844 4575 dii,
2860 4511 2961 4566 sed
2987 4525 3140 4566 unus
3161 4509 3726 4564 Deus.»Attendant

298 4596 537 4646 sanctus
583 4593 947 4662 Ambrosius,
977 4595 1131 4652 sicut
1166 4596 1227 4651 in
1258 4595 1427 4652 libris
1475 4596 1600 4652 suis
1648 4595 1844 4666 latius,
1866 4596 1947 4652 ita
1974 4609 2021 4674 ι)
2053 4598 2232 4671 igitur
2256 4599 2612 4656 venerabiles
2644 4599 2850 4655 fratres
2882 4598 3066 4656 nostri
3111 4596 3380 4653 monachi
3419 4596 3532 4652 viri
3577 4597 3722 4654 reli-

297 4677 547 4734 breviter
575 4680 633 4735 in
665 4680 880 4753 hymno
913 4700 1018 4739 suo
1051 4683 1213 4752 dicit,

419 4802 496 4852 Tu
522 4803 792 4854 Trinitatis
820 4805 1012 4866 unitas,
1036 4807 1220 4858 orbem
1251 4812 1498 4872 potenter
1526 4810 1616 4872 qui
1647 4809 1802 4872 regis.

295 4899 363 4954 Et
394 4899 532 4956 item
564 4899 623 4956 in
655 4900 768 4957 alio
800 4901 1037 4974 hymno,

417 5007 458 5056 0
487 5007 579 5057 lux
607 5007 763 5058 beata
789 5008 1076 5068 Trinitatis,
1109 5014 1161 5061 et
1189 5011 1504 5076 principalis
1535 5013 1729 5062 unitas.

293 5124 455 5196 Quoq
473 5123 638 5196 quasi
657 5127 1327 5199 exponens/tugustinus
1351 5128 1408 5182 in
1429 5128 1615 5201 primo
1633 5128 1780 5184 libro
1797 5135 1936 5202 (cup.

291 5214 344 5282 8}
365 5213 436 5268 de
457 5217 663 5270 sancta
683 5213 968 5269 Trinitate
991 5215 1134 5270 dicit
1161 5233 1208 5271 :«
1236 5216 1540 5272 Trinitatis
1561 5218 1717 5272 enim
1744 5219 1939 5276 unitas

289 5305 380 5354 est
409 5300 594 5357 deitas
625 5300 964 5374 incorporea
993 5309 1050 5358 et
1073 5302 1594 5368 incommutabilis,
1619 5309 1676 5359 et
1702 5304 1939 5362 sibimet

287 5389 831 5447 consubstantialis.
854 5395 911 5445 et
939 5398 1225 5447 coaeterna
1263 5396 1490 5446 natura.
1515 5415 1543 5441 ››
1567 5393 1634 5446 Et
1677 5393 1933 5451 Athana-

288 5475 415 5530 sius
445 5476 593 5533 hane
624 5478 769 5534 dixit
799 5497 926 5536 esse
971 5483 1142 5535 ﬁdem
1177 5481 1545 5543 catholicam,
1574 5487 1636 5536 ut
1663 5483 1936 5540 credatur

289 5563 426 5634 quia
450 5589 476 5614 ‹‹
509 5567 623 5623 alia
653 5569 806 5624 438
828 5575 918 5624 est
966 5587 1213 5639 persona
1250 5569 1456 5636 Patris,
1480 5569 1596 5626 alia
1645 5571 1794 5637 Filii,
1817 5573 1931 5629 alia

2052 4687 2222 4760 giosi,
2248 4689 2402 4760 quod
2437 4687 2591 4744 idem
2621 4689 2828 4744 beatus
2857 4685 3224 4760 Augustinus
3267 4685 3327 4740 in
3368 4684 3521 4741 libro
3556 4703 3616 4742 Ix
3647 4687 3724 4742 de

2051 4774 2418 4832 Trinit.dieit
2439 4780 2580 4848 (cap.
2609 4778 2656 4847 1)
2685 4793 2734 4831 ;‹‹
2761 4775 2842 4832 De
2871 4775 3198 4843 credendis,
3224 4773 3521 4846 inquiens,
3549 4774 3728 4831 nulla

2049 4863 2396 4921 inﬁdelitate
2415 4865 2772 4932 dubitemus,
2787 4865 2857 4920 de
2881 4861 3276 4936 intelligendis
3296 4861 3458 4918 nulla
3477 4865 3728 4920 temeri-

2049 4957 2168 5008 tate
2199 4955 2600 5009 afﬁrmemus:
2637 4952 2694 5007 in
2727 4952 2842 5008 illis
2871 4955 2960 5008 est
2989 4951 3312 5008 auctoritas
3344 4952 3627 5021 tenenda,
3657 4952 3729 5008 in

2049 5041 2144 5096 his
2167 5041 2376 5097 veritas
2397 5041 2811 5113 exquirenda.»
2833 5041 3154 5114 Exquirant
3173 5056 3310 5112 ergo
3332 5056 3436 5112 per
3453 5040 3722 5096 catholi-

2048 5146 2148 5185 cos
2169 5131 2434 5187 doctores
2456 5129 2606 5185 hanc
2626 5130 2926 5185 veritatem
2942 5127 3194 5201 qualiter
3217 5127 3433 5184 sentire
3451 5128 3726 5185 debeant

2048 5218 2119 5274 de
2150 5219 2457 5274 Trinitatis
2489 5217 2724 5286 deitate,
2750 5216 3018 5273 videlicet
3045 5218 3116 5272 de
3147 5219 3362 5272 sancta:
3393 5215 3724 5274 Trinitatis

2045 5307 2353 5374 unitate,et
2367 5307 2711 5364 catholicam
2729 5305 3196 5362 teneantauctori
3207 5310 3404 5370 tatem,
3421 5310 3476 5359 et
3488 5322 3606 5360 non
3625 5323 3724 5362 se-

2043 5403 2306 5469 quantur
2329 5397 2478 5452 male
2495 5397 2848 5472 sententiam
2875 5394 3242 5467 pravitatem,
3261 5411 3366 5449 nec
3387 5393 3729 5451 defendant

2042 5485 2486 5557 pertinaciter,si
2511 5486 2653 5557 quid
2677 5485 2961 5540 hactenus
2983 5500 3098 5538 non
3122 5487 3437 5538 senserunt
3454 5482 3728 5540 ﬁdeliter

2040 5575 2140 5630 sed
2159 5574 2467 5628 audiantet
2483 5574 2800 5628 exaudiant
2819 5574 3056 5628 beatum
3074 5571 3730 5644 Augustinum,quem-

289 5651 542 5725 Spiritus
568 5657 776 5722 sancti,
801 5659 899 5714 sed
933 5658 1119 5714 Patris
1139 5663 1198 5716 et
1219 5658 1346 5716 Filii
1377 5662 1434 5714 et
1465 5658 1718 5731 Spiritus
1739 5661 1926 5717 sancti
2037 5679 2272 5734 cunque
2289 5663 2442 5719 489
2469 5667 2737 5718 nostrum
2771 5666 3106 5718 monentem
3130 5659 3190 5715 in
3215 5663 3465 5716 tractatu
3487 5646 3724 5730 psalmi
