3962 6178
221 349 316 414 501

1225 349 1328 412 DE
1372 350 1538 414 UNA
1579 351 1681 414 ET
1724 352 1883 416 NON
1925 353 2168 416 TRINA
2207 355 2570 420 DEITATE.

3483 363 3601 427 502

223 477 504 544 centesimi
536 477 824 555 trigesimi
857 495 909 536 :«
941 479 1000 538 Si
1031 480 1196 552 forte,
1231 481 1443 556 inquit,
1463 500 1624 542 erras
1652 483 1712 542 in
1743 485 1843 542 ali-
1869 487 1926 555 Α
1954 490 2246 565 telligunt,
2271 491 2340 548 de
2363 491 2585 548 lumine
2607 493 3042 566 tenebrescunt;
3067 515 3216 570 quos
3243 495 3512 555 videlicet
3527 497 3602 556 ad

222 591 338 650 quo,
369 588 550 646 quare
580 588 695 628 non
735 571 892 629 redis
939 571 1011 628 ad
1059 571 1148 628 lac
1198 573 1452 632 matris?
1481 575 1619 648 quia
1648 575 1697 632 si
1729 593 1846 633 non

221 661 718 734 extollimini,quia
743 661 793 718 si
821 679 938 718 non
969 661 1240 720 exaltatis
1271 681 1370 720 cor
1399 669 1679 733 vestrum,
1711 665 1848 739 quia

223 754 261 812 si
290 769 398 808 non
431 749 809 825 ingredimini
842 751 903 808 in
935 751 1308 810 mirabilibus
1358 771 1535 826 super
1578 773 1702 822 vos,
1745 756 1847 812 sed

118 913 123 919 _
222 840 443 900 servatis
465 838 1167 908 bumilitatem,revelabit
1193 841 1357 899 vobis
1389 843 1543 900 Deus
1573 845 1729 916 quod
1752 844 1850 900 ali-

221 938 294 988 ter
317 929 546 1003 sapitis.
579 927 639 986 Si
671 932 866 984 autem
897 929 1008 986 hoc
1039 929 1235 1003 ipsum
1269 933 1422 1004 quod
1445 932 1614 988 aliter
1643 934 1849 1006 sapitis

222 1019 510 1078 defendere
531 1017 729 1089 vultis,
753 1022 811 1073 et
839 1019 1220 1090 pertinaciter
1248 1025 1530 1090 astruere,
1562 1025 1620 1078 et
1649 1024 1852 1078 contra

220 1125 402 1182 pacem
423 1105 716 1174 Ecclesiae,
735 1111 792 1164 et
813 1107 974 1164 vobis
997 1107 1376 1164 maledictum
1397 1110 1507 1166 hoc
1529 1111 1684 1183 quod
1707 1109 1853 1165 dixit

220 1213 363 1270 super
382 1204 613 1252 matrem
633 1213 766 1252 cum
797 1197 960 1264 estis,
985 1201 1049 1252 ut
1079 1197 1221 1253 foris
1241 1217 1275 1254 a
1296 1199 1444 1256 lacte
1475 1199 1852 1273 separemini,

221 1285 340 1342 foris
364 1302 398 1340 a
417 1283 741 1340 visceribus
773 1284 980 1342 matris
1012 1287 1164 1342 fame
1193 1287 1548 1344 moriemini.
1573 1288 1630 1344 Si
1655 1293 1852 1344 autem

222 1373 708 1448 perseveraveritis
737 1373 794 1428 in
816 1391 957 1446 pace
987 1375 1292 1446 catholica,
1313 1375 1364 1432 si
1389 1377 1530 1449 quid
1562 1379 1708 1434 forte
1742 1377 1850 1433 alis

220 1469 293 1520 ter
309 1463 521 1536 sapitis
542 1479 721 1536 quam
743 1469 968 1536 oportet
995 1467 1378 1538 sapere,Dcus
1395 1466 1557 1522 vobis
1578 1465 1855 1522 revelabit

221 1551 782 1622 humilibus.Quare?
795 1553 935 1626 quia
953 1554 1109 1611 Deus
1130 1555 1400 1628 superbis
1421 1555 1856 1625 resistit,humi—

221 1641 356 1698 libus
378 1646 577 1698 autem
598 1643 696 1698 dat
708 1643 1100 1716 gratiam.»Et
1119 1643 1259 1716 quia
1281 1645 1350 1700 de
1371 1650 1577 1701 caetero
1597 1647 1856 1702 nescien-

221 1735 294 1788 tcr
309 1748 503 1788 errare
524 1749 639 1788 non
665 1735 956 1806 poterunt,
984 1733 1232 1789 timeant
1255 1734 1410 1806 quod
1430 1734 1569 1790 item
1587 1735 1855 1808 egregius

1954 579 2316 639 intellectum
2348 601 2593 654 pravum
2625 583 2870 641 intentio
2909 602 3178 657 perversa
3206 605 3322 643 non
3352 592 3600 661 raperet,

1956 669 2070 728 nisi
2101 672 2266 745 prius
2294 673 2568 746 superbia
2598 672 3002 732 inﬂaret.Dum
3037 675 3195 732 enim
3217 694 3278 734 se
3299 695 3414 750 pra:
3437 683 3602 735 ciete-

1955 761 2038 819 ris
2067 763 2362 835 sapientes
2391 763 2770 836 arbitrantur,
2803 765 2969 837 sequi
3000 765 3144 822 alios
3177 767 3248 821 ad
3282 765 3492 824 melius
3522 768 3606 824 in-

1957 850 2184 929 tellecta
2219 853 2588 926 despiciunt:
2625 859 2801 927 atque
2831 857 2895 910 ut
2925 857 3080 927 apud
3113 854 3450 928 imperitum
3473 855 3606 911 vul-

1957 959 2068 1016 gus
2099 940 2352 998 scientiae
2384 942 2495 998 sibi
2529 961 2741 1000 nomen
2773 945 3420 1017 extorqueant,student
3440 961 3607 999 sum-

1959 1048 2214 1104 mopere,
2237 1035 2294 1088 et
2314 1032 2386 1088 ab
2418 1033 2548 1088 aliis
2580 1039 2730 1089 recte
2759 1033 3054 1090 intellecta
3082 1035 3474 1102 dcstruere,et
3501 1050 3612 1090 sua

1959 1137 2229 1194 perversa
2249 1123 2710 1180 roborare.Unde
2732 1124 2877 1180 bene
2899 1123 3358 1197 perpr0phetam
3373 1122 3606 1178 dicitur:

1958 1209 2255 1266 Secuerunt
2268 1221 2624 1285 prwgmmtes
2644 1213 2844 1269 Galaad
2861 1213 2929 1268 ad
2949 1214 3294 1270 dilatandam
3317 1217 3613 1270 tenninum

1958 1317 2123 1356 suum
2143 1299 2322 1372 (Amos
2343 1319 2382 1370 ι,
2410 1303 2518 1370 15).
2542 1301 2760 1359 Galaad
2794 1321 3048 1376 namque
3077 1320 3318 1359 acervus
3347 1302 3610 1360 testimo~

1961 1388 2042 1444 nii
2075 1389 2587 1463 interpretatur.Et
2617 1393 2893 1465 quoniam
2926 1398 3141 1450 cuncta
3169 1391 3347 1450 simul
3379 1409 3614 1466 congre-

1961 1479 2118 1552 gatio
2146 1479 2414 1536 Ecclesia:
2447 1499 2550 1554 per
2587 1482 3012 1539 confessionem
3063 1483 3238 1540 servit
3281 1481 3612 1539 testimonio

1959 1569 2240 1639 veritatis,
2265 1587 2381 1624 non
2409 1570 2727 1644 incongrue
2757 1589 2860 1644 per
2908 1573 3112 1628 Gataad
3137 1570 3399 1640 Ecclesia
3425 1570 3612 1644 expri-

1961 1657 2296 1730 mitur,quze
2320 1677 2418 1715 ore
2451 1665 2796 1716 cunctorum
2826 1661 3087 1716 ﬁdelium
3120 1662 3192 1716 de
3223 1661 3339 1716 Deo
3369 1676 3615 1732 quaeque

1963 1752 2102 1804 sunt
2116 1765 2253 1805 vera
2266 1753 2537 1806 testatur.
2555 1751 2924 1824 Praegnantes
2945 1756 3142 1808 autem
3164 1749 3382 1808 Galaad
3403 1765 3612 1806 vocan-

222 1821 404 1924 doflor
432 1821 494 1876 ίῐ)
525 1825 736 1924 (ΞΡ-ω’ξο
785 1821 934 1924 Ῑίδιιςο
955 1823 1204 1924 imit-‘5)
1236 1823 1310 1924 (ἴε
1336 1823 1632 1923 δᾶΡῖίξΠιο
1665 1822 1806 1878 die“
1840 1841 1852 1880 ε
1889 1859 1932 1924 Β
1962 1840 2060 1890 tur
2088 1829 2319 1909 animai,
2353 1855 2482 1911 quae
2517 1821 2875 1903 intellectum
2906 1840 3065 1896 verbi
3097 1857 3166 1896 ex
3195 1839 3389 1896 divino
3416 1855 3615 1894 amore

221 1935 244 1960 α
263 1913 398 1968 Cum
422 1911 806 1968 manifestum
829 1911 928 1979 sit,
951 1911 1354 1984 inquit,multo
1371 1912 1605 1985 gravius
1617 1930 1856 1987 peccare

221 1998 486 2058 scientem
513 2016 690 2073 quam
713 1999 1090 2070 nescientem,
1113 2000 1318 2056 vellem
1342 2000 1487 2056 mihi
1518 2001 1734 2075 aliquis
1766 2003 1857 2058 di-

223 2094 378 2157 ceret,
399 2089 448 2145 si
474 2088 610 2162 quis
631 2089 691 2144 in
713 2087 982 2146 haeresim
1006 2089 1262 2144 incurrat
1281 2090 1548 2146 nesciens
1569 2095 1858 2164 quantum

223 2177 425 2234 malum
471 2178 572 2246 sit,
600 2181 658 2235 et
688 2177 840 2234 alius
877 2179 950 2234 ab
980 2178 1224 2234 avaritia
1261 2195 1378 2234 non
1410 2181 1640 2236 recedat
1669 2179 1859 2236 sciens

222 2271 492 2340 quantum
521 2266 741 2323 malum
767 2266 863 2335 sit,
889 2267 1022 2340 quis
1051 2283 1253 2324 eorum
1286 2267 1364 2324 sit
1393 2269 1576 2341 pejor.
1613 2269 1859 2326 Possum

221 2355 380 2414 etiam
403 2355 488 2412 ita
503 2372 844 2430 pr0ponere,
867 2355 917 2414 si
939 2355 1090 2414 alius
1111 2355 1380 2414 nesciens
1401 2357 1460 2412 in
1481 2357 1750 2414 haeresim
1777 2357 1856 2413 ir-

221 2451 354 2514 ruat,
377 2449 444 2504 et'
455 2445 651 2502 sciens
673 2444 826 2502 alius
847 2445 920 2502 ab
942 2445 1272 2502 idololatria
1294 2463 1407 2502 non
1437 2447 1689 2515 recedat,
1721 2448 1862 2520 quia

223 2540 272 2591 et
287 2533 598 2608 Apostolus
621 2533 798 2592 dicit:
831 2535 1100 2604 Avaritia,
1125 2551 1250 2610 quae
1277 2543 1358 2593 est
1389 2536 1662 2592 idolorum
1689 2539 1859 2593 servi-

223 2631 296 2681 tu:
319 2624 537 2698 (Ephes.
568 2643 625 2693 v,
658 2627 715 2696 5)
747 2642 762 2681 :
797 2643 990 2698 quaero
1023 2642 1160 2700 ergo
1196 2625 1330 2700 quis
1375 2630 1572 2700 peccet
1601 2627 1858 2701 gravius,

223 2713 308 2786 qui
338 2715 610 2772 nesciens
631 2715 690 2770 in
713 2715 980 2772 haeresim
1013 2715 1277 2782 incurrit,
1305 2721 1405 2772 aut
1434 2715 1536 2790 qui
1566 2717 1758 2773 sciens
1790 2717 1860 2772 ab

224 2802 540 2872 avaritia,id
561 2808 650 2861 est
671 2805 742 2860 ab
775 2803 1104 2860 idololatria
1130 2821 1246 2860 non
1280 2805 1603 2861 recesserit.
1637 2806 1858 2862 Secun-

225 2891 350 2948 dum
384 2893 627 2966 quidem
656 2893 818 2949 illam
851 2893 1260 2966 regulam,qua
1279 2898 1520 2967 peccata
1549 2895 1862 2951 scientium

224 2981 461 3054 peccatis
481 2981 824 3057 ignorantiae
845 2985 1498 3056 praeponuntur,avarus
1523 3001 1658 3039 cum
1684 2982 1864 3039 scien-

223 3070 296 3126 tia
319 3071 501 3127 vincit
533 3069 592 3127 in
625 3071 858 3128 scelere.
892 3072 1002 3128 Sed
1038 3089 1108 3127 ne
1133 3072 1284 3131 forte
1331 3073 1442 3129 hoc
1491 3075 1592 3128 fiat
1639 3073 1776 3128 facit
1803 3072 1862 3127 in

227 3158 418 3217 haeresi
446 3159 682 3216 sceleris
705 3159 888 3232 ipsius
911 3159 1276 3234 magnitudo,
1303 3161 1456 3233 quod
1491 3159 1624 3216 facit
1643 3158 1702 3216 in
1725 3177 1864 3216 ava-

1966 1925 2326 2000 concipiunt,
2360 1927 2410 1982 si
2443 1929 2515 1984 ad
2546 1930 2867 2001 perfectum
2913 1934 3147 2002 tempus
3193 1928 3448 1997 veniant,
3474 1945 3613 1984 con-

1967 2021 2196 2089 ceptam
2226 2017 2673 2090 intelligentiam
2703 2017 2894 2091 operis
2937 2019 3271 2076 ostensione
3317 2017 3610 2090 pariturae.

1967 2107 2310 2163 Terminum
2339 2125 2474 2164 vero
2518 2125 2694 2164 suum
2746 2108 2991 2165 dilatare
3037 2113 3149 2176 est,
3177 2106 3470 2180 opinionis
3496 2123 3616 2162 sua:

1969 2215 2183 2254 nomen
2213 2199 2540 2254 extendere.
2575 2201 2899 2256 Secuerunt
2927 2216 3062 2271 ergo
3103 2200 3468 2271 praegnantes
3501 2195 3616 2252 Ga-

1969 2287 2099 2343 laad
2148 2289 2219 2344 ad
2269 2287 2637 2344 dilatandam
2695 2289 3017 2344 terminum
3069 2303 3290 2344 suum:
3339 2284 3616 2358 quoniam

1969 2377 2252 2433 nimirum
2276 2377 2531 2434 haeretici
2555 2382 2783 2434 mentes
2805 2377 3088 2444 ﬁdelium,
3108 2394 3234 2449 quae
3247 2377 3374 2446 jam
3397 2371 3618 2445 aliquid

1969 2468 2040 2523 de
2060 2467 2322 2523 veritatis
2345 2467 2640 2523 intellectu
2679 2471 3084 2538 conceperant,
3113 2481 3384 2538 perversa
3411 2461 3618 2535 praedi-

1969 2557 2196 2613 catione
2221 2556 2536 2628 perimunt,
2559 2561 2615 2612 et
2636 2555 2892 2611 scientizr
2915 2554 3024 2611 sibi
3051 2571 3260 2610 nomen
3278 2551 3616 2608 extendunt.

1971 2645 2350 2701 Parvulorum
2371 2645 2566 2711 corda,
2580 2645 2708 2716 jam
2735 2645 2808 2701 de
2829 2643 2989 2702 verbi
3017 2641 3396 2715 conceptione
3425 2638 3616 2713 gravi-

1969 2735 2064 2800 da,
2093 2733 2306 2790 erroris
2339 2733 2532 2807 gladio
2564 2733 2860 2801 scindunt,
2893 2737 2949 2789 et
2979 2733 3150 2804 quasi
3196 2729 3472 2786 doctrinae
3505 2726 3616 2784 sibi

1970 2819 2306 2892 opinionem
2319 2820 2684 2878 faciunt.Hos
2701 2837 2836 2896 ergo
2851 2839 2984 2876 cum
3005 2837 3288 2876 conamur
3303 2818 3616 2884 instruere,

1971 2927 2043 2966 ne
2059 2927 2330 2982 perversa
2344 2910 2697 2978 sentiant,ad
2708 2926 3051 2965 moneamus
3073 2908 3238 2980 prius
3259 2921 3495 2962 necesse
3506 2907 3616 2972 est,

1973 3017 2044 3054 ne
2065 2999 2296 3054 inanem
2321 3004 2604 3071 quierant.
2629 2999 2687 3054 Si
2718 2999 2875 3054 enim
2903 2997 3068 3052 radix
3095 2993 3364 3051 elationis
3393 2993 3620 3050 abscin-

1971 3087 2578 3159 ditur,consequenter
2600 3088 2742 3144 rami
2767 3105 2953 3159 pravae
2983 3083 3324 3142 assertionis
3345 3083 3618 3139 areﬁunt.

1974 3175 2339 3232 Admonendi
2369 3181 2508 3233 sunt
2535 3177 2734 3241 etiam,
2770 3193 2840 3232 ne
2869 3173 3084 3232 erroris
3111 3173 3435 3229 discordias
3455 3187 3622 3245 gene-

223 3248 343 3306 ritia
371 3248 615 3306 scientis
647 3247 954 3320 admissio,
973 3253 1038 3304 ut
1068 3248 1374 3306 hasreticus
1406 3249 1672 3305 nesciens
1693 3267 1864 3304 avaro
1895 3231 1938 3297 (ἶ
1976 3266 2158 3321 rando
2190 3265 2374 3339 legem
2410 3267 2526 3332 Dei,
2551 3283 2678 3338 qua,
2712 3231 2926 3320 {dcimo
2957 3265 3093 3320 data
3123 3267 3212 3318 est
3241 3266 3306 3318 ut,
3334 3231 3621 3318 εθοτῖίὶοίε,

224 3337 418 3395 scienti
447 3341 804 3410 comquetur,
838 3337 1147 3394 amborum
1173 3342 1412 3410 peccata
1440 3337 1742 3410 aequaliter
1770 3355 1865 3410 ap-

221 3428 564 3500 pendantur,
593 3427 918 3501 ignorantis
941 3425 1326 3500 blasphemia,
1349 3431 1407 3484 et
1427 3427 1665 3483 scientis
1687 3425 1862 3482 idolo-

221 3514 398 3582 latria,
423 3521 483 3573 et
505 3516 711 3573 eadem
734 3516 1024 3572 sententia
1045 3516 1410 3588 judicentur,
1436 3514 1534 3572 ille
1564 3515 1665 3588 qui
1697 3515 1862 3570 Chri-

220 3609 366 3662 stum
396 3605 713 3679 quzerendo
744 3605 803 3660 in
830 3603 1208 3661 verisimilem
1239 3621 1568 3660 sermonem
1593 3603 1864 3660 falsitatis

220 3692 542 3762 incurrit,et
563 3692 661 3750 ille
677 3693 776 3766 qui
807 3693 1074 3750 nesciens
1105 3693 1336 3750 Christo
1362 3693 1581 3749 resistit
1601 3693 1863 3766 loquenti

222 3798 314 3855 per
329 3781 677 3856 Apostolum
708 3799 722 3838 :
745 3782 1034 3854 Quoniam
1057 3783 1244 3838 omnis
1260 3781 1613 3854 fornicator,
1637 3794 1744 3840 aut
1763 3783 1866 3839 im-

220 3872 484 3938 mundus,
499 3877 609 3927 aut
629 3871 1026 3944 avaru:,quod
1043 3879 1127 3926 est
1148 3869 1454 3926 idolorum
1475 3872 1865 3938 servitu-amen

217 3961 383 4016 habet
413 3961 828 4018 heereditatem
849 3961 912 4016 in
941 3975 1126 4034 regno
1158 3958 1384 4016 Christi
1411 3968 1465 4016 et
1497 3959 1607 4015 Dei
1635 3958 1861 4032 (Ephes.

216 4065 268 4113 v,
287 4051 407 4118 5).»
430 4049 611 4106 Nemo
633 4047 814 4122 igitur
841 4047 1164 4104 catholicus
1197 4051 1401 4104 contra
1431 4047 1860 4115 auctoritatem,

218 4153 385 4193 nemo
442 4137 726 4210 paciﬁcus
782 4141 984 4193 contra
1054 4135 1324 4194 Ecclesia:
1381 4153 1584 4209 pacem
1645 4140 1866 4192 certare

218 4226 443 4294 audeat,
478 4243 550 4282 ne
581 4225 1018 4294 schismaticus,
1051 4228 1109 4281 et
1156 4242 1270 4281 non
1321 4223 1668 4292 catholicus,
1704 4223 1865 4280 inve-

219 4311 428 4381 niatur,
490 4317 548 4370 et
611 4331 646 4369 a
702 4312 916 4370 Christi
973 4329 1216 4386 corpore
1270 4317 1590 4386 separetur.
1649 4313 1865 4368 Admo-

219 4403 391 4460 nendi
412 4408 553 4460 sunt
572 4421 710 4476 ergo
732 4402 950 4460 subditi
973 4403 1045 4459 ab
1069 4401 1338 4459 Ecclesiae
1359 4407 1572 4459 sanctae
1599 4401 1867 4476 praeposi-

1971 3355 2198 3410 Satanai
2221 3354 2546 3425 prohibeat,
2571 3355 2836 3409 eamdem
2861 3354 3046 3424 ipsam
3071 3352 3129 3406 in
3148 3349 3504 3408 sacriﬁcium
3521 3349 3621 3406 Sa-

1969 3447 2119 3498 tanae
2146 3446 2392 3498 vertant.
2427 3443 2589 3499 Unde
2621 3461 2722 3515 per
2751 3442 3095 3515 prophetam
3123 3439 3408 3497 Dominus
3429 3439 3622 3512 queri-

1970 3535 2086 3596 tur,
2111 3533 2344 3588 dicens:
2369 3534 2512 3588 Dedi
2523 3534 2606 3587 eis
2623 3533 3008 3604 frumentum,
3025 3541 3076 3586 et
3111 3533 3380 3586 vinumet
3401 3527 3616 3596 oleum,

1971 3627 2024 3676 et
2047 3627 2358 3696 argentum
2390 3622 2776 3691 nmttipticavi
2789 3623 2874 3677 eis
2887 3630 2942 3677 et
2962 3634 3336 3693 aureumqua?
3355 3617 3622 3692 fecerunt

1971 3711 2132 3767 Βααι
2161 3711 2317 3782 (Ose.
2350 3715 2494 3779 11,8).
2529 3712 2911 3767 Frumentum
2945 3709 3162 3782 quippe
3192 3727 3227 3763 a
3256 3706 3502 3763 Domino
3524 3723 3619 3762 ac-

1971 3799 2257 3872 cepimus,
2290 3801 2525 3872 quando
2557 3800 2616 3854 in
2649 3799 2822 3855 dictis
2849 3796 3288 3854 obscurioribus
3331 3795 3621 3852 subducto

1972 3889 2229 3962 tegmine
2251 3888 2474 3955 litterae,
2500 3906 2602 3960 per
2620 3889 2938 3944 medullam
2965 3885 3210 3958 spiritus
3225 3883 3372 3958 legis
3393 3883 3624 3940 interna

1973 3977 2506 4033 sentimus.Vinum
2529 3995 2704 4033 suum
2729 3977 2897 4034 nobis
2915 3975 3200 4032 Dominus
3224 3977 3622 4046 praestat,cum

1974 4065 2287 4138 Scriptura:
2349 4084 2466 4122 suae
2523 4070 2748 4122 attenta
2797 4064 3204 4138 praedicatione
3241 4080 3346 4118 nos
3374 4061 3620 4118 debriat.

1973 4154 2178 4212 Oleum
2209 4171 2443 4227 quoque
2473 4172 2649 4211 suum
2681 4155 2848 4211 nobis
2881 4153 3105 4223 tribuit,
3137 4168 3272 4207 cum
3319 4149 3623 4222 praaceptis

1973 4242 2363 4316 apertioribus
2375 4243 2554 4298 vitam
2567 4247 2826 4298 nostram
2843 4241 3062 4298 blanda
3080 4239 3320 4296 lenitate
3339 4235 3620 4308 disponit.

1972 4333 2295 4405 Argentum
2318 4330 2691 4404 multiplicat,
2714 4348 2847 4387 cum
2872 4329 3041 4386 nobis
3061 4327 3192 4384 luce
3209 4323 3472 4383 veritatis
3504 4322 3623 4395 plc-

1976 4421 2076 4477 nia
2104 4419 2336 4494 eloquia
2365 4420 2799 4476 subministrat.
2829 4421 2982 4474 Auro
3027 4433 3260 4490 quoque
3308 4429 3416 4470 nos
3453 4411 3620 4479 ditat,

219 4489 310 4582 tis,
335 4497 626 4582 uteach
669 4491 815 4564 legis
843 4491 1020 4582 verb?
1049 4495 1204 4582 τθλοίθ
1234 4489 1584 4564 intelligant:
1608 4490 1732 4582 3th
1762 4493 1894 4582 Ρθθ
1977 4489 2334 4582 quando—cor
2354 4515 2620 4566 nostrum
2645 4508 2942 4564 intellectu
2965 4505 3184 4562 summi
3215 4501 3461 4576 fulgoris
3480 4500 3625 4556 irra-

217 4595 276 4635 se
293 4579 618 4654 intelligere
639 4597 754 4636 non
777 4578 1263 4652 potuerint,juxta
1285 4583 1636 4652 praeceptum
1660 4579 1856 4636 divina

1978 4578 2118 4654 diat.
2153 4600 2287 4664 Quae
2333 4604 2544 4654 cuncta
2586 4596 2839 4653 haeretici
2873 4594 3006 4651 Baal
3041 4595 3312 4660 oll'erunt,
3345 4589 3626 4664 quoniam

219 4669 966 4742 auctoritatis,interrogent
983 4673 1186 4742 patres
1204 4685 1339 4724 suos
1356 4677 1411 4724 et
1441 4669 1870 4725 unmmtiabuat

217 4755 622 4832 illismwjores
652 4773 788 4814 suos
817 4766 873 4814 et
903 4758 1192 4814 docebunt
1221 4755 1356 4814 illo:
1387 4756 1575 4829 (Deut.
1593 4775 1768 4826 xxxii,
1790 4761 1868 4827 7).

219 4845 284 4900 Et
312 4847 413 4918 qui
445 4863 626 4904 sacra
658 4845 804 4920 legis
835 4847 1012 4903 verba
1042 4863 1157 4903 non
1190 4850 1344 4903 recte
1374 4845 1732 4919 intelligunt,
1765 4848 1870 4904 ad-

219 4936 488 4990 monendi
520 4936 1020 5007 sunt,secundum
1051 4935 1314 5009 regulam
1345 4935 1699 5009 pastoralem
1717 4937 1870 4992 beati

219 5021 475 5096 Gregorii
497 5023 700 5096 (parte
721 5024 1092 5097 m,cap.25),-
1121 5027 1186 5079 ut
1206 5024 1572 5097 perpendant
1591 5025 1872 5096 quoniam

221 5109 677 5168 saluberrimum
727 5112 847 5169 vini
895 5117 1096 5185 potum
1127 5111 1189 5168 in
1219 5112 1425 5168 veneni
1457 5112 1567 5168 sibi
1596 5112 1872 5184 poculum

217 5203 542 5270 vertunt,ac
563 5217 670 5274 per
691 5201 1036 5258 medicinale
1055 5201 1276 5257 ferrum
1299 5199 1535 5256 vulnere
1556 5217 1618 5256 se
1642 5202 1873 5258 mortali

221 5286 455 5358 feriunt,
487 5290 635 5345 dum
660 5305 764 5362 per
785 5289 893 5346 hoc
916 5289 974 5344 in
997 5306 1058 5346 se
1079 5307 1223 5346 sana
1244 5287 1560 5362 perimunt,
1585 5307 1690 5362 per
1717 5292 1872 5364 quod

219 5374 530 5435 salubriter
541 5377 888 5434 abscindere
902 5378 1162 5434 sauciata
1179 5379 1528 5434 debuerunt.
1540 5377 1871 5437 Admonen-

219 5463 277 5518 di
293 5471 433 5521 sunt
449 5472 514 5522 ut
530 5466 902 5540 perpendant
923 5467 1076 5540 quod
1099 5466 1403 5538 Scriptura
1432 5483 1599 5522 sacra
1625 5465 1682 5522 in
1706 5473 1872 5526 nocte

216 5555 522 5624 praesentis
551 5555 684 5612 vitae
710 5556 881 5628 quasi
913 5556 1180 5628 quaedam
1213 5553 1383 5611 nobis
1413 5553 1652 5610 lucerna
1681 5557 1758 5612 sit
1778 5575 1873 5630 po-

219 5638 360 5710 sita,
382 5644 547 5715 cujus
579 5643 861 5702 nimirum
893 5647 1048 5702 440
1073 5644 1268 5711 verba,
1287 5644 1430 5699 dum
1459 5659 1572 5699 non
1605 5649 1758 5703 recte
1789 5648 1872 5704 in-

1979 4688 2132 4760 apud
2157 4687 2487 4744 auditorum
2535 4703 2776 4744 suorum
2807 4685 2983 4741 corda
3011 4686 3280 4756 corrupte
3309 4679 3511 4738 omnia
3538 4678 3626 4734 in-

1979 4775 2294 4850 telligendo
2351 4779 2710 4848 pervertunt,
2743 4777 2800 4830 et
2841 4775 2914 4830 de
2962 4773 3255 4830 frumento
3299 4768 3421 4837 Dei,
3454 4771 3630 4839 atque

1981 4865 2129 4932 oleo,
2173 4870 2414 4940 argento
2463 4867 2680 4938 pariter
2725 4870 2784 4921 et
2821 4881 2984 4932 auro,
3019 4865 3245 4919 Satanze
3276 4855 3628 4916 sacriﬁcium

1981 4955 2594 5027 immolant,quoniam
2617 4955 2688 5010 ad
2705 4970 2962 5027 errorem
2974 4950 3275 5009 discordiae
3287 4947 3460 5004 verba
3469 4942 3629 5016 pacis

1982 5043 2461 5102 inclinant.Unde
2481 5043 2835 5100 admonendi
2859 5048 3000 5098 sunt
3021 5045 3087 5096 ut
3107 5029 3631 5113 perpendant,quia

1984 5133 2127 5188 dum
2158 5150 2430 5206 perversa
2459 5136 2652 5188 mente
2681 5131 2938 5202 deceptis
2969 5127 3130 5201 pacis
3159 5119 3512 5206 discordiam
3544 5116 3628 5171 fa-

1983 5204 2176 5292 ciunt,
2193 5222 2356 5294 justo
2375 5220 2477 5278 Dei
2498 5221 2763 5278 examine
2785 5219 2897 5292 ipsi
2921 5219 2991 5272 de
3013 5213 3200 5271 verbis
3221 5211 3338 5266 vita
3368 5204 3628 5262 moriun-

1981 5315 2136 5365 tur.»
2152 5310 2399 5366 Docendi
2421 5313 2562 5367 sunt
2582 5311 2758 5366 etiam
2783 5313 2848 5364 ut
2870 5323 2986 5361 non
3011 5303 3480 5374 ignorentnequc
3500 5309 3632 5349 con-

1980 5401 2249 5455 temnant
2273 5401 2502 5456 decreta
2522 5399 2718 5472 magni
2745 5395 2952 5452 Leonis
2977 5408 3134 5464 papae
3157 5389 3228 5444 ad
3255 5382 3629 5441 Anastasium

1981 5487 2406 5544 Antiochenum
2421 5488 2759 5560 episcopum
2771 5478 3228 5556 (epist.62,cap.6,
3243 5473 3314 5530 ad
3332 5473 3632 5528 Maximum

1981 5577 2252 5650 Antioch.)
2273 5577 2330 5633 in
2359 5578 2574 5650 quibus
2610 5575 2895 5646 scriptum
2935 5573 3025 5625 est
3053 5567 3210 5638 quod
3235 5560 3556 5638 apostolica
3577 5565 3634 5616 et

1984 5669 2133 5724 441
2159 5667 2448 5742 generalis
2467 5665 2672 5740 synodi
2696 5659 3038 5720 auctoritate
3058 5655 3392 5714 constituit:
3420 5676 3448 5705 «
3463 5650 3636 5709 Illudw
