3962 6178
245 315 340 377 5Οό
1228 314 1331 374 DE
1376 315 1535 378 UNA
1586 315 1684 376 ET
1729 315 1885 374 NON
1929 313 2167 376 TRINA
2216 314 2580 378 DEITATE.

3491 312 3609 378 506

243 451 300 506 de
324 444 578 520 mysterio
609 445 788 500 divini
819 445 978 502 verbi
1011 449 1311 518 penetrare
1344 465 1456 502 non
1507 465 1844 520 possumus,
1878 449 1934 516 Α
1962 446 2174 517 lorum,
2209 449 2592 523 omniumque
2649 449 2935 509 bonorum
2989 453 3078 506 est
3133 449 3604 527 fundamentum,

242 535 478 613 potestati
510 534 702 591 sancti
735 534 995 607 Spiritus
1025 535 1330 591 humiliter
1379 554 1758 602 reservemus,
1790 542 1856 592 ut

244 645 336 684 non
365 625 603 698 superbe
636 624 770 697 quis
811 626 1043 693 audeat,
1075 625 1165 680 vel
1215 631 1610 696 contemnere,
1645 626 1733 681 vel
1757 627 1852 682 de-

243 715 480 772 nuntiare
503 714 658 786 quod
681 731 794 769 non
819 713 1346 787 intelligit,sedhoc
1370 715 1855 788 ignitradat,cum

243 808 410 863 sancto
437 802 681 876 Spiritui
706 804 1196 860 reservat.Credat
1213 810 1409 859 tamen
1431 804 1853 873 indubitanter,

241 903 292 951 ut
307 892 658 966 Augustinus
677 893 1130 965 explanat,quod
1149 910 1342 950 sermo
1359 894 1595 949 divinus
1617 895 1855 963 dicit,ad

241 985 382 1054 cujus
399 981 737 1055 mysterium
764 987 1072 1054 penetrare
1091 981 1468 1056 intelligendo
1481 1001 1593 1038 non
1609 984 1854 1040 sufﬁcit:

240 1069 505 1145 quoniam,
531 1073 598 1125 ut
629 1071 838 1127 beatus
869 1070 1218 1126 leestinus
1240 1072 1298 1126 in
1317 1072 1565 1128 decretis
1583 1072 1708 1128 suis
1721 1076 1860 1146 (post

239 1163 367 1232 epist.
395 1161 444 1227 8,
477 1160 538 1214 in
561 1161 702 1230 ﬁn.)
749 1159 910 1227 dicit,
943 1184 970 1210 ‹‹
1005 1160 1432 1232 profundiorcs,
1466 1161 1853 1217 difﬁciliores-

239 1266 331 1322 que
361 1252 548 1320 partes
579 1248 1006 1304 incurrentium
1056 1249 1452 1320 questionum,
1485 1268 1633 1323 quas
1679 1251 1858 1308 latius

240 1341 640 1411 pertractarunt
671 1336 772 1410 qui
815 1336 1100 1393 luereticis
1149 1339 1508 1407 restiterunt,
1543 1339 1695 1396 sicut
1741 1359 1856 1396 non

240 1427 494 1482 audemus
549 1430 944 1495 contemnere,
977 1427 1059 1483 ita
1105 1444 1220 1482 non
1280 1445 1516 1486 necesse
1570 1429 1858 1486 habemus

240 1506 486 1572 astruere.
526 1537 549 1564 ιι

291 1607 352 1660 At
378 1603 422 1660 si
443 1603 581 1677 quis
601 1605 753 1660 hanc
776 1606 1293 1663 commonitionem
1317 1610 1855 1676 nostram,auctori-

236 1697 336 1750 tate
367 1693 804 1766 Scripturarum
835 1699 893 1752 et
921 1694 1375 1752 orthodoxorum
1406 1697 1673 1754 Ecclesia:
1705 1717 1856 1772 pra:-

235 1781 530 1856 positorum
571 1782 803 1854 fultam,
836 1801 952 1840 non
1001 1785 1346 1851 obaudierit,
1381 1787 1657 1858 quoniam
1707 1789 1857 1844 sacri
1889 1818 1935 1884 Β

233 1870 548 1928 Antiochcni
584 1889 859 1938 canones,
887 1873 1100 1946 spiritu
1141 1874 1244 1930 Dei
1291 1875 1532 1947 conditi,
1563 1880 1622 1932 et
1649 1882 1714 1932 ut
1743 1878 1854 1933 Leo

237 1958 368 2027 dicit,
389 1959 574 2014 totius
605 1959 814 2014 mundi
845 1961 1162 2021 reverentia
1184 1964 1858 2040 consecrati,decernunt

233 2071 254 2096 ιι
277 2048 584 2120 perfectum
611 2065 739 2104 esse
755 2049 1197 2116 concilium,ubi
1217 2052 1700 2124 metropolitanus
1723 2072 1855 2110 cum

233 2135 338 2192 suis
363 2137 751 2211 sull'raganeis
783 2138 1132 2194 interfuerit.
1161 2162 1188 2188 ››
1221 2142 1290 2196 Et
1315 2140 1451 2198 item
1477 2143 1657 2198 S.Lco
1679 2145 1854 2215 (epist.

230 2227 304 2296 66,
331 2227 423 2284 sub
450 2229 582 2300 ﬁn.)
611 2228 685 2284 ad
720 2227 1039 2287 Maximum
1067 2230 1493 2287 Antiochcnum
1517 2233 1858 2306 episcopum

232 2315 409 2371 scribit
441 2333 452 2372 :
486 2341 516 2366 ‹‹
557 2317 1404 2393 Quidquid,inquiens,przctcr
1425 2321 1706 2394 speciales
1729 2339 1862 2380 cau-

229 2419 310 2459 sas
336 2405 706 2477 synodalium
739 2406 1121 2464 conciliorum
1153 2410 1226 2464 ad
1259 2427 1498 2466 examen
1531 2411 1860 2486 episcopale

231 2493 478 2562 defertur,
533 2500 729 2566 potest
787 2495 1001 2552 habere
1061 2497 1423 2568 diiudicandi
1474 2499 1777 2570 rationem,
1809 2502 1858 2557 si

231 2580 354 2636 nihil
385 2583 452 2638 de
480 2600 555 2638 eo
585 2588 724 2640 esta
739 2585 958 2640 sanctis
979 2586 1246 2658 patribus
1265 2589 1418 2660 apud
1437 2589 1687 2646 Nicatam
1707 2591 1859 2646 difﬁ-

231 2671 418 2726 nitum.
439 2673 595 2737 Nam
613 2673 766 2744 quod
788 2674 860 2732 ab
881 2673 1110 2732 illorum
1133 2677 1349 2749 regulis
1371 2683 1428 2734 et
1447 2678 1861 2736 constitutione

233 2758 520 2829 discordat,
561 2761 894 2834 apostolica:
925 2764 1081 2819 sedis
1111 2782 1414 2837 nunquam
1465 2768 1676 2840 poterit
1708 2769 1862 2826 obti-

232 2864 346 2904 nere
369 2866 753 2906 consensum.
781 2875 808 2900 ››
832 2853 901 2907 Et
929 2852 1078 2908 sacri
1111 2853 1325 2910 Nicaeni
1347 2872 1624 2926 canones,
1647 2874 1863 2928 eosque

233 2945 516 3009 sequentes
537 2939 892 2996 Antiocheni
915 2946 970 2997 et
991 2941 1620 3016 Chalcedonenses,huj
1631 2945 1858 3002 usmodi

229 3028 589 3098 quaestiones,
625 3048 753 3102 qua:
802 3049 906 3104 per
953 3031 1282 3104 provincias
1329 3033 1618 3103 oriuutur,
1652 3035 1865 3106 jubcnt

229 3112 515 3186 discutere,
552 3122 613 3174 et
645 3118 695 3175 si
727 3136 855 3191 quae
881 3120 1146 3177 fortassis
1177 3121 1522 3179 emerserint
1548 3122 1608 3178 in
1640 3123 1866 3196 provin-

225 3201 451 3262 cialibus
491 3209 766 3282 synodis,
793 3208 1028 3282 singula
1075 3229 1321 3284 quaeque
1367 3212 1675 3286 corrigere.
1706 3215 1862 3286 Aga-
1889 3188 1936 3254 ε

225 3291 411 3349 thense
436 3295 766 3352 conc-ilium
795 3298 985 3370 capite
1028 3299 1330 3372 trigesimo
1361 3305 1562 3357 octavo
1593 3305 1738 3372 (ean.
1771 3303 1863 3371 31)

221 3381 474 3453 decrevit,
509 3384 762 3441 dicens:
792 3410 812 3434 ι
838 3387 1338 3460 Monacbos,quos
1354 3391 1661 3446 verborum
1684 3390 1865 3447 incre-

223 3470 362 3540 patio
390 3491 506 3529 non
539 3475 962 3542 emendaverit,
987 3477 1165 3532 etiam
1187 3477 1524 3534 verberibus
1547 3479 1864 3536 statuimus

223 3563 475 3618 coerceri.
513 3586 544 3613 ››
583 3563 750 3629 Quod
781 3569 838 3618 et
883 3571 1085 3620 sancta
1135 3567 1336 3640 regula
1383 3567 1586 3623 eodem
1641 3569 1863 3640 Spiritu

224 3656 428 3720 sancto,
452 3670 577 3726 quo
602 3657 660 3708 et
681 3653 830 3708 sacri
857 3671 1110 3710 canones
1132 3657 1188 3710 in
1211 3657 1556 3712 venerandis
1577 3657 1860 3726 conciliis,

223 3755 312 3812 per
323 3757 385 3798 os
402 3743 564 3801 beati
602 3742 896 3800 Benedicti
929 3745 1317 3818 promulgata,
1338 3747 1594 3802 secundo
1611 3747 1864 3820 capitulo

215 3827 368 3897 jubet
397 3831 886 3905 indisciplinatos
915 3834 1136 3890 scilicet
1163 3839 1220 3890 et
1238 3833 1531 3907 inquietos
1554 3836 1759 3894 durius
1780 3855 1867 3893 ar-

215 3933 398 3989 guere,
432 3927 492 3978 et
521 3921 855 3996 improbos,
890 3926 947 3976 et
977 3924 1155 3979 duros
1203 3942 1270 3979 ac
1319 3925 1603 3996 superbos
1647 3925 1733 3981 vel
1770 3927 1862 3981 iu-

215 4007 544 4066 obedientes
562 4011 873 4068 verberum
891 4010 980 4066 vel
996 4011 1255 4084 corporis
1273 4011 1724 4086 castigationein
1739 4015 1863 4088 ipso

215 4091 366 4155 initio
399 4097 634 4172 peccati
665 4117 950 4168 coercere,
985 4100 1139 4156 sicut
1167 4101 1456 4174 scriptum
1485 4107 1607 4158 est:
1634 4103 1864 4160 Stultus

210 4185 388 4242 verbis
420 4205 543 4244 non
578 4187 916 4262 corrigitur,
940 4194 997 4244 et
1021 4195 1254 4262 percute
1279 4190 1467 4246 ﬁlium
1491 4195 1658 4247 tuum
1680 4192 1860 4266 virga,

211 4277 262 4325 et
291 4273 575 4334 liberabis
609 4276 872 4332 animam
904 4278 1034 4348 ejus
1065 4297 1099 4334 a
1129 4283 1335 4334 morte.
1370 4280 1655 4338 Memores
1687 4281 1866 4354 igitur

207 4363 623 4435 promissionis
641 4383 760 4420 sua:
779 4363 1104 4422 doctrinam
1123 4368 1457 4434 communis
1473 4370 1658 4442 patris
1680 4371 1862 4428 nostri

206 4448 348 4506 beati
379 4453 698 4510 Benedicti
729 4460 1071 4526 sequantur,
1105 4457 1205 4529 qui
1233 4456 1290 4512 in
1323 4461 1483 4514 sexto
1524 4457 1736 4531 regula:
1768 4478 1861 4515 ca-

1963 536 2299 610 ignoranter
2327 557 2440 594 non
2471 537 2665 594 valent
2688 539 2998 609 offendere,
3017 539 3066 594 si
3085 556 3186 610 per
3207 543 3606 612 contemptum

1964 627 2236 700 deinceps
2253 627 2620 695 offenderint,
2633 628 2786 700 quod
2804 625 3056 682 dicimus
3078 627 3220 682 satis
3241 627 3606 700 inviti,quem

1965 734 2080 772 non
2111 718 2465 772 correxerint
2510 717 2706 782 verba,
2741 715 3062 788 suscipicnt
3103 715 3360 783 verbera,
3387 721 3442 772 et
3473 733 3606 772 cum

1965 807 2182 878 gradus
2232 806 2574 878 privatione,
2623 811 2798 877 atque
2829 823 2864 860 a
2894 802 3152 876 corporis
3201 809 3256 858 et
3304 804 3610 878 sanguinis

1965 895 2174 950 Christi
2233 894 2618 966 separatione,
2679 899 2742 950 ut
2785 892 3215 983 .Gothcscalcus
3267 892 3609 964 pertinacis-

1965 983 2154 1039 simus
2199 985 2513 1039 damnatus
2573 988 2680 1054 est,
2732 980 3224 1039 condemnabitur
3279 981 3466 1037 exsilii
3524 980 3610 1036 vel

1963 1073 2241 1146 ergastuli
2301 1073 2696 1146 relegatione:
2731 1076 3023 1145 quatenus
3081 1072 3234 1129 sicut
3279 1070 3610 1144 apostolica:

1966 1161 2120 1217 sedis
2151 1167 2371 1218 statuta
2399 1163 2742 1231 decernunt,
2778 1161 2878 1233 qui
2903 1165 3107 1218 contra
3150 1165 3370 1218 statuta
3414 1165 3610 1218 tenere

1965 1251 2293 1318 tentaverit,
2327 1256 2386 1307 et
2425 1251 2718 1324 prohibita
2765 1252 2942 1308 fuerit
2988 1269 3170 1308 ausus
3219 1250 3546 1317 admittere,
3575 1265 3612 1304 a

1966 1357 2072 1396 suo
2105 1357 2166 1396 se
2198 1341 2419 1396 noverit
2448 1340 2638 1396 ofﬁcio
2671 1341 3163 1410 submovendum,
3195 1357 3300 1396 nec
3348 1356 3609 1402 commu-

1966 1429 2160 1484 nionis
2191 1434 2401 1486 nostrae
2433 1430 2699 1484 futurum
2745 1447 2874 1486 esse
2916 1434 3246 1485 consortem
3284 1429 3386 1502 qui
3415 1427 3612 1485 socius

1965 1535 2093 1574 esse
2125 1519 2314 1574 noluit
2343 1517 2685 1591 disciplinae,
2720 1523 2778 1574 et
2825 1535 2961 1574 cum
3011 1536 3078 1575 eo
3126 1518 3339 1574 habeat
3384 1522 3611 1590 partem

1965 1608 2136 1679 cujus
2165 1607 2330 1680 sequi
2357 1606 2569 1682 delegit
2599 1624 2910 1663 eorrorem.
2943 1608 3055 1665 Sed
3081 1611 3140 1664 et
3165 1606 3367 1682 regula
3407 1611 3615 1662 sancta

1965 1697 2344 1770 professionis
2375 1696 2796 1753 monachorum
2822 1696 3078 1768 capitulo
3123 1695 3406 1768 vigesimo
3451 1698 3612 1751 sexto

1965 1785 2245 1851 decernit,
2274 1789 2340 1840 ut
2372 1784 2590 1842 talibus
2637 1802 2702 1841 se
2751 1785 3013 1858 quolibet
3059 1785 3231 1841 modo
3281 1785 3612 1840 inconsulte

1965 1875 2329 1947 conjungens
2343 1873 3258 1930 sortiaturexcommunicationis
3270 1871 3610 1929 vindictam.

1970 1963 2128 2019 Unde
2159 1963 2308 2018 scire
2339 1962 2591 2018 ﬁdeliter
2619 1962 2893 2035 quisquis
2923 1962 3114 2018 ﬁdelis
3135 1961 3613 2036 debet,quoniam

1965 2050 2101 2106 licet
2129 2056 2231 2106 aut
2260 2051 2706 2124 praepositorum
2733 2049 3002 2108 Ecclesia:
3044 2051 3349 2109 scientiam
3399 2050 3613 2118 latens,

1967 2146 2070 2196 aut
2097 2139 2382 2196 desidiam
2413 2139 2500 2195 vel
2535 2139 2973 2213 negligentiam,
3007 2156 3110 2196 seu
3130 2139 3501 2204 eludens,aut
3519 2155 3616 2212 po-

1968 2234 2240 2285 testatem
2273 2229 2444 2285 modo
2475 2228 2737 2302 quolibet
2765 2227 3223 2302 subterfugiens,
3248 2229 3320 2286 ab
3341 2227 3436 2284 his
3458 2227 3616 2300 judi-

1968 2319 2215 2376 cialibus
2247 2318 2553 2375 sententiis
2584 2336 2618 2375 a
2648 2317 2869 2391 Spiritu
2910 2323 3133 2386 sancto,
3169 2317 3270 2391 qui
3318 2320 3616 2374 scrutatur

1967 2408 2143 2466 etiam
2175 2409 2466 2481 profunda
2496 2407 2595 2464 Dei
2626 2412 2683 2464 et
2714 2407 2897 2480 replet
2926 2408 3129 2462 orbem
3167 2412 3482 2476 terrarum,
3515 2407 3612 2463 de-

1968 2499 2142 2555 cretis
2168 2501 2301 2553 ante
2331 2495 2532 2553 oculos
2569 2495 2859 2552 humanos
2909 2495 3176 2566 evaserit,
3209 2497 3268 2551 in
3301 2501 3614 2568 conspectu

1968 2594 2164 2652 tamen
2193 2586 2317 2658 Dci,
2343 2587 2514 2658 cujus
2545 2585 2730 2642 oculis
2762 2587 2920 2642 nuda
2939 2589 2996 2641 et
3017 2589 3216 2658 aperta
3235 2591 3377 2642 sunt
3394 2587 3614 2653 omnia,

1970 2682 2028 2732 et
2056 2677 2154 2748 qui
2193 2676 2326 2732 fecit
2356 2693 2484 2747 qua:
2517 2676 2714 2732 futura
2734 2679 2890 2742 sunt,
2908 2691 3010 2746 per
3029 2692 3234 2732 eorum
3249 2674 3474 2747 judicia
3494 2674 3618 2748 qui-

1969 2766 2081 2821 bus
2111 2764 2256 2820 dixit
2287 2781 2300 2819 :
2333 2765 2448 2820 Non
2480 2781 2569 2820 vos
2599 2765 2727 2820 estis
2772 2765 2869 2836 qui
2915 2763 3228 2836 loquimini,
3253 2764 3346 2820 sed
3374 2763 3615 2834 Spiritus

1971 2856 2151 2910 Putris
2183 2855 2366 2921 vestri,
2399 2853 2497 2926 qui
2526 2854 2768 2925 loquitur
2799 2853 2859 2908 in
2887 2852 3035 2908 vobis
3067 2851 3268 2921 (Matth.
3302 2870 3356 2918 x,
3380 2854 3496 2919 20),
3519 2856 3612 2907 et:

1970 2943 2204 3015 Accipite
2239 2941 2508 3013 Spiritum
2553 2948 2818 3010 sanctum,
2851 2955 3082 3012 quorum
3132 2940 3452 2995 remiseritis
3497 2954 3614 3012 pec-

1969 3040 2089 3088 cata
2135 3033 2477 3088 remittantur
2518 3032 2620 3098 eis,
2649 3038 2700 3086 et
2747 3045 2979 3102 quorum
3023 3027 3362 3085 retinueritis
3409 3034 3615 3084 retenta

1969 3129 2098 3178 sunt
2127 3121 2301 3194 (Joan.
2335 3121 2545 3187 xv,22),
2575 3118 2792 3190 quique
2821 3116 2882 3172 in
2912 3116 3055 3173 cmlo
3081 3133 3215 3173 cum
3245 3133 3312 3174 eo
3345 3119 3614 3188 regnant,

1971 3214 2028 3266 et
2059 3211 2116 3265 in
2150 3209 2321 3265 terris
2351 3206 2650 3264 miraculis
2679 3210 3008 3274 coruscant,
3041 3211 3098 3262 et
3135 3209 3203 3262 ut
3247 3205 3452 3262 beatus
3502 3205 3615 3261 Leo

1974 3297 2198 3366 scribit,
2232 3297 2423 3354 adhuc
2453 3295 2762 3352 nobiscum
2811 3295 2870 3350 in
2921 3295 3048 3352 suis
3097 3292 3616 3351 constitutionibus

1970 3387 2192 3454 vivunt,
2223 3403 2574 3459 permanens
2603 3385 2661 3440 in
2686 3383 3008 3458 pertinacia
3034 3401 3144 3440 sua
3173 3383 3391 3456 ligatus
3439 3381 3618 3441 exibit

1973 3477 2044 3533 de
2074 3477 2188 3534 isto
2218 3475 2450 3543 saeculo,
2485 3474 2599 3530 nisi
2629 3491 2732 3547 per
2761 3474 2970 3546 dignos
2999 3472 3348 3546 paenitentiae
3387 3472 3616 3529 fructus

1973 3565 2378 3622 ecclesiasticae
2394 3563 2793 3620 communioni
2809 3562 3127 3636 episcopali
3143 3560 3485 3619 auctoritate
3501 3561 3620 3618 fue-

1974 3654 2050 3710 rit
2079 3642 2406 3734 restitutus.
2439 3651 2796 3708 Pontiﬁcalis
2827 3668 2959 3706 vero
3001 3649 3343 3716 auctoritas,
3375 3654 3434 3706 et
3460 3648 3619 3723 regia

1973 3748 2484 3815 potestas,nccnon
2516 3745 2574 3797 et
2603 3739 2822 3814 quique
2849 3741 3104 3813 praefecti
3135 3739 3497 3807 Ecclesiaa,id
3529 3741 3620 3796 est

1973 3832 2294 3906 presbyteri
2343 3835 2401 3887 et
2449 3829 2936 3911 monasteriorum
2996 3833 3267 3896 rectores,
3299 3845 3404 3902 pro
3460 3832 3618 3885 certo
3706 3894 3714 3898 _

1974 3923 2128 3978 sicut
2155 3923 2452 3977 credimus
2482 3920 2677 3976 sciunt
2706 3937 2775 3976 ex
2818 3936 2986 3976 sacra
3029 3919 3302 3987 lectione,
3335 3917 3435 3974 ubi
3466 3917 3620 3974 inter

1973 4009 2088 4066 alia
2118 4009 2404 4068 desidiam
2440 4007 2561 4064 lleli
2591 4007 2911 4064 sacerdotis
2939 4023 3078 4080 erga
3104 4010 3435 4085 peccatores
3465 4003 3619 4063 ﬁlios

1973 4117 2112 4158 suos
2153 4097 2490 4154 terribiliter
2535 4096 2844 4154 multatam
2889 4095 3112 4169 legunt,
3145 4099 3204 4150 et
3231 4095 3516 4166 scriptum
3547 4093 3617 4148 de

1973 4189 2229 4260 quodam
2289 4203 2423 4260 rege
2479 4185 2803 4252 inveniunt,
2843 4185 2984 4252 Quia
3038 4183 3323 4250 dimisisti,
3352 4179 3618 4238 videlicet

1973 4277 2098 4334 sine
2131 4275 2349 4332 ultione
2379 4274 2594 4340 debita,
2630 4275 2810 4329 virum
2841 4279 3010 4329 morte
3036 4271 3285 4342 dignum,
3306 4271 3412 4326 erit
3429 4270 3620 4334 anima

1972 4375 2066 4424 tua
2086 4383 2186 4439 pro
2215 4366 2402 4422 anima
2430 4364 2608 4429 illius,
2638 4370 2689 4418 et
2711 4363 2944 4434 populus
2968 4369 3094 4416 tuus
3117 4375 3220 4431 pro
3241 4359 3441 4430 populo
3462 4358 3617 4414 illius

1971 4457 2071 4524 (III
2097 4457 2222 4526 Reg.
2259 4472 2346 4520 xx,
2381 4455 2504 4521 42);
2533 4452 2684 4508 sicut
2713 4453 2952 4506 sanctus
2981 4447 3296 4522 Gregorius
3316 4446 3389 4504 ad
3437 4447 3614 4502 Euse-

203 4537 375 4608 pitulo
405 4560 480 4597 ex
513 4541 866 4624 prophetico
892 4543 1226 4600 testimonio
1257 4546 1434 4603 dicit:
1461 4547 1540 4615 Si,
1566 4548 1858 4621 inquiens,
1895 4558 1940 4624 D
1971 4545 2134 4600 bium
2169 4541 2671 4614 archiepiscopum
2691 4539 3094 4610 (lib.vu,epist.
3109 4535 3164 4608 6)
3187 4535 3429 4598 scribit:
3457 4557 3484 4586 α
3508 4533 3617 4602 Qui

203 4643 234 4679 a
260 4626 427 4686 bonis
459 4620 728 4704 eloquiis
775 4632 1072 4690 interdum
1121 4640 1358 4708 propter
1400 4620 1860 4696 taciturnitatem

199 4714 362 4773 debet
390 4721 613 4789 taceri,
643 4726 866 4793 quanto
899 4723 1088 4798 magis
1118 4742 1152 4778 a
1181 4724 1350 4780 malis
1387 4726 1580 4782 verbis
1629 4731 1864 4799 propter

201 4821 425 4875 pemam
447 4810 688 4882 peccati
707 4811 879 4868 debet
894 4811 1147 4868 cessari?
1161 4814 1309 4881 Quid
1321 4814 1477 4882 enim
1489 4815 1658 4886 pejus
1674 4819 1863 4888 potest

197 4893 302 4952 dici
330 4915 524 4968 quam
563 4899 702 4954 ﬁdei
735 4899 1068 4972 symbolum
1091 4921 1125 4956 a
1145 4901 1375 4976 Christo
1402 4904 1766 4971 traditum,ct
1788 4905 1860 4960 ab

196 4985 477 5056 apostolis
510 4987 1044 5062 apostolorumque
1090 4991 1528 5050 successoribus
1576 4993 1860 5064 praedica-

195 5073 331 5144 tum,
349 5073 411 5132 in
439 5093 673 5149 magno
696 5075 926 5138 Nicamo
949 5077 1192 5136 concilio
1212 5086 1471 5154 mystch
1493 5082 1860 5137 sacerdotum

193 5179 436 5221 numero
460 5168 916 5240 confirmatum,
941 5168 1442 5242 pestilentissimo,
1467 5169 1858 5242 pertinaciter,

189 5255 241 5306 et
269 5269 336 5309 ex
364 5254 588 5311 studio
620 5255 834 5312 violare
856 5261 1032 5329 atque
1055 5257 1390 5328 convellere,
1412 5277 1545 5316 cum
1563 5258 1865 5334 Scriptura

187 5341 337 5398 dicat
360 5361 374 5398 ;
401 5345 554 5418 Siue
571 5345 684 5415 ﬁde
706 5347 1044 5418 impossibile
1062 5357 1141 5405 est
1157 5351 1371 5422 placere
1389 5351 1492 5406 Deo
1508 5355 1530 5407 Ξ)
1549 5353 1618 5406 Et
1639 5351 1779 5424 quia
1800 5351 1860 5406 in

188 5433 296 5487 tam
332 5433 623 5504 maxima
650 5452 984 5508 causa,qua:
1004 5436 1103 5494 illa
1135 5439 1328 5512 magni
1362 5439 1510 5494 Petri
1534 5445 1700 5495 rectae
1724 5457 1859 5495 con-

183 5520 464 5577 fessionis
496 5527 678 5594 petra
707 5529 818 5590 est,
852 5543 1033 5598 supra
1065 5545 1242 5598 quam
1273 5527 1560 5584 Dominus
1601 5527 1862 5584 fundavit

185 5605 520 5696 Ecclesiam
557 5628 756 5682 suam,
787 5613 882 5670 cui
915 5619 1072 5692 444
1103 5617 1260 5674 dedit
1284 5617 1486 5674 claves
1538 5617 1700 5690 regni
1747 5635 1858 5673 cce-

1972 4651 2087 4689 non
2146 4631 2382 4704 Currigit
2438 4629 2771 4696 rcsecanda,
2820 4626 3156 4684 committit.
3191 4647 3220 4675 ››
3250 4627 3322 4682 Et
3375 4629 3618 4680 sanctus

1971 4722 2340 4796 Augustinus
2369 4737 2438 4774 ex
2467 4717 2757 4775 sententia
2785 4717 2938 4774 beati
2989 4715 3150 4772 Pauli
3199 4713 3468 4788 apostoli,
3501 4731 3620 4786 qua

1970 4811 2111 4869 dicit
2143 4829 2156 4866 :
2191 4811 2365 4866 Nolite
2392 4809 2794 4865 communicare
2822 4807 3078 4880 operibus
3099 4807 3455 4878 infructuosis
3473 4811 3615 4859 tene-

1971 4902 2216 4971 brarum,
2261 4900 2440 4971 magis
2481 4905 2662 4954 autem
2707 4905 2760 4953 et
2803 4896 3116 4966 redarguite
3163 4894 3377 4968 (Ep/ws.
3419 4910 3472 4958 ν,
3506 4891 3612 4962 11),

1970 4990 2030 5045 in
2063 5005 2330 5046 sermone
2371 4987 2442 5043 de
2489 4986 2680 5044 verbis
2729 4983 3024 5058 Evangelii
3073 4989 3256 5054 (serm.
3295 4981 3378 5052 18)
3409 4980 3613 5036 eodem

1971 5097 2148 5136 sensu
2179 5077 2452 5150 explanat
2485 5092 2499 5131 :
2533 5100 2560 5126 «
2596 5077 2741 5142 Non,
2776 5073 3071 5148 inquiens,
3105 5071 3464 5144 negligentes
3487 5065 3616 5122 sitis

1973 5170 2030 5224 in
2063 5165 2420 5241 corrigendis
2459 5165 2688 5232 vestris,
2721 5165 2794 5225 ad
2843 5180 3041 5220 curam
3092 5158 3313 5218 scilicet
3359 5159 3613 5212 vestram

1971 5274 2206 5330 quoquo
2255 5256 2427 5312 modo
2487 5253 2932 5328 pertinentibus,
2983 5248 3294 5314 monendo,
3329 5243 3614 5312 docendo,

1970 5347 2278 5412 hortando,
2312 5344 2602 5399 terrendo.
2635 5343 3093 5412 Quibuscunque
3132 5335 3322 5391 modis
3371 5331 3614 5405 potestis

1971 5437 2144 5509 agite,
2180 5451 2250 5489 ne
2281 5450 2414 5488 cum
2449 5431 2722 5488 invenitis
2753 5431 2812 5484 in
2836 5425 3152 5498 Scripturis
3173 5422 3306 5478 etin
3331 5421 3612 5495 exemplis

1970 5529 2328 5602 sanctorum,
2363 5522 2482 5578 sive
2511 5521 2610 5593 qui
2645 5523 2798 5588 ante,
2830 5518 2950 5573 sive
2981 5513 3082 5587 qui
3123 5516 3255 5584 post
3298 5513 3614 5568 adventum

1972 5601 2030 5672 in
2064 5615 2170 5684 hac
2196 5613 2314 5684 vita
2355 5611 2611 5680 fuerunt,
2644 5607 2799 5681 quod
2851 5603 2993 5668 mali
3045 5603 3229 5660 bonos
3279 5601 3340 5661 in
3389 5601 3614 5660 unitate
3705 5661 3710 5666 _
