3962 6178
387 368 505 432 507
1305 375 1694 445 HINCMARI
1739 381 2190 448 RHEMENSIS
2234 385 2854 454 ARCHIEPISCOPI.
3653 387 3758 452 508

387 520 536 598 non”
559 504 877 598 maculant,
927 509 1264 570 efﬁciamini
1315 515 1464 588 pigri
1523 517 1594 572 ad
1653 516 2028 590 corrigendos
2057 516 2110 584 Α
2139 517 2375 577 habeant
2402 521 2449 593 (ι
2481 523 2612 579 Tim.
2647 542 2704 590 v,
2733 525 2844 597 20).
2878 523 3042 592 Quod
3080 523 3151 581 de
3197 523 3292 582 his
3337 525 3493 582 440
3525 522 3761 598 peccatis

387 594 542 686 445
573 595 780 654 malos.
813 598 1052 658 Duobus
1085 603 1274 660 modis
1303 622 1416 660 non
1448 609 1502 662 te
1531 606 1784 662 maculat
1816 607 2026 674 malus,
2137 609 2540 681 accipiendum
2571 618 2661 668 est
2689 594 2814 686 quae
2845 631 2961 670 non
2989 613 3190 682 latent,
3215 631 3286 670 ne
3314 594 3764 670 contra—Domini

387 683 437 739 si
469 701 584 774 non
615 689 946 746 consentias
977 697 1034 747 et
1065 695 1401 766 redarguas,
1428 695 1538 753 hoc
1589 701 1679 752 est
1725 713 1839 752 non
1871 714 2028 752 com-
2140 700 2494 756 sententiam
2526 683 2766 774 putetur
2792 702 3043 760 locutus.
3070 702 3170 759 llle
3198 702 3352 759 enim
3377 701 3518 758 dicit
3541 718 3554 756 ε
3577 701 3638 757 Si
3653 717 3762 773 pec-

390 773 712 845 municare,
745 795 859 834 non
893 784 1218 840 consentire
1251 801 1264 839 :
1299 790 1357 841 et
1378 786 1518 857 quia
1539 803 1746 858 parum
1769 792 1892 843 erat
1915 804 2027 842 non
2138 789 2342 844 caverit
2369 791 2429 844 in
2457 798 2506 846 te
2528 773 2708 862 frater
2731 800 2876 860 tuus,
2908 794 3122 864 corripe
3148 809 3275 848 eum
3300 794 3445 848 inter
3463 799 3512 847 te
3529 799 3582 847 et
3600 793 3766 862 ipsum

387 865 738 953 consentire,
787 867 836 922 si
887 876 1228 942 sequeretur
1284 875 1640 947 negligentia
1685 875 2027 948 disciplinae,
2137 877 2317 932 solum
2345 878 2729 948 (Mutth.xvm,
2763 881 2869 953 15).
2896 880 3310 938 Verumtamen
3343 885 3401 936 et
3445 879 3572 952 ipse
3615 896 3767 935 seve-

388 951 558 1042 blagis
587 956 1002 1030 autem,inquit,
1021 969 1072 1016 et
1099 963 1426 1031 redarguite.
1463 965 1585 1020 Non
1620 981 1754 1036 ergo
1786 982 2028 1020 eonsen-
2141 965 2371 1022 ritatem
2403 968 2784 1041 correptionis
2814 951 2880 1026 eo
2925 986 3111 1042 usque
3159 969 3444 1042 perducit,
3471 951 3544 1023 ut
3571 967 3724 1023 dicat
3751 983 3764 1022 :

387 1041 600 1100 tientes
630 1045 759 1099 sitis
790 1047 980 1116 malis,
1005 1055 1068 1104 ut
1089 1068 1206 1106 non
1237 1053 1571 1123 approbetis
1599 1071 1611 1108 :
1637 1071 1825 1126 neque
1846 1053 2028 1126 negli-
2139 1056 2201 1112 Si
2227 1074 2327 1112 nec
2372 1058 2668 1114 Ecclesiam
2714 1058 2972 1126 audierit,
3003 1041 3078 1116 sit
3124 1041 3228 1114 tibi
3270 1060 3415 1114 sicut
3456 1058 3700 1114 ethnicus
3726 1062 3772 1111 et

388 1135 611 1203 gentes,
645 1138 710 1190 ut
739 1153 853 1192 uon
885 1139 1184 1211 arguatis:
1209 1158 1396 1213 neque
1428 1143 2030 1214 superbientes,utin-
2135 1146 2486 1218 publicanus.
2522 1170 2550 1197 ››
2579 1147 2726 1214 Quia
2763 1149 3071 1219 pastoralis
3118 1147 3440 1204 necessitas
3485 1145 3681 1210 habet,
3707 1161 3770 1199 ne

389 1221 676 1278 sultanter
703 1225 982 1296 arguatis.
1019 1251 1047 1277 »
1079 1233 1145 1284 Et
1173 1228 1313 1285 item
1345 1248 1414 1286 ex
1443 1249 1710 1288 sermone
1739 1233 1810 1288 de
1840 1232 2030 1287 verbis
2139 1253 2244 1308 per
2273 1235 2468 1306 plures
2489 1242 2726 1308 serpant
2745 1237 2874 1293 dira
2889 1237 3175 1311 contagia,
3196 1253 3464 1310 separare
3483 1235 3555 1291 ab
3575 1234 3772 1290 ovibus

388 1311 706 1384 Evangelii,
734 1319 1398 1390 exponens-Apostolum
1437 1321 1722 1378 dicentem
1760 1339 1772 1376 :
1806 1323 2032 1395 Pr0pter
2141 1325 2302 1380 sanis
2333 1325 2684 1391 morbidum,
2716 1326 2788 1381 ab
2820 1325 2918 1382 illo
2948 1326 3042 1382 cui
3073 1325 3218 1381 nihil
3261 1323 3625 1397 impossibile
3659 1323 3777 1394 ipsa

391 1401 532 1472 quod
559 1404 702 1458 exite
725 1404 790 1460 de
816 1407 992 1464 medio
1035 1415 1242 1474 suntm,
1273 1419 1324 1466 et
1351 1413 1716 1482 sapa-mmini,
1747 1411 1884 1467 dicit
1927 1413 2028 1467 Do-
2139 1413 2384 1470 forsitan
2407 1415 2772 1486 separatione
2793 1415 3318 1472 sanandam.Unde
3334 1413 3511 1470 etiam
3535 1412 3775 1468 formam

389 1491 575 1546 minus
624 1493 696 1560 (ll
745 1493 864 1550 Cor.
907 1513 983 1560 VI,
1027 1499 1114 1568 17)
1149 1515 1162 1552 :
1197 1521 1226 1548 «
1260 1499 1410 1564 Quid
1459 1505 1566 1566 est,
1617 1499 1827 1570 inquit,
1878 1499 2031 1554 exire
2141 1502 2309 1576 regiae
2342 1503 2612 1575 potestati
2644 1508 2884 1560 sanctus
2916 1505 3026 1560 Leo
3057 1504 3129 1560 ad
3167 1503 3416 1560 Leonem
3450 1503 3778 1574 Augustum

390 1576 546 1649 inde,
579 1580 691 1636 nisi
723 1582 908 1640 facere
938 1587 1092 1656 quod
1121 1586 1368 1656 pertinet
1383 1588 1454 1644 ad
1473 1587 1898 1660 correptionem
1916 1605 2034 1644 ma—
2139 1595 2246 1664 (ep.
2278 1594 2368 1664 81)
2395 1591 2656 1649 scribens
2687 1593 2798 1650 hoc
2829 1594 3002 1650 modo
3025 1593 3425 1648 demonstrat:
3452 1613 3482 1642 «
3510 1589 3777 1657 Cum,in-

389 1667 894 1742 lorum,quantum
913 1691 1014 1746 pro
1028 1675 1302 1747 uniuscuj
1312 1694 1497 1747 usque
1507 1679 1691 1747 gradu
1715 1682 1890 1749 atque
1911 1693 2035 1748 per—
2143 1681 2746 1754 quiensclementiam
2767 1687 2925 1738 tuam
2945 1682 3230 1739 Dominus
3251 1685 3415 1738 tanta
3433 1679 3779 1736 sacramenti

391 1774 536 1814 sona
565 1760 725 1816 salva
753 1779 892 1833 pace
932 1765 1056 1820 fieri
1105 1765 1335 1836 potest?
1365 1765 1676 1838 Displicuit
1723 1766 1828 1820 tibi
1878 1765 2032 1838 quod
2135 1770 2234 1825 sui
2267 1769 2694 1826 illuminatione
2725 1769 3014 1837 ditaverit,
3046 1769 3224 1826 debes
3253 1768 3669 1824 incunctanter
3695 1765 3783 1821 ad-

389 1847 639 1950 (Ιιιξεεζιιθ
671 1852 946 1921 peccavit,
980 1871 1095 1908 non
1135 1854 1376 1924 tetigisti
1409 1855 1780 1910 immundum
1807 1871 1818 1910 :
1847 1855 2033 1910 redar—
2064 1887 2110 1952 Β
2141 1863 2381 1930 vertere,
2404 1859 2623 1933 regiam
2646 1863 2991 1932 potestatem
3013 1859 3118 1915 tibi
3135 1875 3250 1914 non
3267 1857 3340 1913 ad
3367 1855 3558 1952 solum
3581 1852 3782 1910 mundi

391 1937 592 2009 guisti,
627 1940 982 2011 corripuisti,
1002 1943 1306 2012 monuisti,
1329 1944 1648 2000 adhibuisti
1672 1945 1846 1999 etiam
1871 1943 1918 1999 si
1942 1960 2034 1998 res
2064 1937 2110 1952 ”
2143 1949 2424 2022 regimen,
2459 1949 2559 2004 sed
2594 1947 2846 2003 maxime
2875 1947 2948 2004 ad
2980 1945 3246 2003 Ecclesiae
3289 1944 3630 2019 praesidium
3665 1959 3784 2000 esse

391 2026 581 2099 exegit
609 2043 930 2100 congruam
961 2035 1018 2086 et
1046 2048 1174 2103 quae
1205 2031 1489 2087 unitatem
1524 2050 1638 2088 non
1658 2032 1835 2088 violet
1855 2031 2034 2088 disci-
2143 2037 2437 2102 collatam,
2469 2041 2536 2092 ut
2565 2053 2746 2093 ausus
2780 2037 3034 2092 nefarios
3076 2034 3538 2109 comprimendo,
3571 2037 3633 2088 et
3668 2049 3785 2106 qua

389 2113 636 2186 plinam,
667 2116 833 2174 existi
863 2117 1020 2175 inde.
1057 2143 1084 2170 »
1105 2121 1175 2176 Et
1193 2138 1260 2176 ex
1280 2138 1548 2177 sermone
1569 2123 1639 2177 de
1660 2121 2035 2194 generalitate
2142 2127 2288 2183 bene
2319 2131 2459 2182 sunt
2487 2131 2712 2182 statuta
2739 2127 3040 2194 defendas,
3073 2129 3131 2181 et
3174 2141 3366 2180 veram
3418 2139 3622 2196 pacem
3678 2113 3783 2185 δίε,

390 2203 894 2279 eleemosynarum
925 2209 1142 2280 (incipit
1171 2228 1190 2264 :
1221 2210 1373 2266 Sunt
1401 2209 1500 2282 qui
1533 2209 1910 2275 existimant).
1946 2226 2037 2265 εκ·
2143 2233 2270 2288 qua:
2301 2220 2442 2271 sunt
2469 2216 2702 2271 turbata
2731 2214 3027 2273 restituas.
3063 2211 3492 2272 Sacerdotalem
3531 2226 3786 2283 namque

391 2310 616 2365 ponens
647 2297 1018 2364 sententiam,
1049 2299 1130 2354 Da
1167 2300 1530 2364 misericordi,
1563 2308 1616 2356 et
1655 2317 1726 2355 ne
1768 2299 2035 2371 suscipias
2143 2309 2201 2360 et
2229 2303 2615 2376 apostolicum
2647 2309 2758 2361 tua:
2789 2303 3020 2378 pietatis
3049 2303 3315 2360 animum
3337 2301 3514 2358 etiam
3538 2301 3658 2357 hoc
3679 2316 3792 2356 ma-

387 2391 720 2464 peccatorem
768 2386 965 2455 (Eccli.
1009 2405 1110 2452 xu,
1145 2388 1196 2460 4)
1231 2403 1245 2442 :
1279 2409 1308 2439 «
1338 2388 1482 2455 Duo,
1515 2388 1728 2460 inquit,
1776 2387 1890 2444 ista
1931 2405 2034 2442 no-
2143 2393 2268 2448 lum
2300 2395 2373 2449 ad
2413 2392 2708 2465 justitiam
2760 2392 3002 2450 ultionis
3048 2393 3220 2449 debet
3265 2390 3598 2454 accendere,
3637 2387 3790 2462 quod

391 2462 572 2540 mina,
605 2489 739 2529 cum
772 2474 1025 2532 dicimus
1053 2476 1230 2533 homo
1252 2481 1669 2549 peccator,non
1693 2476 1894 2550 utique
1915 2477 2034 2532 fru-
2144 2462 2800 2554 Constantinopolitanae
2829 2481 3096 2540 Ecclesiae
3116 2479 3430 2555 puritatem
3451 2478 3794 2552 pestilenter

391 2565 513 2617 stra
542 2561 837 2619 dicuntur.
873 2565 1018 2630 Quia
1058 2570 1326 2637 peccator
1370 2569 1478 2626 est.
1510 2566 1734 2638 corripe
1767 2583 1780 2620 :
1813 2561 2040 2638 et'quia
2145 2573 2440 2640 obscurat,
2473 2571 2532 2626 in
2565 2589 2680 2643 qua
2711 2571 3092 2628 inveniuntur
3119 2568 3315 2626 clerici
3345 2568 3586 2642 quidam
3619 2567 3795 2623 hiem-

391 2647 567 2706 homo
585 2655 674 2707 est
689 2651 998 2720 miserere;
1024 2670 1130 2710 nec
1149 2655 1388 2710 omnino
1412 2654 1690 2711 liberabis
1713 2654 1950 2710 homine

2231 2677 2393 2716 orum
2426 2660 2625 2717 sensui
2655 2664 3062 2726 consonantes,
3093 2664 3154 2716 et
3181 2658 3336 2714 intra
3371 2657 3502 2731 ipsa
3544 2654 3795 2714 catholi-

393 2737 506 2794 nisi
537 2755 670 2795 eum
703 2746 1045 2813 persecutus
1076 2742 1256 2800 fueris
1277 2735 1658 2816 peccatorem.
1683 2743 1824 2799 Huic
1845 2743 2036 2800 officio
2145 2767 2347 2805 corum
2379 2749 2603 2806 viscera
2631 2749 3058 2806 assertionibus
3099 2748 3226 2806 suis
3273 2747 3574 2804 hereticos
3623 2747 3793 2816 adju-

393 2828 585 2885 omnis
615 2827 878 2902 invigilat
908 2831 1401 2904 disciplina,sicut
1421 2833 1635 2906 cuique
1660 2833 1877 2905 regenti
1901 2851 1957 2904 ag

2231 2844 2368 2895 ntes.
2403 2839 2467 2896 In
2498 2839 2716 2912 quibus
2745 2837 3151 2906 deturbandis,
3175 2837 3224 2894 si
3249 2838 3424 2894 frater
3452 2853 3622 2892 meus
3647 2838 3795 2891 Ana-

395 2920 452 2971 et
468 2919 911 2974 accommodata
927 2922 1156 2986 est,non
1172 2919 1363 2976 solum
1383 2921 1654 2992 episcopo
1678 2919 1895 2992 regenti
1919 2938 1954 2990 p

2233 2929 2325 2983 ius
2356 2945 2490 2984 cum
2521 2927 2699 2984 nimis
2730 2927 2982 3001 benigne
3014 2925 3200 2998 parcit
3221 2923 3793 2998 segniorinvenitur,

389 3004 524 3061 hem
543 3009 847 3075 suam,sed
871 3007 1049 3064 etiam
1074 3009 1312 3082 pauperi
1337 3009 1554 3081 regenti
1579 3010 1819 3064 domum
1843 3025 2036 3071 suam.
2147 3015 2473 3089 dignamini
2505 3033 2606 3088 pro
2629 3015 2742 3072 {ide
2761 3019 2952 3071 vestra
2973 3013 3148 3070 etiam
3173 3013 3348 3070 istam
3367 3011 3644 3069 Ecclesiae
3662 3029 3799 3086 prae-

392 3094 602 3151 marito
627 3097 848 3169 regenti
871 3099 998 3170 conj
1009 3115 1180 3170 ugem
1204 3117 1395 3164 suam.
1411 3099 1558 3172 patri
1574 3098 1792 3171 regenti
1816 3097 2037 3169 Prolem
2147 3109 2300 3161 stare
2329 3105 2702 3172 medicinam,
2730 3109 2796 3160 ut
2821 3103 2972 3160 tales
3001 3114 3117 3159 non
3148 3101 3339 3158 solum
3360 3101 3432 3158 ab
3455 3101 3668 3157 ordine
3687 3100 3797 3156 cle-

393 3200 582 3251 ευειῐῐι,
606 3185 795 3256 .llldici
826 3189 1045 3260 regenti
1078 3189 1434 3260 provinciam
1464 3186 1791 3258 suam,regi
1816 3185 2034 3257 regenti
2071 3252 2107 3262 _
2146 3195 2386 3262 ricatus,
2421 3194 2520 3250 sed
2555 3193 2729 3250 etiam
2763 3193 2834 3249 ab
2860 3193 3026 3248 urbis
3064 3191 3426 3248 habitatione
3473 3188 3796 3262 pellantur,

391 3276 622 3345 sentem
656 3289 844 3330 Suam-
880 3277 1095 3332 Οῐῐιηϐε
1126 3276 1206 3342 hi,
1241 3293 1374 3332 cum
1408 3276 1544 3330 boni
1577 3278 1734 3341 sunt.
1765 3274 1850 3328 eis
1885 3291 2034 3346 Quos
2064 3252 2108 3319 C
2147 3300 2218 3338 ne
2251 3282 2494 3338 ulterius
2524 3281 2710 3339 sancti
2757 3281 2851 3338 Dei
2903 3279 3102 3354 populi
3153 3294 3555 3353 perversorum
3610 3277 3800 3334 homi-

391 3365 604 3435 regunt
619 3361 763 3419 bene
791 3364 992 3436 utique
1011 3367 1315 3420 volunt.Et
1331 3363 1478 3420 servi
1487 3363 1659 3434 juxta
1680 3361 2036 3436 impertitam
2146 3388 2290 3426 num
2321 3371 2589 3445 contagio
2619 3370 2975 3444 polluantur.
3003 3392 3032 3420 ››

391 3450 466 3506 ab
498 3451 903 3507 universorum
935 3453 1182 3508 Domino
1214 3455 1582 3524 potestatem,
1615 3452 1714 3523 qui
1747 3452 1924 3507 etiam
1958 3469 2040 3507 re-
2217 3460 2334 3516 Nos
2358 3477 2591 3532 quoque
2622 3464 2884 3533 pastores
2913 3463 2972 3516 et
2999 3459 3265 3515 doctores
3295 3455 3465 3514 nobis
3507 3455 3800 3512 commis-

391 3544 594 3612 gentes
624 3539 790 3613 regit,
814 3542 1211 3612 dautopcram
1231 3545 1294 3595 ut
1317 3541 1489 3595 iidem
1507 3540 1617 3612 ipsi
1639 3557 1789 3612 quos
1807 3543 2035 3613 regunt,
2147 3565 2346 3604 sarum
2380 3548 2660 3620 plebium,
2694 3553 2752 3604 et
2779 3547 3036 3620 episcOpi
3057 3565 3124 3604 ac
3145 3547 3570 3620 gubernatores
3600 3543 3801 3600 Eccle-

393 3631 451 3682 et
479 3633 896 3684 conserventur
923 3628 1213 3698 homines,
1244 3633 1301 3683 et
1331 3632 1569 3701 pereant
1593 3631 2040 3700 peccatores.lta
2147 3637 2268 3702 είεε,
2301 3641 2476 3710 atque
2515 3637 3006 3694 monasteriorum
3055 3641 3326 3702 rectores,
3360 3633 3464 3707 qui
3511 3637 3805 3690 vocantur

394 3715 644 3787 implent
684 3717 839 3788 quod
888 3717 1172 3789 scriptum
1219 3722 1326 3784 est,
1360 3719 1439 3772 Da
1483 3717 1846 3784 misericordi,
1878 3727 1932 3773 et
1971 3735 2042 3774 πθ
2147 3726 2410 3792 abbates,
2445 3726 2516 3780 ad
2551 3725 2822 3798 nosipsos
2853 3725 3041 3782 redire
3071 3725 3375 3792 debemus,
3397 3727 3452 3779 et
3482 3721 3804 3796 diligenter

390 3805 660 3874 suscipias
689 3813 1032 3875 peccatorem,
1059 3821 1129 3860 ne
1147 3805 1258 3862 hoc
1280 3806 1337 3862 in
1356 3805 1458 3863 illo
1479 3805 1704 3862 salvum
1730 3807 1884 3878 quod
1909 3824 1954 3878 ρι

2237 3813 2610 3886 endere,quia
2629 3814 2676 3870 si
2710 3813 3036 3870 inebriatus
3057 3817 3148 3870 est
3166 3811 3399 3886 gladius
3420 3811 3522 3868 Dei
3544 3811 3612 3867 in
3633 3809 3801 3876 caelo,

394 3895 558 3946 cator
587 3896 677 3947 est
703 3892 904 3948 velint.
938 3895 1004 3950 Et
1028 3896 1216 3966 impiis
1243 3903 1297 3952 et
1321 3897 1689 3967 peccatoribus
1727 3896 1889 3952 redde
1917 3899 2038 3952 vin-
2146 3906 2204 3958 et
2233 3907 2300 3958 ut
2330 3919 2582 3974 magnus
2615 3903 2822 3959 Petrus
2859 3901 3001 3958 dicit
3031 3919 3044 3956 :
3077 3901 3141 3958 Si
3186 3901 3406 3972 Angelis
3449 3890 3806 3972 peccantibus

393 3977 690 4034 dictam.Et
714 3981 822 4036 hoc
855 3981 1049 4054 ipsum
1084 3984 1236 4054 quod
1259 3983 1426 4056 impii
1447 3987 1504 4040 et
1525 3989 1856 4056 peccatores
1877 3989 2036 4051 sunt,
2145 3993 2408 4048 Dominus
2427 4007 2536 4047 non
2556 3990 2908 4062 pepercit,sed
2936 3990 3262 4047 rudentibus
3292 3990 3504 4061 inferni
3535 3988 3808 4046 deductos

394 4065 658 4124 deleatur
687 4069 746 4124 in
777 4069 882 4126 eis.
913 4073 1146 4142 Bene/ac
1181 4072 1404 4139 humili,
1439 4078 1677 4145 pr0pter
1722 4074 1832 4129 hoc
1884 4075 2039 4145 quod
2149 4081 2210 4135 in
2234 4087 2501 4136 tartarum
2530 4079 2759 4135 tradidit
2785 4077 3128 4144 cruciandos,
3154 4080 3216 4133 in
3228 4077 3508 4151 judicium
3527 4075 3811 4132 reservari

394 4154 636 4212 humilis
668 4163 777 4224 est,
811 4167 862 4215 ct
886 4176 956 4216 ne
983 4159 1194 4216 dederis
1225 4163 1416 4233 impio,
1447 4166 1682 4234 propter
1728 4162 1837 4218 hoc
1885 4163 2039 4234 quod
2148 4151 2225 4238 (ἸΙ
2251 4167 2395 4222 Petr.
2429 4183 2490 4234 ιι,
2523 4167 2598 4234 4),
2633 4183 2740 4221 nec
2769 4163 2938 4221 nobis
2969 4167 3165 4236 parcet
3193 4165 3308 4220 ﬁde
3336 4162 3395 4220 et
3421 4163 3666 4220 actibus
3693 4179 3810 4220 asc

393 4243 613 4317 impius
641 4251 750 4313 est,
785 4250 1044 4320 quoniam
1072 4255 1124 4304 et
1152 4250 1462 4305 Altissimus
1500 4249 1621 4305 odio
1669 4250 1829 4306 liabet
1857 4267 2038 4322 pecca-
2149 4254 2638 4326 apostatantibus,
2673 4253 2826 4310 sicut
2865 4271 2969 4310 nec
3019 4269 3186 4308 sacra
3233 4249 3498 4320 concilia,
3531 4251 3696 4307 utin
3726 4249 3810 4306 eis

392 4341 556 4399 tores,
582 4343 634 4391 et
679 4337 868 4408 impiis
914 4337 1098 4394 reddet
1141 4337 1456 4394 vindictam.
1492 4337 1599 4403 Qui
1649 4343 1867 4406 tamen,
1902 4339 2042 4409 quia
2146 4342 2409 4398 valemus
2438 4341 2712 4415 relegere,
2742 4345 3122 4414 pepercerunt
3149 4338 3440 4413 episcopis
3488 4338 3675 4396 etiam
3707 4355 3810 4394 no~

395 4438 512 4477 non
543 4423 736 4479 solum
767 4430 1099 4496 peccatores
1129 4431 1186 4480 et
1215 4425 1404 4498 impii,
1433 4443 1636 4480 verum
1668 4426 1846 4481 etiam
1867 4431 1924 4481 et
1944 4427 2042 4482 ho-
2149 4429 2679 4486 minatissimarum
2701 4429 3236 4496 sedium,videlicet
3253 4427 3813 4486 Alexandrinaru-

394 4510 584 4566 mines
615 4516 772 4577 sunt,
809 4513 944 4568 facit
973 4513 1109 4569 oriri
1142 4513 1325 4570 solem
1357 4531 1532 4568 suum
1566 4531 1743 4586 super
1773 4514 1956 4570 bonos
1984 4519 2042 4570 et
2146 4517 2449 4585 tiochenaa,
2500 4518 3058 4592 Hierosolymitanai,
3119 4515 3814 4588 Constantinopolitanae,

395 4597 602 4685 malos,
636 4603 694 4655 et
723 4599 872 4672 pluit
899 4603 1284 4674 superjustos
1311 4605 1366 4658 et
1388 4601 1756 4673 injustotha
1775 4601 1920 4658 nulli
1943 4603 2042 4658 ho-
2070 4620 2116 4685 D
2151 4604 2518 4662 Nicodemiae.
2543 4609 2790 4680 Insuper
2808 4610 2866 4664 et
2887 4606 3208 4663 Honorium
3235 4623 3460 4680 magna:
3483 4606 3695 4662 Roma:
3719 4623 3819 4679 pa-

395 4684 537 4741 mini
562 4686 890 4745 claudenda
906 4694 996 4746 est
1017 4689 1437 4761 misericordia,
1466 4690 1608 4747 nulli
1631 4691 1919 4763 peccatori
1939 4692 2044 4748 im-
2075 4684 2078 4685 ⁷
2151 4712 2308 4766 pam,
2341 4695 2482 4767 quia
2504 4698 2708 4752 contra
2736 4695 2913 4751 fidem
2943 4693 3220 4764 sensisse,
3252 4699 3310 4750 et
3338 4710 3511 4767 prave
3540 4695 3816 4750 sentien-

395 4774 599 4846 punita
611 4781 850 4846 peccata
865 4777 1178 4834 relaxanda
1194 4783 1354 4835 sunt.
1366 4802 1392 4827 ››
1407 4780 1477 4833 Et
1489 4777 1546 4834 in
1561 4783 1812 4835 tractatu
1829 4779 2039 4852 psalmi
2148 4784 2306 4840 tibus
2327 4783 2698 4841 consensisse
2722 4785 2986 4840 detectus
3001 4801 3070 4840 ac
3085 4783 3522 4840 evidentissime
3535 4799 3820 4856 compro-

394 4863 696 4920 centcsimi
719 4863 984 4937 vigesimi
1007 4868 1220 4922 noni:«
1237 4866 1514 4938 Quisquis
1535 4869 2038 4941 consenseritpec-
2148 4873 2322 4930 batus
2349 4876 2456 4940 est,
2491 4872 2644 4929 sicut
2672 4872 2732 4927 in
2779 4877 2942 4928 sexta
2989 4873 3210 4946 synodo
3240 4871 3458 4944 (synodi
3487 4888 3542 4927 v1
3574 4880 3695 4928 act.
3730 4873 3819 4942 13)

395 4951 599 5022 catori,
648 4970 760 5008 non
813 4953 1038 5022 alienis,
1080 4956 1178 5012 sed
1230 4954 1354 5011 suis
1403 4961 1699 5028 gravatur.
1733 4957 2042 5014 Consentia
2146 4960 2459 5029 invenitur,
2481 4961 2660 5017 etiam
2694 4965 2826 5034 post
2858 4966 3107 5018 mortem
3136 4959 3820 5027 anathematizaverunt,

393 5039 570 5106 enim,
604 5045 663 5097 et
692 5046 995 5114 peccatum
1027 5043 1268 5100 alterius
1305 5048 1475 5099 tuum
1523 5045 1589 5100 fit
1627 5050 1952 5118 peccatum,
1985 5051 2042 5103 et
2148 5051 2207 5106 in
2230 5050 2340 5106 hoc
2369 5049 2580 5106 saeculo
2612 5049 2989 5106 manifestata
3019 5048 3214 5122 culpa,
3231 5049 3397 5121 justo
3430 5047 3532 5105 Dei
3563 5065 3828 5105 concor-

393 5147 506 5184 non
541 5133 630 5186 est
661 5149 842 5202 quare
871 5133 1136 5203 queraris
1167 5133 1321 5204 quod
1353 5137 1411 5187 te
1444 5137 1679 5205 peccata
1709 5133 1896 5190 aliena
1919 5153 2042 5208 pre-
2147 5140 2356 5196 dantes
2377 5137 2624 5210 judicio,
2657 5139 2814 5210 quod
2837 5139 2964 5210 jam
2995 5143 3192 5212 egerat
3223 5138 3280 5193 in
3313 5135 3560 5194 occulto.
3575 5137 3749 5194 Nam
3771 5135 3826 5194 si

393 5223 558 5274 mant
589 5236 602 5274 :
638 5225 914 5292 premunt
946 5226 1021 5286 te,
1045 5222 1146 5277 sed
1168 5225 1290 5276 tua.
1315 5243 1344 5270 ››
1364 5222 1434 5276 Et
1453 5219 1513 5276 in
1537 5221 1684 5276 libro
1702 5222 1774 5276 de
1795 5223 2033 5296 Correp-
2142 5227 2300 5283 idem
2331 5227 2622 5284 Honorius
2651 5227 2762 5283 hoc
2793 5225 2850 5282 in
2887 5227 3161 5299 prasenti
3183 5226 3395 5284 saeculo
3418 5243 3534 5282 non
3555 5226 3830 5282 meruis-

392 5308 550 5364 tione
581 5311 637 5364 et
666 5309 864 5365 Gratia
895 5326 909 5364 :
945 5331 974 5360 ‹‹
1003 5309 1206 5364 Videte
1238 5326 1309 5364 ne
1338 5309 1472 5381 quis
1505 5309 1726 5365 malum
1756 5328 1858 5383 pro
1883 5313 2035 5378 malo
2145 5319 2254 5384 set,
2287 5320 2346 5372 et
2373 5332 2507 5372 cum
2534 5314 2663 5388 ipso
2695 5315 2905 5371 merito
2939 5315 3009 5371 de
3039 5315 3148 5372 hoc
3179 5313 3390 5372 saeculo
3421 5331 3538 5370 non
3559 5315 3827 5384 exisset,

393 5394 566 5450 alicui
601 5397 821 5454 reddat.
859 5397 965 5453 Ubi
1018 5395 1462 5468 intelligendum
1515 5401 1624 5463 est,
1656 5401 1794 5454 tunc
1842 5401 2037 5472 potius
2147 5404 2258 5460 sibi
2275 5402 3830 5476 potiusquamillinocerentmaledictumjaculantes,

395 5482 616 5538 malum
640 5502 742 5556 pro
769 5485 922 5542 malo
945 5485 1126 5552 reddi,
1147 5485 1195 5540 si
1213 5483 1618 5556 corripiendus
1636 5503 1750 5540 non
1769 5489 2040 5562 corripia-
2147 5491 2786 5564 nonjudiciojustitiae,
2807 5493 2908 5548 sed
2931 5492 3130 5561 livore,
3146 5493 3234 5550 vel
3261 5492 3592 5548 temeritate
3617 5511 3635 5559 ;
3660 5492 3835 5549 sicut

393 5573 454 5623 tu
465 5572 614 5630 r.sed
631 5590 806 5644 prava
827 5573 1298 5630 dissimulatione
1321 5571 1817 5645 negligitur.Dicit
1837 5578 1994 5633 enim
2019 5595 2032 5632 :
2147 5581 2302 5637 bona
2330 5581 2480 5636 facta
2511 5597 2614 5653 pro
2645 5580 2936 5637 defunctis
2961 5581 3084 5638 suis
3107 5582 3304 5654 potius
3323 5582 3409 5638 eis
3429 5587 3703 5652 prosunt
3723 5581 3838 5654 qui

393 5657 675 5717 Peccantes
703 5678 888 5719 coram
916 5665 1170 5720 omnibus
1197 5663 1426 5734 corripe,
1461 5669 1520 5719 ut
1563 5665 1748 5721 (ἀξιενί
1791 5667 2042 5724 timorem
2147 5669 2248 5726 illa
2261 5669 2689 5742 faciunt,quam
2705 5669 2822 5728 illis
2846 5687 2949 5743 pro
2973 5670 3188 5742 quibus
3203 5669 3686 5728 ﬁuntzsitamen
3708 5671 3834 5746 ipsi
