3962 6178
199 395 292 457 509
373 431 376 433 .
1175 385 1276 446 DE
1319 385 1480 447 UNA
1527 383 1631 444 ET
1674 379 1832 442 NON
1875 379 2113 441 TRINA
2163 383 2527 444 DEITATE.

3433 384 3557 448 510

197 523 406 586 defuncti
427 522 483 578 in
505 521 616 578 hac
637 520 756 576 vita
776 537 892 576 non
919 519 1455 584 meruerunt,uteis
1479 517 1536 572 in
1560 516 1659 572 illa
1675 516 1794 571 vita
1821 515 1872 581 Α
1905 519 2031 570 tum
2063 515 2377 588 prophetia;
2415 515 2640 573 Veteris
2671 534 2737 573 ac
2783 517 2924 574 Novi
2961 521 3340 576 Testamenti.
3375 519 3552 588 Quid-

199 619 313 676 ιη
344 628 574 670 suorum
595 609 911 666 viventium
935 609 1240 665 benefacta
1274 609 1550 680 prodesse
1577 624 1792 680 prazva~

195 707 334 764 leant.
349 699 533 774 Legite
556 701 790 756 beatum
810 698 1204 772 Augustinum
1223 697 1281 752 in
1305 696 1610 753 sententiis
1633 713 1796 768 apos-

196 793 296 852 etoli
313 789 555 864 epistolae
578 789 649 844 ad
687 787 1330 852 Thcssalonieenses,et
1361 789 1631 842 sanetum
1655 787 1790 840 Gre-

195 883 377 958 gorium
404 879 543 935 hinc
579 875 895 950 apostolica
925 876 1310 932 disserentem
1347 893 1360 931 :
1399 898 1423 924 u
1461 875 1570 929 Sed
1613 879 1667 930 et
1699 873 1795 946 pia

193 975 339 1028 mater
363 966 616 1024 Ecclesia
646 984 750 1039 pro
781 965 1058 1022 omnibus
1109 966 1166 1020 in
1211 965 1460 1032 Christo,
1496 964 1556 1018 id
1601 968 1690 1018 est
1731 963 1792 1018 in

193 1059 368 1116 unitate
389 1054 684 1112 catholicae
713 1055 876 1128 pacis
909 1072 974 1110 ac
1006 1054 1160 1124 ﬁdei,
1195 1058 1250 1109 et
1279 1053 1337 1108 in
1380 1053 1792 1109 communione

189 1145 399 1220 corporis
441 1161 510 1200 ac
557 1143 864 1216 sanguinis
914 1143 1318 1216 Redemptoris
1365 1159 1430 1198 ac
1473 1141 1791 1198 Salvatoris

188 1235 330 1292 nostri
348 1233 1016 1306 quiescentibus,verum
1039 1238 1095 1290 et
1117 1231 1414 1304 singulare
1435 1231 1787 1286 sacriﬁcium

185 1326 314 1382 oﬂ'ert
333 1341 345 1378 :
367 1340 614 1395 quorum
627 1323 1062 1396 derogationem
1085 1339 1194 1376 non
1220 1321 1531 1393 patitur,ut
1549 1324 1790 1374 sanctus

185 1411 479 1469 Calestinus
501 1411 576 1466 ad
597 1411 926 1468 Gallitanos
962 1409 1166 1466 scribit
1204 1409 1700 1482 episcopos(epist.
1733 1410 1789 1481 8)

183 1501 339 1556 dicens
355 1517 365 1554 :
380 1500 554 1556 Nefas
575 1504 664 1556 est
678 1500 799 1556 hmc
818 1500 937 1573 pati
959 1499 1262 1572 religiosas
1278 1500 1786 1572 animas,quarum

185 1587 460 1658 afﬂictione,
495 1588 636 1662 quia
665 1591 930 1646 membra
960 1592 1161 1646 nostra
1204 1593 1363 1656 sunt,
1394 1607 1500 1646 nos
1552 1607 1787 1661 quoque

181 1677 396 1734 convenit
423 1679 732 1746 macerari,
767 1678 1036 1751 quamvis
1067 1684 1302 1734 maneat
1348 1679 1443 1734 his
1486 1679 1786 1734 beatitudo

181 1766 435 1838 promissa,
454 1767 798 1840 quicunque
821 1769 1149 1841 probantur
1169 1767 1629 1840 persecutionem
1653 1784 1785 1839 pro-

177 1855 574 1930 pterjustitiam
608 1857 918 1924 sustinere,
937 1857 1156 1930 quibus
1183 1857 1324 1929 quid
1347 1857 1649 1929 promittat
1675 1857 1782 1912 Do-
1815 1886 1863 1950 Β

179 1942 336 2000 minus
361 1944 415 2000 in
445 1945 718 2001 futurum
747 1963 1001 2018 sequens
1027 1962 1220 2002 sermo
1253 1945 1535 2013 declarat;
1570 1967 1597 1995 ››
1633 1962 1782 2018 quo-

176 2033 298 2088 niam
326 2033 583 2106 ipsorufn
614 2038 722 2102 est,
757 2035 966 2108 inquit,
999 2051 1246 2108 regnum
1277 2033 1577 2090 caelorum.
1621 2033 1782 2089 Unde

175 2127 374 2192 constat,
406 2128 470 2178 ut
504 2124 668 2180 Felix
714 2141 864 2198 papa
910 2123 1069 2192 dicit,
1104 2128 1162 2180 et
1198 2142 1267 2180 ex
1309 2123 1557 2196 cpistola
1596 2122 1781 2179 sancti

171 2210 427 2283 Augustini
457 2212 540 2268 ad
571 2213 934 2272 B.nifacium
982 2213 1289 2282 discimus,
1324 2236 1352 2262 ‹‹
1387 2211 1779 2285 periculosum

174 2314 274 2354 esse
297 2300 358 2355 de
383 2317 590 2356 eorum
624 2300 1151 2374 meritisjudicarc,
1171 2302 1270 2375 qui
1295 2303 1540 2374 nosjam
1565 2301 1636 2356 ad
1669 2302 1780 2357 Do-

175 2386 358 2443 minum
380 2395 824 2460 praecesserunt,
861 2391 972 2448 nisi
1005 2407 1254 2464 quorum
1291 2390 1598 2447 manifesta
1643 2394 1782 2446 sunt

172 2475 364 2546 scelera,
389 2477 474 2534 vel
506 2497 544 2534 a
575 2483 732 2536 recta
761 2481 874 2536 ﬁde
903 2481 1218 2553 apostasia,
1243 2481 1300 2537 id
1331 2484 1417 2536 est
1450 2499 1483 2537 a
1513 2481 1629 2536 Deo
1659 2481 1778 2536 dis-

173 2565 404 2633 cessio,et
421 2568 478 2622 in
505 2569 596 2624 eis
615 2585 804 2641 usque
821 2569 878 2624 in
902 2570 1079 2626 ﬁnem
1103 2571 1587 2642 perseverantia.»
1607 2569 1775 2625 Illum

174 2654 297 2708 enim
314 2658 561 2723 tantum,
577 2656 625 2714 si
649 2658 825 2714 etiam
845 2676 960 2715 non
984 2659 1286 2730 jndicetur
1306 2660 1377 2715 ab
1407 2659 1665 2728 homine,
1689 2677 1778 2715 se-

173 2747 348 2813 quetur
368 2745 777 2816 anathema,id
809 2752 898 2804 est
927 2765 961 2804 a
990 2748 1106 2804 Deo
1135 2747 1430 2819 alienatio,
1460 2748 1558 2820 qui
1584 2765 1777 2820 perse-

171 2837 392 2889 veranter
417 2834 474 2890 in
507 2835 634 2892 vita
663 2836 777 2892 ista
797 2836 910 2894 ﬁde
929 2837 1014 2894 vel
1037 2837 1312 2910 operibus
1329 2841 1526 2893 manet
1545 2841 1776 2909 aposta-

173 2920 233 2972 ιιι.
257 2922 604 2997 Quapropter
631 2927 998 2997 attendentes
1049 2931 1262 2982 sanctae
1313 2927 1625 2999 Scriptura:
1653 2944 1780 2982 scn-

169 3007 360 3078 tcntias,
407 3013 631 3086 quibus
697 3014 942 3070 dicunt:
977 3014 1190 3083 Modice,
1253 3031 1386 3070 cura
1441 3017 1779 3088 temetipsum

167 3095 286 3160 (Luc.
314 3116 382 3167 ιν,
410 3103 525 3175 27),
563 3106 622 3158 et
653 3120 668 3158 :
703 3103 808 3172 Qui
831 3103 1100 3176 praedicas
1129 3121 1240 3160 non
1283 3105 1586 3176 furandum
1615 3107 1776 3176 fnra—

166 3185 394 3254 risUtom.
427 3207 488 3258 ιι,
522 3192 645 3259 21),
678 3193 778 3264 qui
809 3193 1168 3250 abominaris
1209 3192 1366 3249 idola
1402 3192 1772 3265 sacrilegium

1903 603 2041 676 quid
2075 605 2233 660 enim
2266 607 2418 662 448
2451 607 2694 679 spiritus
2729 607 3044 680 prophetia:
3093 609 3259 677 dixit,
3292 611 3555 666 testimo-

1904 693 2066 748 nium
2097 698 2185 750 est
2215 695 2376 764 Jesu,
2398 696 2518 768 qui,
2553 697 2707 752 sicut
2736 697 3022 769 scriptum
3055 701 3553 764 est,testimonium

1903 783 2060 839 habet
2086 802 2120 839 a
2151 784 2266 853 lege
2294 793 2346 840 et
2369 787 2664 858 prophetis.
2697 786 2766 840 Et
2795 785 2919 858 ipse
2965 785 3106 841 dicit
3153 787 3451 858 apostolis,
3486 805 3552 843 ac

1903 889 2007 943 per
2032 871 2140 928 hoc
2170 874 2447 930 omnibus
2468 875 2803 946 apostolicis
2823 875 2983 944 viris,
3005 875 3105 948 qui
3138 875 3224 931 vel
3253 877 3552 944 verbo,vel

1901 961 2239 1034 scripto,vel
2264 962 2436 1018 etiam
2462 969 2616 1020 recta
2651 965 3124 1037 operatione,aut
3159 982 3263 1036 pro
3285 965 3412 1037 ejus
3444 982 3552 1020 no-

1901 1050 2058 1106 mine
2087 1052 2376 1124 passione,
2410 1051 2493 1106 illi
2527 1053 2926 1109 testimonium
2959 1054 3270 1127 perhibent
3301 1069 3314 1108 :
3347 1055 3411 1110 Et
3437 1071 3548 1123 vos,

1899 1140 2198 1212 inquiens,
2221 1143 2362 1196 mihi
2384 1145 2752 1199 testimonium
2768 1146 3143 1216 perhibebitis,
3179 1147 3277 1218 qui
3303 1145 3372 1199 ab
3392 1145 3552 1201 initio

1896 1246 2107 1285 mecum
2126 1232 2254 1286 estis
2283 1234 2467 1300 (Joan.
2499 1250 2592 1300 xv,
2629 1233 2736 1304 17).
2771 1233 2934 1288 Sicut
2963 1237 3021 1288 et
3050 1233 3362 1306 promissio
3391 1231 3551 1289 illius

1897 1317 2152 1373 veridica
2172 1319 2241 1374 de
2265 1321 2541 1378 omnibus
2571 1321 2694 1378 suis
2722 1326 2811 1378 est
2845 1323 2952 1378 rite
3001 1322 3400 1396 intelligenda,
3435 1341 3552 1396 qua

1897 1409 2044 1464 dixit
2077 1426 2088 1464 :
2119 1411 2246 1466 Ecce
2273 1427 2364 1481 ego
2392 1413 2666 1468 vobiscum
2694 1430 2816 1468 sum
2844 1415 3097 1469 onmibus
3143 1413 3334 1470 diebus
3381 1431 3554 1489 usque

1895 1497 1968 1554 ad
1995 1501 2513 1556 consummationem
2557 1505 2771 1558 smculi.
2805 1503 2986 1574 Cujus
3031 1503 3457 1572 testimonium,
3491 1503 3548 1560 id

1896 1590 1984 1642 est
2005 1604 2181 1656 sacrm
2205 1589 2516 1661 Scriptura:
2533 1590 3010 1662 explanationum
3033 1591 3337 1664 ipsiusque
3359 1593 3550 1666 expla-

1896 1681 2190 1745 natorum,
2217 1677 2558 1734 Theodorus
2583 1679 2641 1734 in
2675 1681 2884 1753 quinta
2910 1681 3149 1752 synodo,
3170 1685 3228 1736 et
3257 1681 3548 1738 Macarius

1893 1763 1954 1820 in
1977 1770 2138 1820 sexta
2157 1768 2376 1839 synodo
2407 1768 2781 1840 detractores,
2805 1774 2862 1826 et
2893 1769 3214 1826 falsitatum
3248 1770 3546 1844 apposito-

1895 1871 1988 1910 res
2019 1854 2233 1910 inventi
2285 1859 2460 1928 atque
2489 1857 2756 1926 convicti,
2787 1859 2860 1912 ab
2891 1858 3207 1930 episcopali
3237 1861 3422 1932 gradu
3454 1860 3549 1916 de-

1893 1942 2013 2010 siti,
2047 1947 2222 2016 atque
2268 1961 2402 1999 cum
2451 1945 2574 2001 suis
2623 1946 3012 2019 complicibus
3069 1947 3462 2014 condemnati,
3491 1951 3548 2004 et

1891 2037 2170 2104 perpetuo
2187 2032 2390 2089 exsilio
2422 2039 2560 2089 sunt
2581 2034 2839 2108 relegati.
2856 2037 3197 2093 Timeamus
3213 2037 3387 2092 etiam
3411 2054 3543 2093 sen-

1889 2121 2134 2176 tentiam
2157 2123 2343 2178 sancti
2375 2123 2666 2180 leestini
2699 2142 2884 2198 papae,
2905 2125 3168 2182 Nestorio
3208 2123 3545 2181 Constanti-

1889 2209 2224 2282 nopolitano
2255 2213 2528 2284 episcopo
2559 2214 2837 2286 scriptam
2887 2215 3063 2287 (epist.
3113 2214 3189 2286 5),
3223 2215 3314 2270 cui
3349 2215 3494 2270 dixit
3527 2230 3540 2270 :

1887 2324 1915 2350 «
1947 2302 2166 2374 Itaque,
2199 2302 2492 2374 inquiens,
2527 2304 2796 2376 quamvis
2817 2305 2944 2376 jam
2980 2305 3156 2360 frater
3203 2304 3455 2377 Cyrillus
3483 2310 3539 2361 te

1889 2389 2152 2463 epistolis
2202 2390 2325 2447 suis
2375 2397 2598 2448 asserat
2646 2397 3014 2461 conventum,
3048 2393 3344 2467 intelligas
3392 2395 3540 2466 volo,
3581 2401 3587 2407 ‘

1889 2484 2021 2553 post
2051 2479 2304 2553 primam
2337 2485 2395 2537 et
2415 2483 2731 2538 secundam
2766 2482 2946 2552 illius,
2977 2484 3204 2540 ethanc
3234 2484 3544 2556 correptio-

1890 2587 2023 2624 nem
2057 2576 2341 2638 nostram,
2369 2589 2545 2644 quam
2579 2576 2804 2629 constat
2853 2590 2981 2629 esse
3017 2573 3144 2644 jam
3186 2573 3438 2642 tertiam,
3467 2574 3540 2629 ab

1888 2659 2266 2720 universitate
2325 2659 2551 2734 collegii
2608 2666 2666 2717 et
2721 2667 3005 2718 conventu
3078 2663 3540 2720 Christianorum

1889 2765 2130 2820 prorsus
2161 2766 2288 2804 esse
2318 2749 2701 2821 disjunetum,
2733 2751 2846 2806 nisi
2893 2768 3026 2807 mox
3072 2769 3199 2824 quae
3231 2752 3542 2808 maledicta

1888 2840 2027 2892 sunt
2058 2837 2444 2908 corrigantur,
2461 2841 2518 2893 et
2547 2837 2658 2894 nisi
2691 2838 2749 2894 in
2780 2856 2908 2895 eam
2938 2839 3090 2894 viam
3117 2841 3338 2909 redeas,
3359 2857 3538 2912 quam

1887 2942 1949 2980 se
1969 2925 2236 2994 Christus
2256 2943 2384 2982 esse
2405 2931 2671 2982 testatur.
2693 2927 2842 2982 Male
2865 2927 2922 2982 in
2954 2927 3111 2983 hunc
3135 2945 3299 2983 arma
3327 2931 3538 3001 despe-

1887 3013 2108 3070 ratione
2139 3015 2392 3086 movisti,
2425 3015 2523 3088 qui
2554 3019 2608 3070 te
2639 3033 2816 3088 super
2849 3015 3132 3072 familiam
3167 3034 3336 3072 suam
3378 3017 3539 3073 velut

1885 3102 2117 3158 ﬁdelem
2150 3104 2614 3176 prudentemquc
2635 3122 2868 3160 servum
2890 3103 3234 3177 permiserat
3251 3108 3386 3160 ante
3406 3120 3537 3160 con-

1886 3191 2070 3246 stitui.
2105 3192 2281 3247 Periit
2313 3191 2416 3248 tibi
2449 3193 2628 3264 hujus
2659 3193 2834 3250 ofﬁcii
2875 3193 3176 3249 beatitudo
3223 3193 3534 3266 promissa,

165 3270 295 3341 facis,
323 3293 633 3335 caveamus
662 3281 758 3350 qui
793 3279 938 3337 alios
967 3282 1258 3356 corrigere
1287 3286 1344 3338 et
1373 3283 1579 3338 docere
1601 3283 1772 3337 debe-
1806 3256 1848 3322 Ε
1886 3280 1985 3352 qui
2019 3298 2132 3336 non
2162 3280 2353 3336 solum
2389 3299 2502 3336 non
2535 3283 2640 3337 das
2671 3283 2867 3337 cibum
2920 3281 2978 3336 in
3019 3285 3300 3355 tempore,
3333 3300 3534 3339 verum

165 3375 286 3429 mus,
300 3369 358 3420 ut
385 3385 498 3424 non
521 3369 809 3442 sacrilege
839 3387 1036 3426 sacras
1068 3369 1402 3442 Seripturas
1424 3371 1773 3444 interpretes

164 3463 283 3505 mur.
297 3453 438 3511 sicut
455 3457 658 3524 Arius,
675 3459 1068 3527 Macedonius,
1083 3459 1470 3525 Nestorius,et
1485 3459 1774 3532 Eutyches

165 3550 299 3608 agere
316 3548 1006 3618 praesumpserunt,unde
1036 3546 1252 3602 ultione
1274 3547 1466 3602 divina
1491 3553 1544 3603 et
1566 3565 1772 3603 censu-

162 3641 212 3680 ra
235 3631 510 3702 canonica,
536 3633 712 3690 Arius
739 3635 795 3690 in
827 3636 1078 3702 Nicaena,
1113 3637 1486 3692 Macedonius
1535 3636 1593 3691 in
1635 3637 1776 3692 Con-

163 3716 666 3791 stantinopolitana,
701 3723 1004 3779 Nestorius
1035 3723 1093 3778 in
1125 3724 1317 3795 prima
1337 3723 1590 3796 Ephesia
1614 3726 1776 3792 ’,Ευ-

158 3802 321 3872 tyches
362 3809 516 3880 apud
571 3809 1022 3879 Chalcedonam,
1056 3828 1190 3866 eum
1241 3813 1516 3868 omnibus
1571 3829 1770 3868 eorum

160 3892 498 3964 complicibus
531 3901 596 3952 et
627 3898 951 3955 fautoribus
974 3902 1114 3955 sunt
1141 3886 1429 3956 damnati;
1455 3901 1774 3958 Caveamus

159 3980 207 4032 ut
230 3980 544 4056 Scripturas
569 4003 683 4042 non
706 3987 1252 4056 detruncemus,nec
1275 3987 1552 4060 quiddam
1583 3991 1642 4044 in
1664 3991 1773 4058 eis,

159 4067 211 4122 ad
236 4073 702 4132 concinnandum
751 4077 1338 4149 conﬁrmandumque
1376 4078 1770 4148 mendacium,

155 4165 352 4230 propter
371 4169 637 4221 nostram
664 4167 1035 4222 statuendam
1060 4165 1432 4232 sententiam,
1457 4171 1657 4222 contra
1685 4185 1774 4224 ca-

153 4243 392 4308 tholicam
414 4255 600 4310 ﬁdem
624 4254 1086 4328 interponantus,
1110 4260 1166 4310 et
1190 4255 1556 4311 inveniamur
1571 4263 1773 4314 contra

153 4330 360 4396 Paulum
381 4342 720 4416 apostolum
743 4343 1138 4399 adulterantes
1167 4345 1408 4400 verbum
1441 4343 1562 4398 Dei.
1588 4345 1771 4401 Reve-

151 4439 351 4484 reamur
362 4431 546 4488 etiam
570 4449 644 4488 ne
655 4433 848 4488 veniat
868 4450 1047 4506 super
1067 4450 1174 4488 nos
1187 4433 1339 4504 quod
1358 4432 1499 4488 dicit
1515 4433 1771 4490 Joannes

148 4515 410 4582 apostolus
441 4519 503 4574 in
537 4519 883 4593 Apocalypsi
917 4537 931 4574 :
966 4520 1256 4588 Contestor,
1291 4520 1585 4592 inquiens,
1621 4525 1774 4578 omni

147 4603 360 4676 audienti
403 4611 577 4665 verba
617 4611 924 4682 prophetia:
965 4611 1098 4666 libri
1143 4610 1328 4678 huius,
1361 4612 1414 4665 si
1457 4612 1576 4683 quis
1605 4629 1767 4684 appo-
1800 4627 1846 4690 D

145 4692 289 4745 merit
311 4694 379 4747 ad
405 4697 548 4764 haec,
571 4705 806 4768 apponet
834 4698 972 4754 Deus
1001 4713 1165 4770 super
1191 4697 1356 4753 illum
1388 4699 1583 4770 plagas
1628 4702 1764 4755 scri-

139 4784 235 4844 ptas
262 4783 316 4836 in
341 4784 485 4840 libro
519 4788 642 4851 ista,
677 4793 729 4842 et
754 4789 808 4842 si
835 4789 956 4859 quis
983 4787 1310 4844 (liminuerit
1333 4787 1400 4842 de
1425 4788 1601 4844 verbis
1641 4789 1776 4844 libri

139 4869 406 4939 Prophctiae
434 4874 628 4948 hujus,
659 4878 870 4946 auferet
916 4877 1053 4932 Deus
1097 4885 1310 4949 partem
1355 4878 1471 4950 ejus
1517 4877 1582 4932 de
1628 4878 1770 4934 libro

139 4957 262 5025 vitae,
281 4969 332 5016 et
363 4962 432 5018 de
459 4965 680 5020 civitate
705 4973 887 5021 sancta
917 4964 982 5021 de
1011 4965 1098 5021 his
1147 4981 1274 5038 qua?
1320 4967 1524 5037 scripta
1552 4975 1681 5022 sunt
1710 4970 1770 5022 in

141 5041 256 5101 libro
284 5051 381 5106 isto
409 5051 599 5124 (Apoc.
634 5069 773 5120 xxv,
811 5054 896 5124 18)
951 5053 1080 5108 llam
1125 5058 1359 5126 propter
1402 5054 1767 5112 infalsatores

137 5128 273 5204 dixit,
292 5156 404 5194 non
435 5144 678 5214 propter
697 5159 796 5196 eos
819 5141 917 5212 qui
941 5141 1285 5214 simpliciter
1323 5143 1478 5215 quod
1507 5144 1768 5199 sentiunt

137 5219 399 5294 dicunt,in
417 5229 588 5285 nullo
611 5228 916 5302 prophetia
937 5229 1206 5285 mutilata
1223 5231 1308 5286 vel
1333 5230 1774 5304 vitiata.Apoca-

134 5303 320 5382 'YPBim
343 5317 571 5390 quippe
591 5317 730 5375 Jesu
753 5317 970 5374 Christi
991 5319 1228 5374 tradunt
1249 5319 1515 5376 doctores
1535 5303 1772 5374 catholi-

134 5397 173 5452 ci
199 5406 739 5478 recapitulationem
762 5411 820 5464 et
841 5407 1167 5464 clausulam
1188 5425 1317 5466 esse
1352 5408 1532 5465 totius
1553 5412 1765 5464 sancta:

133 5485 444 5566 Scriptura,
468 5499 532 5550 et
561 5513 663 5567 per
685 5496 795 5552 hoc
827 5514 1038 5552 nomen
1070 5515 1300 5552 omnem
1323 5497 1659 5553 canonicam
1685 5497 1766 5552 in-

133 5577 285 5652 telligi
316 5585 542 5641 debere
561 5585 943 5658 Scripturam,
969 5586 1122 5642 sicut
1149 5591 1205 5642 et
1236 5585 1344 5642 hoc
1364 5588 1517 5658 quod
1544 5587 1758 5643 ibidem

131 5666 388 5742 scriptum
421 5678 521 5730 est
551 5677 915 5732 testimonium
941 5676 1068 5732 Iesu
1095 5675 1554 5748 interpretantur
1582 5676 1755 5748 spiri-

1884 3369 2064 3425 etiam
2094 3388 2312 3426 veneno
2343 3370 2642 3440 interﬁcis,
2677 3389 2825 3444 quos
2875 3371 2972 3428 ille
3018 3389 3124 3428 suo
3169 3372 3453 3446 sanguine
3481 3375 3540 3428 et

1885 3476 1994 3515 sua
2033 3464 2216 3514 morte
2266 3459 2552 3532 quaesivit.
2590 3484 2616 3510 υ
2647 3461 2718 3516 Et
2749 3461 2820 3516 de
2866 3461 2960 3518 bis
3011 3461 3248 3534 quidem
3290 3461 3432 3518 satis
3463 3462 3538 3517 sit

1883 3547 2388 3603 dictum.llcstant
2417 3553 2614 3605 autem
2647 3551 2838 3606 adhuc
2871 3551 3038 3624 plura
3069 3551 3138 3606 de
3173 3550 3536 3607 Gothescalci

1883 3635 2491 3710 blasphemiis,contra
2516 3656 2643 3711 quae
2665 3656 2781 3694 non
2812 3639 3192 3711 disputatoris
3214 3639 3534 3702 ofﬁcio,sed

1883 3723 2241 3798 simplicium
2282 3726 2650 3798 providentes
2689 3727 2924 3794 auxilio,
2947 3727 3098 3784 sicut
3128 3727 3534 3801 praecedentia,

1883 3811 1967 3868 sic
1997 3817 2052 3868 et
2071 3813 2193 3868 haec
2217 3831 2345 3887 ane
2372 3818 2702 3888 sequuntur
2739 3817 2809 3872 de
2853 3815 3086 3872 Patrum
3110 3815 3534 3873 catholicorum

1882 3901 2056 3957 dictis
2087 3901 2452 3975 collegimus,
2485 3922 2556 3960 ne
2585 3903 2916 3961 videremur
2961 3923 2995 3960 a
3043 3905 3442 3962 nescientibus
3473 3905 3533 3960 in

1881 3991 2260 4064 responsione
2285 3993 2356 4048 ad
2378 4009 2582 4048 omnes
2607 3992 2968 4050 Gotbescalci
2993 3995 3212 4050 naenias
3227 3993 3484 4050 defuisse
3517 4010 3530 4049 :

1882 4095 2014 4135 cum
2062 4081 2120 4136 S.
2156 4080 2360 4137 Petrus
2397 4082 2607 4154 jubeat
2658 4099 2764 4138 nos
2809 4085 3042 4154 paratos
3089 4101 3236 4147 esse,
3271 4082 3535 4155 quolibet

1883 4170 2052 4222 modo
2085 4169 2410 4240 pulsamur,
2436 4171 2504 4226 ad
2548 4169 3006 4226 satisfactionem
3053 4171 3210 4226 omni
3246 4171 3528 4242 poscenti.

1882 4255 2139 4329 Denique
2157 4263 2288 4330 post
2311 4258 2642 4331 praemissas
2665 4277 2804 4315 suas
2831 4259 2889 4314 in
2904 4260 3086 4315 Deum
3111 4257 3526 4330 blasphemiae,

1880 4349 2080 4401 contra
2111 4364 2257 4418 quas
2299 4365 2366 4402 ex
2413 4345 2834 4402 catholicorum
2865 4348 3168 4403 doctorum
3202 4345 3526 4411 sententiis,

1881 4438 1936 4488 et
1963 4435 2321 4506 generalium
2355 4435 2710 4509 synodorum
2733 4435 2997 4507 judiciis,
3023 4452 3203 4506 supra
3234 4434 3528 4506 respondi-

1881 4539 2034 4592 mus,
2068 4524 2482 4581 Gotliescalcus
2513 4523 2804 4592 subnexit,
2839 4523 3040 4578 dicens
3073 4539 3085 4578 :

2663 4665 2735 4722 ΙΙ.

1951 4811 1978 4838 ‹‹
2012 4789 2117 4855 Qui
2149 4789 2393 4846 credunt
2425 4794 2596 4861 atque
2621 4789 2828 4845 dicunt
2857 4789 3012 4862 quod
3048 4807 3161 4844 non
3195 4789 3379 4862 possit
3399 4806 3530 4846 auc-

1879 4902 1906 4928 «
1941 4879 2229 4934 toritative
2290 4896 2475 4952 neque
2523 4896 2650 4935 vere
2701 4879 2814 4934 dici
2865 4879 3256 4949 deitastrina,
3287 4883 3530 4936 cernant

1881 4990 1902 5016 ε
1937 4972 1993 5023 et
2022 4967 2217 5040 legant
2253 4967 2309 5021 in
2350 4967 2498 5023 libro
2529 4969 2600 5024 de
2630 4972 2833 5024 sancta
2865 4969 3106 5042 synodo,
3141 4967 3238 5041 qui
3273 4969 3525 5038 scriptus

1881 5079 1902 5106 α
1937 5060 2026 5112 est
2057 5055 2110 5110 in
2137 5055 2586 5123 Graeco,scilicet
2608 5055 3146 5129 Constanopolitani
3167 5056 3524 5127 subjuniore

1879 5167 1901 5194 ι
1935 5145 2334 5214 Constantino,
2361 5151 2641 5202 acentnm
2669 5143 3524 5220 quinquaginlaPatribusjure

1881 5235 2251 5291 «damnatos
2307 5239 2367 5290 et
2415 5235 2936 5290 anathematizatos
2968 5235 3210 5289 Arianos
3269 5230 3524 5287 colentes

1877 5346 1902 5371 α
1938 5333 2243 5396 τρςθεοτείας,
2277 5323 2335 5379 id
2365 5327 2454 5379 est
2484 5327 2602 5378 tres
2649 5323 2915 5388 deitates,
2946 5325 3004 5377 et
3053 5325 3245 5376 tamen
3293 5318 3350 5373 in
3394 5319 3522 5390 ipso

1876 5433 1902 5459 (ε
1939 5417 2362 5485 consequenter
2381 5411 2714 5468 continetur
2741 5408 3055 5476 volumine,
3075 5409 3128 5461 in
3161 5407 3348 5462 edicto
3371 5407 3524 5462 scili-
3589 5430 3599 5439 -

1873 5523 1900 5547 «
1935 5505 2026 5554 cet
2056 5499 2444 5572 Constantini,
2478 5499 3028 5573 congloriﬁcandam
3074 5495 3288 5551 trinam
3339 5495 3520 5552 deita-

1870 5610 1897 5638 α
1933 5610 2072 5644 tem.
2109 5613 2130 5642 ι

1933 5591 2182 5733 ξῗὲῗίὲἱο
2235 5682 2293 5733 et
2342 5677 2465 5750 ipse
2505 5694 2566 5732 se
2616 5673 2930 5745 redarguit,
2967 5677 3024 5730 et
3080 5673 3516 5750 compilatorem
