3962 6178
188 279 286 348 5l.7

1183 275 1284 338 DE
1328 277 1494 340 UNA
1537 277 1640 338 ET
1682 277 1841 338 NON
1883 275 2125 338 TRINA
2168 278 2528 340 DEITATE.

3441 245 3559 346 eis

188 409 744 480 beatitudinis,atque
757 407 934 464 unius
952 410 1811 481 potestatis,uttrinasitunitas
1836 411 1894 476 Α
1921 409 2090 477 citur,
2106 411 2243 482 quia
2264 416 2351 466 cst
2371 411 2420 467 ei
2449 411 2615 466 Pater
2639 427 2652 466 :
2675 412 2761 467 sic
2781 417 2838 468 et
2869 413 3120 486 Spiritus
3139 421 3380 474 sanctus
3408 419 3560 474 rela-

189 504 236 556 et
253 515 358 554 una
387 497 464 552 sit
492 496 770 563 Trinitas,
781 497 952 568 juxta
973 497 1131 553 vocis
1163 499 1476 555 Dominicae
1505 499 1806 554 veritatem

189 587 316 645 ειῦῦ
353 585 642 642 dicentis:
677 586 771 652 lie,
793 586 971 642 docete
1007 603 1188 644 omnes
1237 597 1435 660 gentes,
1479 589 1810 661 baptizantes

189 693 260 733 eos
278 677 328 731 in
354 677 579 730 nomine
606 677 786 732 Patris
815 683 866 730 et
894 676 1026 732 Filii
1052 685 1104 732 et
1129 677 1371 750 Spiritus
1399 679 1574 734 sancti
1604 678 1806 750 (Matth.

187 781 354 833 mm,
389 763 502 832 19).
535 763 598 819 In
638 764 895 830 nomine,
929 764 1140 837 inquit.
1174 784 1289 822 non
1338 767 1397 822 in
1447 767 1808 833 nominibus,

190 859 242 910 ut
267 857 318 909 et
343 869 529 908 unum
555 852 737 907 Deum
763 869 865 924 per
883 852 1295 910 indistinctum
1316 843 1526 910 divinae
1545 855 1810 912 essentia:

191 959 371 999 nomen
391 942 745 1012 ostenderet,
764 946 822 998 et
842 959 1227 1014 personarum
1249 944 1660 1002 discretionem
1687 947 1812 1002 suis

189 1033 623 1088 demonstratam
671 1030 1128 1104 preprietatibus
1158 1033 1461 1090 edoceret:
1487 1035 1628 1107 quia
1667 1035 1811 1090 dum

185 1121 348 1177 tribus
362 1135 549 1174 unum
575 1119 810 1176 deitatis
828 1137 1040 1177 nomen
1054 1122 1472 1194 cst,aequalitas
1484 1123 1816 1179 ostenditur

187 1224 567 1282 personarum,
597 1211 654 1264 et
682 1219 890 1264 rursus
919 1209 1223 1282 aequalitas
1255 1227 1636 1284 personarum
1668 1211 1813 1268 nihil

185 1303 522 1364 extraneum,
549 1295 692 1352 nihil
721 1296 992 1354 accidens
1022 1298 1081 1354 in
1105 1300 1191 1356 cis
1219 1300 1506 1372 permittit
1525 1300 1771 1375 intelligi
1796 1319 1810 1358 :

189 1388 258 1442 ita
284 1389 348 1442 ut
376 1383 788 1457 unusquisque
827 1402 1027 1441 eorum
1057 1403 1230 1443 verus
1278 1388 1690 1460 perfectasque
1737 1387 1816 1443 sit

187 1475 338 1540 Deus,
363 1477 422 1530 et
451 1489 659 1529 omnes
686 1477 807 1528 tres
848 1473 1024 1530 simul
1074 1493 1252 1543 unus,
1275 1492 1466 1544 verus,
1490 1478 1816 1548 perfectus-

188 1581 279 1636 que
297 1563 375 1618 sit
397 1563 556 1618 Deus
577 1579 590 1618 :
615 1561 882 1618 videlicet
901 1567 968 1618 ut
986 1579 1054 1618 ex
1079 1562 1446 1636 plenitudine
1471 1565 1814 1635 divinitatis,

189 1651 314 1707 nihil
344 1651 551 1707 minus
581 1651 642 1706 in
673 1650 944 1723 singulis,
970 1651 1116 1706 nihil
1161 1652 1415 1725 amplius
1453 1653 1819 1726 intelligatur

189 1743 234 1796 in
261 1741 506 1796 tribus.»
527 1741 597 1796 Et
627 1740 686 1794 in
713 1739 807 1795 his
828 1739 1038 1810 verbis,
1057 1741 1210 1797 sicut
1238 1746 1295 1797 et
1321 1742 1383 1797 in
1402 1743 1818 1816 suprascriptis

189 1831 319 1888 beati
347 1829 666 1904 Augustini
699 1831 1027 1898 sententiis,
1056 1831 1536 1888 manifestissime
1567 1833 1821 1905 pervide-

191 1926 288 1986 tur,
305 1919 447 1993 quia
467 1919 677 1984 deitas,
695 1935 823 1991 quae
845 1918 1124 1975 trinitatis
1143 1924 1231 1976 est
1252 1920 1472 1989 unitas,
1487 1921 1639 1977 trina
1662 1922 1819 1978 credi

187 2015 235 2065 et
274 2007 388 2064 dici
445 2025 562 2064 non
612 2007 804 2076 debet,
838 2007 936 2063 sed
984 2013 1222 2081 propter
1260 2009 1820 2083 inseparabilitatem

185 2102 233 2154 et
255 2096 647 2170 aequalitatem
679 2095 860 2152 trium
891 2112 1294 2168 personarum,
1321 2115 1447 2172 quae
1469 2117 1654 2155 unum
1683 2104 1824 2156 sunt

187 2185 406 2254 deitate,
437 2183 849 2258 inseparabilis
889 2185 948 2240 in
983 2185 1202 2242 eisdem
1257 2187 1509 2260 singulis
1557 2189 1825 2262 personis

187 2278 292 2330 tota
318 2274 496 2347 plena
521 2277 581 2330 et
621 2274 877 2347 perfecta
907 2273 1062 2331 credi
1095 2279 1150 2330 et
1181 2275 1292 2331 dici
1327 2293 1341 2332 :
1373 2293 1440 2332 ac
1470 2278 1706 2350 praefato
1736 2279 1824 2332 in-

194 2362 412 2418 tellectu
458 2361 879 2435 superscriptio
919 2363 1208 2420 sermonis
1252 2365 1440 2420 sancti
1485 2368 1822 2439 Augustini,

193 2450 327 2508 sicut
370 2450 503 2524 ipse
532 2450 818 2523 exposuit,
852 2451 1021 2507 debet
1067 2451 1336 2526 intelligi.
1365 2455 1436 2509 Et
1465 2455 1603 2526 quia
1634 2456 1706 2510 de
1737 2455 1830 2512 his

192 2538 389 2607 verbis,
414 2555 542 2611 quae
567 2537 849 2594 catholice
871 2555 905 2594 a
925 2539 1228 2596 catholicis
1252 2547 1310 2596 et
1336 2540 1744 2616 intelliguntur
1773 2550 1830 2599 et

192 2628 574 2700 proferuntur,
596 2628 669 2682 ab
699 2626 1005 2694 haereticis,
1030 2627 1184 2683 sicut
1213 2633 1271 2684 et
1297 2630 1368 2685 de
1399 2629 1672 2702 pluribus
1701 2650 1832 2688 san-

190 2719 280 2772 ctae
313 2715 632 2788 Scriptura:
664 2715 878 2784 verbis,
901 2715 1027 2771 visa
1056 2717 1170 2772 seri
1215 2723 1356 2773 sunt
1395 2719 1699 2786 scandala,
1733 2739 1830 2777 or-

195 2805 417 2862 thodoxi
448 2806 716 2862 doctores
767 2810 825 2861 et
880 2805 1145 2878 magistri
1198 2807 1462 2864 Ecclesiae
1523 2809 1580 2864 in
1640 2815 1829 2866 totum

192 2895 350 2950 taceri
382 2893 699 2950 voluerunt
745 2893 962 2950 trinam
995 2895 1304 2968 unitatem,
1337 2896 1492 2953 sicut
1519 2903 1576 2952 et
1613 2898 1829 2954 trinam

195 2982 482 3054 deitatem,
506 2987 564 3038 et
593 2987 711 3038 tres
755 2983 911 3054 apud
953 2983 1190 3040 Latinos
1219 2985 1601 3055 substantias,
1634 2986 1830 3042 dicen-

193 3076 269 3126 tes
287 3071 398 3128 hoc
419 3071 595 3127 modo
617 3088 632 3126 :
657 3071 914 3127 Trinitas
952 3071 1282 3144 appellatur
1301 3075 1457 3146 quod
1497 3075 1600 3129 ﬁat
1641 3080 1830 3131 totum

1917 499 2029 554 tivc
2047 499 2280 563 dicitur,
2295 500 2392 572 qui
2415 505 2503 554 est
2521 501 2704 554 Patris
2727 500 2971 572 l’iliique
2993 504 3262 574 Spiritus.
3280 507 3380 563 His
3402 507 3559 563 cnim

1919 586 2410 660 appellationibus
2449 587 2559 642 hoc
2595 588 2981 660 significatur,
3007 591 3160 646 456
3192 597 3345 665 quod
3387 597 3457 650 ad
3499 613 3562 652 se

1917 675 2163 730 invicem
2188 677 2540 732 referuntur.
2566 677 2711 732 Nam
2733 678 2860 749 ipsa
2881 678 3212 736 substantia
3233 699 3347 754 qua
3379 701 3561 741 unum

1918 769 2076 831 sunt,
2097 765 2339 836 proinde
2359 765 2615 820 Trinitas
2635 766 2689 820 in
2711 766 2968 822 relativis
2985 785 3365 840 personarum
3385 773 3564 827 nomi-

1920 853 2093 908 nibus
2115 857 2223 908 est.
2242 853 2438 909 Deitas
2459 871 2574 908 non
2597 853 2942 926 triplicatur,
2959 858 3058 912 sed
3083 856 3139 911 in
3160 857 3566 930 singularitate

1919 946 2028 1010 cst,
2044 941 2184 1014 quia
2203 941 2250 996 si
2274 942 2344 996 tri
2353 941 2622 1013 plicatur,
2640 943 2882 998 deorum
2904 943 3242 1002 inducimus
3273 946 3570 1018 pluralita-

1919 1036 2059 1085 tem.
2083 1031 2306 1085 Nomen
2330 1036 2525 1086 autem
2549 1031 2788 1086 deorum
2816 1031 2874 1087 in
2899 1033 3124 1106 angelis
3145 1040 3202 1090 et
3223 1036 3446 1092 sanctis
3465 1036 3566 1092 ho-

1921 1118 2182 1174 minibus
2223 1119 2351 1174 ideo
2384 1118 2691 1191 pluraliter
2729 1120 2963 1188 dicitur,
2999 1128 3236 1195 propter
3264 1125 3420 1196 quod
3453 1142 3567 1182 non

1922 1207 2041 1262 sint
2071 1207 2277 1262 merito
2298 1207 2571 1280 aequales,
2596 1208 2666 1263 de
2697 1209 2915 1280 quibus
2948 1209 3236 1280 Psalmus,
3269 1213 3376 1284 Ego
3405 1213 3566 1270 dixi:

1921 1297 2014 1351 Dii
2042 1298 2168 1352 estis
2197 1297 2366 1368 (Psat.
2401 1314 2583 1352 LXXXI.
2605 1299 2663 1365 6)
2687 1315 2700 1352 :
2725 1299 2795 1353 de
2828 1299 2995 1354 Patre
3025 1292 3221 1356 autem
3252 1305 3310 1357 et
3339 1303 3482 1360 Filio
3512 1307 3572 1358 et

1922 1384 2142 1456 Spiritu
2187 1389 2410 1453 sancto,
2437 1390 2673 1458 propter
2716 1404 2896 1442 unam
2939 1393 2994 1442 et
3041 1391 3324 1462 zequalem
3358 1391 3569 1447 divini-

1923 1479 2128 1540 tatem,
2153 1491 2265 1529 non
2298 1492 2510 1529 nomen
2537 1475 2799 1542 deorum,
2825 1477 2924 1531 sed
2951 1477 3052 1532 Dei
3073 1495 3200 1533 esse
3221 1480 3566 1548 ostenditur,

1925 1563 2077 1618 sicut
2106 1563 2187 1617 ait
2217 1563 2528 1634 Apostolus
2561 1581 2574 1618 :
2609 1565 2772 1620 Nobis
2797 1573 2977 1620 tamen
3008 1582 3152 1622 unus
3195 1568 3335 1624 Deus
3365 1567 3412 1640 (1
3441 1573 3569 1626 (or.

1924 1654 2151 1720 vm,6);
2184 1651 2270 1706 vel
2304 1653 2455 1706 sicut
2482 1669 2618 1708 voce
2667 1653 2863 1708 divina
2910 1653 3126 1709 dicitur
3150 1671 3162 1712 :
3189 1656 3348 1725 Audi,
3378 1659 3569 1725 Israel,

1925 1742 2185 1796 Domi-nus
2219 1741 2355 1796 Deus
2383 1749 2508 1797 tuus
2536 1743 2676 1798 Deus
2720 1758 2864 1798 unus
2892 1751 2973 1799 est
3000 1744 3174 1814 (Deut.
3196 1761 3273 1812 VI,
3307 1746 3380 1818 4),
3416 1745 3572 1802 scili-

1927 1829 2061 1885 licet
2091 1834 2156 1884 ut
2183 1836 2241 1885 et
2271 1831 2528 1886 Trinitas
2575 1831 2672 1898 sit,
2695 1835 2752 1886 et
2781 1849 2935 1887 unus
2984 1832 3268 1890 Dominus
3289 1834 3444 1891 Deus
3475 1835 3572 1893 sit.

1931 1917 2100 1972 Fides
2130 1917 2286 1989 apud
2319 1917 2548 1973 Ουωθοε
2569 1917 2639 1973 de
2660 1919 2943 1974 Trinitate
2969 1919 3075 1976 hoc
3108 1923 3282 1978 modo
3301 1928 3390 1980 est
3413 1941 3425 1980 :
3451 1924 3578 1981 Una

1927 2012 2085 2072 οὐσια,
2119 2021 2184 2059 ac
2217 2005 2265 2060 si
2299 2005 2454 2061 dicat
2482 2023 2601 2060 una
2628 2010 2857 2074 natura,
2884 2011 2985 2063 aut
3015 2026 3134 2064 una
3161 2013 3436 2080 essentia,
3457 2017 3577 2069 tres

1930 2094 2295 2166 hypostases,
2321 2094 2476 2165 quod
2509 2100 2742 2150 resonat
2771 2095 2830 2150 in
2862 2097 3157 2166 Latinum,
3180 2099 3270 2155 vel
3299 2105 3418 2156 tres
3447 2117 3576 2173 per-

1931 2199 2128 2254 sonas,
2150 2181 2237 2237 vel
2267 2187 2386 2238 tres
2427 2184 2812 2240 substantias.
2837 2185 2982 2241 Nam
3029 2187 3310 2244 Latinitas
3347 2189 3579 2262 proprie

1933 2290 2050 2328 non
2080 2271 2224 2327 dicit
2244 2272 2315 2326 de
2335 2271 2463 2327 Deo
2495 2271 2606 2326 nisi
2638 2273 2952 2331 essentiam
2979 2293 2992 2332 :
3021 2277 3417 2334 substantiam
3447 2295 3580 2336 vero

1934 2379 2049 2417 non
2092 2361 2320 2433 proprie
2351 2361 2510 2434 dicit,
2535 2363 2635 2418 sed
2678 2363 2936 2432 abusive,
2957 2366 3237 2437 quoniam
3266 2383 3397 2424 vere
3433 2369 3579 2425 sub-

1935 2451 2152 2506 stantia
2183 2451 2337 2522 apud
2375 2451 2602 2507 Graecos
2635 2469 2883 2525 persona
2932 2455 3296 2529 intelligitur,
3331 2473 3445 2512 non
3476 2473 3580 2512 na-

1937 2547 2086 2595 tura.
2112 2541 2180 2594 Et
2209 2539 2344 2596 hinc
2365 2545 2623 2596 sanctus
2663 2541 3048 2614 Hieronymus
3080 2545 3342 2601 scribens
3366 2547 3438 2602 ad
3469 2545 3581 2601 Da-

1939 2646 2170 2684 masum
2227 2645 2438 2700 papam
2497 2629 2636 2684 dicit
2685 2633 2860 2702 (epist.
2887 2635 3062 2700 57):«
3099 2633 3366 2690 Sufficiat
3413 2635 3583 2690 nobis

1938 2718 2129 2772 dicere
2162 2733 2338 2772 unam
2363 2717 2776 2785 substantiam,
2799 2723 2917 2774 tres
2947 2737 3226 2792 personas
3256 2723 3584 2780 subsisten-

1939 2811 2047 2872 tes,
2090 2805 2395 2876 perfectas,
2429 2804 2702 2876 aequales,
2741 2811 3056 2864 coaeternas
3080 2826 3094 2863 :
3121 2813 3422 2866 taceantur
3466 2815 3585 2868 tres

1940 2895 2300 2966 hypostases,
2351 2894 2400 2948 si
2449 2892 2657 2965 placet,
2683 2899 2740 2949 et
2769 2911 2888 2949 una
2927 2899 3194 2952 teneatur
3225 2915 3239 2953 :
3273 2915 3388 2954 non
3419 2899 3584 2954 bona

1941 2980 2294 3052 suspicionis
2323 2983 2432 3048 est,
2457 2995 2591 3034 cum
2623 2980 2682 3034 in
2713 2981 2917 3036 eodem
2947 2999 3126 3038 sensu
3154 2983 3329 3040 verba
3357 2984 3584 3040 dissen-

1940 3071 2116 3125 tiunt.
2141 3069 2406 3124 Sufﬁciat
2441 3064 2612 3124 nobis
2651 3075 2975 3126 memorata
3010 3070 3325 3128 credulitas
3357 3088 3372 3128 :
3405 3077 3506 3128 aut
3533 3073 3585 3129 si

193 3176 362 3216 unum
383 3177 460 3216 ex
480 3159 836 3232 quibusdam
860 3159 1244 3234 tribus,quasi
1267 3145 1544 3232 Trinitas,
1569 3163 1836 3221 videlicet
1864 3145 1907 3212 C
1942 3163 2163 3214 rectum
2186 3157 2406 3228 putatis
2427 3161 2546 3214 tres
2571 3157 2914 3230 hypostases
2935 3175 3069 3215 cum
3093 3159 3584 3234 interpretationi-

190 3250 354 3306 trium
391 3249 616 3316 unitas,
649 3253 714 3305 ut
756 3249 1060 3318 memoria,
1096 3249 1500 3325 intelligentia,
1533 3257 1590 3308 et
1623 3252 1834 3310 volun-

189 3342 288 3404 tas,
309 3340 366 3395 in
390 3338 614 3411 quibus
634 3355 802 3394 mens
820 3339 1000 3394 habet
1019 3338 1079 3394 in
1097 3357 1160 3396 se
1177 3341 1495 3412 quamdam
1517 3342 1833 3415 imaginem

191 3426 388 3483 divina
411 3427 744 3483 Trinitatis.
768 3427 916 3482 Nam
947 3428 1090 3484 dum
1122 3429 1234 3484 tria
1271 3435 1432 3498 sunt,
1455 3443 1640 3487 unum
1675 3437 1834 3500 sunt,

201 3515 326 3585 quia
353 3520 414 3572 et
445 3513 682 3588 singula
702 3515 762 3570 in
784 3533 847 3572 se
867 3521 1126 3583 manent,
1149 3523 1208 3574 et
1237 3519 1435 3576 omnia
1457 3519 1517 3576 in
1539 3521 1834 3591 omnibus,

194 3599 350 3658 Pater
378 3603 569 3676 igitur
587 3606 642 3659 et
665 3603 846 3660 Filius
867 3609 924 3660 et
944 3605 1197 3678 Spiritus
1218 3612 1476 3677 sanctus,
1504 3609 1762 3666 Trinitas
1780 3614 1838 3666 et

193 3690 398 3750 unitas.
438 3693 602 3749 Idem
631 3693 788 3749 enim
822 3711 1028 3765 unum,
1056 3695 1214 3752 idem
1245 3700 1302 3751 et
1329 3697 1460 3764 tria,
1485 3715 1671 3754 unum
1704 3717 1836 3772 pro-

195 3783 312 3851 pter
338 3782 672 3854 majestatis
702 3784 1200 3851 communionem,
1229 3785 1342 3842 tria
1370 3789 1608 3860 propter
1639 3805 1836 3859 perso-

194 3885 392 3926 narum
425 3871 868 3944 proprietatem.
893 3872 1038 3928 Nam
1061 3873 1214 3930 alius
1245 3874 1430 3943 Pater,
1455 3874 1606 3933 alius
1634 3877 1836 3944 Filius,

193 3955 334 4015 alius
366 3959 627 4032 Spiritus
658 3964 922 4026 sanctus,
945 3961 1046 4016 sed
1079 3960 1230 4017 alius
1252 3963 1489 4034 quidem
1511 3981 1626 4020 non
1658 3965 1836 4035 aliud,

192 4047 324 4118 quia
351 4048 578 4122 Pariter
605 4047 853 4121 simplex
873 4049 1207 4122 pariterque
1238 4050 1718 4109 incommutabile
1745 4054 1842 4109 bo-

192 4151 325 4192 num
356 4143 418 4194 et
451 4141 832 4194 coeternum.
863 4137 1032 4194 Pater
1077 4138 1241 4196 solus
1283 4157 1399 4196 non
1449 4145 1539 4196 est
1585 4142 1657 4198 de
1703 4141 1838 4210 alio,

191 4223 311 4281 ideo
339 4226 511 4283 solus
541 4225 873 4300 appellatur
903 4227 1200 4301 ingenitus
1227 4245 1240 4284 :
1267 4229 1448 4286 Filius
1467 4229 1629 4286 solus
1650 4231 1720 4288 de
1741 4231 1840 4288 Pa-

191 4317 273 4368 tre
291 4320 382 4370 est
410 4319 609 4384 natus,
633 4315 764 4372 ideo
794 4314 955 4372 solus
987 4316 1201 4372 dicitur
1229 4317 1462 4389 genitus
1486 4334 1499 4373 :
1520 4319 1682 4376 solus
1713 4321 1842 4394 Spi-

190 4402 334 4459 ritus
363 4408 614 4461 sanctus
645 4405 716 4460 de
755 4405 920 4460 Patre
949 4409 1008 4462 et
1049 4405 1190 4461 Filio
1216 4407 1494 4479 procedit,
1521 4409 1650 4465 ideo
1681 4410 1844 4468 solus

1942 3248 2054 3304 bus
2076 3245 2199 3302 suis
2221 3246 2431 3301 debere
2455 3262 2559 3302 nos
2582 3246 2792 3312 dicere,
2817 3264 2930 3303 non
2964 3263 3276 3320 negamus;
3307 3250 3409 3306 sed
3441 3250 3588 3306 mihi

1943 3335 2178 3403 credite,
2193 3351 2480 3390 venenum
2521 3335 2628 3390 sub
2667 3333 2838 3392 melle
2878 3335 3038 3405 latet,
3061 3339 3498 3412 transﬁguravit
3527 3356 3590 3396 se

1943 3422 2188 3497 angelus
2219 3423 2447 3478 Satanae
2487 3423 2547 3479 in
2578 3423 2851 3498 angelum
2881 3423 3186 3482 lueis.»Et
3215 3427 3386 3498 paulo
3416 3445 3590 3501 supe-

1945 3513 2068 3568 rius
2102 3513 2228 3567 :«Et
2257 3512 2550 3584 quomodo
2584 3529 2895 3569 commune
2926 3530 3138 3570 nomen
3169 3516 3434 3571 essentiaa
3466 3533 3594 3588 pro-

1945 3603 2138 3674 prium
2163 3601 2276 3656 sibi
2295 3601 2550 3657 vindicat
2575 3602 2767 3658 Deus?
2797 3603 2906 3659 Sed
2930 3604 3069 3675 quia
3097 3603 3198 3658 illa
3227 3605 3351 3660 sola
3378 3609 3592 3660 natura

1944 3695 2034 3747 est
2063 3693 2340 3763 perfecta,
2371 3697 2426 3746 et
2458 3691 2517 3746 in
2558 3692 2749 3748 tribus
2792 3693 3059 3764 personis
3087 3694 3274 3749 deitas
3305 3711 3424 3749 una
3451 3694 3591 3748 sub-

1947 3781 2122 3849 sistit,
2147 3799 2273 3853 quze
2303 3787 2392 3836 est
2419 3797 2573 3848 vere,
2594 3787 2650 3837 et
2679 3799 2798 3836 una
2824 3786 3033 3838 natura
3061 3786 3170 3850 est,
3192 3782 3460 3856 quisquis
3482 3783 3596 3838 tria

1947 3887 2096 3940 esse,
2120 3871 2230 3926 hoc
2259 3875 2348 3926 est
2376 3875 2496 3927 tres
2525 3887 2652 3926 esse
2691 3869 3055 3942 hypostases,
3076 3870 3137 3926 id
3169 3876 3260 3927 est
3292 3871 3475 3939 usias,
3507 3872 3594 3927 di-

1948 3959 2048 4026 cit,
2075 3960 2182 4016 sub
2214 3959 2450 4015 nomine
2479 3958 2711 4032 pictatis
2744 3964 2864 4014 tres
2892 3963 3134 4016 naturas
3164 3967 3409 4016 conatur
3437 3977 3595 4017 asse-

1949 4065 2095 4114 rere,
2113 4052 2172 4104 et
2203 4047 2252 4102 si
2283 4047 2366 4102 ita
2387 4051 2494 4114 est,
2509 4064 2613 4103 cur
2641 4047 2714 4103 ab
2743 4048 2879 4103 Ario
2909 4048 3230 4121 parietibus
3257 4066 3600 4121 separamur

1949 4137 2197 4210 perfidia
2233 4135 2526 4210 copulati?
2579 4137 2874 4210 Jungatur
2919 4154 3053 4192 cum
3106 4137 3468 4193 beatitudine
3497 4141 3600 4192 tua

1951 4225 2276 4293 Ursicinus,
2301 4243 2438 4282 cum
2458 4225 2764 4282 Ambrosio
2787 4225 3040 4282 societur
3055 4225 3378 4281 Auxentius
3402 4243 3415 4281 :
3441 4225 3598 4281 absit

1952 4316 2062 4372 hoc
2091 4334 2126 4372 a
2156 4317 2419 4372 Romana
2463 4315 2596 4378 fide.
2625 4314 3000 4387 sacrilegium
3047 4318 3275 4369 tantum
3328 4313 3602 4386 religiosa

1953 4404 2304 4479 populorum
2327 4405 2503 4459 corda
2531 4421 2646 4460 non
2680 4403 3010 4459 hauriant.»
3031 4403 3100 4458 Et
3129 4403 3267 4458 item
3298 4401 3599 4475 aliquanto

191 4492 501 4549 amborum
532 4497 912 4566 nuncupatur
932 4493 1206 4580 Spiritus.
1232 4495 1301 4550 Et
1329 4495 1388 4550 in
1419 4496 1529 4552 hac
1560 4496 1844 4554 Trinitate
1877 4515 1922 4580 ι)
1952 4493 2224 4566 superius
2249 4511 2298 4550 :«
2321 4493 2678 4560 Clamamus,
2701 4491 2760 4548 Si
2785 4492 2920 4564 quis
2951 4495 3070 4580 tres
3098 4491 3462 4565 hypostases,
3497 4495 3602 4547 aut

190 4577 303 4636 alia
347 4586 494 4638 sunt
542 4581 784 4638 nomina
831 4579 1202 4654 appellativa,
1235 4583 1350 4638 alia
1396 4585 1630 4657 propria
1681 4591 1841 4642 sunt.

191 4667 432 4743 Propria
460 4674 604 4728 sunt
645 4664 1002 4742 essentialia,
1025 4675 1090 4727 ut
1118 4671 1293 4740 Deus,
1313 4673 1612 4743 Dominus,
1645 4675 1846 4732 Omni-

190 4763 421 4829 potens,
455 4759 872 4828 Immutabilis,
908 4759 1282 4830 Immortalis,
1316 4765 1374 4818 et
1413 4761 1550 4820 inde
1591 4763 1847 4838 prepria,

190 4847 328 4918 quia
349 4847 545 4920 ipsam
564 4849 955 4905 substantiam
975 4849 1474 4924 signiﬁcant,quia
1485 4870 1667 4909 unum
1687 4858 1846 4911 sunt.

187 4936 560 5010 Appellativa
587 4955 744 5005 vero,
777 4938 948 4994 Pater
993 4943 1050 4995 et
1093 4938 1274 4995 Filius
1312 4945 1371 4996 et
1407 4941 1664 5014 Spiritus
1713 4961 1849 4999 san-

190 5029 340 5094 ctus,
367 5027 674 5101 ingenitus
712 5031 769 5084 et
819 5027 1050 5101 genitus
1081 5031 1140 5084 et
1177 5029 1534 5101 procedens:
1564 5031 1764 5088 eadem
1795 5041 1854 5093 et

190 5113 460 5189 relative,
484 5117 628 5190 quia
658 5117 730 5173 ad
763 5133 825 5172 se
857 5115 1106 5173 invicem
1138 5118 1492 5175 referuntur.
1518 5119 1663 5176 Cum
1697 5123 1853 5179 enim

188 5206 416 5262 dicitur
434 5207 614 5274 Deus,
637 5205 895 5262 essentia
919 5211 1029 5276 est,
1054 5205 1191 5280 quia
1221 5208 1292 5264 ad
1315 5209 1576 5281 seipsum
1599 5209 1814 5267 dicitur
1836 5221 1853 5276 ;

187 5311 324 5350 cum
356 5311 496 5351 vero
535 5295 752 5350 dicitur
793 5295 980 5363 Pater,
1005 5299 1065 5352 et
1106 5295 1309 5364 Filius,
1331 5300 1388 5352 et
1427 5297 1684 5368 Spiritus
1714 5316 1849 5356 san-

183 5388 304 5456 tus,
325 5381 572 5440 relative
593 5383 1037 5457 dicuntur,quia
1057 5383 1129 5440 ad
1151 5399 1213 5440 se
1233 5383 1480 5441 invicem
1499 5387 1848 5446 referuntur.

186 5471 339 5528 Nam
370 5472 546 5528 Pater
573 5489 690 5528 non
723 5473 796 5529 ad
826 5472 1112 5546 seipsum,
1133 5473 1236 5530 sed
1270 5474 1340 5529 ad
1377 5473 1587 5532 Filium
1620 5476 1854 5537 relative

183 5562 440 5631 dicitur,
461 5561 604 5638 quia
622 5565 716 5623 est
743 5562 796 5619 ei
826 5561 1008 5620 Filius
1039 5579 1052 5621 :
1087 5561 1171 5621 sic
1201 5565 1258 5620 et
1287 5563 1469 5624 Filius
1499 5563 1733 5625 relative
1764 5568 1851 5628 di-

1953 4582 2067 4638 tria
2095 4582 2496 4655 enhypostata,
2521 4582 2579 4636 id
2611 4585 2700 4636 est
2726 4586 2846 4636 tres
2885 4579 3274 4638 subsistentes
3320 4598 3602 4655 personas

1955 4673 2287 4738 confitetur,
2309 4671 2625 4726 anathema
2654 4670 2760 4739 sit;
2795 4675 2852 4728 et
2873 4671 3010 4742 quia
3031 4671 3312 4727 vocabula
3341 4689 3457 4728 non
3488 4672 3606 4728 edi-

1956 4762 2201 4829 scimus,
2231 4759 2484 4815 hau'eti'ci
2525 4759 2885 4831 judicamur.
2919 4761 2977 4816 Si
3011 4760 3142 4833 quis
3191 4766 3387 4818 autem
3423 4763 3602 4835 hypo-

1957 4849 2163 4908 stasim
2195 4849 2386 4904 usiam
2437 4847 2790 4922 intelligens,
2824 4866 2940 4904 non
2990 4849 3050 4904 in
3097 4850 3289 4906 tribus
3338 4851 3604 4923 personis

1959 4956 2140 4996 unam
2171 4937 2534 5012 bypostasim
2581 4937 2746 5003 dicit,
2787 4937 3014 4995 alienus
3045 4957 3078 4994 a
3109 4939 3339 4997 Christo
3381 4945 3472 4996 est
3503 4957 3515 4995 :
3549 4943 3606 4994 et

1962 5030 2071 5086 sub
2092 5029 2201 5085 hac
2223 5027 2587 5084 confessione
2605 5027 2907 5084 vobiscum
2932 5029 3152 5100 pariter
3165 5029 3420 5084 cauterio
3447 5025 3606 5082 unio-

1963 5121 2056 5176 nis
2087 5118 2400 5174 inurimur.
2433 5117 2754 5172 Discernitc
2783 5119 2832 5174 si
2862 5117 3052 5190 placet
3093 5118 3350 5184 obsecro,
3376 5133 3489 5171 non
3529 5116 3604 5170 ti-

1961 5211 2131 5266 mebo
2175 5213 2295 5265 tres
2334 5206 2678 5280 hypostases
2709 5206 2898 5262 dicere
2933 5223 2947 5264 :
2981 5206 3030 5262 si
3053 5206 3298 5278 jubetis,
3322 5205 3608 5260 condatur

1962 5316 2112 5355 nova
2141 5301 2274 5371 post
2303 5295 2595 5352 Nicaenam
2636 5296 2802 5364 ﬁdes,
2837 5301 2893 5351 ct
2923 5295 3216 5351 similibus
3246 5293 3436 5350 verbis
3469 5310 3604 5349 cum

1959 5387 2192 5444 Arianis
2245 5386 2632 5442 confiteamur
2677 5383 3003 5440 orthodoxi.
3046 5383 3191 5438 Tota
3237 5381 3607 5440 saecularium

1959 5477 2287 5534 litterarum
2314 5474 2516 5532 schola
2536 5473 2681 5530 nihil
2705 5473 2860 5529 aliud
2895 5471 3258 5544 hypostasim
3280 5471 3394 5528 nisi
3417 5471 3608 5530 usiam

1961 5568 2140 5638 novit,
2177 5571 2234 5625 et
2261 5566 2600 5644 quisquam,
2634 5580 2794 5638 rogo,
2827 5579 2924 5620 ore
2967 5561 3253 5642 sacrilego
3302 5566 3422 5624 tres
3469 5563 3609 5626 sub-
