3962 6178
315 312 440 370 519

1252 305 1638 368 HINCMARI
1687 285 2134 364 lius-Mstt‘sm
2179 298 2792 364 AttCHIEPISCOPI.

3607 302 3721 367 520

317 441 570 495 stantius
615 439 1000 512 praedicabit?
1027 439 1152 495 Una
1199 445 1288 497 est
1336 439 1434 496 Dei
1487 445 1545 496 et
1593 438 1717 495 sola
1764 439 1976 491 natura
2003 427 2408 502 k-Orientales
2438 435 2741 508 episcopos
2763 435 3104 510 dirigendus
3129 441 3238 504 est,
3263 441 3329 493 ut
3347 437 3486 510 quia
3507 439 3630 510 jam
3656 440 3724 495 de

315 547 446 600 qua}
478 545 607 582 vere
649 533 756 595 est,
790 527 844 582 id
899 528 1053 583 enim
1107 530 1262 601 quod
1316 529 1588 584 subsistit
1637 544 1749 582 non
1801 524 1978 578 habet

314 617 573 683 aliunde,
607 618 706 672 sed
756 635 930 672 suum
979 622 1113 672 est:
1161 623 1364 673 eretera
1396 636 1522 690 qum
1571 621 1766 672 creata
1813 615 1970 684 sunt,

313 706 545 761 etiamsi
596 707 870 762 videntur
919 723 1066 773 esse,
1101 724 1213 762 non
1276 711 1435 770 sunt,
1471 706 1607 778 quia
1659 703 1974 776 aliquando

314 795 466 851 457
506 812 620 849 non
653 795 910 860 fuerunt,
943 800 1001 850 et
1032 801 1226 867 potest
1261 813 1466 851 rursus
1505 813 1617 849 non
1658 811 1784 849 esse
1816 791 1970 863 quod

321 899 437 939 non
472 882 603 938 fuit.
634 883 790 938 Deus
838 882 999 937 solus
1029 884 1128 954 qui
1164 889 1414 938 reternus
1442 887 1548 950 est,
1577 882 1684 936 hoc
1733 884 1823 935 est
1871 877 1972 952 qui

313 973 621 1029 exordium
659 990 772 1026 non
799 973 994 1039 habet,
1040 972 1304 1028 essentia:
1351 989 1561 1027 nomtn
1591 989 1722 1026 vere
1769 974 1924 1025 tenet
1957 985 1971 1025 :

312 1062 532 1118 idcirco
555 1065 614 1117 et
635 1063 704 1118 ad
733 1062 966 1134 Moysen
992 1063 1062 1117 de
1094 1063 1240 1117 rubo
1273 1061 1568 1134 loquitur:
1593 1062 1698 1132 Ego
1726 1076 1848 1114 sum
1878 1059 1974 1130 qui

311 1167 436 1206 sum
486 1151 678 1218 (Exod.
713 1168 797 1216 m,
836 1152 944 1220 14),
989 1153 1046 1205 et
1101 1167 1336 1205 rursum
1374 1167 1386 1204 :
1425 1151 1528 1218 Qui
1573 1158 1652 1205 est
1693 1150 1846 1204 misit
1888 1165 1976 1202 me

311 1240 517 1311 (ibid).
541 1262 568 1289 »
591 1241 661 1294 Et
692 1239 946 1294 llilarius
1003 1240 1063 1292 in
1118 1239 1266 1293 libro
1315 1240 1385 1293 de
1445 1239 1693 1308 Synodis
1728 1255 1740 1290 :
1769 1260 1796 1287 «ι
1828 1238 1966 1300 Has,

314 1328 527 1400 inquit,
564 1328 1006 1396 similitudines,
1043 1345 1169 1400 quae
1202 1345 1314 1383 non
1359 1346 1426 1382 ex
1480 1328 1698 1383 unitate
1749 1331 1969 1382 natura:

317 1422 460 1473 sunt
491 1422 706 1472 metuo.
739 1417 952 1472 Vereor
979 1418 1157 1482 enim,
1187 1419 1414 1484 fratres,
1439 1417 1691 1472 Orientis
1722 1416 1970 1470 hmreses

315 1507 373 1561 in
426 1511 692 1578 tempera
749 1505 984 1575 singula
1034 1504 1715 1578 pullulantes.(Zavcutes
1753 1505 1970 1576 quippe

310 1595 428 1650 Arii
449 1595 770 1660 vesaniam,
801 1595 1115 1649 notuerunt
1135 1594 1237 1649 viri
1263 1594 1529 1650 catholici
1554 1594 1766 1649 trinam
1790 1593 1902 1648 dici
1936 1611 1971 1649 a

311 1683 574 1756 quolibet
598 1683 904 1754 unitatem,
925 1686 1024 1740 sed
1056 1703 1088 1739 u
1107 1703 1243 1740 nam
1278 1689 1495 1740 sancta:
1517 1684 1822 1740 Trinitatis
1846 1683 1966 1738 dei-

311 1773 920 1840 tatem,divinitatem,
941 1779 1234 1841 naturam,
1255 1773 1591 1840 essentiam,
1622 1778 1794 1844 atque
1826 1772 1965 1828 sub-
1997 1806 2042 1872 Β

311 1861 659 1918 stantiam.»
685 1863 745 1918 In
781 1880 894 1935 quo
925 1864 1101 1919 etiam
1137 1863 1313 1932 dicto,
1339 1880 1453 1936 quo
1487 1880 1604 1918 una
1633 1861 1964 1918 substantia

310 1950 676 2024 prmdicatur.
691 1951 1004 2007 Sabelliani
1027 1952 1272 2007 insidias
1293 1957 1636 2024 posuerunt,
1652 1951 1804 2006 sicut
1820 1949 1959 2006 item

309 2045 552 2096 sanctus
582 2040 836 2096 Hilarius
867 2040 924 2096 in
959 2041 1193 2114 prmfato
1225 2039 1371 2096 libro
1401 2041 1471 2096 de
1506 2041 1757 2114 Synodis
1789 2057 1960 2095 mon-

309 2133 486 2197 strat;
511 2153 537 2178 «
575 2129 761 2195 Multi,
787 2130 1078 2202 inquiens,
1118 2147 1187 2185 ex
1217 2129 1387 2184 nobis
1429 2129 1638 2184 fratres
1684 2128 1959 2184 charissi-

311 2219 412 2285 mi,
437 2217 517 2273 ita
539 2235 718 2274 unam
741 2219 1133 2274 substantiam
1160 2218 1344 2273 Patris
1375 2223 1430 2273 et
1463 2218 1587 2274 Filii
1621 2218 1958 2291 prmdicant,

310 2311 376 2362 ut
403 2307 582 2362 videri
617 2308 844 2379 possint
871 2325 982 2363 non
1010 2307 1198 2378 magis
1219 2307 1277 2362 id
1302 2309 1394 2379 pie
1415 2325 1589 2379 quam
1617 2307 1793 2378 impie
1816 2324 1958 2378 pra:-

309 2396 522 2450 di-care.
556 2396 739 2451 liabet
768 2395 923 2451 enim
959 2396 1066 2451 hoc
1106 2397 1346 2451 verbum
1389 2395 1446 2450 in
1479 2414 1540 2452 se
1570 2401 1627 2450 et
1659 2396 1788 2450 fidei
1823 2412 1959 2450 con-

307 2484 612 2540 scientiam
643 2489 699 2538 et
730 2485 993 2540 fraudem
1040 2489 1324 2556 paratam.
1357 2485 1502 2540 Nam
1545 2487 1591 2539 si
1635 2485 1959 2539 secundum

307 2577 528 2628 natura:
550 2573 964 2644 proprietatem
984 2592 1051 2628 ac
1069 2573 1611 2640 similitudinom,ut
1633 2574 1960 2629 similitudo

309 2679 426 2717 non
439 2663 689 2734 speciem
714 2661 894 2717 solam
921 2663 1250 2730 atl'erat,sed
1274 2681 1458 2735 genus
1475 2663 1960 2735 teneat,religiose

309 2767 487 2806 unam
523 2751 917 2806 substantiam
970 2752 1376 2822 przedicamus,
1412 2753 1730 2808 dummodo
1783 2769 1958 2806 unam

308 2838 702 2895 substantiam
753 2839 1124 2912 proprietatis
1167 2840 1617 2896 similitudinem
1671 2840 1959 2913 intelliga-

310 2933 543 2996 mus,ut
564 2929 718 3002 quod
745 2947 927 2985 unum
948 2934 1106 2994 sunt,
1129 2947 1241 2984 non
1265 2930 1622 3004 singularem
1647 2931 1958 3002 signiﬁcet,

313 3019 412 3075 sed
447 3019 699 3090 requales
733 3036 746 3074 :
781 3017 1173 3091 aequalitatem
1207 3019 1357 3086 dico,
1381 3019 1436 3074 id
1489 3025 1578 3074 est
1626 3019 1958 3074 inditl'eren-

307 3108 450 3162 tiam
475 3107 972 3175 similitudinis,ut
991 3107 1312 3164 similitudo
1332 3109 1617 3163 habeatur
1633 3107 1957 3181 :equalitas.

308 3196 626 3268 Equalilas
646 3213 780 3251 vero
804 3214 985 3251 unum
1023 3197 1238 3252 idcirco
1269 3197 1487 3252 dicitur
1514 3215 1660 3264 esse,
1686 3197 1823 3268 quia
1853 3213 1958 3268 par

309 3286 386 3341 sit
418 3303 432 3340 :
467 3302 651 3338 unum
684 3289 878 3340 autem
921 3284 980 3338 in
1016 3302 1132 3357 quo
1178 3303 1285 3357 par
1329 3285 1713 3357 significatur,
1740 3302 1854 3340 non
1887 3285 1958 3340 ad

310 3374 547 3428 unicum
581 3373 926 3427 vindicetur.
961 3373 1087 3426 Una
1136 3372 1314 3444 igitur
1355 3373 1706 3440 substantia,
1741 3373 1789 3427 si
1845 3391 1958 3428 non

309 3477 616 3534 personam
642 3459 1056 3515 subsistentem
1082 3460 1471 3532 perimat,nec
1498 3478 1674 3516 unam
1695 3463 1962 3516 substan-

310 3551 454 3606 tiam
486 3549 762 3621 partitam
797 3548 854 3602 in
888 3549 1037 3603 duos
1068 3549 1306 3616 dividat,
1332 3536 1597 3622 religiose
1630 3551 1963 3623 praedicabi-

307 3643 427 3704 tur,
451 3655 578 3710 qua:
601 3655 668 3692 ex
703 3637 1024 3692 nativitatis
1066 3638 1417 3710 proprietate
1449 3645 1505 3694 ct
1535 3657 1601 3694 ex
1632 3647 1850 3694 naturce
1883 3641 1961 3696 εἰς

307 3726 640 3784 militudine
663 3726 745 3780 ita
765 3727 1102 3781 indifferens
1125 3727 1220 3794 sit,
1242 3731 1307 3782 ut
1331 3746 1444 3783 una
1467 3729 1712 3784 dicatur.
1739 3732 1807 3784 At
1830 3747 1960 3786 vero

308 3817 356 3872 si
388 3815 605 3871 idcirco
641 3815 814 3869 unius
839 3815 1184 3870 substantia:
1218 3816 1384 3870 Pater
1413 3821 1468 3872 et
1501 3817 1680 3872 Filius
1706 3819 1958 3890 dicatur,

307 3910 374 3960 ut
395 3905 488 3960 hic
513 3903 841 3959 subsistens
862 3904 971 3983 sub
991 3903 1419 3974 signiﬁcatione
1441 3903 1574 3960 licet
1595 3906 1842 3962 duorum
1866 3924 1964 3962 no-

307 3994 534 4050 minum
559 4009 712 4046 uatis
735 4009 800 4047 ac
824 3992 986 4048 solus
1006 3994 1102 4060 sit,
1129 3995 1460 4049 confessum
1486 3997 1723 4051 nomine
1747 3995 1958 4052 Filium

306 4081 662 4139 conscientia
684 4097 801 4136 non
825 4085 1114 4148 tenemus,
1140 4082 1186 4137 si
1214 4100 1390 4138 unam
1413 4083 1802 4139 substantiam
1829 4103 1959 4140 con-

307 4173 560 4240 fitentes,
577 4170 769 4242 ipsum
796 4170 905 4224 sibi
930 4171 1168 4226 unicum
1189 4189 1254 4226 ac
1275 4171 1632 4244 singularem
1651 4177 1707 4228 et
1731 4173 1956 4229 Patrem

305 4276 432 4317 esse
465 4260 717 4315 dicimus
746 4263 802 4314 et
833 4259 1106 4314 Filium.»
1128 4261 1197 4314 Et
1229 4266 1360 4332 post
1389 4260 1692 4332 aliquanta
1718 4280 1763 4318 εει
1790 4264 1960 4318 Caret

305 4350 508 4423 igitur,
530 4349 760 4416 fratres,
787 4347 1112 4404 similitudo
1139 4355 1362 4404 natura:
1385 4350 1750 4406 contumeliae
1773 4353 1956 4423 suspi-

304 4439 610 4505 cione,nec
643 4443 833 4510 potest
853 4437 1030 4494 videri
1058 4437 1239 4494 Filius
1269 4439 1484 4494 idcirco
1514 4439 1573 4494 in
1607 4441 1959 4514 preprietate

2080 523 2192 576 ﬁde
2223 529 2420 578 nostra
2453 525 2596 580 nihil
2623 525 2775 580 inter
2795 543 2900 581 nos
2923 527 3276 598 suspicionis
3320 525 3588 583 relictum
3612 531 3725 600 est,

2083 629 2149 666 ea
2171 630 2296 684 qua:
2318 614 2509 670 adhuc
2533 615 2590 669 in
2617 615 3008 688 suspicionem
3031 633 3098 670 ex
3121 603 3310 671 verbis
3329 615 3568 672 veniunt
3600 637 3730 691 pur-

2083 707 2312 771 gent-ur.
2342 726 2366 750 η
2391 703 2542 760 458
2585 703 2822 776 Propter
2858 704 2966 760 has
3008 721 3143 777 ergo
3194 705 3635 774 fraudulentias,
3670 713 3728 762 et

2082 789 2423 861 laqueorum
2447 793 2882 866 scandala,quze
2913 793 3105 848 Ariani
3131 794 3187 847 in
3214 798 3417 850 sancta
3445 795 3728 851 Trinitate

2081 879 2534 936 dcitatisunitati
2551 881 3325 946 detrahentes,etSabelliani
3345 901 3724 954 personarum

2081 969 2415 1042 proprietati
2463 971 2828 1043 derogantes,
2863 971 3034 1027 rectis
3083 971 3358 1028 sensibus
3403 974 3572 1044 juxta
3619 973 3731 1029 iter

2082 1059 2392 1130 ponebant,
2418 1059 2616 1115 Patres
2637 1065 2694 1115 et
2718 1059 2983 1133 magistri
3019 1061 3224 1127 nostri,
3249 1061 3354 1118 viri
3377 1061 3646 1118 catholici
3670 1067 3729 1118 et

2080 1147 2344 1203 doctores
2375 1165 2439 1202 ac
2473 1153 2722 1205 rectores
2769 1147 3054 1217 Ecclesize,
3081 1148 3219 1221 quia
3252 1149 3404 1204 sicut
3441 1151 3727 1224 scriptum

2079 1241 2167 1291 est
2200 1254 2213 1290 :
2249 1238 2668 1292 Pcrlrmzsz’bzmt
2692 1239 2927 1310 plurimi
2969 1247 3019 1294 et
3056 1240 3344 1311 mult:le
3371 1242 3476 1294 erit
3499 1243 3732 1296 scicntia

2080 1326 2237 1386 (Dan.
2270 1344 2370 1391 xu,
2406 1328 2480 1394 4),
2515 1344 2699 1382 unum
2753 1328 2933 1382 Deum
2987 1328 3238 1393 Patrem,
3282 1335 3339 1383 et
3389 1327 3616 1396 Filium,
3670 1335 3731 1385 et

2079 1415 2358 1486 Spiritum
2391 1421 2682 1487 sanctum,
2705 1415 2974 1472 videlicet
2993 1417 3360 1486 Trinitatem,
3387 1425 3631 1490 ὀμοὺσιον,
3671 1419 3732 1474 id

2079 1508 2167 1558 est
2200 1504 2374 1559 unius
2409 1505 2776 1576 substantim,
2791 1505 2878 1560 vel
2909 1505 3460 1575 eonsubtautialem,
3484 1512 3541 1562 ct
3571 1507 3734 1562 inse-

2080 1593 2398 1665 parabilem
2445 1599 2616 1666 atque
2661 1594 3047 1660 individuam,
3079 1595 3274 1667 potius
3303 1612 3478 1668 quam
3513 1596 3732 1652 trinam

2079 1683 2363 1738 unitatem
2395 1687 2452 1739 et
2490 1699 2666 1738 unam
2700 1683 3068 1753 Trinitatem,
3101 1683 3293 1740 dicere
3342 1688 3400 1740 et
3446 1684 3728 1754 scribere,

2080 1771 2320 1844 suisque
2343 1772 2592 1844 posteris
2618 1771 2923 1827 dicendam
2947 1776 3004 1826 et
3027 1771 3396 1828 scribendam
3415 1774 3737 1830 decernen-

2073 1863 2144 1916 do
2167 1863 2393 1918 tradere
2415 1861 2782 1916 maluerunt:
2809 1879 2880 1916 ne
2902 1861 3148 1916 dicendo
3173 1861 3386 1917 trinam
3413 1861 3731 1930 unitatem,

2069 1951 2254 2006 eidem
2278 1951 2488 2006 unitati
2513 1967 2846 2005 nmmerum
2862 1950 2959 2022 qui
2985 1950 3042 2004 in
3063 1951 3218 2005 trina
3235 1957 3323 2009 est
3339 1969 3729 2024 apponentes,

2069 2040 2332 2094 eamdem
2357 2041 2640 2094 unitatem
2674 2039 3095 2094 numerabilem
3121 2040 3326 2106 facere,
3351 2045 3406 2095 ct
3429 2045 3491 2096 ut
3519 2041 3727 2098 Ariani

2070 2128 2366 2196 deitatem,
2393 2127 2450 2182 id
2493 2133 2580 2184 est
2616 2127 2919 2183 Trinitatis
2962 2127 3243 2182 unitatem
3277 2128 3531 2184 dividere
3560 2130 3729 2185 vide-

2069 2221 2289 2284 rentur,
2313 2221 2376 2270 ut
2407 2233 2474 2271 ex
2503 2217 2822 2288 prazmissis
2843 2216 3036 2272 verbis
3066 2217 3250 2272 sancti
3281 2215 3632 2292 Hieronymi,
3663 2224 3732 2275 et

2069 2306 2125 2360 in
2161 2305 2268 2360 hoc
2299 2305 2582 2378 epusculo
2604 2323 2671 2361 ex
2701 2305 2950 2378 epistola
2970 2306 3228 2378 Gregorii
3265 2323 3426 2380 papae
3448 2309 3518 2362 ad
3544 2307 3734 2364 Lean-

2070 2396 2239 2449 drum
2291 2395 2629 2467 Spalensem
2681 2395 3021 2466 episcopum
3064 2396 3182 2465 (lib.
3217 2413 3256 2464 ι,
3291 2412 3374 2467 cp.
3408 2396 3517 2464 41),
3549 2397 3734 2468 cujus

2070 2488 2294 2556 partem
2327 2483 2385 2538 in
2420 2501 2528 2539 suo
2569 2483 2695 2538 loco
2726 2484 2974 2554 positam
3017 2481 3200 2539 lector
3238 2501 3416 2556 sagax
3445 2483 3731 2552 inveniet,

2069 2573 2167 2645 qui
2194 2573 2343 2628 volet
2363 2571 2512 2626 valet
2539 2571 2808 2645 colligere
2832 2590 2844 2628 :
2871 2577 2926 2627 et
2948 2589 3124 2627 unam
3149 2573 3496 2628 Trinitatem
3531 2574 3734 2630 dicen-

2070 2663 2164 2728 do,
2198 2661 2606 2734 proprietatem
2645 2661 2819 2715 trium
2855 2678 3234 2733 personarum
3268 2661 3324 2716 in
3357 2664 3556 2718 eadem
3592 2681 3736 2718 san-

2069 2756 2162 2807 cta
2181 2755 2236 2805 et
2254 2749 2630 2822 inseparabili
2651 2750 2934 2805 Trinitate
2953 2750 3188 2817 auferri,
3209 2755 3272 2804 ut
3290 2750 3605 2806 Sabelliani
3632 2769 3735 2807 ca-

2039 2839 2520 2907 'lumniarentur,
2547 2838 2798 2911 sicutjex
2824 2839 3289 2911 praeedentibus
3307 2837 3500 2895 verbis
3533 2841 3732 2896 sancti

2071 2927 2271 2984 Hilarii
2296 2927 2394 3000 qui
2421 2928 2666 2982 advertit
2696 2932 2884 2999 potest
2909 2925 3278 2999 cognoscere.
3299 2927 3460 2984 Unde
3482 2931 3540 2984 et
3563 2929 3734 2985 idem

2070 3019 2194 3090 ipse
2215 3021 2455 3074 sanctus
2474 3017 2858 3089 Augustinus,
2875 3017 3045 3087 cujus
3074 3026 3266 3073 sermo
3288 3017 3358 3072 de
3378 3033 3496 3072 una
3527 3017 3731 3072 Trini-

2067 3112 2184 3161 tate
2206 3107 2476 3178 trinaque
2499 3109 2718 3160 unitate
2741 3105 2954 3160 dicitur
2975 3105 3265 3176 titulatus,
3287 3107 3345 3160 in
3371 3104 3518 3160 libro
3543 3107 3731 3179 septi-

1987 3177 2029 3241 C
2070 3213 2164 3250 mo
2188 3199 2258 3250 de
2284 3177 2586 3262 Trinitate,
2607 3211 2672 3248 ac
2701 3193 2747 3249 si
2781 3210 2976 3267 ungue
2998 3196 3280 3262 censorio,
3306 3194 3459 3250 sicut.
3480 3197 3552 3251 de
3576 3177 3736 3250 mul-

2067 3285 2144 3338 tis
2177 3283 2308 3338 aliis
2339 3285 2567 3348 fecerat,
2593 3282 2797 3337 scribit
2827 3287 2968 3355 (cup.
2992 3285 3049 3351 6)
3075 3300 3131 3338 :«
3165 3284 3281 3338 Nec
3313 3284 3397 3339 sic
3442 3283 3732 3356 inquiens

2069 3373 2413 3428 Trinitatem
2447 3371 2699 3427 dicimus
2721 3377 2839 3427 tres
2869 3389 3150 3444 personas
3170 3372 3255 3427 vel
3278 3373 3733 3440 subsistentias,

2071 3479 2248 3517 unam
2281 3463 2597 3517 essentiam
2629 3466 2686 3516 et
2725 3477 2907 3516 unum
2949 3461 3156 3529 Deum,
3188 3467 3467 3534 tanquam
3503 3480 3572 3517 ex
3603 3481 3734 3519 una

2070 3550 2312 3606 materia
2344 3551 2457 3605 tria
2477 3551 2742 3623 quaedam
2767 3549 3116 3619 subsistant,
3143 3551 3318 3606 etiam
3353 3552 3402 3606 si
3429 3551 3727 3624 quidquid

2070 3641 2211 3696 illud
2246 3644 2334 3695 est.
2367 3641 2424 3694 in
2459 3640 2551 3695 his
2577 3639 2767 3694 tribus
2799 3639 3149 3711 explicatum
3178 3639 3272 3708 sit,
3299 3658 3412 3695 non
3437 3641 3593 3695 enim
3625 3641 3732 3696 ali-

2071 3730 2206 3802 quid
2241 3729 2398 3784 aliud
2443 3729 2572 3799 ejus
2613 3728 2877 3784 essentia:
2907 3736 2995 3783 est
3025 3734 3232 3801 prretcr
3261 3729 3432 3784 istam
3465 3729 3728 3786 Trinita-

2070 3825 2210 3874 tem.
2241 3820 2458 3874 Tamcn
2510 3822 2626 3872 tres
2675 3834 2954 3890 personas
3000 3818 3263 3890 ejusdem
3316 3818 3603 3886 essentiaz,
3636 3819 3754 3875 vel‘

2069 3914 2187 3963 tres
2218 3923 2498 3979 personas
2528 3923 2704 3960 unam
2729 3905 3042 3962 essentiam
3071 3907 3344 3973 dicimus,
3371 3911 3489 3962 tres
3521 3909 3725 3963 autem

2069 4014 2346 4070 personas
2391 4013 2459 4050 ex
2505 3997 2708 4050 eadem
2757 3995 3012 4050 essentia
3069 4013 3183 4050 non
3241 3996 3515 4066 dicimus,
3551 3997 3728 4069 quasi

2069 4087 2224 4142 aliud
2251 4087 2326 4140 ibi
2359 4086 2435 4140 sit
2456 4086 2608 4158 quod
2635 4085 2893 4140 essentia
2913 4090 3022 4152 est,
3047 4083 3207 4140 aliud
3231 4086 3384 4157 quod
3408 4101 3725 4156 persona.»

2069 4177 2135 4230 Et
2165 4175 2222 4230 in
2256 4175 2404 4230 libro
2444 4173 2669 4229 decimo
2700 4173 2902 4246 quinto
2933 4177 3073 4246 (cap.
3094 4173 3149 4246 7)
3175 4191 3188 4230 :
3215 4197 3242 4224 ‹‹
3276 4173 3553 4246 Nunquid
3587 4192 3726 4246 pos-

2068 4277 2276 4320 Sumus
2307 4265 2498 4319 dicere
2545 4263 2891 4318 Trinitatem
2923 4279 3050 4318 esse
3099 4262 3156 4316 in
3206 4264 3344 4330 Deo,
3379 4267 3444 4318 ut
3494 4262 3724 4336 aliquid

2069 4355 2166 4410 Dei
2203 4354 2281 4408 sit
2310 4369 2414 4408 nec
2446 4353 2574 4424 ipsa
2601 4352 2680 4406 sit
2709 4352 2906 4407 Deus?
2940 4351 3298 4408 nullatenus.
3327 4352 3438 4408 Sed
3461 4349 3754 4407 Trinitas

2067 4443 2166 4498 illa
2197 4441 2343 4497 nihil
2376 4441 2532 4496 aliud
2565 4435 2655 4495 est
2682 4444 2804 4496 tota
2837 4457 3010 4512 quam
3058 4441 3231 4508 Deus,
3265 4439 3408 4496 nihil
3443 4439 3602 4496 aliud
3637 4439 3756 4497 est'

303 4529 555 4597 paterna:
579 4530 800 4580 natura:
822 4543 935 4580 non
959 4543 1086 4580 esse
1106 4526 1242 4598 quia
1265 4525 1478 4581 similis
1499 4532 1606 4593 est,
1633 4543 1765 4581 cum
1790 4527 1954 4582 simi-
1985 4545 2032 4610 Ι)
2067 4539 2187 4588 tota
2209 4549 2385 4604 quam
2411 4529 2688 4598 Trinitas,
2708 4547 2814 4584 nec
2837 4529 3057 4602 aliquid
3081 4530 3150 4584 ad
3175 4535 3446 4585 naturam
3471 4528 3575 4586 Dei
3599 4547 3730 4602 per.

303 4612 490 4667 litudo
511 4612 673 4668 nulla
692 4613 767 4668 sit
789 4613 901 4668 nisi
925 4633 993 4668 ex
1013 4613 1342 4686 mqualilate
1367 4619 1624 4670 naturae:
1649 4615 1954 4688 aequalitas

303 4703 499 4755 autem
522 4703 740 4754 natura:
763 4718 875 4756 non
901 4707 1093 4772 potest
1113 4720 1240 4757 esse
1273 4702 1386 4757 nisi
1421 4720 1538 4757 una
1560 4703 1654 4771 sit,
1682 4721 1801 4758 una
1819 4721 1956 4759 vero

302 4806 417 4845 non
449 4788 671 4844 unitate
703 4805 984 4860 personm,
1007 4791 1108 4844 sed
1131 4792 1526 4862 generisllmc
1551 4793 1696 4848 ﬁdes
1728 4793 1825 4864 pia
1845 4798 1956 4865 est,

302 4878 424 4934 lucc
454 4876 812 4932 conscientia
843 4878 1134 4949 religiosa,
1168 4880 1262 4935 hic
1305 4879 1580 4936 salutaris
1623 4899 1816 4937 sermo
1846 4886 1962 4940 est.

301 4983 479 5022 unam
511 4966 905 5022 substantiam
929 4967 1114 5022 Patris
1143 4975 1199 5023 et
1224 4969 1348 5024 Filii
1375 4970 1588 5025 idcirco
1611 4988 1724 5026 non
1748 4987 1959 5043 negare

298 5057 440 5129 quia
463 5054 676 5112 similis
707 5055 1078 5120 est,similem
1110 5075 1240 5114 νυνι)
1273 5060 1344 5114 ob
1379 5059 1434 5114 id
1471 5059 1782 5131 przedicare
1815 5060 1954 5132 quia

300 5163 484 5202 unum
515 5150 674 5201 sunt.
697 5144 989 5217 Exposita,
1007 5147 1360 5215 charissimi,
1385 5147 1562 5202 unius
1585 5148 1950 5215 substantiae,

299 5253 428 5307 quas
457 5236 650 5292 ercc
681 5242 912 5306 ὀμουσιον
941 5235 1178 5301 dicitur,
1220 5241 1278 5290 et
1324 5236 1536 5292 similis
1585 5237 1950 5304 substantiae,

301 5341 426 5396 qua:
447 5331 722 5396 ὀμοιοὺαιον
751 5323 1039 5396 apppellat
1053 5343 1140 5392 ur,
1167 5325 1323 5380 ﬁdeli
1354 5341 1419 5380 ac
1441 5324 1538 5397 pia
1568 5325 1954 5398 intelligentia

299 5417 355 5466 et
385 5411 707 5485 vitiis,quaa
735 5431 804 5470 ex
830 5414 1142 5471 verborum
1166 5413 1248 5468 vel
1285 5414 1565 5469 brevitate
1595 5414 1844 5470 subdola
1863 5414 1948 5469 vel

219 5494 229 5500 ’
301 5501 626 5574 periculosa
643 5503 905 5560 nuditate
928 5503 1198 5558 accedere
1229 5506 1488 5575 possent,
1515 5502 1953 5558 absolutissima

300 5588 736 5663 demonstratis,
761 5591 1025 5667 reliquus
1049 5591 1192 5649 mihi
1229 5608 1420 5649 sermo
1443 5591 1514 5648 ad
1537 5595 1775 5650 sanctos
1798 5592 1951 5650 viros

2064 4623 2233 4685 tinet,
2257 4620 2410 4694 quod
2447 4619 2515 4673 ad
2547 4618 2708 4673 illam
2743 4635 2858 4673 non
2890 4617 3178 4690 pertineat
3203 4617 3576 4674 Trinitatem.
3605 4643 3634 4667 ››
3655 4619 3728 4674 Et

2069 4716 2184 4766 tres
2210 4708 2320 4764 illa:
2349 4723 2607 4780 personae
2633 4712 2772 4762 sunt
2792 4707 2969 4763 unius
2990 4707 3352 4776 substantiae,
3377 4705 3560 4762 unius
3583 4712 3730 4763 sunt

2067 4797 2638 4868 cssentize,viamque
2659 4796 2875 4868 regiam
2901 4801 3074 4867 atque
3095 4795 3456 4851 tutissimam
3477 4795 3538 4850 in
3566 4801 3758 4852 recte”

2067 4890 2248 4960 hujus
2297 4890 2510 4941 sanctas
2560 4884 2864 4940 Trinitatis
2917 4884 3234 4956 intellectu,
3264 4884 3415 4940 inter
3469 4883 3730 4940 insidias

2069 4979 2276 5034 horum
2311 4975 2625 5042 latronum,
2650 4973 2996 5028 Arianorum
3035 4972 3258 5029 scilicet
3278 4977 3336 5028 et
3358 4971 3725 5030 Sabelliano-

2071 5084 2224 5138 rum,
2247 5065 2558 5120 tenendam
2585 5067 2758 5134 atque
2791 5063 3113 5118 terendum.
3139 5063 3208 5118 Et
3231 5063 3438 5118 beatus
3467 5061 3732 5118 Athana-

2063 5153 2208 5226 sius,
2233 5155 2386 5210 sicut
2437 5167 2616 5223 supra
2645 5150 3031 5218 ostendimus,
3067 5155 3124 5205 et
3154 5155 3394 5206 sanctus
3438 5147 3726 5222 Augusti-

2063 5228 2176 5298 nus
2197 5243 2251 5297 in
2274 5242 2420 5296 libro
2437 5241 2507 5295 ad
2533 5239 2912 5294 Laurentium
2929 5255 3143 5312 papam
3162 5240 3232 5296 de
3247 5237 3522 5312 Symbolo
3541 5238 3732 5312 aptis-

2063 5331 2210 5386 sime
2242 5332 2552 5389 monstrat,
2575 5327 2811 5384 dicens:
2843 5350 2870 5377 ‹‹
2895 5331 3023 5384 Haec
3053 5333 3161 5394 est,
3194 5328 3406 5400 inquit,
3433 5326 3724 5396 Trinitas,

2062 5420 2280 5492 ubique
2312 5417 2499 5474 latens
2529 5421 2586 5473 et
2615 5415 2833 5488 ubique
2865 5415 3492 5498 apparens,vocabulis
3523 5432 3732 5489 perso-

2063 5509 2272 5581 nisque
2303 5508 2580 5574 discreta,
2612 5503 3024 5577 inseparabilis
3056 5495 3385 5562 substantia
3415 5495 3726 5561 deitétié.»

2061 5597 2132 5655 Et
2162 5595 2222 5653 in
2273 5611 2542 5654 sermone
2590 5595 2660 5652 de
2706 5592 2928 5670 Spiritu
2988 5593 3389 5672 sancto,'quod
3446 5593 3729 5670 ejusdem
