3962 6178
1220 269 1322 334 DE
1368 273 1528 335 UNA
1576 264 1678 333 ET
1721 265 1880 334 NON
1921 263 2165 334 TRINA
2207 275 2571 336 DEITATE.

3483 281 3604 340 52!

205 401 269 460 sit
294 401 639 459 substantias
659 406 834 476 atque
861 403 1096 460 deitatis
1125 404 1296 476 cujus
1325 408 1416 460 est
1464 403 1632 460 Pater
1659 408 1716 460 et
1745 403 1836 460 Fi-
1865 395 1921 472 Α
1953 403 2239 461 Dominus
2271 405 2415 462 dicit
2441 405 2504 460 in
2535 405 2846 478 Evangelio
2869 423 2882 462 :
2907 408 3022 481 Ego
3043 425 3167 464 sum
3192 411 3392 467 veritas
3412 411 3597 480 (ἰὸἰᾱδ

202 491 303 552 lius
335 508 348 547 :
381 513 412 542 ‹‹
447 493 599 564 Ipse,
631 491 843 565 inquit,
876 493 1164 550 Dominus
1213 497 1412 549 noster
1455 493 1630 548 Jesus
1682 493 1835 550 459

203 579 476 648 Christus,
509 598 646 637 cum
686 581 813 654 jam
859 577 1222 655 gloriﬁcatus
1274 581 1588 638 resurrexit
1616 599 1650 638 a
1680 599 1836 637 mor-

203 669 324 738 tuis,
355 669 416 724 in
447 669 660 726 ccelum
690 684 1046 727 ascensurus
1075 671 1149 726 ad
1197 671 1426 727 Patrem
1476 669 1586 726 hoc
1635 687 1836 726 sacra-

202 763 453 815 mentum
482 757 617 815 ﬁdei
639 758 966 832 discipulis,
983 759 1042 815 id
1063 763 1155 816 est
1174 759 1474 832 apostolis,
1499 758 1832 832 dereliquit.

201 847 280 904 Ait
304 846 462 904 enim
497 863 511 902 :
541 849 762 914 Euntes,
796 848 1070 922 baptisate
1103 863 1286 906 omnes
1313 855 1494 920 gentes
1524 850 1586 904 in
1613 850 1838 904 nomine

202 936 366 997 Puris
391 944 447 993 et
471 937 609 994 Filii
632 945 687 993 et
722 935 964 1010 Spiritus
1007 939 1204 1008 sancti,
1235 937 1479 994 docentes
1501 953 1590 994 eos
1617 950 1836 994 servare

202 1027 369 1082 mnia
398 1037 736 1099 quaecunque
778 1026 1040 1083 mandari
1066 1025 1215 1082 vobis
1246 1026 1263 1099 (
1295 1026 1478 1084 Matth.
1511 1043 1708 1094 xxvm,
1744 1026 1831 1094 19,

201 1116 296 1183 20).
333 1115 550 1170 Rerum
597 1115 862 1188 ipsarum
911 1116 1094 1172 dictat
1137 1117 1400 1184 cﬁ‘cetus,
1429 1119 1497 1172 ut
1542 1115 1724 1172 trium
1772 1115 1833 1171 in

203 1217 306 1259 una
333 1203 548 1260 deitate
567 1219 952 1276 personarum
982 1203 1304 1276 potentiam
1344 1201 1674 1259 credamus.
1707 1225 1736 1252 »
1766 1203 1836 1258 Et

203 1292 250 1348 in
273 1307 546 1348 sermone
574 1293 646 1348 de
673 1293 950 1365 mysterio
993 1292 1367 1366 baptismatis
1400 1309 1413 1348 :
1447 1315 1476 1343 ‹‹
1506 1293 1707 1359 Nemo,
1743 1291 1832 1346 in-

203 1382 332 1454 quit,
365 1398 499 1437 cum
529 1381 698 1438 audit
725 1383 977 1450 Patrem,
1009 1387 1114 1438 aut
1147 1381 1380 1450 Filium,
1413 1385 1518 1437 aut
1546 1381 1832 1454 Spiritum

201 1474 478 1539 unctum,
528 1476 646 1526 tres
703 1471 852 1528 Deos
899 1487 1008 1528 nos
1056 1472 1309 1527 aestimet
1355 1470 1641 1541 conﬁteri,
1675 1470 1830 1542 quod

200 1557 557 1632 sacrilegium
588 1559 744 1616 absit.
781 1559 953 1633 longe
983 1573 1018 1616 a
1048 1561 1162 1616 fide
1208 1564 1429 1626 nostra,
1461 1559 1601 1633 quia
1644 1575 1830 1615 unum

201 1650 368 1705 Deum
387 1665 515 1705 esse
537 1649 666 1722 ipso
686 1652 999 1706 attestante
1019 1649 1398 1722 cognovimus
1423 1665 1436 1704 :
1461 1650 1590 1720 Ego,
1614 1647 1828 1720 inquit,

197 1739 344 1806 Deus,
372 1745 558 1794 etnon
585 1737 732 1795 alius
755 1746 960 1812 praeter
1005 1753 1111 1805 me,
1134 1741 1318 1813 justus
1347 1745 1399 1794 et
1435 1738 1675 1794 salvator
1718 1751 1830 1794 non
1860 1771 1909 1844 Β

195 1831 482 1900 capram
521 1843 627 1884 me.
664 1829 1066 1886 (‘onvertimini
1113 1827 1183 1884 ad
1230 1845 1335 1897 me,
1367 1836 1420 1885 et
1463 1829 1606 1884 salvi
1649 1829 1826 1895 eritis,

197 1919 311 1988 quia
336 1915 410 1972 ab
433 1923 677 1974 extrema
704 1924 870 1976 terrae
896 1933 990 1990 ego
1019 1933 1143 1974 sum
1173 1919 1334 1984 Deus,
1363 1924 1550 1974 etnon
1579 1923 1658 1973 est
1681 1917 1830 1972 alius

194 2014 381 2078 prater
403 2019 494 2064 me
521 2005 648 2079 (Isu.
679 2023 810 2077 ην,
839 2009 932 2075 2i,
962 2007 1074 2080 22),
1109 2005 1178 2063 Et
1208 2007 1268 2062 in
1301 2005 1412 2063 alio
1443 2005 1591 2062 libro
1625 2005 1826 2073 :Audi,

197 2095 370 2162 Israel,
401 2091 668 2152 Dominus
693 2097 834 2153 Deus
873 2101 998 2153 tuus
1041 2097 1183 2152 Deus
1229 2112 1376 2152 unus
1421 2103 1501 2152 est
1545 2096 1718 2168 (Deut.
1750 2111 1826 2161 Vl,

197 2182 262 2250 4).
287 2183 357 2238 Et
386 2196 596 2240 rursus
625 2202 644 2238 :
676 2185 936 2241 Dominus
965 2185 1106 2241 Deus
1135 2184 1225 2240 hic
1241 2192 1323 2240 est
1340 2184 1396 2240 in
1423 2184 1556 2240 creto
1583 2199 1824 2252 sursum,

196 2279 240 2326 et
263 2273 318 2326 in
345 2277 496 2328 terra
535 2271 808 2342 deorsum,
839 2281 890 2330 et
934 2289 1047 2330 non
1091 2281 1172 2330 est
1211 2274 1360 2330 alius
1404 2281 1602 2346 prater
1645 2273 1828 2344 ipsum

196 2361 355 2428 (Deut.
381 2375 458 2427 tv,
483 2362 598 2432 39).
627 2363 770 2418 Tres
799 2377 936 2436 ergo
979 2379 1259 2435 personas
1306 2366 1578 2419 tenemus
1615 2364 1674 2416 et
1701 2377 1825 2417 cre-

195 2449 398 2520 dimus,
426 2450 488 2506 id
518 2455 610 2507 est
639 2451 868 2508 Patrem
899 2456 957 2508 et
988 2451 1201 2508 Filium
1233 2457 1292 2508 et
1323 2450 1608 2525 Spiritum
1655 2467 1824 2506 sanc-

197 2541 328 2604 tum,
359 2537 540 2594 unius
571 2539 862 2612 potentiae,
885 2539 1063 2596 unius
1085 2539 1448 2606 substantiae,
1468 2538 1647 2594 unius
1666 2541 1826 2593 teter-

195 2625 404 2696 nitatis,
431 2628 612 2684 unius
653 2627 994 2698 voluntatis,
1029 2629 1207 2686 unius
1255 2628 1434 2684 etiam
1483 2627 1736 2694 deitatis,
1767 2629 1826 2682 et

193 2719 360 2773 totum
391 2716 738 2774 Trinitatem
779 2718 955 2774 unius
1001 2718 1102 2775 Dei
1151 2716 1538 2792 appellatione
1585 2731 1824 2771 venere-

195 2815 332 2860 mur.
361 2799 607 2863 Credere
637 2811 836 2863 autem
867 2805 1064 2880 plures
1095 2807 1243 2863 Deos
1273 2805 1508 2881 gentilis
1553 2804 1823 2877 impieta-

193 2892 260 2950 tis
285 2899 389 2953 est.
419 2917 449 2944 η
480 2893 553 2951 Et
581 2895 794 2952 iterum
826 2913 840 2954 :
875 2919 905 2946 ‹‹
937 2895 1063 2953 Non
1094 2897 1330 2952 credere
1375 2899 1495 2951 tres
1543 2907 1824 2966 personas

193 2982 354 3040 anius
380 2983 728 3040 substantiae
754 2983 818 3042 in
845 2997 966 3041 una
1002 2984 1237 3054 deitate,
1269 2988 1445 3058 atque
1490 2981 1824 3056 aequalitate

189 3068 267 3124 vel
293 3071 704 3138 comunitate,
737 3071 1006 3129 heretica
1042 3071 1341 3129 dementia
1388 3075 1496 3139 est,
1529 3087 1664 3127 cum
1698 3085 1823 3126 ma-

1946 493 2021 564 6).
2054 495 2114 548 In
2147 494 2263 550 Deo
2294 494 2477 567 igitur
2519 494 2908 550 substantiale
2955 513 3166 552 nomen
3213 503 3304 554 est
3344 499 3593 556 Veritas.

1946 583 2015 638 Et
2045 581 2179 654 quis
2213 585 2399 656 magis
2425 587 2534 650 est,
2569 589 2633 639 ut
2661 585 3024 657 Augustinus
3059 585 3206 642 libro
3229 589 3430 660 quinto
3451 595 3593 662 (cap.

1943 675 2000 740 2)
2031 673 2101 728 de
2130 673 2415 729 Trinitate
2463 672 2624 741 dicit,
2658 690 2836 746 quam
2887 673 2985 729 ille
3033 675 3132 746 qui
3183 675 3328 731 dixit
3373 678 3592 735 famulo

1946 775 2052 816 suo
2085 777 2099 816 ε
2131 762 2238 832 Ego
2266 777 2391 817 sum
2429 763 2526 834 qui
2567 779 2712 829 sum,
2743 769 2795 818 et
2824 764 2978 818 460
3023 761 3168 818 dices
3213 765 3350 835 ﬁliis
3399 767 3592 832 Israel,

1947 849 2053 918 Qui
2081 857 2161 906 est
2186 852 2340 906 misit
2360 868 2446 907 me
2472 851 2542 907 ad
2570 855 2696 907 vos?
2728 851 2920 922 (Exod.
2955 869 3040 917 in,
3076 852 3188 922 14.)
3223 873 3250 901 ››
3282 853 3408 908 Non
3457 871 3593 926 ergo

1943 938 2100 994 trina
2127 939 2360 1010 veritas,
2393 944 2458 995 ut
2480 939 2764 1013 impostor
2791 941 2984 996 verbis
3007 941 3070 996 B.
3093 941 3399 1013 Augustini
3423 941 3598 998 inter-

1945 1027 2158 1099 posuit,
2193 1029 2294 1084 sed
2327 1047 2446 1086 una
2486 1030 2720 1097 veritas,
2755 1029 2925 1085 Pater
2952 1034 3010 1086 et
3041 1029 3223 1086 Filius
3253 1034 3312 1086 et
3340 1030 3594 1102 Spiritus

1943 1116 2352 1189 sanctus,quia
2381 1117 2712 1174 substantia
2745 1117 2924 1172 dividi
2957 1135 3070 1172 non
3102 1121 3316 1191 potest.
3339 1119 3503 1176 Sicut
3531 1119 3590 1175 in

1941 1207 2146 1262 eodem
2179 1205 2327 1262 libro
2358 1209 2560 1262 contra
2589 1207 2847 1279 quinque
2877 1206 3137 1262 hostium
3187 1223 3401 1281 genera
3434 1209 3590 1265 idem

1942 1295 2004 1350 B.
2055 1295 2422 1368 Augustinus
2471 1295 2656 1350 dicit:
2689 1319 2716 1346 ‹‹
2751 1295 3066 1352 ZEternitas
3109 1315 3228 1352 una
3277 1302 3366 1352 est
3414 1303 3593 1371 atqu;

1941 1384 2294 1440 substantia.
2330 1407 2357 1434 »
2383 1385 2451 1439 Et
2481 1385 2537 1438 in
2571 1383 2718 1440 libro
2749 1390 2909 1439 sexto
2941 1385 3012 1440 de
3033 1385 3317 1442 Trinitate
3347 1387 3550 1460 (cap.7)
3575 1405 3588 1442 :

1941 1471 2257 1529 «Eteadem
2267 1473 2361 1529 Dei
2376 1478 2465 1529 est
2476 1473 2706 1530 bonitas
2718 1491 2844 1546 qua:
2859 1473 3143 1546 sapientia
3155 1478 3212 1528 et
3225 1477 3589 1547 magnitudo,

1939 1567 1997 1617 et
2023 1563 2226 1618 eadem
2256 1561 2469 1618 veritas
2499 1579 2628 1634 quae
2650 1562 2749 1618 illa
2770 1563 3050 1631 omnia,et
3071 1580 3184 1618 non
3207 1568 3296 1618 est
3328 1564 3406 1618 ibi
3431 1565 3588 1620 aliud

1941 1651 2175 1707 beatum
2207 1667 2355 1720 esse,
2389 1656 2445 1706 et
2476 1651 2634 1707 aliud
2667 1668 2970 1725 magnum,
3005 1657 3107 1706 aut
3133 1651 3588 1724 sapientem,aut

1937 1756 2162 1808 verum,
2196 1745 2297 1796 aut
2327 1741 2546 1796 bonum
2579 1757 2728 1808 esse,
2763 1745 2866 1796 aut
2895 1741 3134 1796 omnino
3167 1741 3366 1812 ipsum
3399 1758 3588 1797 esse.»

1939 1829 2087 1902 Ergo
2119 1832 2182 1883 ut
2215 1845 2331 1886 non
2363 1828 2518 1896 trina
2541 1828 2816 1896 essentia,
2837 1828 2927 1886 vel
2956 1828 3107 1884 trina
3134 1831 3453 1899 natura,ita
3473 1847 3588 1886 non

1937 1917 2094 1974 trina
2123 1918 2330 1986 deitas,
2363 1935 2468 1975 nec
2497 1917 2652 1974 trina
2679 1917 2894 1974 veritas
2926 1923 3035 1975 est.
3068 1940 3096 1968 »
3131 1919 3201 1974 Et
3239 1919 3494 1986 Boetius,
3527 1919 3586 1974 in

1937 2006 2086 2063 libro
2099 2009 2171 2064 ad
2184 2009 2470 2084 Joannem
2487 2009 2816 2064 Romanum
2833 2007 3144 2064 diaconum
3155 2011 3378 2079 ,postea
3389 2011 3586 2063 autem

1935 2095 2297 2168 episcopum,
2333 2113 2508 2168 quem
2539 2097 2746 2152 beatus
2777 2095 3090 2167 Gregorius
3121 2095 3181 2150 in
3211 2095 3364 2151 libro
3395 2095 3588 2151 Dialo-

1936 2199 2144 2256 gorum
2179 2183 2578 2256 persecutione
2603 2185 2944 2241 Theoderici
2986 2185 3140 2257 regis
3183 2184 3385 2240 Ariani
3431 2199 3587 2239 mar-

1936 2272 2085 2348 tyrio
2115 2273 2507 2345 glorilicatum
2535 2290 2664 2330 esse
2686 2273 2961 2342 ostendit,
2989 2289 3059 2329 ex
3079 2273 3273 2329 verbis
3295 2273 3448 2329 beati
3467 2275 3588 2329 Au-

1935 2361 2159 2434 gustini
2189 2361 2342 2417 sicut
2371 2361 2496 2434 ipse
2522 2365 2758 2432 latctur,
2791 2361 2934 2418 dicit
2967 2378 2980 2418 :
3017 2384 3047 2412 «
3079 2361 3204 2417 Una
3235 2361 3418 2434 igitur
3443 2362 3584 2418 sub-

1934 2451 2154 2506 stantia
2182 2451 2386 2516 trium,
2420 2468 2526 2507 nec
2556 2451 2813 2524 separari
2845 2450 2966 2506 ullo
2997 2451 3171 2506 modo
3203 2450 3582 2523 autdisjungi

1934 2543 2145 2611 potest,
2178 2555 2285 2595 nec
2314 2539 2473 2595 velut
2503 2539 2770 2612 partibus
2801 2539 2858 2594 in
2895 2556 3079 2595 unum
3120 2540 3434 2611 conjuncta
3473 2544 3582 2608 est,

1934 2629 2032 2683 sed
2065 2631 2156 2684 est
2185 2647 2302 2684 una
2323 2627 2685 2700 simpliciter.
2701 2631 3072 2700 Qumcunque
3097 2627 3278 2702 igitur
3297 2629 3367 2684 de
3388 2627 3586 2684 divina

1934 2717 2268 2772 substantia
2297 2717 2705 2789 praedicantur,
2723 2735 2790 2772 ea
2811 2717 3003 2772 tribus
3024 2722 3252 2787 oportet
3269 2733 3397 2772 esse
3419 2733 3584 2772 com—
3695 2720 3702 2727 ’

1935 2805 2156 2860 munia.
2187 2825 2218 2858 ι
2248 2806 2320 2861 Et
2348 2805 2523 2878 paulo
2555 2809 2687 2878 post
2720 2821 2733 2860 :
2765 2829 2791 2854 «
2818 2805 2876 2860 Si
2899 2804 3079 2877 igitur
3097 2821 3298 2860 eorum
3324 2822 3442 2859 una
3461 2805 3582 2861 dci-

1933 2897 2024 2950 tas
2055 2911 2174 2950 una
2193 2894 2524 2950 substantia
2543 2899 2650 2964 est,
2671 2893 2806 2950 licet
2827 2893 2928 2949 Dei
2953 2909 3164 2948 nomen
3187 2893 3260 2948 de
3281 2892 3582 2948 divinitate

1933 2982 2398 3040 substantialiter
2428 2981 2729 3054 praedicari
2760 3000 2774 3038 :
2805 2981 2884 3037 ita
2916 2981 3325 3052 Pater,veritas
3353 2984 3460 3048 est,
3497 2979 3583 3036 Fi-

1931 3072 2050 3130 lius
2077 3073 2289 3129 veritas
2319 3071 2687 3146 est,Spiritus
2713 3075 2952 3128 sanctus
2985 3070 3200 3128 veritas
3219 3131 3228 3138 κ
3248 3073 3356 3137 est,
3389 3069 3577 3138 Pater,
3619 3115 3624 3118 .

191 3153 386 3215 sileam
414 3142 537 3216 hac
566 3160 646 3216 sit
686 3173 864 3234 quam
911 3160 1170 3217 diximus
1217 3160 1536 3217 auctoritas
1587 3139 1902 3228 Cbristirc
1936 3161 2137 3231 Filius,
2172 3161 2426 3234 Spiritus
2456 3139 2695 3218 s—anctus
2724 3177 2841 3218 non
2873 3165 2990 3217 tres
3017 3160 3312 3228 veritates,
3340 3158 3440 3214 sed
3465 3175 3583 3214 una

189 3246 454 3319 Baptisms
479 3265 664 3306 omnes
689 3257 868 3322 gentes
913 3251 972 3305 in
1019 3251 1244 3306 nomine
1290 3251 1471 3306 Patris
1518 3258 1570 3306 et
1611 3250 1744 3306 Filii
1771 3255 1824 3306 et

188 3333 412 3406 Spiritu
433 3339 628 3395 sancti.
651 3359 680 3389 η
713 3339 783 3394 Et
811 3338 952 3394 item
971 3338 1338 3412 Augustinus
1359 3339 1419 3394 in
1443 3337 1595 3394 libro
1617 3337 1824 3412 quinto

187 3425 316 3496 (up.
345 3426 401 3498 8)
433 3427 507 3482 de
535 3425 819 3483 Trinitate
866 3426 1010 3483 dicit
1042 3443 1056 3484 :
1093 3447 1122 3479 ‹‹
1157 3426 1306 3483 Illud
1354 3443 1490 3484 vero
1533 3427 1824 3501 prmeipue

189 3514 492 3571 tenendum
515 3519 628 3584 est,
655 3517 810 3588 quod
830 3515 1118 3589 quidquid
1141 3517 1214 3572 ad
1237 3531 1300 3573 se
1317 3516 1536 3572 dicitur
1551 3521 1827 3590 praestan-

187 3599 408 3660 tissima
448 3602 556 3659 illa
600 3620 669 3660 ac
709 3603 908 3660 divina
959 3603 1315 3674 sublimitas,
1358 3603 1826 3660 substantialiter

188 3684 388 3748 dicitur
417 3709 431 3748 :
459 3693 620 3766 quod
641 3697 840 3748 autem
863 3693 935 3749 ad
957 3691 1202 3766 aliquid,
1219 3711 1333 3750 non
1357 3693 1827 3749 substantialiter

188 3779 278 3834 sed
295 3779 528 3836 relative
543 3797 558 3848 ;
573 3785 916 3854 tantamque
927 3781 1046 3838 vim
1063 3783 1466 3854 esseejusdem
1479 3781 1822 3838 substantia:

187 3864 240 3922 in
269 3867 434 3926 Patre
455 3874 518 3926 et
548 3870 696 3926 Filio
723 3874 781 3928 et
807 3869 1032 3944 Spiritu
1061 3875 1286 3941 sancto,
1319 3875 1386 3926 ut
1431 3871 1720 3944 quidquid
1752 3871 1824 3927 de

186 3954 428 4030 singulis
440 3960 514 4015 ad
535 3959 764 4032 seipsos
781 3959 1017 4028 dicitur,
1033 3975 1148 4015 non
1167 3959 1471 4032 pluraliter
1486 3960 1544 4015 in
1562 3977 1820 4030 summa,

186 4047 277 4101 sed
294 4045 676 4120 singulariter
694 4047 1036 4120 accipiatur.
1061 4069 1089 4098 »
1110 4049 1182 4104 Et
1202 4049 1340 4104 item
1362 4049 1422 4104 in
1445 4047 1594 4104 libro
1615 4049 1824 4122 quinto

184 4131 316 4206 (cap.
351 4137 438 4204 10)
470 4151 486 4190 :
519 4158 552 4188 ‹‹
579 4135 698 4192 Deo
727 4151 844 4192 non
874 4140 966 4193 est
1010 4135 1233 4209 aliquid
1283 4139 1498 4210 majus.
1531 4137 1612 4193 Ea
1643 4137 1826 4210 igitur

181 4222 584 4296 magnitudine
597 4239 852 4298 magnus
865 4229 976 4293 est,
995 4241 1114 4298 qua
1129 4226 1256 4300 ipse
1273 4231 1362 4282 est
1378 4226 1581 4284 eadem
1605 4227 1826 4301 magni-

178 4309 318 4369 tudo
350 4330 368 4369 :
399 4319 460 4370 et
488 4314 620 4370 ideo
647 4314 800 4371 sicut
827 4331 946 4372 non
976 4315 1231 4372 dicimus
1261 4319 1378 4373 tres
1407 4316 1716 4384 essentias,
1740 4316 1824 4372 sic

177 4411 278 4458 nec
304 4406 432 4459 tres
459 4403 925 4477 magnitudines.
960 4405 1077 4461 Hoc
1123 4409 1182 4462 et
1227 4405 1300 4461 de
1348 4404 1630 4476 bonitate,
1663 4409 1722 4462 et
1751 4407 1824 4462 de

1932 3251 2144 3307 veritas
2173 3255 2281 3307 est.
2316 3250 2377 3306 Si
2405 3249 2587 3324 igitur
2615 3268 2734 3306 una
2763 3249 2822 3305 in
2853 3250 2947 3306 his
2978 3249 3468 3316 substantia,una
3493 3251 3584 3304 est

1932 3341 2166 3408 veritas,
2199 3355 2436 3396 necesse
2465 3344 2555 3396 est
2581 3339 2884 3396 veritatem
2927 3329 3396 3395 substantialiter
3433 3355 3583 3412 prae-

1933 3428 2115 3484 dicari
2136 3430 2208 3484 de
2228 3427 2506 3496 bonitate,
2523 3429 2594 3484 dc
2613 3427 3228 3496 incommutabilitate,
3245 3428 3316 3483 de
3324 3426 3584 3498 justitia,

1933 3518 2005 3573 de
2037 3507 2482 3590 omnipotentia,
2503 3533 2570 3572 ac
2586 3518 2657 3572 de
2673 3516 2895 3574 caeteris
2925 3515 3360 3587 omnibus,quac
3377 3519 3496 3570 tam
3514 3515 3585 3571 de

1933 3605 2390 3680 singulis,quam
2405 3606 2476 3662 de
2487 3605 2763 3662 omnibus
2783 3603 3159 3679 singulariter
3172 3604 3480 3677 praedicam
3490 3621 3582 3671 us,

1935 3695 2313 3751 manifestum
2345 3698 2435 3752 est
2473 3693 2946 3750 substantialiter
2993 3693 3129 3749 dici.
3167 3715 3194 3743 ››
3219 3693 3288 3748 Et
3319 3692 3531 3748 iterum
3565 3709 3580 3746 :

1933 3807 1962 3835 «
1991 3785 2138 3840 Nam
2170 3784 2269 3857 qui
2293 3784 2461 3840 Pater
2480 3783 2705 3851 cst,boc
2724 3782 3076 3840 vocabulum
3099 3799 3216 3837 non
3237 3781 3586 3838 transmittit

1934 3874 2006 3930 ad
2040 3873 2272 3942 Filium,
2302 3889 2492 3945 neque
2523 3873 2592 3928 ad
2627 3871 2910 3944 Spiritum
2941 3875 3234 3928 sanctum.
3269 3871 3392 3936 Quo
3423 3869 3489 3924 ﬁt
3519 3871 3586 3927 ut

1934 3979 2050 4018 non
2073 3963 2151 4020 sit
2166 3961 2554 4019 substantialc
2577 3978 2790 4018 nomen
2817 3961 2926 4018 hoc
2949 3959 3379 4016 inditum.Nam
3393 3958 3442 4015 si
3455 3959 3588 4015 sub-

1933 4051 2203 4107 stantiale
2233 4055 2479 4118 esset,ut
2499 4053 2750 4118 Deus,ut
2778 4051 3088 4118 veritas,ut
3105 4049 3430 4120 justitia,ut
3458 4048 3589 4120 ipsa

1935 4156 2165 4211 quoque
2197 4139 2550 4208 substantia,
2575 4140 2648 4195 de
2669 4139 2895 4196 czeteris
2915 4137 3379 4194 diceretur.1tem
3405 4135 3586 4191 Filius

1933 4227 2097 4284 solus
2128 4227 2238 4284 hoc
2269 4228 2473 4300 recipit
2491 4243 2730 4295 nomen,
2747 4243 2938 4299 neque
2959 4226 3118 4282 enim
3141 4241 3277 4281 cum
3306 4223 3438 4279 aliis
3453 4225 3591 4295 jun-

1933 4315 2110 4389 gitur,
2142 4316 2296 4374 sicut
2320 4316 2382 4372 in
2413 4315 2638 4374 caeteris
2665 4332 2794 4389 qua:
2841 4315 3114 4388 superius
3163 4313 3296 4369 dixi.
3331 4311 3586 4385 Spiritus

1933 4420 2166 4478 quoque
2198 4410 2439 4462 sanctus
2469 4423 2584 4462 non
2615 4409 2706 4462 est
2733 4405 2890 4460 idem
2933 4403 3034 4476 qui
3086 4404 3254 4458 Pater
3283 4417 3350 4458 ac
3380 4401 3582 4457 Filius.

175 4491 510 4562 Μίδεω,
533 4496 596 4548 et
623 4493 697 4550 de
725 4493 1150 4568 omnipotentis
1168 4495 1270 4551 Dei
1293 4495 1517 4552 dictum
1539 4493 1827 4561 sit,omni-
1855 4507 1904 4578 Β
1933 4496 2014 4552 Ex
2040 4495 2133 4550 his
2163 4495 2343 4569 igitur
2370 4494 3016 4568 intelligimus,Patrem
3048 4497 3105 4547 et
3133 4491 3345 4547 Filium
3367 4507 3435 4546 ac
3457 4490 3586 4564 Spin
3620 4491 3627 4498 ’

173 4577 406 4654 ηεροδ
429 4580 672 4638 omnino
701 4582 1170 4654 p‘rmdicamcntis
1199 4600 1327 4656 qua:
1348 4585 1420 4640 de
1440 4584 1556 4640 Deo
1577 4587 1826 4656 possunt

172 4671 730 4744 pronuntiat-Lquod
759 4669 833 4726 ad
861 4671 1122 4748 seipsum
1153 4672 1385 4728 dicitur.
1419 4693 1448 4722 »ι
1479 4673 1550 4728 Et
1576 4672 1636 4728 in
1676 4673 1826 4729 libro

171 4762 330 4816 sexto
357 4761 506 4832 (cap.
537 4761 596 4828 4)
627 4775 642 4814 :
681 4781 712 4810 ‹‹
739 4759 859 4816 Deo
889 4759 998 4817 hoc
1019 4763 1255 4818 estesse
1275 4761 1433 4834 quod
1457 4765 1547 4818 est
1565 4762 1828 4835 omnipo-

171 4847 397 4902 tam
417 4851 677 4914 esse,aut
689 4848 926 4920 justum
946 4854 1202 4917 csac,aut
1213 4851 1539 4923 sapientem
1552 4857 1763 4918 esse,et
1773 4849 1828 4907 si

171 4933 307 5004 Quid
329 4935 412 4990 de
431 4935 532 4992 illa
551 4936 806 5010 simplici
831 4937 1671 5012 multiplicitate,etmultiplici
1684 4939 1824 4996 sim-

173 5019 438 5090 plicitate
464 5025 708 5094 dixeris,
735 5041 858 5100 quo
887 5027 1220 5084 substantia
1247 5029 1376 5099 ejus
1407 5027 1825 5102 signiﬁcetur.»

168 5107 325 5166 Etin
377 5111 534 5170 libro
586 5118 790 5172 octavo
823 5131 838 5172 :
875 5135 906 5168 ι(
934 5115 1104 5173 Pater
1149 5115 1332 5190 igitur
1375 5121 1434 5172 et
1479 5115 1660 5172 Filius
1709 5133 1828 5172 una

165 5200 450 5270 ouantia,
475 5207 533 5259 et
561 5221 683 5261 una
713 5205 1078 5279 magnitudo,
1111 5210 1170 5263 et
1199 5223 1320 5263 una
1355 5206 1588 5274 veritas,
1621 5210 1678 5262 et
1708 5221 1828 5262 una

164 5289 485 5362 Sapientia,
505 5306 542 5349 a
571 5292 799 5366 quibus
820 5307 941 5350 non
969 5300 1274 5368 separetur
1291 5295 1544 5368 Spiritus
1561 5298 1822 5363 sanctus,

163 5377 232 5434 dc
261 5395 388 5452 quo
418 5381 563 5438 dicit
593 5379 776 5440 Filius
805 5383 867 5439 in
893 5383 1205 5458 Evangelia
1229 5401 1244 5440 :
1265 5385 1372 5456 Ego
1389 5384 1590 5456 rogabo
1611 5384 1828 5440 Patrem

163 5472 214 5522 α
231 5469 432 5524 alium
449 5471 787 5540 parricidam
811 5471 968 5530 dabit
993 5473 1162 5545 vobis,
1193 5479 1257 5530 ut
1288 5480 1506 5530 maneat
1548 5473 1827 5530 vobiscum

162 5556 220 5614 in
269 5563 580 5628 aeternum,
627 5559 902 5635 Spintum
955 5563 1200 5622 veritatis
1243 5563 1430 5636 (Joan.
1470 5577 1588 5634 xiv,
1621 5563 1730 5640 16).
1757 5562 1829 5622 Et

497 5683 765 5751 Parnm.
809 5687 1040 5754 CXXV.

1935 4584 2116 4640 ritum
2139 4587 2409 4640 sanctum
2431 4600 2548 4638 non
2567 4583 2638 4638 de
2656 4583 2785 4654 ipsa
2801 4580 3104 4636 divinitate
3120 4579 3586 4636 substantialiter

1933 4671 2071 4738 dici,
2094 4673 2194 4728 sed
2227 4669 2339 4728 alio
2362 4672 2616 4745 quodam
2639 4671 2832 4726 modo.
2852 4669 2913 4725 Si
2935 4669 3092 4725 enim
3117 4669 3588 4726 substantialiter

1935 4761 2430 4834 praedicaretur,et
2445 4759 2517 4816 de
2537 4759 2789 4833 singulis
2811 4762 2869 4814 et
2889 4759 2960 4814 de
2981 4757 3259 4814 omnibus
3281 4757 3586 4841 singulari-

1935 4855 2024 4906 ter
2051 4850 2360 4906 diceretur.
2393 4849 2525 4906 Hzec
2554 4866 2686 4906 vero
2718 4848 2790 4904 ad
2813 4846 3037 4921 aliquid
3061 4848 3174 4902 dici
3201 4847 3583 4904 manifestum

1933 4944 2042 4996 est.
2075 4962 2104 4989 ››
2134 4939 2203 4994 Et
2234 4938 2406 5012 paulo
2437 4941 2570 5012 post
2593 4955 2606 4993 :
2634 4961 2662 4989 «
2687 4937 2946 4993 Trinitas
2969 4937 3206 5010 quidem
3233 4937 3293 4992 in
3315 4953 3584 5009 persona-

1935 5045 2068 5084 rum
2092 5027 2424 5100 pluralitate
2452 5025 2946 5098 consistit,unitas
2983 5044 3119 5082 vero
3150 5026 3209 5080 in
3240 5024 3586 5082 substantias

1935 5117 2331 5190 simplicitate.
2366 5139 2395 5167 »
2425 5117 2497 5172 Et
2524 5116 2664 5172 item
2696 5133 2710 5172 :
2744 5139 2773 5166 ‹‹
2807 5116 3068 5172 Trinitas
3095 5114 3277 5188 igitur
3305 5131 3420 5169 non
3448 5129 3578 5184 per-

1935 5208 2085 5264 tinet
2105 5207 2176 5262 ad
2199 5207 2590 5263 substantiam
2617 5223 2630 5261 :
2658 5222 2772 5278 quo
2795 5207 2881 5272 fit,
2907 5208 2972 5260 ut
2991 5219 3182 5276 neque
3203 5203 3583 5272 Pater,nequc

1936 5295 2138 5362 Filius,
2167 5311 2356 5367 neque
2385 5294 2638 5366 Spiritus
2689 5298 2952 5360 sanctus,
2985 5307 3172 5364 neque
3213 5289 3472 5344 Trinitas
3511 5288 3582 5343 de

1935 5384 2050 5440 Deo
2072 5382 2540 5440 substantialiter
2562 5383 2930 5455 praedicetur,
2946 5381 3049 5435 sed
3073 5383 3138 5433 ut
3159 5376 3377 5432 dictum
3398 5379 3488 5432 est
3507 5375 3582 5432 ad

1935 5475 2177 5548 aliquid.
2211 5474 2365 5530 Deus
2393 5489 2548 5542 vero,
2582 5472 2817 5538 veritas,
2842 5467 3096 5540 justitia,
3121 5466 3583 5536 bonitas,omni-

1933 5562 2210 5640 potentia,
2241 5563 2596 5632 substantia,
2627 5555 3103 5628 immutabilitas,
3126 5557 3332 5630 virtus,
3347 5556 3582 5632 sapien-

3188 5684 3262 5745 i7
