3962 6178
380 291 498 351 523

1299 288 1682 350 amoma:
1734 251 2178 350 RHEMEN-SIS
2222 287 2838 352 ABCHIEPISCOPI.

3654 296 3764 356 524

376 421 477 489 tia,
502 425 561 476 et
588 420 875 494 quidquid
907 421 1248 492 hujusmodi
1281 423 1592 496 excogitari
1617 425 1824 495 potest,
1847 422 2022 477 subs-
2051 419 2109 491 Α
2137 426 2499 479 monstrante
2527 423 2692 479 beato
2721 424 3030 480 Ambrosio
3057 424 3118 480 in
3149 424 3298 480 libro
3329 425 3524 497 primo
3546 426 3619 482 de
3637 425 3768 484 Fide

375 508 699 566 tantialiter
727 510 797 565 de
828 509 1128 566 divinitate
1147 511 1482 567 dicuntur.»
1503 512 1723 567 Etitem
1747 511 1817 566 de
1839 510 2024 566 Trini-

377 603 494 654 tate
507 597 597 671 (ad
607 598 782 672 Sym.)
800 615 812 654 :
832 621 858 649 (ι
874 598 1217 654 Substantia
1228 599 1489 655 continet
1510 599 1790 656 unitatem
1803 599 2024 665 ,relatio

377 686 734 760 multiplicat
755 687 1134 743 trinitatem.»
1152 689 1221 743 Et
1243 688 1411 744 item:
1433 689 1760 754 «Quoniam
1772 705 1905 744 vero
1919 688 2023 742 Pa-

377 780 466 833 ter
495 777 644 833 461
681 776 858 846 Deus,
887 780 944 832 et
976 775 1158 832 Filius
1206 777 1381 848 Deus,
1415 781 1472 832 et
1501 776 1754 848 Spiritus
1785 781 2025 833 sanctus

377 871 550 938 Deus,
583 865 738 921 Deus
767 880 900 920 vero
933 863 1128 920 nullas
1176 864 1352 920 habet
1403 864 1757 920 differentias
1809 865 2024 938 quibus

379 954 612 1011 differat
635 970 670 1008 a
689 953 826 1020 Deo,
845 970 880 1009 a
897 951 1056 1007 nullo
1087 969 1289 1008 eorum
1310 952 1874 1009 diii‘ert.Difi'erenti:e
1892 970 2024 1010 vero

380 1043 481 1101 ubi
513 1043 748 1108 absunt,
783 1041 948 1097 abest
977 1040 1285 1114 pluralitas
1318 1059 1331 1097 :
1365 1041 1464 1096 ubi
1497 1043 1661 1098 abest
1696 1041 2021 1114 pluralitas,

379 1133 547 1190 adest
569 1130 784 1187 unitas.
802 1153 830 1180 ››
841 1131 911 1186 Et
929 1128 1068 1185 item
1095 1147 1107 1185 :
1134 1153 1162 1180 «
1187 1130 1294 1185 Ubi
1314 1146 1447 1185 vero
1471 1129 1634 1186 nulla
1653 1136 1742 1187 est
1763 1131 2028 1187 differen-

380 1221 482 1290 tia,
506 1219 670 1276 nulla
691 1223 779 1276 est
797 1217 1038 1274 omnino
1060 1217 1571 1292 pluralitas,quare
1593 1236 1696 1274 nec
1719 1236 2023 1286 numerus,

379 1311 562 1384 igitur
600 1309 797 1366 unitas
844 1313 1095 1364 tantum.
1133 1331 1154 1358 ι›
1193 1309 1260 1363 Et
1291 1308 1431 1364 item
1467 1326 1479 1364 :
1513 1332 1539 1358 (ί
1575 1308 1700 1364 Non
1751 1309 1930 1380 igitur
1974 1309 2026 1365 si

381 1401 454 1456 de
485 1399 650 1455 Patre
680 1415 746 1454 ac
779 1396 921 1452 Filio
949 1401 1006 1452 et
1034 1397 1252 1469 Spiritu
1283 1402 1486 1452 sancto
1526 1398 1696 1453 tertio
1744 1399 2024 1470 przedica—

381 1493 480 1544 tur
509 1487 683 1554 Deus,
716 1485 930 1542 ideirco
962 1485 1115 1540 trina
1147 1485 1476 1558 praedicatio
1509 1503 1820 1542 numerum
1864 1487 2022 1542 facit.

385 1579 499 1634 Hoc
527 1575 684 1632 enim
706 1573 844 1642 illis,
872 1579 937 1629 ut
958 1575 1183 1630 dictum
1207 1578 1314 1640 est,
1332 1574 1736 1647 imminet,qui
1755 1575 1907 1631 inter
1926 1593 2026 1631 eos

380 1663 720 1723 distantiam
753 1663 974 1718 faciunt
998 1662 1338 1718 meritorum
1362 1679 1374 1716 :
1401 1663 1704 1719 catholicis
1724 1682 1856 1720 vero
1880 1665 2024 1721 nihil

381 1755 442 1812 in
473 1752 801 1810 differentia
823 1751 1334 1820 constituentibus,
1360 1753 1668 1824 ipsamque
1690 1754 1939 1811 formam
1963 1759 2028 1811 ut

381 1848 472 1900 est
507 1858 636 1900 esse
684 1841 1058 1914 ponentibus,
1093 1857 1279 1913 neque
1329 1839 1486 1896 aliud
1540 1825 1668 1898 esse
1715 1859 1893 1915 quam
1943 1847 2032 1900 est

382 1932 581 2006 ipsum
598 1931 756 2004 quod
771 1934 861 1986 est
873 1929 1433 2002 opinantibus,rectc
1447 1932 1711 2004 repetitio
1725 1933 1796 1988 de
1807 1934 2034 2000 eodem,

383 2036 564 2093 quam
594 2017 958 2074 enumeratio
991 2017 1226 2086 diversi,
1248 2017 1481 2072 videtur
1511 2035 1639 2074 esse
1661 2036 1795 2075 cum
1820 2019 2039 2076 dicitur

392 2109 550 2166 Deus
599 2107 785 2174 Pater,
819 2107 973 2162 Deus
1029 2105 1230 2175 Filius,
1265 2107 1417 2162 Deus
1471 2105 1724 2180 Spiritus
1773 2113 2034 2176 sanctus,

394 2201 568 2270 atque
596 2195 718 2252 hmo
749 2195 1006 2251 Trinitas
1039 2213 1193 2250 unus
1245 2198 1414 2250 Deus.
1453 2218 1479 2244 ››
1512 2197 1580 2251 Et
1602 2197 1946 2254 Ambrosius
1977 2199 2035 2252 in

393 2285 543 2342 libro
571 2285 761 2358 primo
789 2285 860 2339 de
891 2283 1110 2356 Spiritu
1159 2288 1363 2339 sancto
1403 2283 1542 2356 (cap.
1579 2285 1666 2353 15)
1699 2302 1713 2340 :
1753 2308 1780 2336 ‹‹
1811 2285 2039 2342 Veritas

391 2375 678 2442 Christus,
709 2373 922 2430 veritas
952 2373 1228 2445 Spiritus.
1261 2373 1452 2428 [Iabes
1493 2373 1652 2434 enim
1693 2372 1752 2428 in
1793 2374 2039 2447 epistola

391 2463 637 2520 Joannis
670 2479 684 2518 :
718 2463 988 2530 Quoniam
1014 2462 1252 2532 Spiritus
1279 2469 1356 2517 cst
1385 2464 1581 2517 veritas
1612 2464 1657 2535 (Ι
1683 2463 1839 2519 Joan.
1871 2481 1924 2532 ν,
1956 2466 2034 2534 6).

391 2553 517 2608 Non
547 2550 739 2608 solum
773 2567 909 2623 ergo
938 2549 1218 2617 veritatis,
1243 2551 1344 2604 sed
1376 2551 1553 2605 etiam
1582 2550 1794 2608 veritas
1823 2553 2041 2608 dicitur

392 2639 892 2714 Spiritus,sicutet
907 2638 1086 2694 Filius
1098 2639 1313 2693 veritas
1326 2638 1798 2712 przedicatur,qui
1816 2640 1912 2696 ait:
1931 2643 2038 2710 Ego

273 2752 279 2758 ·
390 2747 514 2786 sum
540 2731 653 2794 via,
683 2737 735 2785 et
761 2730 982 2794 veritas,
1013 2735 1067 2783 et
1095 2729 1203 2783 vita
1235 2729 1407 2794 (Joan.
1439 2747 1550 2796 xw,
1571 2731 1650 2798 6).
1676 2731 1867 2786 Unum
1901 2735 2040 2786 sunt

295 2835 301 2850 '
389 2835 528 2893 ergo
568 2819 737 2874 Pater
780 2825 838 2872 et
885 2816 1068 2873 Filius
1111 2821 1168 2871 et
1218 2817 1472 2889 Spiritus
1529 2824 1816 2876 sanctus:
1851 2837 2036 2875 unum

392 2924 602 2964 nomen
623 2905 1058 2973 est-Trinitatis,
1073 2909 1261 2961 etuna
1283 2905 1813 2980 inseparabilisque
1834 2927 2036 2965 essen-

389 2997 490 3054 tia.
527 3018 556 3046 »
595 2995 664 3052 Et
707 2995 768 3050 in
817 2993 966 3050 libro
1014 2995 1203 3066 primo
1251 2996 1322 3051 de
1376 2997 1513 3052 Fide
1555 2997 1675 3070 (lib.
1709 3016 1749 3065 ι,
1783 3015 1899 3070 cap.
1928 3001 1986 3068 7)
2020 3015 2034 3054 :

391 3108 420 3137 «
453 3085 632 3143 Crede
661 3085 802 3158 quia
831 3103 867 3141 a
894 3085 1011 3140 Deo
1051 3084 1223 3140 exivit
1271 3085 1473 3154 Filius,
1508 3090 1572 3142 ut
1615 3086 1740 3158 ipse
1788 3091 2039 3143 testatur

2134 509 2320 581 capite
2343 511 2620 578 secundo,
2647 510 2744 565 ubi
2767 511 2941 566 dicit:
2964 532 2992 561 «
3009 511 3112 566 Est
3132 509 3432 583 plenitudo
3454 511 3770 570 divinitatis

2133 597 2192 652 in
2226 597 2409 664 Patre,
2443 604 2531 654 est
2563 598 2864 670 plenitudo
2893 599 3219 656 divinitatis
3244 600 3303 654 in
3337 599 3502 667 Filio,
3535 601 3636 656 sed
3657 617 3770 658 non

2134 685 2473 758 discrepans
2503 687 2604 742 sed
2637 705 2754 744 una
2784 688 3078 755 divinitas,
3115 706 3220 745 nec
3264 689 3575 746 confusum
3620 691 3772 763 quod

2134 791 2320 830 unum
2353 779 2460 845 est,
2494 791 2600 830 nec
2628 774 2932 849 multiplex
2963 777 3117 848 quod
3151 777 3488 835 indifferens
3535 783 3642 836 est.
3675 779 3774 834 Et-

2135 863 2290 919 enim
2325 863 2372 920 si
2403 864 2669 920 omnium
2697 865 3050 935 credentium,
3067 865 3221 922 sicut
3240 867 3524 938 scriptum
3547 873 3781 935 est,erat

2133 954 2322 1008 anima
2352 969 2465 1008 una
2493 960 2544 1008 et
2571 969 2664 1010 cor
2700 969 2874 1010 unum
2905 955 3036 1027 (Act.
3067 973 3144 1022 IV,
3174 957 3300 1023 32);
3333 955 3384 1012 si
3431 973 3635 1014 omnes
3680 960 3780 1030 qui

2132 1041 2418 1099 adhaerent
2469 1043 2721 1109 Domino,
2762 1044 2916 1100 462
2965 1061 3108 1100 unus
3153 1044 3392 1116 Spiritus
3442 1053 3522 1102 est
3562 1047 3610 1119 (ι
3653 1045 3773 1103 Cor.

2132 1149 2211 1198 vx,
2245 1131 2361 1202 17);
2394 1134 2460 1186 ut
2487 1130 2800 1202 Apostolus
2829 1131 2995 1200 dixit,
3028 1132 3078 1189 si
3110 1132 3196 1190 vir
3219 1138 3277 1189 et
3307 1151 3452 1190 uxor
3496 1133 3554 1190 in
3605 1151 3777 1192 carne

2136 1237 2254 1276 una
2280 1224 2420 1276 sunt
2450 1218 2655 1289 (Matth.
2687 1237 2803 1287 xxx,
2833 1222 2923 1290 5);
2957 1220 3006 1276 si
3037 1237 3243 1278 omnes
3274 1223 3564 1292 homines,
3597 1240 3781 1297 quan-

2134 1313 2263 1364 tum
2289 1309 2362 1363 ad
2394 1313 2663 1364 naturam
2688 1309 3146 1381 pertinet,unius
3166 1311 3510 1367 substantia:
3531 1330 3778 1384 sumus;

2134 1397 2183 1453 si
2215 1397 2324 1453 hoc
2353 1397 2424 1453 de
2445 1397 2724 1454 humanis
2745 1397 3044 1470 Scriptura
3065 1399 3207 1454 dicit
3229 1415 3243 1453 :
3271 1399 3406 1468 Quia
3428 1402 3590 1458 multi
3607 1421 3782 1460 unum

2133 1493 2264 1543 sunt
2291 1485 2338 1554 (1
2363 1488 2489 1544 Cor.
2521 1503 2577 1552 x,
2607 1487 2716 1556 17),
2749 1503 2998 1558 quorum
3031 1487 3194 1544 nulla
3233 1494 3424 1561 potest
3469 1507 3596 1548 esse
3640 1509 3781 1550 cum

2135 1575 2349 1631 divinis
2381 1574 2741 1646 comparatio
2775 1592 2788 1628 :
2823 1579 3041 1647 quanto
3073 1577 3263 1650 magis
3311 1577 3480 1634 Pater
3507 1584 3565 1636 et
3595 1581 3783 1638 Filius

2137 1663 2439 1720 divinitate
2469 1679 2654 1718 unum
2673 1668 2832 1729 sunt,
2848 1663 2947 1719 ubi
2971 1679 3076 1719 nec
3096 1665 3438 1721 substantia
3459 1683 3562 1725 nec
3582 1668 3786 1726 volun-

2136 1753 2276 1810 tatis
2307 1751 2428 1808 ulla
2457 1756 2546 1808 est
2573 1751 2946 1808 differentia?
2976 1753 3239 1826 Namque
3272 1753 3443 1812 aliter
3486 1761 3784 1829 quomodo

2147 1856 2331 1896 unum
2355 1838 2538 1894 Deum
2561 1838 2853 1895 dicimus?
2873 1839 3180 1897 diversitas
3208 1840 3406 1913 plures
3429 1845 3794 1914 facit,unitas

2146 1926 2452 2002 potestatis
2482 1926 2737 1983 excludit
2766 1927 2996 1984 numeri
3017 1929 3574 2006 quantitatem,quia
3595 1939 3795 1996 unitas

2147 2034 2429 2073 numerus
2459 2033 2574 2072 non
2605 2021 2715 2085 est,
2734 2017 2835 2072 sed
2860 2016 2981 2072 haec
3003 2018 3272 2075 omnium
3293 2020 3622 2096 principum
3643 2031 3796 2084 est.»

2146 2107 2215 2162 Et
2235 2105 2469 2161 Boetius
2489 2104 2548 2160 in
2571 2105 2968 2177 suprascripto
2992 2105 3139 2163 libro
3161 2110 3259 2177 (De
3274 2111 3545 2180 Trinit,ad
3565 2115 3760 2190 Sym.)
3780 2134 3795 2174 :

2147 2218 2174 2244 ‹‹
2210 2194 2344 2261 Ubi,
2365 2194 2576 2267 inquit,
2601 2193 2764 2249 nulla
2782 2198 2872 2249 est
2892 2195 3412 2264 differentiamufla
3431 2205 3520 2258 est
3549 2205 3797 2262 omnino

2147 2269 2664 2355 pluralitas,quare
2675 2299 2780 2338 nec
2793 2285 3798 2357 numerus,igiturunitastantum.»

2147 2371 2364 2426 Etitem
2380 2370 2532 2426 idem
2551 2370 2834 2425 :«Etenim
2849 2387 3033 2426 unum
3048 2388 3140 2428 res
3153 2374 3466 2442 est,unitas
3477 2394 3593 2450 qua
3607 2397 3800 2436 unum

2147 2459 2421 2514 dicimus.
2459 2481 2486 2508 »
2519 2459 2587 2514 Et
2615 2459 2980 2515 Arithmetici
3012 2461 3257 2517 dicunt:
3292 2486 3320 2512 «
3355 2463 3548 2522 Unum
3589 2485 3801 2526 semen

2147 2547 2376 2603 numeri
2407 2563 2556 2615 esse,
2591 2564 2706 2602 non
2738 2565 3074 2616 numerum,
3096 2552 3154 2605 et
3175 2550 3472 2624 simplices
3494 2548 3803 2630 numeros,

2147 2635 2249 2710 qui
2279 2635 2500 2692 nullam
2532 2641 2758 2708 partem
2788 2637 2964 2693 aliam
2995 2637 3214 2694 habent
3244 2639 3357 2697 nisi
3380 2641 3563 2700 solam
3595 2646 3801 2704 unita-

2147 2730 2287 2794 tem,
2321 2729 2386 2780 ut
2415 2713 2716 2780 ternarius'
2736 2724 2922 2780 solam
2962 2725 3216 2794 tertiam,
3249 2727 3556 2800 quinarius
3605 2733 3801 2792 solam

2147 2814 2812 2888 quintam,septenarius
2835 2813 3020 2870 solam
3044 2819 3368 2887 septenam,
3385 2818 3477 2876 his
3493 2821 3659 2880 enim
3680 2841 3801 2880 una

2147 2919 2283 2976 pars
2313 2901 2438 2958 sola
2457 2907 2564 2958 est.
2589 2924 2617 2952 ››
2642 2903 2711 2957 Et
2731 2903 2870 2958 item
2890 2904 3236 2960 Ambrosius
3260 2905 3318 2960 in
3339 2908 3576 2978 praefato
3599 2913 3798 2984 primo

2146 2993 2294 3048 libro
2325 2991 2468 3047 dicit
2498 2992 2634 3064 (cap.
2665 2994 2722 3059 2)
2755 3007 2768 3046 :
2801 3015 2828 3042 «
2862 2993 3108 3048 Necesse
3128 2997 3214 3050 est
3237 3001 3451 3069 negent
3468 2998 3674 3056 Ariani
3698 3006 3800 3059 aut

2146 3080 2332 3138 Patris
2363 3085 2464 3136 aut
2495 3079 2622 3136 Filii
2655 3079 3037 3148 divinitatem,
3071 3081 3184 3137 nisi
3215 3085 3480 3155 ejusdem
3519 3087 3800 3148 divinita-

389 3173 590 3230 dicons
613 3191 627 3230 :
650 3174 733 3228 Ea:
767 3174 872 3230 Deo
915 3175 1156 3244 processi
1201 3181 1252 3229 et
1297 3176 1420 3228 veni
1468 3174 1642 3244 (Joan.
1673 3190 1797 3241 vui,
1823 3177 1933 3243 42).
1966 3177 2036 3231 Et
2063 3161 2107 3229 C
2147 3170 2221 3226 tis
2252 3169 2606 3225 crediderint
2637 3169 2937 3227 unitatem.
2975 3193 3004 3219 »
3035 3171 3105 3225 Et
3141 3171 3280 3228 item
3315 3189 3326 3229 :
3368 3195 3395 3228 α
3426 3174 3801 3248 Operationis

390 3262 530 3318 alibi
555 3279 570 3318 :
594 3263 636 3317 Α
654 3263 760 3317 Deo
779 3263 932 3317 exivi
959 3263 1137 3330 (Joan.
1165 3263 1398 3329 xvx,27).
1429 3261 1536 3328 Qui
1567 3278 1634 3316 ex
1660 3262 1776 3318 Deo
1806 3281 2035 3336 proces-

389 3350 490 3417 sit,
515 3354 576 3406 et
603 3366 638 3405 a
667 3349 784 3404 Deo
813 3349 1008 3416 exivit,
1039 3347 1185 3403 nihil
1231 3347 1390 3403 aliud
1439 3353 1633 3420 potest
1677 3349 1892 3407 habere
1922 3351 2035 3408 nisi

389 3437 545 3510 quod
595 3435 696 3492 Dei
743 3440 852 3493 est.
884 3435 1048 3492 Unde
1097 3452 1212 3490 non
1260 3435 1450 3492 solum
1501 3436 1676 3506 Deus,
1706 3439 1805 3494 sed
1857 3440 2034 3498 etiam

386 3543 560 3583 verus
607 3525 782 3595 Deus,
822 3541 992 3580 verus
1023 3542 1057 3580 a
1084 3541 1240 3593 vero,
1272 3529 1329 3580 et
1375 3526 1518 3580 adeo
1569 3543 1765 3596 verus,
1799 3533 1863 3584 ut
1910 3530 2036 3604 ipse

387 3616 466 3672 sit
493 3614 724 3673 veritas.
755 3615 840 3671 Ita
868 3613 918 3669 si
953 3630 1164 3669 nomen
1206 3613 1544 3684 qumrimus,
1577 3615 1790 3673 veritas
1841 3624 1949 3688 est,
1984 3621 2032 3676 si

389 3705 760 3777 maiestatem
791 3701 1112 3776 quaerimus
1154 3702 1503 3772 naturalem,
1538 3720 1603 3759 eo
1634 3722 1820 3778 usque
1851 3709 2034 3766 Filius

387 3794 544 3850 Deus
571 3809 746 3848 verus
776 3794 884 3860 est,
921 3795 984 3846 ut
1012 3795 1069 3846 et
1097 3791 1691 3864 proprius.Seriptum
1714 3799 1804 3850 est
1825 3796 1982 3851 enim
2016 3815 2029 3853 :

389 3881 498 3951 Qui
517 3882 659 3938 Filio
683 3882 908 3953 proprio
945 3896 1053 3936 non
1079 3881 1338 3952 pepercit,
1371 3887 1462 3935 sed
1505 3899 1604 3952 pro
1653 3883 1808 3940 nobis
1855 3887 2033 3942 omni-

388 3973 488 4026 bus
534 3968 764 4027 tradidit
807 3985 932 4024 eum
977 3970 1152 4038 (Rom.
1203 3986 1326 4040 Vill,
1366 3970 1478 4041 32).
1513 3971 1782 4028 Tradidit
1831 3974 2034 4047 utique

385 4058 713 4116 secundum
743 4057 1334 4130 carnem.Proprietas
1365 4057 1691 4117 divinitatis
1711 4067 1801 4118 est
1819 4065 2034 4120 veritas

383 4147 774 4222 proprietatis,
807 4146 1210 4203 misericordia
1238 4145 1713 4218 pietatis,oblatio
1743 4151 2032 4208 securita-

381 4237 480 4295 tis.
511 4260 541 4290 »
575 4237 700 4294 Non
731 4235 915 4310 igitur
942 4240 1210 4292 constare
1240 4239 1618 4310 potest,quod
1641 4256 1742 4311 per
1765 4240 2030 4297 fraudem

381 4326 742 4384 mendaciter
772 4324 1184 4398 interpositum
1217 4329 1306 4381 est
1334 4325 1393 4380 in
1423 4327 1616 4382 verbis
1645 4328 1797 4384 beati
1827 4331 2032 4403 Augu-

380 4416 706 4485 stini,trina
732 4414 968 4486 veritas,
991 4413 1144 4470 sicut
1168 4418 1227 4470 et
1259 4414 1492 4471 Boetius
1521 4413 1581 4470 in
1612 4417 1849 4488 praefato
1881 4417 2030 4475 libro

2146 3259 2340 3314 unitas
2371 3276 2485 3314 non
2518 3258 2656 3334 facit
2683 3257 2968 3331 pluralem
3018 3259 3402 3318 divinitatem.
3439 3286 3468 3313 »
3499 3265 3570 3320 Et
3598 3265 3748 3324 item
3780 3285 3796 3324 :

2147 3370 2174 3399 α
2207 3349 2341 3414 Qua:
2370 3347 2526 3404 enim
2557 3349 2749 3419 potest
2777 3363 2906 3402 esse
2936 3346 3050 3403 alia
3079 3348 3410 3418 (estimatio,
3433 3351 3534 3408 ubi
3553 3353 3800 3413 deitatis

2147 3435 2340 3494 unitas
2370 3436 2506 3492 est?
2532 3458 2560 3485 »
2582 3437 2651 3491 Et
2670 3435 2808 3491 item
2832 3452 2846 3490 :
2871 3457 2900 3485 ‹‹
2919 3437 3140 3506 ⁴Α(1‹ε›ι·θ,1.
3169 3437 3228 3492 in
3250 3439 3442 3510 specie
3462 3442 3795 3517 angeli,qui

2144 3525 2608 3594 muniebat,utin
2621 3524 3172 3582 numeroTrinitatis
3183 3527 3524 3586 uniusesset
3535 3529 3801 3590 laudatio

2142 3615 2468 3686 potestatis.
2497 3636 2524 3662 ››
2550 3615 2618 3669 Et
2639 3613 2775 3670 hinc
2805 3613 3061 3686 plurima
3083 3616 3418 3673 testimonia
3440 3617 3499 3673 in
3521 3619 3800 3690 ejusdem

2142 3703 2308 3758 libris
2340 3703 2728 3775 reperiuntur,
2763 3719 2892 3773 qua:
2923 3705 3244 3760 ostendunt
3264 3722 3378 3761 non
3402 3723 3573 3780 posse
3595 3707 3659 3764 in
3677 3709 3800 3766 Deo

2141 3791 2422 3848 catholico
2438 3791 2553 3846 dici
2573 3791 2787 3847 trinam
2811 3792 3118 3864 unitatem,
3133 3793 3466 3868 trinamque
3485 3797 3795 3865 deitatem,

2141 3879 2356 3936 trinam
2387 3885 2682 3947 naturam,
2707 3880 2922 3936 trinam
2953 3882 3344 3939 substantiam
3369 3900 3383 3939 :
3407 3883 3548 3956 quia
3569 3885 3798 3955 unitas,

2141 3968 2348 4037 deitas,
2386 3972 2614 4038 natura,
2651 3968 3000 4038 substantia,
3025 3971 3086 4026 in
3117 3970 3233 4028 Deo
3256 3971 3593 4044 pluralitate
3614 3979 3800 4044 caret,

2141 4062 2197 4113 et
2229 4075 2471 4115 numero
2502 4058 2602 4130 qui
2621 4058 2680 4114 in
2701 4057 2856 4115 trina
2875 4063 2932 4114 et
2952 4057 3010 4115 in
3033 4059 3318 4117 Trinitate
3342 4062 3527 4118 est.Et
3546 4064 3714 4134 quod
3735 4064 3798 4120 in

2138 4147 2340 4203 eadem
2363 4146 2510 4203 falsa
2531 4147 2972 4220 interpositione
2993 4147 3242 4205 habetur
3262 4167 3379 4206 una
3401 4150 3798 4225 unitas,un

2137 4235 2354 4292 ibidem
2375 4237 2590 4292 dicitur
2609 4235 2765 4293 trina
2784 4237 3018 4306 veritas,
3032 4241 3090 4294 et
3110 4238 3262 4294 trina
3283 4240 3480 4296 unitas
3502 4241 3798 4299 destruit:

2139 4324 2278 4396 quia
2307 4325 2542 4396 quando
2572 4325 2788 4382 dicitur
2817 4342 3003 4381 unum
3036 4325 3119 4382 vel
3152 4344 3288 4396 una,
3321 4327 3370 4383 si
3404 4344 3525 4384 non
3557 4329 3801 4387 dicatur

2135 4413 2274 4486 quid
2295 4430 2478 4469 unum
2495 4411 2581 4469 vel
2597 4413 2738 4486 quid
2757 4413 3258 4488 una,intelligatur
3280 4433 3398 4472 una
3418 4416 3789 4490 substantia,

379 4505 747 4561 demonstrat
793 4504 994 4560 dicens
1044 4503 1135 4576 (ad
1179 4504 1336 4559 Joan.
1377 4503 1544 4575 diae.)
1578 4521 1592 4560 :
1627 4528 1654 4554 ‹‹
1687 4505 2031 4563 Substantia
2056 4529 2105 4596 D
2135 4505 2194 4558 et
2215 4500 2554 4558 substantia
2587 4501 2786 4596 unitas
2816 4519 2930 4596 non
2960 4501 3137 4596 habet
3167 4503 3798 4596 pluralitatem,quare

379 4591 640 4648 continet
669 4592 978 4664 unitatem,
1003 4591 1205 4649 relatio
1237 4591 1588 4664 multiplicat
1617 4593 2023 4652 Trinitatem.»

378 4681 564 4746 Quam
586 4679 890 4736 Trinitatis
939 4681 1332 4737 substantiam
1381 4682 1635 4738 ostendit
1677 4684 2024 4744 Ambrosius

377 4771 622 4825 cantans
651 4766 712 4824 in
743 4767 960 4841 hymno
993 4768 1278 4826 catholico
1311 4786 1324 4825 :
1364 4771 1438 4825 Tu
1486 4773 1766 4829 Trinitatis
1813 4778 2018 4832 unitas.

375 4853 679 4930 Quamque
707 4855 886 4913 veluti
917 4874 1210 4930 exponens
1238 4858 1603 4932 Augustinus
1628 4861 1773 4918 dicit
1792 4861 1852 4918 in
1873 4861 2020 4920 libro

373 4945 566 5018 primo
597 4945 668 5002 de
689 4946 972 5002 Trinitate
995 4963 1008 5003 :
1038 4970 1065 4996 «
1092 4947 1287 5003 Deitas
1308 4964 1434 5020 quae
1459 4949 1762 5007 Trinitatis
1782 4956 1871 5008 est
1890 4954 2019 5008 uni-

373 5037 486 5092 tas.
509 5057 538 5087 »
568 5033 676 5092 Cui
699 5034 875 5091 etiam
897 5035 1212 5093 concordat
1231 5036 1438 5094 beatus
1456 5039 1802 5096 Ambrosius
1824 5040 1883 5096 in
1905 5041 2018 5099 alio

371 5123 592 5200 hymno
623 5124 824 5184 dicens
858 5141 871 5181 :

884 5269 924 5318 0
953 5267 1044 5318 lux
1076 5269 1231 5319 beata
1259 5269 1505 5330 Trinitas,

884 5331 948 5381 Et
975 5332 1277 5395 principalis
1305 5333 1498 5382 unitas.

365 5477 480 5537 Sed
509 5483 567 5537 et
593 5477 740 5538 illud
769 5479 926 5552 quod
957 5479 1018 5535 in
1047 5479 1252 5536 eadem
1281 5477 1690 5550 compilatione
1713 5480 2018 5555 interposi-

367 5571 495 5632 tum
524 5570 798 5644 est,trina
817 5574 874 5629 et
903 5585 1023 5630 una
1053 5568 1250 5632 unitas
1271 5571 1541 5629 constare
1563 5585 1680 5627 non
1702 5571 2013 5648 potest,de~

2135 4606 2240 4646 nec
2263 4591 2705 4662 numerum,qui
2735 4589 2796 4646 in
2829 4591 2982 4646 trina
3010 4595 3068 4648 et
3095 4591 3154 4647 in
3177 4591 3461 4649 Trinitate
3491 4598 3603 4650 est.
3624 4593 3800 4652 Unde

2131 4679 2496 4752 Augustinus
2528 4679 2587 4734 in
2619 4684 2871 4736 tractatu
2899 4679 3110 4753 psalmi
3141 4679 3427 4754 trigesimi
3460 4683 3653 4739 octavi
3689 4701 3794 4742 ex-

2131 4784 2354 4841 ponens
2385 4767 2737 4824 sententiam
2765 4767 3026 4840 Apostoli
3051 4785 3062 4824 :
3097 4770 3272 4826 Unum
3301 4777 3643 4844 autem,quae
3672 4773 3803 4846 qui-

2130 4855 2250 4912 dem
2278 4864 2420 4913 retro
2445 4864 2575 4912 sunt
2602 4859 2922 4913 obliviscens
2966 4857 3201 4930 (Philip.
3234 4875 3318 4928 ιιι,
3356 4859 3465 4928 13).
3495 4883 3526 4910 ‹‹
3560 4858 3799 4933 Unum,

2129 4945 2342 5018 inquit,
2375 4945 2484 5002 hoc
2514 4949 2604 5002 est
2634 4943 2778 5002 illud
2823 4962 3008 5002 unum
3039 4963 3054 5002 :
3085 4946 3332 5020 Domine,
3365 4947 3584 5004 ostende
3623 4949 3798 5007 nobis

2127 5035 2366 5104 Patrem,
2397 5041 2448 5090 et
2466 5035 2674 5106 sufﬁcit
2697 5033 2854 5091 nobis
2883 5034 3070 5106 (Joan.
3097 5053 3215 5105 xw,
3235 5038 3314 5104 8).
3338 5035 3532 5092 Unum
3556 5041 3796 5110 autem,

2127 5141 2254 5196 quae
2285 5127 2342 5180 et
2367 5140 2487 5179 una
2514 5121 2728 5178 dicitur
2756 5123 2817 5177 in
2838 5121 2952 5180 alio
2973 5123 3204 5196 psalmo
3229 5141 3244 5180 :
3272 5125 3444 5182 Unam
3458 5126 3604 5196 petii
3621 5143 3660 5181 a
3679 5126 3798 5184 Do-

2125 5215 2294 5282 mino,
2327 5211 2469 5268 hanc
2495 5214 2799 5285 requiram,
2833 5220 2894 5268 ut
2924 5214 3223 5270 inhabitem
3253 5215 3314 5270 in
3353 5213 3506 5270 domo
3555 5213 3798 5272 Domini

2118 5319 2220 5376 per
2265 5318 2447 5359 omnes
2493 5301 2607 5358 dies
2654 5303 2784 5360 vitae
2829 5317 2968 5360 mea?
3016 5303 3186 5376 (Psal.
3236 5320 3388 5372 xm,
3421 5303 3499 5372 4).
3534 5301 3800 5377 Propter

2125 5391 2265 5464 quid
2285 5391 2312 5446 ?
2340 5394 2405 5446 ut
2434 5389 2794 5462 contempler
2821 5389 3270 5449 delectationem
3299 5389 3597 5448 Domini.»
3619 5391 3700 5448 Et
3731 5392 3799 5450 in

2121 5480 2271 5538 libro
2283 5483 2486 5538 contra
2498 5478 2882 5536 Maximinum
2899 5498 2912 5550 ;
2928 5479 3178 5555 legimus
3198 5481 3356 5538 enim
3370 5498 3384 5537 :
3399 5503 3427 5531 «
3447 5480 3557 5549 Qui
3562 5481 3802 5556 plantat

2122 5578 2174 5632 et
2201 5571 2297 5650 qui
2324 5573 2472 5650 rigat
2491 5585 2665 5650 unum
2691 5577 2822 5634 sunt
2849 5569 2898 5650 (ι
2925 5572 3049 5644 Cor.
3082 5587 3168 5646 ιιι,
3200 5572 3278 5646 8),
3310 5570 3412 5637 sed
3454 5570 3632 5630 ambo
3671 5569 3800 5632 ho-
