3962 6178
244 281 343 344 525

1242 281 1345 342 DE
1387 282 1548 344 UNA
1590 282 1691 343 ET
1734 283 1893 344 NON
1937 282 2180 344 TRINA
2225 283 2592 345 DEITATE.

3503 292 3620 354 5.26

243 411 409 472 mines
437 415 628 478 erant,
657 410 924 482 ejusdem
956 411 1298 467 substantiae
1347 413 1596 482 fuerant,
1631 431 1744 470 non
1777 413 1863 468 di-
1891 414 1950 482 Α
1979 414 2250 483 essentia,
2283 418 2400 470 tres
2423 431 2682 488 persona:
2703 420 2972 485 unum,id
2997 425 3085 476 est
3107 439 3261 478 unus
3280 423 3620 494 Deus,sunt,

242 518 416 559 versae.
449 521 478 550 »
512 500 657 555 Item
714 499 987 572 legimus,
1022 500 1149 573 ipso
1205 500 1436 558 Christo
1493 500 1722 559 dicente
1755 520 1767 558 :
1807 504 1871 560 Ut

239 594 332 647 sint
357 605 548 657 unum,
576 591 720 644 sicut
745 597 796 646 et
820 604 920 646 nos
948 605 1122 644 unum
1157 606 1346 645 sumus
1375 591 1550 659 (Joan.
1582 609 1720 659 xvn,
1751 591 1862 661 21).

239 680 343 737 Non
389 675 554 745 dixit,
607 681 674 733 ut
722 676 832 750 ipsi
903 681 960 734 et
1027 695 1132 734 nos
1199 696 1405 746 unum,
1459 681 1556 736 sed
1629 683 1696 735 ut
1752 679 1865 752 ipsi

240 768 338 826 sint
377 781 563 822 unum
615 766 676 822 in
725 770 938 822 natura
985 783 1094 822 sua
1142 770 1199 822 et
1246 767 1306 822 in
1357 768 1692 824 substantia
1735 787 1862 837 sua,

239 855 536 914 concordiae
585 855 868 928 qualitate
917 857 1174 928 quodam
1223 857 1396 912 modo
1443 856 1596 914 unici
1635 863 1694 914 et
1723 875 1866 915 eon-

239 945 342 1004 ﬂati
375 962 388 1000 :
421 949 479 1002 et
509 945 678 1001 Pater
705 948 763 1002 et
792 943 975 1000 Filius
1006 949 1064 1000 et
1087 945 1340 1018 Spiritus
1387 950 1630 1002 sanctus
1679 965 1864 1004 unum

235 1037 452 1108 propter
477 1033 844 1091 individuam
867 1034 1252 1107 eamdemque
1278 1035 1749 1093 naturam.Aliud
1777 1041 1868 1094 est

235 1123 371 1181 enim
415 1140 596 1179 unum
641 1129 786 1192 sunt,
841 1127 901 1180 et
949 1123 1110 1179 aliud
1179 1141 1354 1180 unum
1415 1141 1652 1182 sumus:
1704 1125 1863 1182 aliud

237 1215 368 1271 468
397 1229 545 1270 unus
572 1221 667 1270 est.
691 1213 932 1280 Quando
957 1211 1177 1268 dicitur
1206 1231 1391 1270 unum
1423 1217 1583 1285 sunt,
1613 1214 1721 1271 etsi
1747 1232 1863 1272 non

234 1304 446 1360 dicatur
473 1303 617 1376 quid
660 1319 872 1372 unum,
903 1301 1258 1376 intelligitur
1311 1321 1432 1359 una
1485 1305 1860 1360 substantia:

234 1391 447 1465 quando
469 1391 686 1448 dicitur
704 1407 860 1448 unus
880 1395 969 1448 est
988 1391 1060 1447 de
1078 1392 1308 1448 duabus
1328 1393 1572 1450 diversis
1593 1394 1864 1450 substan-

233 1483 335 1547 tiis,
354 1497 595 1538 necesse
615 1485 793 1537 estut
813 1485 1113 1554 quaratur
1149 1481 1290 1554 quid
1314 1499 1488 1538 unus.
1521 1481 1695 1538 Verbi
1726 1499 1863 1556 gra-

231 1571 315 1638 tia,
345 1569 578 1627 diversa
607 1569 940 1626 substantia
969 1573 1059 1626 est
1089 1569 1287 1625 anima
1317 1575 1374 1626 et
1399 1587 1630 1644 corpus,
1665 1575 1862 1627 tamen

230 1677 365 1716 unus
383 1659 564 1716 homo
587 1675 601 1714 :
625 1658 854 1714 diversa
875 1658 1208 1715 substantia
1228 1663 1318 1715 est
1338 1660 1582 1732 spiritus
1606 1659 1862 1716 hominis

229 1753 278 1806 et
303 1747 543 1822 spiritus
569 1747 691 1814 Dei,
723 1750 919 1803 tamen
959 1765 1093 1804 cum
1126 1747 1374 1804 Domino
1406 1748 1679 1815 adhazret,
1706 1765 1863 1806 unus

227 1837 454 1912 spiritus
475 1841 583 1894 est.
604 1836 846 1894 Addidit
865 1837 1132 1910 spiritus,
1158 1855 1274 1894 non
1297 1833 1444 1894 dixit
1463 1855 1651 1894 unum
1683 1843 1822 1895 sunt
1843 1855 1858 1896 :

227 1928 314 1984 ubi
331 1930 531 1984 autem
552 1923 767 1982 dicitur
785 1943 974 1982 unum
996 1929 1156 1994 sunt,
1180 1943 1300 1983 una
1321 1927 1654 1985 substantia
1675 1928 1862 2002 signi-

225 2017 435 2073 ﬁcatur.
462 2015 561 2072 Sic
580 2018 789 2072 etcum
810 2014 954 2072 dicit
973 2015 1286 2088 Apostolus
1310 2033 1323 2072 :
1345 2017 1575 2073 Scimus
1603 2017 1744 2089 quia
1763 2019 1861 2074 ui-

227 2105 307 2162 Iu‘l
327 2115 406 2162 est
427 2103 669 2162 idolum
687 2104 739 2178 (1
755 2104 892 2161 Cor.
913 2103 1098 2178 vm,li)
1120 2122 1134 2160 :
1166 2105 1258 2174 Et,
1291 2106 1464 2176 Quod
1483 2105 1692 2162 nullus
1715 2111 1865 2163 Deus

223 2196 326 2252 nisi
345 2211 515 2252 unus.
542 2197 689 2250 Nam
720 2195 830 2250 etsi
854 2200 991 2250 sunt
1013 2195 1118 2268 qui
1143 2194 1422 2251 dicunt-ur
1449 2196 1544 2252 dii
1571 2195 1774 2268 mulli,
1807 2203 1864 2252 et

223 2285 436 2342 domini
455 2283 783 2351 mulli,sive
803 2284 862 2340 in
878 2283 1046 2351 certe,
1067 2285 1188 2341 sive
1209 2285 1269 2341 in
1289 2286 1644 2354 terra,nobis
1665 2294 1863 2342 tamen

221 2391 355 2432 usus
375 2379 532 2432 Deus
551 2378 749 2440 Pater,
773 2389 849 2430 ea:
866 2389 978 2448 quo
999 2374 1198 2432 omnia
1216 2383 1270 2432 el
1286 2393 1390 2432 nos
1408 2377 1469 2432 in
1491 2375 1692 2448 illum,
1718 2393 1864 2432 unus

221 2465 493 2522 Dominus
513 2465 679 2520 Iesus
705 2462 1112 2536 Christusmer
1133 2481 1298 2538 quem
1320 2465 1522 2522 omnia
1550 2471 1607 2522 et
1635 2483 1738 2523 nos
1759 2483 1866 2536 per

220 2551 390 2610 illum
409 2551 618 2622 (ibiut,
653 2553 710 2624 4,
737 2553 795 2622 5,
823 2552 900 2626 6),
919 2542 1200 2610 °addendr
1229 2554 1365 2627 quis
1393 2553 1481 2610 vel
1511 2555 1654 2626 quid
1685 2573 1862 2612 unus.

219 2643 351 2696 Cum
371 2640 517 2698 dicit
537 2657 689 2697 unus
707 2645 860 2699 Deus
879 2646 1080 2710 Pater,
1113 2645 1170 2698 et
1190 2658 1339 2698 unus
1364 2647 1506 2697 Dom
1515 2643 1647 2698 inus
1675 2646 1861 2710 Iesus,

221 2747 488 2802 personas
547 2729 818 2786 distinxit
872 2731 1230 2788 nominando
1279 2731 1507 2786 Patrem
1539 2734 1596 2786 et
1627 2730 1860 2799 Filium,

219 2818 606 2876 substantiam
653 2837 834 2876 unam
877 2819 1135 2877 ostendit
1160 2837 1296 2876 cum
1325 2824 1483 2876 Deus
1511 2819 1670 2877 dicit.
1702 2820 1865 2876 Unde

224 2906 350 2964 alibi
378 2909 633 2982 loquens
657 2907 982 2964 trinitatem
1011 2925 1393 2981 personarum
1426 2907 1602 2964 unius
1630 2907 1864 2966 deitatis

222 2996 576 3054 demonstrat
601 3013 736 3054 cum
767 2996 931 3066 dicit,
969 3003 1060 3056 Ea:
1083 2999 1235 3071 ipso,
1276 2997 1544 3055 videlicet
1578 3014 1646 3054 ex
1677 2997 1862 3065 Patre,

1975 507 2034 558 et
2061 521 2174 559 non
2215 521 2334 560 una
2372 521 2624 577 persona
2654 506 2822 562 Pater
2841 513 2899 563 et
2917 507 3098 564 Filius
3119 515 3176 566 et
3203 513 3458 583 Spiritus
3487 531 3622 570 san-

1975 595 2126 647 ctus.
2158 591 2514 648 Auctoritate
2545 592 2804 664 quidem,
2857 593 2996 666 quia
3023 601 3087 652 ut
3117 598 3352 655 Boetius
3380 601 3437 656 in
3474 599 3624 657 libro

1975 679 2057 734 De
2087 681 2367 736 Trinitate
2396 680 2538 737 dicit
2569 699 2582 737 :
2620 703 2646 734 α
2680 684 2743 738 [ιι
2775 700 3020 740 numero
3077 702 3190 757 quo
3244 703 3624 744 numeramus

1974 769 2240 840 repetitio
2296 769 2592 826 unitatum
2647 769 2785 827 facit
2841 771 3236 844 pluralitatem
3272 791 3284 829 :
3319 775 3377 830 in
3427 793 3622 832 rerum

1972 873 2106 912 vero
2129 874 2373 913 numero
2395 875 2510 914 non
2534 859 2673 914 facit
2701 858 3097 931 pluralitatem
3133 863 3428 918 unitatum
3459 880 3622 936 repe-

1975 945 2124 1014 titio,
2158 946 2333 1002 veluti
2365 963 2500 1002 cum
2534 947 2702 1003 Pater
2730 953 2788 1004 et
2819 949 3001 1005 Filius
3022 953 3080 1006 et
3099 949 3354 1024 Spiritus
3384 955 3625 1008 sanctus

1973 1035 2144 1090 tertio
2166 1036 2514 1107 praedicatur
2537 1037 2713 1093 Deus.
2747 1059 2775 1088 ››
2804 1039 2874 1094 Et
2902 1038 3042 1094 item
3069 1056 3081 1094 :
3110 1063 3138 1090 «
3169 1039 3358 1098 Unum
3389 1057 3482 1097 res
3512 1045 3622 1107 est,

1973 1123 2172 1180 unitas
2203 1141 2317 1196 quo
2343 1141 2528 1180 unum
2560 1125 2834 1182 dicimus.
2857 1149 2885 1176 ››
2917 1128 2986 1182 Et
3011 1128 3357 1186 Ambrosius
3385 1129 3445 1184 in
3474 1128 3624 1186 libro

1973 1213 2163 1284 primo
2201 1213 2271 1268 de
2304 1213 2441 1270 Fide
2489 1217 2631 1287 (cap.
2664 1215 2718 1287 2)
2754 1231 2769 1272 :
2819 1239 2848 1265 «
2885 1214 3089 1273 Unitas
3139 1234 3422 1275 numerus
3469 1219 3625 1274 464

1973 1319 2089 1358 non
2111 1305 2219 1370 est,
2244 1303 2345 1358 sed
2369 1302 2490 1358 haec
2512 1303 2778 1360 omnium
2802 1303 2930 1376 ipsa
2950 1303 3306 1378 principium
3329 1310 3475 1363 est.»
3507 1307 3626 1363 Sua

1972 1407 2205 1463 quoque
2234 1389 2678 1464 impugnatione
2708 1391 3073 1466 interpositio
3095 1395 3208 1451 ista
3227 1396 3476 1452 destruit
3495 1413 3624 1469 quae

1972 1479 2114 1535 dicit
2133 1479 2287 1535 trina
2316 1485 2373 1535 et
2403 1497 2520 1535 una
2551 1481 2768 1552 unitas,
2803 1481 2942 1554 quia
2973 1483 3247 1539 unitasin
3273 1501 3338 1539 eo
3373 1501 3486 1556 quo
3507 1502 3625 1540 una

1971 1573 2062 1624 est
2091 1569 2247 1623 trina
2278 1585 2406 1625 esse
2438 1585 2553 1624 non
2585 1574 2794 1642 potest,
2829 1570 2982 1626 sicut
3031 1571 3289 1628 Trinitas
3320 1573 3379 1627 in
3410 1589 3477 1629 eo
3508 1589 3624 1646 quo

1971 1657 2126 1712 trina
2137 1661 2226 1713 est
2239 1674 2358 1712 una
2377 1673 2505 1714 esse
2523 1674 2636 1714 non
2651 1662 2862 1731 potest.
2887 1660 3143 1716 Trinitas
3161 1660 3383 1716 scilicet
3403 1661 3463 1716 in
3487 1679 3622 1734 per-

1971 1746 2133 1801 sonis
2163 1763 2281 1802 una
2307 1762 2436 1802 esse
2467 1763 2582 1802 non
2614 1749 2987 1820 potest,sicut
3015 1749 3303 1805 Sabellius
3332 1749 3624 1806 voluitzet

1971 1833 2166 1891 unitas
2188 1833 2576 1904 Trinitatis,id
2599 1840 2689 1893 est
2709 1836 2916 1904 deitas,
2941 1837 3098 1894 trina
3117 1854 3246 1894 esse
3269 1854 3383 1894 non
3407 1841 3622 1910 potest,

1970 1924 2124 1981 sicut
2141 1925 2313 1982 Arius
2335 1925 2678 1983 dixit.Fides
2699 1932 2894 1984 autem
2917 1927 3204 1984 catholica
3223 1933 3334 2000 est,
3351 1933 3418 1984 ut
3445 1929 3625 1984 Atha-

1971 2014 2176 2070 nasius
2216 2015 2418 2091 sentit,
2449 2019 2507 2072 et
2553 2015 2746 2072 omnis
2794 2015 3216 2074 catholicorum
3265 2017 3626 2074 unanimitas

1971 2103 2280 2171 consentit,
2312 2107 2376 2159 ut
2406 2121 2592 2160 unum
2623 2103 2808 2160 Deum
2839 2104 2899 2160 in
2931 2105 3189 2162 trinitate
3240 2123 3626 2180 personarum

1971 2195 2174 2248 contra
2193 2191 2537 2261 Sabellium,
2562 2196 2619 2248 et
2649 2192 2974 2250 trinitatem
3008 2212 3396 2268 personarum
3418 2194 3480 2250 in
3503 2195 3628 2250 uni-

1969 2284 2088 2336 tate
2113 2280 2365 2350 deitatis,
2393 2286 2598 2338 contra
2627 2281 2831 2338 Arium
2861 2299 3207 2340 veneremur
3231 2300 3244 2350 ξ
3271 2301 3460 2358 neque
3489 2301 3625 2340 con-

1969 2369 2284 2426 fundentes
2315 2387 2617 2442 personas,
2651 2374 2718 2425 ut
2760 2371 3076 2440 Sabellius,
3129 2373 3296 2445 quasi
3345 2377 3464 2430 tres
3508 2390 3624 2428 non

1972 2458 2108 2527 sint,
2129 2475 2319 2531 neque
2340 2459 2732 2516 substantiam
2756 2466 3118 2531 separantes,
3146 2466 3210 2518 ut
3229 2460 3420 2532 Arius,
3454 2465 3623 2535 quasi

1970 2547 2126 2602 trina
2173 2546 2268 2603 sit.
2304 2547 2468 2604 Unde
2514 2547 2563 2604 si
2615 2549 2770 2620 quod
2819 2548 3108 2623 impostor
3153 2551 3626 2608 inconvenienter

1971 2637 2168 2708 posuit
2213 2653 2332 2692 una
2373 2637 2573 2692 unitas
2602 2637 2778 2693 etiam
2811 2638 2894 2694 sic
2927 2639 3310 2712 intelligatur,
3343 2639 3620 2712 quoniam

1972 2724 2141 2780 aliter
2159 2728 2311 2780 recte
2342 2741 2456 2780 non
2490 2729 2678 2797 potest
2704 2725 2974 2799 intelligi,
3011 2728 3149 2799 quia
3177 2733 3266 2785 est
3291 2745 3469 2800 super
3495 2745 3620 2784 om-

1973 2813 2073 2868 nia
2099 2813 2159 2867 in
2190 2813 2406 2884 quibus
2453 2813 2649 2870 unitas
2697 2814 2812 2870 dici
2855 2819 3064 2888 potest,
3099 2816 3158 2871 in
3189 2817 3378 2872 tribus
3407 2821 3621 2872 sancta

1973 2899 2276 2958 Trinitatis
2306 2899 2572 2973 personis
2607 2901 2794 2957 Patris
2825 2906 2882 2958 et
2908 2901 3036 2958 Filii
3067 2906 3125 2958 et
3151 2903 3406 2975 Spiritus
3437 2903 3624 2959 sancti

1974 3005 2093 3044 una
2114 2988 2172 3044 id
2194 2992 2284 3044 est
2303 2987 2623 3061 singularis
2644 2993 2734 3045 est
2772 2989 2990 3058 unitas,
3013 3007 3263 3062 quorum
3284 2995 3374 3048 est
3396 3009 3515 3047 una
3545 2991 3626 3047 di-

219 3101 317 3155 per
341 3088 560 3156 ipsum,
586 3103 692 3160 per
740 3086 974 3155 Filium,
1025 3087 1086 3143 in,
1121 3088 1267 3158 ipso,
1302 3087 1527 3144 scilicet
1553 3086 1613 3142 in
1645 3085 1865 3158 Spiritu
1914 3159 1935 3160 ﬂ
1971 3079 2206 3151 vinitas,
2237 3077 2326 3134 vel
2376 3077 2428 3134 si
2476 3079 2810 3152 expressius
2867 3079 3082 3136 dicitur
3137 3079 3346 3150 deitas,
3378 3080 3628 3136 destruit

222 3177 435 3242 sancto,
453 3159 832 3242 sunliomnia,
851 3174 971 3247 ipsi
987 3175 1184 3245 gloria
1201 3177 1388 3242 (Rom.
1420 3191 1498 3242 xu,
1529 3175 1642 3244 36),
1665 3179 1723 3230 et
1752 3191 1868 3230 non
1894 3159 1938 3226 C
1975 3169 2131 3242 quod
2190 3169 2323 3224 ante
2378 3167 2637 3240 positum
2680 3172 2790 3236 est,
2820 3173 2888 3225 ut
2917 3168 3072 3225 trina
3101 3168 3177 3225 sit
3205 3167 3423 3236 unitas,
3455 3167 3513 3224 id
3537 3173 3627 3225 est

222 3260 357 3333 ipsis
374 3262 569 3335 gloria
603 3263 912 3334 subjunxit
933 3280 946 3318 :
971 3263 1111 3336 quia
1131 3262 1247 3320 alia
1265 3267 1356 3320 est
1377 3280 1627 3335 persona
1657 3262 1866 3332 Patris,

222 3347 328 3405 alia
346 3349 504 3418 Filii,
530 3348 648 3406 alia
667 3349 926 3422 Spiritus
947 3350 1134 3407 sancti
1161 3367 1174 3406 :
1201 3351 1301 3406 sed
1326 3351 1386 3406 in
1426 3351 1641 3407 deitate
1673 3350 1870 3407 unitas

219 3438 472 3495 creditur
489 3443 550 3495 et
570 3439 940 3511 praedicatur,
965 3440 1104 3512 quia
1147 3439 1335 3496 Patris
1369 3443 1426 3495 et
1449 3439 1576 3495 Filii
1598 3444 1656 3496 et
1686 3439 1869 3513 Spiri-

218 3531 307 3584 tus
326 3527 515 3584 sancti
541 3544 662 3583 una
683 3533 775 3584 est
793 3528 1091 3595 divinitas,
1115 3528 1356 3596 aequalis
1376 3528 1872 3600 gloria,coa3terna

218 3617 514 3688 majestas.
551 3615 842 3688 lmpostor
867 3632 1001 3672 vero
1034 3615 1334 3683 falsitatis,
1367 3619 1422 3671 et
1448 3615 1640 3672 verbis
1683 3615 1870 3672 sancti

218 3703 525 3776 Augustini
576 3703 911 3773 insultator,
945 3703 1314 3778 quiscunque
1373 3704 1470 3760 ille
1528 3703 1721 3771 fuerit,
1755 3722 1870 3762 non

215 3808 392 3850 ausus
414 3797 621 3866 aperte
641 3791 942 3865 imponere
961 3792 1118 3849 trina
1139 3797 1197 3848 et
1217 3809 1335 3848 una
1358 3791 1566 3860 deitas,
1592 3809 1664 3849 ne
1686 3792 1870 3866 perci-

217 3887 470 3952 peretur,
493 3882 751 3938 immisit
769 3881 924 3955 quod
947 3882 1316 3938 tantumdem
1338 3879 1874 3954 valeret,quatenus

213 3987 312 4042 per
338 3971 742 4029 substantiale
785 3987 1019 4039 nomen,
1053 3971 1207 4043 quod
1244 3974 1334 4026 est
1361 3969 1595 4038 veritas,
1627 3970 1874 4026 dicendo

212 4061 365 4116 trina
395 4065 457 4117 et
486 4078 609 4116 una
633 4060 1008 4126 veritas,cum
1041 4059 1208 4115 Pater
1237 4062 1294 4114 et
1324 4057 1506 4114 Filius
1535 4064 1594 4114 et
1619 4059 1874 4132 Spiritus

209 4154 483 4219 sanctus,
505 4154 574 4206 ut
593 4148 959 4221 Augustinus
979 4147 1141 4216 dicit,
1168 4165 1282 4204 non
1305 4151 1424 4204 tres
1451 4147 1744 4216 veritates,
1771 4164 1876 4204 nec

211 4237 368 4296 trina
396 4238 641 4306 veritas,
666 4238 767 4294 sed
799 4254 918 4294 una
944 4237 1066 4294 sint
1093 4236 1328 4304 veritas,
1354 4237 1506 4294 sicut
1536 4254 1656 4294 una
1685 4253 1878 4294 essen-

210 4325 308 4396 tia,
343 4329 405 4384 et
437 4343 562 4384 una
586 4325 708 4382 vita
739 4343 754 4383 :
789 4329 847 4382 et
877 4325 1144 4382 addendo
1202 4325 1358 4382 trina
1405 4329 1462 4382 et
1507 4343 1626 4382 una
1656 4326 1874 4396 unitas,

208 4416 467 4488 probare
489 4419 694 4489 posset
712 4415 866 4488 quod
889 4413 1004 4470 dici
1026 4415 1262 4470 deberet
1278 4414 1434 4471 trina
1451 4419 1509 4472 et
1532 4432 1650 4472 una
1666 4415 1874 4472 deitas.

1977 3256 2162 3314 Patris
2193 3261 2249 3312 et
2277 3255 2406 3311 Filii
2436 3261 2493 3312 et
2523 3256 2778 3329 Spiritus
2810 3257 2998 3314 sancti
3032 3257 3242 3326 deitas,
3276 3275 3404 3330 qua:
3433 3257 3627 3314 Trini-

1977 3344 2114 3402 tatis
2143 3350 2234 3402 est
2257 3345 2476 3402 unitas.
2504 3345 3030 3402 Exterminandum
3056 3351 3145 3402 est
3172 3347 3354 3420 igitur
3372 3364 3626 3420 .pravum

1979 3436 2212 3508 dogma,
2245 3439 2304 3490 et
2333 3435 2698 3506 sequendum
2729 3435 2885 3506 quod
2917 3435 3128 3492 docent
3169 3436 3460 3505 catholici,
3490 3435 3629 3509 quia

1979 3524 2236 3580 Trinitas
2267 3523 2433 3579 Pater
2461 3528 2519 3578 et
2549 3523 2730 3578 Filius
2759 3528 2818 3580 et
2847 3524 3102 3597 Spiritus
3149 3529 3388 3582 sanctus
3421 3527 3495 3582 ad
3521 3525 3627 3582 ali-

1981 3611 2142 3685 quid,
2171 3612 2228 3668 id
2251 3615 2340 3668 est
2368 3611 2602 3667 relative
2633 3611 2930 3679 dicuntur,
2953 3614 3109 3669 unde
3129 3619 3186 3670 et
3215 3613 3522 3686 pluralitas
3541 3618 3630 3670 est

1981 3702 2040 3756 in
2063 3699 2328 3774 personis
2352 3718 2366 3770 ;
2387 3701 2601 3758 veritas
2625 3717 2778 3771 vero,
2831 3703 3105 3770 essentia,
3139 3701 3346 3772 deitas,
3382 3719 3530 3775 quas,
3564 3705 3632 3758 ut

1979 3790 2344 3862 Augustinus
2383 3789 2562 3846 dicit:
2593 3790 2899 3847 Trinitatis
2941 3794 3030 3847 est
3060 3791 3275 3861 unitas,
3308 3791 3379 3848 de
3408 3791 3524 3848 Deo
3556 3791 3630 3847 ad

1983 3896 2046 3936 se
2074 3880 2132 3934 id
2164 3882 2255 3935 est
2283 3878 2752 3935 substantialiter
2774 3897 2842 3936 ac
2871 3897 2975 3953 per
3005 3879 3114 3937 hoc
3145 3880 3518 3954 singulariter
3543 3880 3632 3936 di-

1983 3969 2158 4037 citur,
2191 3972 2244 4024 et
2277 3985 2432 4024 unus
2461 3968 2616 4024 Deus
2647 3969 2814 4024 Pater
2839 3974 2898 4025 et
2927 3969 3111 4026 Filius
3140 3975 3198 4026 et
3227 3971 3482 4044 Spiritus
3505 3987 3634 4027 san-

1985 4061 2136 4129 ctus,
2161 4057 2222 4112 in
2253 4072 2318 4112 eo
2351 4073 2464 4127 quo
2509 4055 2700 4112 trinus
2743 4060 2850 4125 est,
2887 4074 3042 4112 unus
3072 4061 3186 4113 non
3219 4057 3453 4128 dicitur,
3486 4062 3543 4112 et
3573 4058 3633 4112 in

1983 4163 2050 4203 eo
2079 4162 2195 4218 quo
2221 4161 2376 4200 unus
2407 4147 2519 4211 est,
2548 4143 2740 4200 trinus
2767 4161 2884 4200 non
2921 4145 3154 4200 dicitur.
3189 4146 3298 4201 Sed
3333 4149 3399 4200 ut
3427 4145 3634 4200 beatus

1985 4237 2180 4292 cantat
2209 4231 2552 4290 Ambrosius
2587 4249 2600 4286 :
2648 4232 2812 4288 Unus
2860 4238 2950 4289 est
2996 4232 3416 4306 potentialiter,
3450 4233 3509 4288 id
3547 4235 3638 4289 est

1986 4322 2471 4390 substantialiter,
2496 4321 2650 4379 sicut
2667 4321 3032 4395 Augustinus
3055 4321 3279 4392 dicit,et
3301 4323 3494 4379 trinus
3513 4337 3640 4395 per-

1987 4412 2670 4472 sonaliter.Manifestum
2691 4415 2748 4467 et
2769 4411 3208 4468 manifestatum
3230 4415 3319 4468 est
3337 4428 3474 4486 ergo
3485 4426 3640 4467 com~

208 4504 278 4560 Et
296 4504 502 4562 noluit
531 4503 766 4561 mittere
796 4503 1161 4599 Gothescalci
1192 4504 1388 4570 verba,
1423 4508 1487 4560 ut
1515 4504 1736 4599 diceret
1765 4504 1880 4561 doi-
1908 4535 1956 4599 Ι)
1987 4503 2261 4599 pilatum,
2284 4505 2342 4558 et
2359 4500 2752 4599 adulteratam
2774 4505 2948 4599 atque
2969 4500 3247 4599 falsatum
3269 4517 3398 4558 esse
3419 4499 3636 4599 librum

206 4596 295 4648 tas
327 4594 500 4649 trina
528 4597 621 4648 est
652 4591 1058 4666 personaliter,
1089 4596 1148 4648 et
1177 4609 1295 4648 una
1324 4592 1768 4660 naturaliter,ne
1798 4610 1881 4650 re-

207 4685 743 4754 cognoscerentur,
773 4684 832 4738 et
859 4697 930 4736 ex
957 4696 1024 4737 eo
1056 4684 1492 4752 respuerentur.
1524 4680 1779 4737 Immisit
1803 4685 1884 4738 ta-

1990 4592 2142 4650 beati
2171 4589 2483 4664 Augustini
2514 4593 2718 4645 contra
2746 4589 3005 4662 quinque
3034 4589 3292 4646 hostium
3322 4605 3556 4664 genera,
3578 4589 3642 4644 ia

1991 4699 2106 4755 quo
2136 4681 2258 4736 haec
2307 4677 2580 4734 haeretica
2626 4678 2882 4751 pravitas
2909 4695 2944 4734 a
2973 4695 3326 4752 quocunque
3367 4679 3643 4736 falsators

207 4785 346 4825 men
403 4769 687 4827 absolute
735 4768 892 4826 trina
923 4773 981 4826 et
1009 4786 1128 4824 una
1160 4767 1376 4836 unitas,
1410 4786 1482 4824 ne
1511 4787 1620 4825 sua
1649 4771 1824 4826 verba
1850 4787 1886 4826 a
1992 4769 2336 4842 interposita
2355 4767 2806 4839 comprobatur:
2833 4769 2988 4825 sicut
3007 4769 3068 4824 in
3097 4768 3306 4842 quinta
3334 4770 3555 4843 synodo
3576 4783 3646 4824 ex

205 4857 588 4915 Gothescalci
611 4858 805 4914 verbis
823 4874 1001 4914 sensu
1024 4857 1446 4913 discordarent.
1480 4858 1614 4925 Sed,
1647 4863 1713 4912 ut
1741 4859 1884 4914 scri-
1995 4858 2413 4916 catholicorum
2439 4855 2606 4914 libris
2627 4857 2897 4929 quaedam
2917 4858 3253 4914 testimonia
3269 4859 3340 4915 ab
3359 4849 3645 4914 hzeréticis

202 4951 373 5018 ptum
400 4947 1050 5020 estzFrustrajacitur
1069 4952 1191 5002 rete
1221 4951 1360 5001 anle
1383 4945 1584 5000 oculos
1603 4953 1890 5018 pennata.
1997 4949 2067 5004 ad
2101 4964 2270 5004 suam
2302 4947 2768 5002 conﬁrmandam
2819 4947 3164 5020 pravitatem
3193 4949 3557 5012 detruncata,
3590 4948 3648 4998 et

202 5051 342 5091 rum
369 5039 585 5105 (Prov.
611 5053 650 5104 ι,
678 5035 788 5108 17).
817 5035 1064 5092 Videtur
1091 5051 1349 5106 namque
1381 5036 1541 5090 fraus
1581 5034 1886 5110 sacrilega,
1999 5038 2266 5110 quaedam
2293 5036 2440 5091 falsa
2471 5035 2772 5092 catholicis
2803 5037 3224 5093 catholicorum
3252 5035 3444 5092 verbis
3472 5035 3649 5088 inter-

200 5129 268 5180 ut
286 5129 584 5200 patenter
601 5128 906 5182 ostensum
937 5129 1024 5180 est
1052 5128 1110 5180 et
1141 5123 1332 5180 adhuc
1359 5117 1716 5191 ostendetur,
1751 5124 1890 5196 quia
1997 5110 2189 5200 posita
2218 5126 2402 5182 fuisse
2449 5125 2753 5198 vigilantia
2809 5125 3227 5183 catholicorum
3285 5122 3518 5180 detexit.
3551 5121 3648 5178 Sic

201 5230 321 5269 non
349 5213 568 5270 solum
590 5213 817 5270 ratione
837 5217 897 5270 et
918 5213 1286 5280 auctoritate,
1308 5228 1511 5268 verum
1535 5215 1594 5268 et
1623 5230 1732 5270 sua
1760 5213 1891 5286 ipsa
1999 5215 2155 5272 enim
2187 5214 2617 5288 deprehensum
2650 5215 2970 5271 Macarium
2988 5213 3415 5270 Antiochenum
3433 5209 3651 5284 episco-

197 5301 674 5376 impugnatione
717 5301 1084 5375 interpositio
1127 5301 1242 5357 ista
1273 5299 1610 5357 destruitur.
1645 5301 1890 5359 Ratione
1998 5323 2138 5378 pum
2160 5303 2221 5359 in
2243 5308 2406 5360 sexta
2427 5305 2648 5376 synodo
2666 5303 2920 5378 legimus
2943 5321 2957 5360 :
2984 5305 3068 5360 sic
3090 5304 3439 5372 Donatus,ut
3456 5301 3652 5373 Augu-

196 5392 461 5464 quippe,
490 5391 656 5463 quia,
682 5395 748 5447 ut
773 5389 1142 5464 Augustinus
1174 5389 1334 5456 dicit,
1367 5390 1554 5446 deitas
1585 5391 1888 5448 Trinitatis

193 5483 286 5539 est
315 5480 572 5546 unitas,
603 5485 662 5536 et
691 5481 892 5537 unitas
930 5497 1048 5555 qua
1091 5484 1210 5536 tres
1243 5496 1502 5552 personae
1536 5498 1719 5537 unum
1751 5485 1891 5538 sunt

193 5571 364 5633 trina
397 5584 554 5631 esse
575 5586 697 5630 non
727 5573 938 5649 potest.
975 5569 1198 5632 Natura
1232 5568 1411 5644 enim,
1449 5568 1681 5661 deitate,
1714 5570 1771 5630 id
1802 5573 1893 5630 est

1999 5395 2191 5452 stinus
2223 5393 2284 5449 in
2315 5393 2464 5449 libro
2513 5395 3013 5451 Retractationum
3063 5391 3226 5460 dicit,
3255 5391 3327 5447 de
3357 5388 3654 5448 sententia

1999 5487 2106 5555 Qui
2131 5485 2370 5558 baptimt
2397 5501 2431 5540 α
2459 5491 2690 5553 mortuo,
2724 5493 2775 5541 ct
2829 5486 3028 5540 iterum
3075 5483 3252 5556 tangit
3305 5482 3487 5552 illum,
3519 5478 3652 5558 quid

1993 5577 2212 5656 proﬁcit
2238 5577 2438 5636 lavatio
2467 5577 2582 5653 ejus
2613 5576 2801 5651 (Eccli.
2833 5590 3024 5647 xxxtv,
3055 5574 3170 5648 30),
3201 5573 3276 5632 ad
3307 5589 3476 5634 suam
3507 5589 3653 5632 con-
