3962 6178
267 303 384 379 527

1206 294 1586 361 HINCMARI
1634 292 2082 369 RHEMENSIS
2125 292 2743 357 ARCHIEPISGOPI.

3561 289 3679 359 ass

267 427 620 511 firmandam
650 423 939 492 haeresim,
970 432 1023 482 et
1050 427 1247 483 iterum
1276 429 1452 497 tangit
1480 428 1646 484 illum
1674 428 1911 484 subtra-
1940 426 1992 511 Α
2026 424 2214 495 sancti
2232 424 2493 497 Spiritus
2530 423 2811 482 omnibus
2858 425 3060 483 contra
3087 421 3189 481 illa
3218 437 3347 511 qua:
3377 419 3678 511 divinitus,

267 507 352 589 xit
376 533 390 584 ;
415 521 473 572 et
489 515 688 572 Ariani
717 516 787 572 de
809 515 1123 588 Evangelio
1154 521 1460 573 eraserunt
1478 518 1633 590 quod
1659 516 1922 573 Salvator

421 606 572 687 Quia
598 606 740 660 Deus
787 604 1029 676 Spiritus
1057 613 1135 661 est
1164 605 1347 678 (Joan.
1381 623 1457 671 IV,
1489 607 1601 677 214).
1635 604 1922 661 Nolebant

268 686 433 753 enim
457 694 691 753 credere
733 694 887 766 quod
946 692 1199 766 Spiritus
1260 698 1501 749 sanctus
1558 694 1710 749 Deus
1769 696 1922 749 esset

269 782 661 855 omnipotens.
696 781 789 837 Sic
820 786 877 837 et
908 780 990 836 illi
1042 782 1143 854 qui
1195 798 1263 837 ex
1311 782 1428 837 Deo
1477 799 1591 836 non
1644 786 1830 846 erant,
1863 786 1922 837 et.

269 888 445 945 pravo
474 872 746 944 dogmate
793 886 1063 942 separare
1108 869 1379 927 volebant
1426 872 1498 926 ab
1546 870 1803 926 hominis
1832 869 1920 925 di-

270 959 642 1035 spensatione
698 957 1063 1014 divinitatem
1122 958 1357 1026 Christi,
1388 958 1745 1014 versiculum
1803 975 1921 1031 quo

271 1036 508 1117 dicitur,
540 1056 591 1121 et
619 1049 796 1121 omnis
854 1048 1086 1119 spiritus
1141 1049 1238 1120 qui
1289 1047 1453 1104 solvit
1501 1048 1682 1121 Iesum
1719 1064 1789 1103 ex
1818 1048 1924 1104 Deo

269 1126 384 1221 rion
408 1145 488 1215 est
512 1138 559 1212 (Ι
582 1138 739 1199 Ιοαη.
762 1153 839 1205 xv,
861 1135 937 1207 3),
960 1153 1029 1191 ex
1050 1135 1297 1211 epistola
1325 1136 1571 1194 Joannis
1597 1140 1919 1209 craserunt,

273 1244 347 1313 ne
374 1242 479 1303 per
524 1225 933 1309 auctoritatem
982 1224 1111 1294 ejus
1150 1225 1641 1281 convincerentur
1685 1225 1919 1283 erroris.

273 1312 425 1383 465
458 1314 720 1386 Denique
766 1312 1068 1373 Nestorius
1118 1312 1340 1368 nescire
1388 1331 1449 1370 se
1480 1314 1733 1387 prodidit
1772 1314 1923 1370 hanc

275 1393 628 1473 authenticis
647 1400 1077 1477 exemplaribus
1091 1401 1337 1458 inditam
1353 1402 1533 1459 fuisse
1545 1403 1920 1471 sententiam,

275 1480 448 1571 atque
469 1482 840 1571 ideosolvere
874 1508 988 1546 non
1018 1490 1213 1545 timuit
1242 1492 1467 1558 Jesum,
1490 1509 1557 1547 ac
1588 1509 1649 1548 se
1680 1509 1784 1564 pro
1815 1493 1925 1549 hoc

274 1562 514 1657 reddere
527 1585 887 1653 extraneum,
903 1580 1104 1637 dicens
1128 1580 1356 1636 beatam
1377 1579 1661 1652 virginem
1680 1562 1925 1638 Mariam

276 1688 391 1742 non
423 1656 523 1731 Dei
553 1669 655 1727 sed
687 1668 947 1726 hominis
976 1671 1206 1724 tantum
1238 1668 1536 1725 exstitisse
1558 1669 1922 1742 genitricem,

273 1746 343 1839 ut
359 1759 535 1839 aliam
564 1774 877 1835 personam
907 1757 1186 1831 hominis,
1219 1747 1395 1814 aliam
1426 1759 1638 1816 faceret
1668 1760 1922 1830 deitatis,

273 1834 466 1931 neque
496 1834 681 1927 unum
712 1847 1011 1905 Christum
1043 1847 1103 1903 in
1125 1847 1313 1904 Verbo
1344 1848 1445 1904 Dei
1477 1852 1534 1905 et
1553 1865 1725 1906 carne
1749 1854 1925 1921 atque

277 1922 474 2009 animo.
502 1922 768 2004 credens,
796 1938 897 1994 sed
931 1936 1248 2010 separatim
1297 1937 1547 1995 alterum
1580 1938 1793 1995 Filium
1824 1939 1926 1996 Dei

276 2014 528 2105 alterum
576 2016 835 2105 hominis
892 2026 1238 2099 praedicans.
1270 2028 1341 2084 Et
1373 2027 1532 2083 Felix
1558 2026 1926 2101 Orgellitanaa

277 2102 587 2201 quondam
606 2102 857 2196 civitatis
886 2114 1197 2188 episcOpus
1243 2114 1464 2183 infelix,
1499 2116 1559 2171 in
1591 2116 1738 2189 libro
1770 2116 1925 2185 beati

274 2203 605 2288 Hilarii,ubi
626 2203 781 2263 idem
803 2207 1043 2260 sanctus
1066 2205 1318 2261 dixerat:
1347 2226 1374 2256 «
1397 2205 1601 2262 Carnis
1619 2205 1926 2264 humilitas

273 2294 571 2373 adoratur,
602 2314 632 2349 ››
680 2297 951 2374 tempore
1004 2292 1194 2350 Caroli
1265 2293 1464 2367 Magni
1530 2293 1924 2366 imperatoris,

271 2374 655 2466 quoscunque
670 2380 807 2463 hinc
825 2381 1054 2465 codices
1070 2381 1326 2454 arripere
1348 2382 1625 2456 potuit,in
1648 2382 1924 2439 omnibus

271 2462 637 2556 adulteravit,
662 2462 856 2553 carnis
886 2470 1191 2526 humilitas
1222 2470 1630 2546 adoptatur,ut.
1658 2470 1796 2546 quia
1823 2487 1927 2543 per

266 2548 583 2639 veritatem
602 2548 727 2616 non,
751 2563 996 2639 poterat,
1025 2560 1097 2615 de
1116 2560 1420 2616 mendacio
1448 2577 1617 2617 suam
1648 2556 1928 2633 astipula-

269 2636 431 2733 retur
457 2636 834 2723 sententiam.
869 2648 963 2704 Sic
993 2653 1051 2704 et
1081 2649 1193 2704 iste
1225 2648 1583 2707 adulterator
1614 2650 1923 2706 verborum

270 2736 425 2809 beati
444 2736 778 2811 Augustini,
794 2738 965 2809 juxta
994 2737 1152 2809 quod
1183 2737 1468 2811 scriptum
1498 2741 1606 2805 est,
1641 2738 1747 2807 Qui
1772 2755 1808 2795 α
1834 2754 1924 2795 se-

269 2812 495 2905 métipso
551 2814 794 2899 Induitur
852 2827 1138 2905 propriam
1192 2827 1430 2899 gloriam
1487 2828 1690 2899 quwrit
1744 2828 1921 2897 (locu.

270 2906 369 2989 vii,
405 2916 514 2984 18),
547 2915 618 2993 de
648 2914 882 2997 proprio
934 2914 1333 2982 mendacium,
1367 2919 1434 2971 ut
1461 2914 1699 2989 gloriari
1728 2919 1929 2988 posset

272 3004 552 3087 adversus
575 3004 899 3084 veritatem,
922 3002 1149 3063 veritati
1180 3003 1466 3075 inseruit:
1495 3005 1790 3077 quomodo
1812 3005 1926 3071 ϐοή

272 3080 605 3177 uastabat
633 3093 936 3171 veritatem
968 3096 1257 3165 quantum
1288 3110 1358 3150 ex
1385 3093 1513 3167 ipso
1545 3097 1636 3150 est
1662 3092 1723 3150 in
1755 3111 1925 3164 meu-

545 3166 943 3263 commutavit,
977 3162 1133 3239 trina
1189 3200 1293 3256 pro
1350 3162 1439 3238 ter
1488 3183 1577 3240 vel
1622 3162 1996 3263 TrinitatisC

272 3252 573 3351 deitatem
600 3260 775 3349 sexta:
797 3270 1002 3345 synodi
1026 3252 1214 3327 edicto
1245 3271 1587 3327 immutans.
1622 3271 1768 3327 Nam
1789 3275 1846 3327 et
1874 3272 1923 3327 si

272 3346 444 3417 itaut
471 3358 544 3415 ab
572 3346 646 3417 eo,
671 3357 1065 3415 adulteratum
1094 3360 1410 3427 credimus,
1434 3375 1502 3414 ex
1524 3358 1722 3414 Graeca
1742 3359 1924 3415 inter-

270 3446 593 3531 pretatione
616 3446 677 3503 in
705 3448 909 3503 eodem
941 3447 1256 3503 haberetur
1283 3447 1589 3513 edicto,vel
1621 3448 1669 3504 si
1702 3448 1762 3504 in
1793 3448 1924 3507 aliis

270 3534 436 3615 libris
465 3534 712 3615 vetustis
742 3535 824 3595 ita
855 3536 927 3592 ab
957 3534 1257 3608 aliquibus
1286 3535 1487 3592 haberi
1527 3538 1921 3606 contenditur,

178 3654 199 3660 υ
271 3640 376 3680 nec
398 3622 483 3705 sic
503 3624 783 3707 quiddam
808 3623 1071 3699 sutl‘ragii
1094 3640 1162 3679 ex
1183 3623 1292 3680 hoc
1313 3624 1771 3692 Gothescalcivel
1795 3627 1924 3699 ejus

270 3712 624 3793 ckqmplicum
637 3712 968 3771 adinventio
982 3712 1399 3788 potietur,quia
1412 3714 1688 3772 Graecitas
1705 3714 1924 3772 idioma

270 3788 434 3858 esuz'e
449 3788 660 3876 linguae
675 3802 942 3874 quaedam
958 3806 1110 3858 recte
1122 3807 1314 3874 potest
1329 3804 1550 3871 eil‘erre,
1567 3820 1694 3877 quae
1716 3803 1924 3869 Latina

270 3888 477 3973 lingua
505 3880 758 3947 maxime
789 3891 859 3945 de
889 3889 982 3945 his
1012 3908 1139 3963 qua:
1170 3892 1463 3962 pertinent
1493 3892 1565 3948 ad
1597 3893 1773 3949 fidem
1805 3910 1922 3950 non

272 3977 499 4050 recipit.
533 3978 679 4034 Nam
710 3978 769 4034 in
802 3982 1009 4034 sancta
1064 3978 1344 4036 Trinitate
1403 3979 1589 4037 Patris
1618 3986 1677 4037 et
1708 3980 1836 4038 Filii
1866 3987 1924 4039 et

272 4060 527 4148 Spiritus
550 4066 738 4125 sancti
759 4066 939 4123 Graeci
963 4084 1142 4122 unam
1164 4068 1367 4125 dicunt
1400 4068 1713 4125 essentiam
1732 4074 1789 4126 et
1803 4075 1921 4128 tres

270 4152 487 4238 suatim
500 4155 995 4230 substantias,pro
1017 4155 1503 4229 subsistentiis,id
1524 4160 1613 4212 est
1632 4158 1917 4230 personis,

269 4243 427 4319 quod
451 4243 659 4326 Latina
702 4242 905 4326 lingua
935 4261 1050 4301 non
1078 4244 1304 4318 recipit,
1337 4249 1396 4301 et
1425 4245 1821 4319 interpretatio
1852 4264 1922 4318 ex

265 4333 440 4415 verbo
458 4331 530 4389 ad
550 4322 975 4401 verbum,sicut
997 4350 1147 4407 saepe
1159 4333 1455 4407 propriam
1477 4335 1919 4407 consonantiam

267 4416 530 4501 perdere,
560 4419 644 4501 ita
696 4419 1083 4495 intelligentia
1137 4421 1285 4478 solet
1340 4438 1556 4490 carere,
1588 4426 1647 4479 et
1677 4439 1918 4483 sensum

266 4507 400 4607 fidei
413 4498 772 4607 perturbare.
790 4508 959 4607 Dnde
976 4510 1363 4607 etiampotest
1375 4510 1520 4579 fieri,
1547 4514 1613 4566 ut
1631 4509 1920 4586 interpres
1949 4539 1998 4607 Ι)

266 4587 456 4681 ipsius
472 4596 669 4664 edicti,
690 4597 931 4653 verbum
961 4615 1031 4655 ex
1057 4599 1231 4656 verbo
1266 4598 1679 4672 interpretans,
1703 4617 1917 4661 sanum

269 4700 512 4765 sensum
532 4683 952 4765 interpretatus
974 4704 1089 4744 non
1111 4688 1303 4745 fuerit.
1330 4688 1447 4746 Nos
1472 4693 1689 4759 autem,
1713 4694 1779 4747 ut
1809 4692 1920 4750 Leo

268 4764 475 4847 scribit.
493 4772 567 4837 ad
589 4772 898 4833 Rusticum
919 4775 1360 4833 Narbonensem
1376 4778 1718 4851 episcopum
1740 4780 1919 4853 (epist.

267 4856 358 4943 95,
394 4863 454 4918 in
476 4862 729 4943 prorem.)
759 4861 817 4919 id
850 4864 1185 4923 noverimus
1213 4867 1598 4939 sequendum,
1631 4869 1783 4941 quod
1814 4886 1923 4926 nec

268 4942 575 5026 praeceptis
650 4951 997 5024 evangelicis
1070 4954 1451 5024 contrarium,
1512 4973 1619 5012 nec
1675 4957 1923 5015 decretis

268 5032 606 5115 sanctorum
626 5039 956 5099 inveniatur
973 5044 1305 5113 adversum,
1320 5045 1537 5116 quibus
1560 5062 1738 5102 unam
1760 5062 1920 5103 eam-

265 5129 515 5213 demque
535 5129 811 5187 deitatem
836 5130 1071 5205 plenam
1095 5136 1267 5205 atque
1298 5134 1617 5205 perfectam
1650 5134 1710 5189 in
1728 5134 1919 5191 tribus

263 5212 479 5295 sanctae
506 5222 571 5293 et
594 5217 1001 5292 inseparabilis
1033 5220 1341 5278 Trinitatis
1370 5221 1639 5293 personis
1684 5222 1919 5280 credere

260 5310 318 5389 et
347 5308 609 5374 confiteri
641 5308 851 5365 debere
891 5309 1248 5381 accepimus.
1282 5312 1646 5383 Quapropter
1674 5312 1918 5370 damna-

259 5395 479 5473 tionem
534 5395 827 5470 prolatam
873 5396 946 5453 ab
990 5397 1196 5454 eadem
1257 5415 1426 5455 sacra
1483 5402 1645 5456 sexta
1699 5402 1918 5473 synodo

262 5468 708 5563 Gothescalcum
737 5483 1059 5545 incurrisse
1089 5489 1266 5557 atque
1297 5485 1552 5557 perferre
1580 5468 1921 5547 nullatenus

262 5567 621 5647 dubitamus,
654 5588 834 5649 quam
864 5572 1105 5648 praefata
1152 5578 1357 5634 sancta
1405 5575 1664 5651 synodus
1686 5577 1915 5652 judicio

1958 1799 2008 1866 B

2027 513 2315 587 inspirata
2344 514 2673 569 decreverat
2700 511 3094 569 sentientibus
3132 510 3334 567 intulit
3359 509 3598 581 (synodi
3623 524 3682 565 γι

2027 607 2147 675 uel.
2174 603 2259 671 18,
2282 604 2345 658 in
2363 601 2501 675 ﬁne)
2530 618 2543 658 :
2580 625 2607 652 «
2636 601 2735 657 llis
2758 600 3033 673 inquiens
3062 617 3199 667 cum
3229 599 3393 657 omni
3421 597 3684 670 undique

2027 690 2255 746 cautela
2283 695 2459 764 atque
2487 690 2790 763 diligentia
2809 708 2843 745 a
2865 690 3034 745 nobis
3058 686 3684 755 formatis,diffinimue

2028 779 2204 836 aliam
2236 780 2409 836 fidem
2441 780 2588 836 nulli
2619 780 2788 845 licere
2819 780 3094 852 proferre,
3127 783 3229 843 aut
3285 777 3680 845 conscribere,

2027 884 2464 942 componereve,
2497 874 2597 926 aut
2625 886 2849 941 sapere,
2880 868 2970 924 vel
3018 868 3196 925 etiam
3243 866 3414 923 aliter
3452 867 3679 932 docere.

2029 956 2137 1031 Qui
2167 974 2300 1014 vero
2331 957 2814 1030 praesumpserint
2842 958 3017 1015 ﬁdem
3050 954 3410 1024 alteram,vel
3440 971 3679 1027 compa,-

2031 1062 2186 1119 nere,
2234 1045 2323 1102 vel
2383 1047 2656 1120 proferre,
2706 1045 2791 1102 vel
2851 1046 3081 1115 docere,
3128 1044 3218 1102 vel
3275 1044 3526 1113 tradere,
3576 1046 3684 1111 aut

2030 1133 2362 1209 symbolum
2382 1134 2711 1191 volentibus
2732 1134 2987 1192 converti
3009 1134 3081 1191 ad
3104 1132 3459 1207 agnitionem
3480 1132 3686 1199 verita,

2030 1222 2129 1297 tis,
2161 1239 2229 1278 ex
2273 1222 2619 1296 gentilitate,
2649 1224 2739 1280 vel
2789 1241 2859 1280 ex
2903 1224 3235 1290 Judaismo,
3294 1226 3397 1278 aut
3421 1223 3580 1291 ΑΒ.
3610 1237 3684 1291 βξ

2032 1311 2292 1388 qualibet
2321 1312 2547 1380 haeresi,
2582 1317 2684 1368 aut
2723 1313 2824 1385 qui
2868 1313 3184 1383 novitatem
3234 1311 3412 1379 vocis,
3442 1309 3531 1377 vel
3559 1326 3685 1371 ser-

2032 1402 2225 1463 monis
2246 1401 2738 1469 adinventionem,
2767 1402 2839 1458 ad
2869 1400 3309 1459 subversionem
3336 1415 3535 1468 eorum
3552 1415 3686 1471 qua

2033 1506 2188 1551 nunc
2211 1507 2245 1545 a
2267 1490 2436 1546 nobis
2467 1490 2857 1546 determinata
2885 1493 3024 1547 sunt
3048 1488 3441 1557 introducere,
3472 1486 3599 1557 hoe,
3632 1504 3687 1545 si

2033 1577 2271 1655 quidem
2321 1577 2579 1651 episcopi
2627 1577 2843 1634 fuerint
2891 1581 2995 1634 aut
3049 1574 3266 1645 clerici,
3292 1573 3514 1642 alienos
3552 1588 3691 1641 esse

2033 1666 2337 1743 episcopos
2385 1666 2459 1721 ab
2506 1666 2866 1740 episcopatu,
2899 1664 3141 1722 clericos
3185 1680 3323 1735 vero
3364 1681 3399 1720 a
3425 1662 3598 1735 claro,
3632 1662 3690 1734 si

2037 1760 2234 1829 autem
2258 1754 2527 1814 monachi
2546 1755 2763 1810 fuerint
2778 1758 2882 1810 aut
2896 1751 3050 1822 laici,
3066 1750 3547 1825 anathematizari
3560 1768 3690 1823 eos.

2037 1847 2108 1901 Et
2137 1845 2614 1919 subscripserunt
2643 1846 2879 1903 centum
2910 1840 3341 1917 quinquaginta
3366 1840 3694 1915 episcopi.»

2033 1934 2252 1993 Deinde
2283 1934 2654 2011 prosequitur
2682 1930 3120 1992 Gothescalcus.

2804 2055 2904 2111 III.

2120 2170 2176 2230 ue.
2195 2187 2222 2215 α
2238 2164 2333 2221 Sic
2353 2163 2510 2236 enim
2534 2161 2691 2218 dicta
2701 2160 3129 2233 estaProspero
3151 2160 3308 2215 trina
3332 2158 3627 2230 majestas,
3644 2173 3697 2229 _a

2039 2276 2060 2303 α
2088 2252 2404 2325 Prudentio
2415 2251 2571 2308 trina
2582 2249 2866 2323 pietas,ab
2881 2240 3121 2325 Aratore
3136 2248 3227 2321 bis
3240 2248 3395 2305 trina
3406 2252 3694 2323 potestas,

2039 2364 2068 2396 α
2098 2342 2181 2399 sic
2214 2346 2271 2398 et
2300 2359 2333 2398 a
2363 2341 2577 2415 Graecis
2604 2349 2875 2413 τρισάγιον,
2920 2357 2955 2397 a
3013 2338 3236 2396 Latinis
3294 2334 3497 2409 autem
3539 2336 3699 2393 satis

2037 2453 2065 2482 «
2099 2430 2348 2504 proprie,
2383 2414 2747 2503 regulariter,
2770 2434 2945 2501 atque
2975 2426 3449 2503 catho_lice,trina
3475 2424 3702 2500 sancti-

2033 2545 2061 2573 ‹‹
2097 2526 2189 2577 tas
2214 2538 2227 2577 :
2253 2537 2319 2599 ac
2339 2536 2442 2592 per
2462 2518 2572 2575 hoc
2594 2518 2748 2591 sicut
2776 2517 2849 2574 ab
2878 2518 2961 2591 eis
2987 2515 3443 2591 catholicissime
3472 2515 3703 2587 dicitur

2033 2634 2063 2662 ‹‹
2093 2618 2381 2684 τριοεοτεία,
2442 2609 2526 2665 sic
2582 2611 2640 2664 et
2696 2624 2732 2663 a
2785 2607 2957 2681 nobis
3018 2605 3471 2681 catholicissime
3526 2600 3703 2675 trina

2039 2723 2060 2749 ι
2095 2699 2305 2755 deitas.
2337 2720 2365 2747 ››

2102 2804 2197 2844 xr.
2230 2786 2392 2853 Quod
2426 2786 2497 2841 ad
2528 2784 2934 2842 testimonium
2980 2801 3102 2841 sua:
3132 2783 3472 2857 assertionis
3518 2780 3697 2855 dicit,

2033 2876 2314 2950 quoniam
2342 2876 2548 2932 Arator
2584 2874 2799 2930 trinam
2846 2877 3216 2947 potestatem,
3248 2878 3306 2945 et
3334 2869 3700 2945 Prudentius

2031 2965 2249 3022 trinam
2278 2963 2555 3037 pietatem
2582 2962 2788 3020 dicunt
2817 2962 2986 3035 metri
3018 2961 3384 3039 necessitate,
3409 2977 3535 3034 quae
3566 2976 3699 3035 neq

2032 3053 2376 3133 priejudicat
2405 3051 2598 3109 liberie
2648 3051 2784 3108 ﬁdei
2815 3048 3199 3125 simplicitati,
3230 3049 3592 3124 Augustinus
3623 3054 3703 3107 et

2030 3140 2410 3216 Athanasius,
2443 3146 2617 3215 atque
2657 3141 2913 3209 Boetius,
2945 3140 3100 3207 sicut
3142 3141 3201 3209 in
3251 3139 3361 3213 hoc
3416 3154 3587 3213 opere
3615 3156 3702 3197 ex

2033 3230 2204 3301 dictis
2236 3230 2473 3287 illorum
2501 3230 2683 3287 lector
2716 3229 2988 3300 inveniet,
3022 3222 3454 3295 contradicunt;
3483 3229 3595 3295 Sed
3625 3233 3705 3286 et

2030 3320 2186 3378 idem
2219 3319 2570 3376 Prudentius
2600 3318 2805 3376 scribit
2842 3334 2855 3374 :
2984 3308 2989 3315 ’

2188 3427 2288 3499 Per
2308 3426 2576 3499 Christum
2604 3427 2865 3499 genitum,
2894 3439 3100 3499 summe
3133 3425 3301 3499 Pater,
3322 3429 3498 3499 tuum,

2186 3491 2285 3553 Per
2309 3503 2468 3553 quem
2490 3488 2767 3553 splendor,
2801 3488 3153 3553 honor,'laus,
3184 3488 3468 3552 sapientia,

2185 3552 2454 3616 Majestas,
2482 3552 2714 3616 bonitas,
2746 3556 2801 3602 et
2827 3552 2995 3616 pietas
3024 3555 3153 3616 tua,
3198 3614 3205 3616 ξ
3410 3553 3415 3557 ’

2188 3614 2430 3679 Regnum
2461 3615 2737 3665 continuat
2763 3614 2985 3664 numine
3016 3614 3230 3677 triplici,

2036 3711 2119 3767 vel
2149 3711 2303 3787 sicut
2333 3711 2393 3766 in
2427 3711 2783 3783 quibusdam
2813 3710 3118 3768 codicibus
3147 3710 3708 3781 inveniturmemiaq

2030 3801 2259 3874 triplici.
2285 3800 2447 3867 Quod
2476 3805 2716 3857 sanctus
2744 3800 3392 3868 Ambrosius,videlicet
3409 3798 3551 3871 quia
3581 3815 3707 3870 neq

2032 3906 2271 3959 numen,
2287 3905 2393 3946 nec
2412 3905 2647 3959 nomen,
2668 3888 2729 3944 in
2749 3889 2867 3946 Deo
2888 3889 2989 3961 qui
3012 3889 3202 3947 trinas
3226 3893 3315 3945 est
3334 3889 3395 3947 in
3415 3888 3699 3961 personis

2030 3982 2088 4035 et
2119 3996 2272 4035 unus
2304 3978 2364 4034 in
2395 3978 2861 4047 deitate,trinum
2891 3977 2981 4035 vel
3010 3976 3220 4051 triplex
3241 3977 3357 4045 dici
3387 3977 3695 4047 εἰώθειρῃ

2029 4066 2195 4124 initio
2249 4066 2423 4141 primi
2473 4065 2609 4123 libri
2649 4070 2801 4140 (cap.
2835 4066 2886 4139 1)
2917 4067 2986 4123 de
3018 4067 3156 4124 Fide
3186 4067 3403 4131 refutat
3427 4065 3636 4123 dicens
3671 4082 3692 4124 :

2031 4178 2060 4206 ‹‹
2093 4155 2401 4224 Dominus,
2435 4155 2646 4228 inquit,
2676 4160 2737 4212 et
2785 4156 2961 4228 Deus,
2994 4156 3083 4214 vel
3140 4157 3295 4228 quod
3349 4154 3701 4224 dominetur

2029 4244 2327 4313 omnibus,
2355 4243 2442 4300 vel
2502 4245 2657 4317 quod
2716 4248 2939 4317 spectet
2997 4245 3216 4314 omnia,
3248 4248 3307 4311 et
3340 4244 3632 4311 timeatur-
3658 4262 3699 4302 ι

2030 4332 2278 4389 cunctis.
2313 4332 2374 4388 Si
2424 4348 2560 4406 ergo
2615 4349 2774 4389 unus
2831 4332 3008 4403 Deus,
3051 4348 3237 4403 unum
3295 4347 3536 4402 nomen,
3569 4348 3699 4397 una

2029 4425 2310 4497 potestas,
2342 4437 2461 4477 una
2489 4425 2579 4477 est
2608 4420 2862 4478 trinitas.
2894 4422 3158 4494 Denique
3186 4421 3331 4492 dicit
3362 4437 3377 4476 :
3405 4420 3483 4477 Ite
3513 4420 3700 4493 bapti-

2028 4518 2211 4566 zantes
2240 4511 2300 4565 in
2346 4511 2569 4566 nomine
2620 4511 2806 4566 Patris
2861 4518 2913 4568 et
2957 4512 3092 4573 Filii
3135 4519 3188 4569 et
3231 4510 3471 4583 Spiritus
3506 4513 3699 4579 sancti

2028 4599 2233 4669 (Matth.
2263 4615 2460 4669 XXVIII,
2480 4599 2590 4668 19).
2616 4599 2678 4655 In
2702 4600 2939 4671 nomine
2957 4600 3183 4673 utique,
3204 4616 3320 4656 non
3340 4598 3401 4659 in
3423 4598 3699 4669 nomini-

2030 4686 2425 4759 bus,utunius
2436 4703 2564 4743 esse
2587 4687 2937 4751 Trinitatem
2956 4688 3268 4761 potestatis
3288 4688 3699 4753 ostenderet.»

2029 4777 2100 4836 Et
2119 4776 2262 4833 item
2282 4776 2483 4849 (cap.2)
2512 4792 2525 4832 :
2555 4799 2584 4827 «
2607 4776 2726 4833 Nos
2744 4777 2975 4837 Patrem
2997 4781 3056 4834 et
3071 4777 3285 4835 Filium
3302 4781 3363 4843 et
3392 4776 3699 4850 Spiritum

2030 4870 2301 4922 sanctum
2331 4866 2697 4935 confitemur,
2730 4866 2814 4922 ita
2842 4870 2908 4923 ut
2935 4866 2997 4922 in
3028 4866 3316 4929 Trinitate
3334 4866 3619 4939 perfecta,
3632 4873 3703 4933 et

2030 4954 2331 5027 plenitudo
2352 4953 2675 5011 divinitatis
2703 4955 2800 5024 sit,
2832 4958 2893 5012 et
2920 4955 3117 5023 unitas
3147 4954 3701 5030 potestatis.»0uod

2029 5043 2401 5100 tantumdem
2422 5042 2595 5116 valet,
2620 5061 2685 5100 ac
2714 5044 2764 5100 si
2797 5043 3054 5102 diceret:
3076 5045 3275 5111 unitas
3304 5043 3595 5109 numinis.
3618 5045 3707 5109 ει

2027 5137 2270 5189 sanctus
2296 5131 2668 5205 Augustinus
2685 5132 2746 5189 in
2767 5132 2917 5190 libro
2938 5138 3101 5193 sexto
3131 5135 3272 5208 (cap.
3294 5135 3349 5209 8)
3380 5134 3456 5199 de
3482 5133 3705 5193 Trini-

2026 5225 2147 5278 tate
2176 5219 2355 5278 dicit:
2388 5243 2417 5273 «
2438 5221 2586 5278 Cum
2627 5226 2829 5279 tantus
2878 5224 2957 5280 sit
2985 5224 3147 5283 solus
3177 5225 3365 5296 Pater,
3394 5221 3488 5287 vel
3519 5222 3707 5285 solus

2029 5308 2325 5380 Filius,vel
2345 5309 2508 5367 solus
2539 5310 2792 5384 Spiritus
2820 5316 3088 5384 sanctus,
3108 5318 3371 5386 quantus
3389 5317 3482 5372 est
3500 5312 3706 5377 simul

2029 5399 2197 5456 Pater
2243 5403 2303 5457 et
2350 5399 2532 5457 Filius
2578 5405 2637 5457 et
2682 5401 2938 5474 Spiritus
2988 5407 3252 5473 sanctus,
3285 5401 3447 5460 nullo
3508 5402 3708 5462 modo

2027 5487 2237 5562 triplex
2266 5487 2551 5546 dicendus
2600 5493 2711 5556 est,
2741 5490 2882 5563 quia
2910 5508 3029 5555 non
3059 5496 3151 5557 est
3178 5509 3296 5566 quo
3324 5496 3555 5561 crescat
3583 5491 3711 5553 ω.

2026 5576 2324 5653 perfectio,
2356 5578 2650 5653 perfectus
2696 5583 2894 5640 autem
2930 5580 3052 5651 sive
3098 5582 3290 5653 Pater,
3320 5581 3445 5641 sive
3472 5579 3709 5655 Filius.
