3962 6178
251 385 364 455 529

1276 407 1378 468 DE
1422 409 1581 470 UNA
1622 410 1725 472 ET
1768 411 1929 474 NON
1973 414 2215 478 TRINA
2260 417 2621 484 DEITATE.

3530 423 3680 502 530”

248 525 360 584 sive
389 526 648 600 Spiritus
678 534 1009 601 sanctus,et
1036 533 1165 592 ideo
1195 537 1452 597 Trinitas
1476 541 1672 614 potius
1708 561 1886 616 quam
1915 546 1972 614 Α
2000 543 2344 621 regulariter
2387 556 2560 626 atque
2617 557 2900 617 catholice
2967 561 3435 640 interpretatum,
3494 567 3658 633 trina"

247 617 451 691 tﬂplex
480 619 729 676 dicenda
775 625 881 677 est.
918 645 946 672 »
975 623 1189 681 Verum
1240 632 1294 683 et
1342 629 1467 701 ipse
1517 631 1889 702 Prudentius,

248 706 491 763 fortasse
511 708 682 764 metri
705 708 830 782 lege
850 716 1194 782 coactus,ad
1225 717 1746 776 demonstrandum
1773 725 1890 778 tres

247 811 523 870 personas
554 797 729 855 unius
760 801 1102 858 substantiae
1133 805 1270 862 alibi
1302 807 1506 865 scribit
1529 810 1730 867 dicens
1765 828 1778 867 :

298 893 389 944 Est
417 893 518 945 tria
547 909 756 947 summa
783 899 942 961 Deus,
965 902 1162 953 trinum
1192 907 1484 968 specimen,
1502 907 1654 972 vigor
1686 923 1828 959 uuus

244 993 347 1049 Sed
383 994 685 1067 quoniam,
719 999 783 1052 ut
831 998 1165 1057 Priscianus
1213 1003 1374 1071 dicit,
1407 1021 1442 1061 a
1485 1007 1676 1078 specie
1707 1009 1887 1064 dedu-

243 1081 388 1138 citur
417 1083 735 1156 specimen,
769 1085 828 1141 in
861 1087 976 1144 Deo
1007 1089 1228 1146 trinum
1261 1093 1554 1166 specimen
1605 1096 1887 1154 catholica

245 1172 350 1227 nor
412 1177 606 1249 potest
657 1173 792 1241 dici,
827 1179 894 1230 ut
936 1177 1302 1248 Augustinus
1350 1180 1408 1236 in
1441 1180 1589 1238 libro
1635 1183 1886 1256 septimo

241 1265 376 1334 (cap.
407 1261 465 1330 6)
497 1261 568 1317 de
625 1262 908 1321 Trinitate
965 1266 1109 1323 dicit
1147 1291 1174 1318 «
1209 1270 1346 1340 quia
1402 1289 1517 1326 non
1577 1277 1714 1329 sunt
1767 1279 1885 1331 tres

240 1351 382 1434 437
413 1351 638 1422 species
667 1353 845 1409 unius
876 1357 1348 1424 essentiae,Pater
1362 1362 1418 1414 et
1454 1361 1633 1418 Filius
1663 1366 1720 1418 et
1749 1363 1882 1437 Spi-

240 1432 379 1495 ritus
410 1443 672 1496 sanctus.
701 1463 730 1492 ››
764 1441 872 1499 Sed
907 1447 962 1499 et
1011 1445 1428 1504 Gothescalcus
1478 1432 1880 1508 testimonium

236 1519 386 1584 beati
408 1526 763 1602 Hieronymi,
797 1535 864 1588 ut
893 1533 1325 1606 compilationis
1374 1555 1492 1593 sua:
1543 1539 1700 1595 dicta
1738 1557 1880 1597 con-

237 1615 507 1685 ﬁrmaret,
535 1633 605 1673 ex
633 1618 1064 1678 Commentario
1093 1622 1284 1696 ipsius
1312 1626 1371 1682 in
1406 1626 1659 1683 Matthzei
1695 1631 1878 1685 Evan-

235 1705 388 1780 gelio’
408 1695 518 1763 hoc
545 1708 720 1764 modo
760 1714 962 1766 contra
992 1729 1054 1767 se
1083 1695 1326 1785 protulit
1356 1715 1558 1772 dicens
1583 1734 1595 1772 :
1623 1739 1651 1767 «
1679 1717 1879 1774 Mulie-

235 1809 346 1851 rem
398 1795 574 1851 istam
625 1795 944 1854 Ecclesiam
996 1801 1476 1875 interpretantur,
1510 1822 1637 1877 quaa
1700 1808 1874 1863 ﬁdem

232 1883 482 1940 hominis
514 1885 712 1940 farinae
744 1885 890 1942 satis
919 1887 1109 1944 tribus
1149 1892 1606 1962 commiscuerit,
1633 1894 1876 1951 creduli-

232 1976 404 2030 tatem
436 1973 624 2030 Patris
656 1979 712 2031 et
742 1964 868 2031 Filii
894 1980 952 2032 et
982 1978 1235 2050 Spiritus
1274 1982 1482 2050 sancti,
1517 2001 1771 2056 cumque
1815 1986 1875 2041 in

231 2075 408 2118 unum
467 2062 644 2120 fuerit
718 2065 1080 2136 fermentata,
1132 2085 1246 2124 non
1297 2087 1402 2125 nos
1452 2072 1522 2126 ad
1584 2073 1873 2146 triplicem

229 2152 427 2218 Deum,
462 2153 564 2208 sed
596 2154 668 2209 ad
698 2154 877 2212 unius
899 2156 1220 2214 divinitatis
1250 2159 1516 2231 perducit
1566 2161 1829 2217 notitiam
1858 2181 1871 2231 ;

227 2241 418 2296 farinae
449 2257 684 2314 quoque
713 2248 839 2299 sata
869 2244 1002 2316 tria,
1035 2247 1178 2301 dum
1210 2265 1325 2303 non
1375 2253 1463 2304 est
1511 2238 1586 2305 in‘
1622 2250 1871 2324 singulis

227 2319 446 2386 diversa
477 2333 711 2399 natura,
745 2333 817 2388 ad
851 2333 1135 2391 unitatem
1165 2337 1410 2392 trahunt
1439 2319 1803 2396 substantiae.
1842 2364 1870 2391 »

225 2414 286 2474 Et
310 2418 453 2475 item
480 2437 494 2475 :
521 2444 548 2470 ‹‹
575 2421 953 2492 Baptizantur
978 2423 1038 2479 in
1069 2426 1307 2481 nomine
1332 2427 1519 2483 Patris
1551 2433 1607 2484 et
1638 2428 1766 2485 Filii
1814 2435 1872 2487 et

226 2507 474 2582 Spiritus
507 2509 716 2576 sancti,
750 2511 833 2566 uti
865 2529 1118 2585 quorum
1164 2520 1253 2570 est
1296 2533 1414 2571 una
1463 2517 1756 2586 divinitas,
1793 2519 1870 2575 sit

226 2602 333 2652 una
352 2597 587 2672 largitio
608 2603 666 2654 et
685 2615 917 2668 nomen,
933 2602 1071 2675 quia
1092 2604 1350 2661 Trinitas
1371 2623 1524 2662 unus
1546 2607 1700 2663 Deus
1722 2611 1866 2663 est.»

226 2686 283 2741 In
311 2685 480 2743 libris
532 2704 764 2761 quoque
819 2689 972 2766 beati
1024 2692 1290 2765 Prosperi
1333 2712 1515 2750 unam
1560 2695 1867 2754 Trinitatis

224 2773 511 2843 deitatem,
548 2776 885 2847 essentiam,
915 2783 1090 2852 atque
1142 2782 1558 2852 substantiam,
1591 2789 1648 2841 et
1697 2790 1866 2842 natu-

225 2863 358 2932 ram,
391 2865 762 2937 majestatem
796 2885 1048 2941 quoque,
1080 2873 1137 2925 et
1180 2876 1548 2944 potestatem,
1577 2878 1634 2929 et
1679 2892 1864 2930 unum

224 2951 431 3021 lumen,
465 2971 772 3027 unumque
818 2957 1170 3030 principium
1206 2961 1680 3032 frequentissime
1722 2962 1864 3036 legi-

223 3040 363 3096 mus.
396 3043 493 3098 Ait
541 3043 698 3098 enim
743 3043 804 3098 in
845 3044 990 3103 libro
1042 3050 1463 3105 sententiarum
1497 3054 1653 3118 (sent.
1685 3053 1812 3120 324)
1847 3069 1858 3108 :

221 3151 244 3178 α
273 3125 428 3196 Quod
461 3131 635 3187 Pater
683 3149 819 3188 cum
868 3133 1098 3191 Christo
1130 3137 1287 3204 facit,
1321 3137 1587 3195 Christus
1616 3139 1772 3208 facit,
1806 3145 1864 3196 et

218 3221 362 3289 quod
405 3219 676 3277 Christus
724 3237 860 3277 cum
909 3222 1073 3280 Patre
1119 3225 1275 3294 facit,
1330 3227 1499 3282 Pater
1555 3228 1712 3294 facit,
1757 3245 1861 3284 nec

219 3307 452 3363 s'corsim
473 3307 696 3380 aliquid
713 3310 833 3383 agit
849 3310 1256 3383 inseparabilis
1272 3313 1856 3388 charitas,majestas,

216 3393 484 3466 potestas,
520 3395 675 3452 sicut
724 3398 848 3470 ipse
896 3398 1181 3456 Dominus
1228 3402 1414 3458 dicit:
1449 3405 1566 3477 Ego
1606 3411 1657 3460 et
1699 3407 1861 3461 Pater

214 3483 377 3538 mium
403 3497 597 3540 sumus
627 3485 808 3554 (Joan.
841 3503 895 3553 x,
925 3488 1038 3556 30).
1073 3511 1100 3537 ››
1132 3490 1200 3544 Et
1228 3489 1366 3544 item
1410 3495 1565 3558 (sent.
1590 3493 1713 3561 227)
1750 3511 1762 3548 :
1797 3492 1858 3548 in

215 3571 490 3627 Trinitate
552 3572 752 3629 divina
801 3578 964 3630 tanta
1013 3580 1102 3631 est
1151 3578 1763 3645 substantiaepnitas,
1797 3586 1862 3636 ut

214 3661 598 3732 equalitatem
631 3665 845 3731 teneat,
861 3664 1254 3736 pluralitatem
1279 3684 1394 3722 non
1441 3669 1700 3740 recipiat.
1736 3693 1764 3718 »
1792 3672 1861 3726 Et

217 3748 345 3804 item
368 3767 382 3804 :
410 3773 437 3798 ‹‹
465 3750 529 3806 In
555 3751 724 3807 Patre
755 3756 811 3807 et
837 3752 978 3809 Filio
1001 3758 1056 3808 et
1076 3754 1295 3826 Spiritu
1327 3761 1528 3831 sancto
1563 3762 1778 3814 (eterna
1804 3763 1862 3814 et

213 3835 706 3894 ideommutabilis
728 3841 925 3896 unitas
950 3845 1167 3908 manet,
1185 3843 1285 3897 ubi
1310 3843 1646 3901 indifferens
1677 3846 1860 3902 Trini-

213 3924 489 3982 taS'unum
509 3929 664 3983 Deus
679 3933 978 3994 est,unum
999 3928 1219 3995 lumen,
1236 3949 1418 3988 unum
1443 3932 1858 4006 principium.»

209 4013 271 4068 Et
293 4014 352 4069 in
385 4014 532 4071 libro
558 4016 1063 4089 Epigrammatum
1095 4021 1257 4090 (eqig.
1292 4022 1348 4089 3)
1373 4037 1385 4076 :
1414 4022 1611 4077 «Vera
1640 4025 1860 4079 {eterni-

208 4105 290 4156 tas
345 4109 404 4160 et
455 4120 590 4160 vera
638 4105 1049 4162 immortalitas
1094 4125 1210 4163 non
1243 4113 1350 4177 est,
1386 4109 1496 4166 nisi
1542 4112 1600 4165 in
1645 4112 1856 4168 deitate

205 4189 527 4261 Trinitatis,
563 4193 658 4248 cui
692 4194 846 4266 quod
879 4198 968 4249 est
987 4213 1114 4252 esse
1144 4198 1466 4269 perfectum
1497 4203 1605 4254 est.

265 4299 375 4378 Here
402 4303 574 4363 pater,
606 4299 710 4378 hoc
732 4299 1297 4378 Verbpmil’atri‘sdioc
1326 4304 1625 4378 et‘Spiritus
1653 4307 1825 4358 almus

324 4359 562 4419 Quorum
593 4366 786 4412 natura
816 4367 896 4412 est
923 4377 1032 4413 una
1061 4359 1351 4430 eademqne
1383 4359 1561 4417 trium.
1593 4387 1618 4413 ιο

203 4447 274 4511 Et."
295 4456 434 4513 item
471 4459 633 4530 (epig;
665 4457 756 4528 55)
790 4475 804 4513 :
838 4458 1013 4514 Nulla
1041 4461 1370 4517 differentia
1416 4466 1506 4518 est
1552 4465 1610 4519 in
1643 4466 1855 4524 deitate

206 4543 527 4614 Trinitatis,
562 4546 842 4618 quoniam
875 4548 1032 4619 quod
1063 4549 1176 4605 Deo
1209 4549 1405 4606 minus
1437 4556 1544 4622 est,
1565 4554 1717 4610 Deus
1740 4573 1852 4612 non

199 4629 304 4688 est.

259 4742 450 4805 Fatum
481 4743 828 4805 oumipoteus
856 4757 960 4792 una
990 4747 1084 4802 est,

316 4803 383 4852 Et
411 4803 796 4866 proprie‘quod
827 4809 953 4853 sunt
982 4803 1233 4855 omnibus
1262 4822 1377 4856 esse
1407 4809 1552 4858 dedit

256 4865 527 4930 Quodque
547 4868 656 4916 Deo
676 4865 864 4930 minus
891 4871 989 4926 est,
1022 4882 1129 4918 non
1161 4874 1239 4918 est
1265 4871 1418 4930 Deus,
1440 4886 1470 4919 a
1491 4873 1638 4921 Patre
1661 4879 1847 4924 natum

318 4928 576 4996 Verbum,
610 4932 664 4978 et
690 4929 792 4996 qui
812 4930 1089 4996 amborum
1118 4932 1346 4994 Spiritus
1379 4928 1476 4991 est,
1514 4935 1650 4983 Deus
1689 4941 1784 4996 est,

253 4989 375 5060 Una
405 4989 889 5060 eademque:trium
925 4989 1180 5060 quoniam
1211 4998 1292 5043 est
1321 4989 1568 5055 essentia,
1584 5011 1701 5060 quae
1732 4989 1788 5049 se

315 5053 623 5116 Nunquam
639 5053 725 5103 vel
754 5054 926 5117 major
941 5053 1034 5105 ‘vel
1063 5056 1238 5106 minor
1265 5071 1380 5106 esse
1409 5053 1600 5120 potest.

192 5147 261 5202 Et.
288 5147 436 5204 item
467 5153 632 5223 (δρία.
662 5151 754 5223 64)
790 5169 802 5206 :

249 5255 612 5322 omnipotens
639 5258 870 5322 genitor,
902 5262 1183 5322 natusque,
1218 5263 1270 5309 et
1298 5261 1516 5322 spiritus
1547 5263 1734 5322 almus,

318 5319 442 5369 Una
471 5320 524 5368 in
551 5319 798 5382 personis
828 5334 925 5383 par
953 5319 1122 5372 tribus
1151 5325 1231 5371 est
1257 5319 1447 5372 deitas.

187 5414 255 5470 Et
287 5417 439 5474 item
469 5420 634 5491 (epz'g.
665 5419 794 5488 ult.)
827 5436 840 5474 :

245 5522 375 5572 Una
404 5524 564 5574 trium
597 5525 784 5586 deitas,
814 5538 925 5574 una
953 5529 1032 5575 est
1059 5529 1306 5586 essentia,
1336 5529 1402 5578 ab
1434 5543 1541 5580 uno

314 5586 469 5635 Idem
498 5592 580 5638 est
609 5591 662 5638 et
691 5587 846 5637 Verbi
875 5589 1100 5651 Spiritus
1129 5595 1285 5652 atque
1320 5593 1507 5641 Patris.

191 5681 358 5746 Quod
426 5683 584 5754 dicit,
617 5685 844 5743 dictum
903 5704 938 5742 a
985 5687 1195 5775 Graecis
1241 5699 1486 5761 τρισάγιον
1517 5694 1746 5763 proprie
1795 5698 1850 5749 et

1157 4759 1237 4793 use
1267 4749 1456 4795 cuncta
1477 4749 1690 4809 creavit,

2002 637 2303 705 sanctitas,
2336 658 2401 697 ac
2451 660 2555 722 per
2597 645 2708 702 hoc
2740 649 2825 704 sic
2865 649 3019 708 trina
3070 637 3276 724 deitas,
3310 637 3464 717 sicut
3492 663 3649 721 trina

2000 724 2280 782 sanctitas
2311 730 2593 788 eatbolice
2623 735 2833 792 debeat
2854 738 3119 810 dici,non
3151 747 3241 799 est
3259 763 3482 806 verum.
3507 749 3647 808 San-

1999 815 2128 909 ctus
2159 813 2380 909 quippe
2406 821 2756 885 Quintianus
2790 827 3167 887 Asculitanus
3217 833 3526 909 episcopus
3573 843 3646 896 ad

1998 899 2230 989 Petrum
2252 906 2677 968 Antiochenum
2700 917 2852 972 468
2873 916 3119 989 loquens
3141 923 3213 977 de
3238 899 3443 981 sancta
3463 913 3648 984 Trini-

1994 985 2133 1062 tate,
2163 1003 2407 1066 τρισάγῑον
2440 1015 2554 1054 non
2603 1002 2823 1058 trinum
2875 1011 3166 1076 sanctum,
3202 1014 3302 1068 sed
3352 1014 3440 1070 ter
3477 1017 3645 1073 sanc-

1994 1079 2142 1148 tum,
2194 1081 2608 1156 interpretatus
2667 1096 2757 1148 est
2800 1111 2812 1149 :
2861 1099 2916 1150 et
2967 1097 3023 1151 in
3091 1101 3388 1159 offerenda
3450 1105 3646 1164 missa:

1995 1165 2327 1228 Graecorum
2358 1179 2690 1250 compositae
2723 1199 2756 1238 a
2785 1184 2953 1240 beato
2994 1174 3228 1259 Basilio,
3262 1191 3320 1248 in
3366 1203 3483 1267 qna
3511 1189 3650 1253 dici-

1995 1261 2092 1312 tur
2135 1271 2382 1334 τρισάγιον
2413 1274 2584 1338 ὕμνον,
2620 1287 2732 1326 non
2783 1273 3006 1332 trinum
3065 1261 3502 1350 sanctumised
3558 1290 3648 1342 ter

1993 1345 2264 1406 sanctum
2319 1353 2603 1426 hymnum
2637 1361 2929 1432 sapientes
2979 1365 3290 1440 interprete
3333 1373 3646 1431 transtule-

1993 1441 2151 1536 rpnt.
2276 1441 2578 1514 aliquanto
2606 1447 2852 1506 inferius
2885 1454 3302 1515 Gothescalcus
3323 1463 3496 1532 prava
3520 1455 3647 1536 pra—

1988 1523 2081 1582 vis-
2107 1526 2589 1605 superadjiciens,
2623 1536 2764 1594 dicit
2797 1557 2810 1595 :

2770 1683 2862 1751 IV,

2051 1781 2107 1868 ἐκ
2132 1798 2175 1868 _«
2195 1776 2389 1868 Claret
2419 1784 2680 1855 omnino,
2711 1791 2866 1860 quod
2900 1800 3013 1864 ἁγία
3040 1805 3193 1868 τριάς,
3231 1799 3294 1853 id"
3318 1804 3408 1855 est
3435 1803 3642 1857 sancta

1989 1883 2016 1911 «
2049 1863 2325 1932 Trinitas,
2353 1869 2505 1926 sicut
2522 1891 2639 1930 una
2658 1880 3052 1938 essentialiter
3071 1863 3246 1958 atque
3268 1891 3634 1960 naturaliter,

1990 1975 2011 2001 ι
2049 1952 2131 2052 sic
2171 1957 2373 2064 procul
2427 1961 2606 2018 dubio
2654 1970 2745 2021 est
2793 1952 3177 2039 personaliter
3226 1977 3382 2032 trina
3427 1952 3632 2048 deitas,

2051 2237 2143 2275 χρ.
2179 2222 2296 2278 Hoc
2348 2228 2502 2297 quod
2563 2229 2786 2289 dictum
2853 2241 2942 2292 est
2990 2256 3024 2294 a
3076 2241 3192 2298 Deo
3237 2243 3296 2298 in
3345 2248 3636 2304 creatione

1979 2308 2153 2379 primi
2184 2311 2460 2386 hominis,
2495 2321 2781 2379 Faciamus
2810 2325 3085 2384 hominem
3128 2333 3199 2387 ad
3244 2335 3539 2407 imaginem
3584 2349 3639 2396 et

1978 2399 2402 2488 similitudinem
2449 2417 2693 2465 nostram
2741 2414 2893 2481 (Gen.
2945 2436 2984 2483 ι,
3016 2422 3129 2488 26),
3163 2399 3433 2480 diabolus
3482 2428 3634 2484 male

1979 2486 2390 2584 interpretans,
2416 2505 2723 2570 assumpta
2749 2486 3268 2580 parabola,primis
3295 2517 3636 2584 parentibus

1979 2576 2126 2666 dixit
2161 2595 2171 2633 :
2206 2581 2378 2637 Eritis
2422 2586 2564 2642 sicut
2613 2588 2697 2644 dii
2725 2591 2876 2657 (Gen.
2929 2612 3012 2664 ιιι,
3045 2576 3123 2666 5).
3157 2576 3338 2666 Quem
3398 2609 3634 2661 secutus

1975 2664 2168 2734 Arius,
2201 2671 2424 2740 gradus
2469 2673 2528 2728 in
2577 2683 2781 2735 sancta
2837 2683 3118 2741 Trinitate
3165 2689 3385 2746 faciens
3430 2697 3632 2751 contra

1977 2760 2329 2827 praeceptum
2354 2759 2586 2817 Domini
2632 2764 2689 2820 in
2721 2766 2846 2841 lege
2867 2771 3116 2830 dicentis
3141 2792 3153 2830 :
3178 2778 3297 2834 Non
3326 2783 3633 2840 accendatis

1970 2858 2070 2937 per
2096 2845 2297 2937 gradus
2325 2848 2397 2903 ad
2425 2851 2598 2907 altare
2624 2871 2808 2912 meum
2836 2860 3025 2927 (Exod.
3048 2880 3142 2930 xx,
3173 2866 3286 2937 26),
3309 2871 3426 2924 tres
3451 2870 3629 2928 deita'a

1975 2934 2062 2986 tes
2096 2932 2153 2986 in
2185 2939 2388 2992 sancta
2418 2939 2702 2998 Trinitate
2731 2945 3162 3016 dogmatizavit.
3191 2932 3357 3011 Nunc
3389 2958 3629 3016 Gothes-

1972 3017 2168 3075 calcus
2197 3037 2228 3077 e
2259 3023 2486 3092 diverso
2520 3044 2698 3085 unam
2729 3033 3003 3092 deitatem
3035 3038 3094 3094 in
3126 3040 3332 3098 tribus”
3357 3047 3625 3115 persOnis

1973 3112 2188 3163 sancta:
2233 3111 2536 3171 Trinitatis
2583 3118 2838 3188 partitur
2885 3122 3086 3181 dicens
3119 3141 3132 3180 :
3169 3147 3198 3176 ‹‹
3229 3111 3393 3185 Sicut
3421 3137 3634 3190 sa‘neta’

1971 3195 2227 3254 Trinitas
2258 3217 2376 3257 una
2404 3208 2495 3259 est
2522 3207 2909 3265 essentialiter
2938 3216 3111 3284 atque
3142 3218 3506 3288 naturaliter,-
3539 3222 3638 3278 sic"

1890 3285 1933 3351 C
1971 3285 2179 3381 procul
2202 3289 2378 3381 dubio
2409 3296 2498 3347 est
2528 3297 2912 3365 personaliter
2949 3301 3102 3358 trina
3134 3303 3339 3374 deitas,
3372 3285 3523 3381 quas,
3555 3315 3625 3367 ut

1885 4652 1932 4716 D

1969 3373 2237 3431 catholici
2257 3379 2522 3437 doctores
2543 3382 2764 3455 dicunt,
2779 3391 2836 3441 et
2855 3405 3052 3445 verum
3077 3395 3184 3460 est,
3201 3373 3518 3454 Trinitatis,
3534 3403 3624 3456 est

1970 3461 2190 3529 unitas,
2221 3483 2336 3538 qua
2362 3471 2708 3527 naturaliter
2733 3491 2885 3530 unus
2909 3477 3062 3533 Deus
3084 3485 3172 3536 est
3192 3482 3467 3554 Trinitas,
3493 3493 3620 3558 Qua!

1968 3549 2236 3606 videlicet
2282 3555 2468 3611 deitas
2513 3558 2562 3613 si
2616 3563 2996 3631 personaliter
3038 3568 3191 3624 trina
3241 3571 3388 3627 foret
3426 3549 3622 3633 unitas

1970 3639 2298 3714 Trinitatis,
2333 3648 2485 3716 quod
2519 3665 2647 3704 esse
2679 3669 2791 3706 non
2826 3659 3033 3724 potest,
3068 3657 3205 3729 quia
3235 3662 3387 3731 quod
3433 3679 3618 3721 unum

1968 3731 2057 3782 est
2077 3728 2136 3783 in
2158 3746 2224 3786 eo
2249 3731 2307 3786 in
2330 3751 2445 3804 quo
2469 3753 2653 3792 unum
2677 3744 2765 3793 est
2786 3728 3129 3799 divisionem
3161 3728 3276 3802 non
3301 3751 3526 3823 recipit,
3558 3753 3620 3809 in'

1969 3815 2160 3873 tribus
2188 3822 2458 3892 personis
2487 3825 2674 3881 divisa
2693 3827 2778 3882 vel
2805 3831 3019 3900 partita
3042 3833 3265 3890 fuisset.
3290 3815 3617 3907 Unuin,in‘-

1969 3905 2097 3975 quit
2143 3907 2377 3965 Boetius
2425 3928 2491 3965 ex
2535 3914 2682 3968 beati
2729 3918 3043 3988 Augustini
3071 3924 3283 3994 verbis“,
3317 3931 3382 3982 ut
3409 3932 3467 3984 et
3491 3905 3622 4003 ipse

1968 3995 2199 4064 fatetur,
2236 4015 2327 4052 res
2357 4005 2444 4053 est
2478 4002 2694 4068 unitas,
2728 4022 2844 4076 quo
2877 4026 3058 4063 unum
3108 4011 3383 4081 dicimus,
3415 4022 3473 4073 et
3516 3995 3623 4076 ubi

1968 4082 2130 4138 nulla
2170 4090 2258 4139 est
2296 4087 2639 4158 differentia,
2664 4093 2827 4148 nulla
2873 4099 2962 4150 est
3007 4100 3245 4157 omnino
3289 4103 3616 4174 pluralitas,

1966 4188 2149 4243 quare
2173 4190 2276 4228 nec
2298 4179 2788 4251 numerus,igitur
2806 4184 2999 4241 unitas
3019 4191 3279 4260 tantum;
3305 4210 3445 4248 nam
3458 4197 3614 4267 quod

1966 4260 2134 4316 tertio
2156 4263 2438 4333 repetitur
2457 4265 2611 4322 Deus
2629 4284 2765 4323 cum
2790 4270 2957 4328 Pater
2976 4279 3032 4329 et
3054 4275 3238 4333 Filius
3276 4282 3332 4333 et
3362 4260 3614 4351 Spiritus

1966 4354 2205 4405 sanctus
2228 4357 2623 4426 nuncupatur,
2658 4360 2778 4412 tres
2805 4360 3062 4417 unitates
3094 4380 3210 4418 non
3240 4365 3463 4423 faciunt
3491 4369 3616 4442 pluo

1967 4437 2254 4494 ralitatem
2287 4443 2517 4497 numeri
2551 4444 2609 4499 in
2641 4461 2707 4500 eo
2738 4448 2891 4517 quod
2939 4447 3077 4519 ipsae
3122 4456 3282 4519 sunt,
3316 4453 3374 4510 id
3415 4437 3510 4512 est
3552 4459 3612 4515 in

1966 4527 2198 4595 deitate,
2232 4531 2505 4600 essentia,
2533 4537 2707 4604 atque
2739 4539 2966 4591 natura.
3004 4560 3031 4587 »
3063 4539 3134 4594 Et
3160 4541 3506 4602 Ambrosius
3554 4547 3614 4604 in

1965 4613 2112 4670 libro
2159 4615 2348 4686 primo
2391 4621 2532 4690 (cap.
2566 4624 2623 4688 2)
2659 4622 2731 4676 de
2772 4623 2909 4679 Fide
2943 4641 2955 4679 :
2993 4648 3020 4676 ‹‹
3051 4627 3369 4688 Diversitas
3417 4634 3616 4705 plures

1964 4703 2118 4770 facit,
2139 4705 2335 4761 unitas
2353 4708 2656 4778 potestatis
2679 4711 2933 4767 excludit
2950 4718 3175 4773 numeri
3203 4703 3613 4795 quantitatem,

1958 4792 2097 4863 quia
2126 4793 2324 4850 unitas
2346 4813 2626 4853 numerus
2657 4817 2771 4856 non
2795 4805 3018 4868 est,sed
3043 4805 3163 4862 hazc
3187 4811 3453 4867 omnium
3486 4792 3617 4887 ipsa

1956 4881 2311 4953 principium
2341 4889 2450 4939 est.
2488 4909 2514 4934 ››
2551 4887 2710 4942 Unde
2737 4894 2875 4944 sunt
2919 4893 3092 4948 Arius
3141 4901 3318 4969 atque
3368 4881 3611 4959 Goth-es-

1959 4969 2176 5038 caicus,
2202 4973 2375 5041 juxta
2405 4991 2636 5045 poenam
2673 4993 2684 5030 :

2021 5067 2192 5117 Ambo
2223 5083 2401 5119 errore
2432 5085 2604 5134 pares,
2635 5088 2948 5139 quanquam
2977 5068 3188 5131 diversa
3214 5083 3521 5147 loquantur.

1959 5163 2021 5219 Si
2043 5165 2200 5221 enim
2223 5169 2456 5238 quando
2479 5169 2573 5224 hic
2593 5188 2777 5227 novus
2803 5175 3043 5248 ariolus,
3067 5179 3425 5248 perniciosor
3464 5183 3610 5239 forte

1958 5271 2136 5325 quam
2169 5257 2414 5327 quilibet
2462 5259 2700 5327 ariolus,
2727 5262 2892 5334 dixit,
2912 5265 3064 5319 sicut
3115 5270 3316 5322 sancta
3351 5267 3608 5327 Trinitas

1957 5344 2348 5400 essentialiter
2376 5351 2549 5418 atque
2571 5351 2920 5406 naturaliter
2938 5357 3023 5407 est
3057 5355 3609 5426 una,subjunxisset

1959 5431 2044 5485 sic
2075 5434 2456 5503 personaliter
2478 5441 2568 5492 est
2597 5438 2768 5505 trina,
2788 5444 3079 5494 constaret
3099 5444 3408 5498 sententia.
3443 5448 3604 5512 Quod

1958 5523 2153 5574 autem
2185 5523 2508 5593 subjunxit,
2541 5526 2711 5581 deitas
2757 5529 3118 5598 personaliter
3171 5538 3249 5585 est
3296 5533 3466 5601 trina,
3490 5553 3606 5593 non

1959 5608 2148 5663 solum
2170 5616 2373 5666 contra
2403 5613 2746 5669 catholicam
2798 5617 2970 5669 ﬁdem
3016 5621 3124 5685 est,
3159 5635 3360 5676 verum
3405 5626 3462 5678 et
3499 5624 3609 5682 hoc

1958 5698 2112 5768 quod
2145 5699 2425 5769 praemisit
2455 5702 2781 5772 impugnat,
2818 5703 2968 5758 sicut
2997 5707 3055 5759 et
3073 5709 3375 5778 praemissa
3405 5714 3610 5772 subse-
