3962 6178
308 397 422 459 531

1242 391 1630 454 HINCMARI
1675 387 2125 453 RHEMENSIS
2167 385 2787 451 ARCHIEPISCOPI.

3593 383 3708 446 532

307 530 552 608 quentia
597 531 926 588 destruunt.
957 501 1104 583 Nam
1149 527 1307 598 quod
1353 525 1517 594 dixit,
1555 524 1708 582 sicut
1753 527 1956 582 sancta
1979 521 2038 591 Α
2065 519 2479 589 substantia,et
2494 524 2704 578 natura
2733 517 2921 577 Patris
2945 517 3486 608 etFiliietSpiritus
3500 517 3706 608 sancti.
3735 554 3740 558 α

307 623 568 681 Trinitas
596 617 984 677 essentialiter
1013 620 1188 688 atque
1220 615 1562 672 naturaliter
1604 618 1694 671 est
1733 632 1870 683 una,
1905 613 1954 670 si

308 714 390 769 ita
419 709 780 783 intelligatur
828 707 981 763 sicut
1030 707 1201 762 debet
1246 705 1514 779 intelligi,
1547 705 1769 761 scilicet
1815 703 1957 777 quia

307 801 565 859 Trinitas
621 814 740 852 una
795 801 885 852 est
931 795 1184 852 essentia
1236 800 1410 868 atque
1469 799 1698 860 natura,
1749 793 1807 850 id
1867 797 1956 850 est

307 891 540 953 deitate,
574 885 880 942 Trinitatis
937 883 1208 942 videlicet
1263 884 1508 952 unitate,
1572 883 1957 956 personaliter

308 979 494 1036 deitas
523 977 681 1032 trina
709 992 836 1031 esse
867 993 982 1030 non
1016 978 1224 1046 potest,
1245 991 1311 1030 ac
1342 991 1444 1046 per
1472 973 1580 1029 hoc
1611 973 1756 1029 illud
1797 975 1952 1046 quod

307 1067 594 1140 praemisit
623 1069 826 1122 sancta
854 1063 1113 1121 Trinitas
1141 1063 1530 1120 essentialiter
1557 1067 1731 1136 atque
1778 1068 1953 1120 natu-

309 1157 508 1214 raliter
535 1161 626 1214 est
654 1172 790 1222 una,
823 1153 1074 1210 destruit
1105 1154 1260 1225 quod
1293 1153 1618 1225 subjunxit,
1643 1155 1796 1211 469
1841 1153 1958 1210 dei-

308 1251 399 1303 tas
428 1245 814 1320 personaliter
858 1248 948 1300 cst
994 1242 1168 1310 trina,
1202 1243 1358 1314 quod
1405 1260 1534 1300 esse
1581 1261 1694 1299 non
1742 1247 1952 1316 potest,

308 1335 586 1410 quoniam
634 1334 820 1391 deitas
869 1333 926 1388 id
978 1333 1174 1404 ipsum
1211 1335 1304 1388 est
1355 1333 1510 1404 quod
1541 1331 1874 1389 substantia
1901 1337 1959 1389 et

309 1431 542 1496 natura,
576 1442 704 1498 qua:
762 1439 994 1496 semper
1042 1439 1161 1478 una
1208 1425 1314 1489 est,
1343 1426 1402 1479 et
1449 1421 1602 1478 trina
1653 1438 1783 1479 esse
1839 1439 1954 1478 non

310 1519 520 1590 potest,
547 1513 688 1587 quia
737 1513 922 1569 deitas
981 1516 1046 1568 ut
1099 1511 1473 1579 Athanasius,
1501 1512 1867 1582 Ambrosius,
1900 1517 1959 1569 et

308 1603 675 1678 Augustinus
706 1602 933 1670 dicunt,
965 1601 1270 1658 Trinitatis
1301 1607 1392 1658 est
1441 1599 1656 1658 unitas.
1687 1603 1757 1658 Et
1803 1603 1958 1675 quod

311 1693 634 1766 subjunxit,
669 1693 841 1749 deitas
885 1693 1244 1764 personaliter
1295 1699 1375 1748 est
1419 1694 1590 1761 trina,
1651 1693 1960 1766 impugnat

311 1785 464 1858 quod
499 1783 861 1856 praemiserat
883 1799 896 1838 :
923 1781 1178 1838 Trinitas
1197 1782 1585 1839 essentialiter
1603 1787 1778 1855 atque
1794 1787 1962 1839 natu-

311 1875 511 1931 raliter
527 1878 618 1930 est
638 1891 774 1929 una.
797 1873 923 1928 Non
946 1873 1102 1928 enim
1124 1871 1184 1926 in
1206 1890 1274 1929 eo
1295 1889 1410 1945 quo
1433 1891 1550 1928 una
1569 1877 1660 1929 est
1679 1873 1956 1941 Trinitas,
1991 1897 2039 1962 B

310 1965 369 2020 id
399 1967 489 2020 est
517 1963 576 2018 in
608 1962 864 2018 essentia
893 1967 1068 2034 atque
1104 1967 1335 2032 natura,
1366 1962 1523 2020 trina
1569 1980 1697 2021 esse
1745 1969 1956 2037 potest,

309 2053 470 2110 sibut
498 2051 670 2107 Arius
709 2052 1104 2107 dementavit:
1139 2057 1198 2108 et
1239 2054 1298 2108 in
1338 2071 1404 2109 eo
1453 2071 1569 2126 quo
1609 2071 1764 2110 unus
1811 2059 1960 2110 Deus

311 2141 571 2199 Trinitas
590 2141 678 2197 vel
700 2141 894 2197 trinus
915 2141 1212 2210 dicitur,id
1232 2145 1322 2198 est
1341 2143 1402 2198 in
1424 2160 1806 2215 personarum
1828 2161 1959 2215 pro-

310 2231 578 2305 prietate,
613 2248 728 2288 non
761 2249 936 2301 unus,
971 2231 1125 2288 sicut
1173 2233 1464 2290 Sabellius
1511 2233 1960 2305 blasphemavit,

311 2321 414 2378 sed
437 2337 624 2376 unum
645 2324 752 2390 est,
770 2321 922 2378 sicut
941 2320 1210 2378 Christus
1231 2322 1290 2378 in
1313 2321 1622 2394 Evangelio
1645 2321 1806 2378 dicit.
1821 2323 1960 2378 Con-

312 2415 564 2483 traquos
585 2411 1134 2468 cantatAmbrosius
1158 2429 1170 2468 :
1195 2413 1393 2468 «Deus
1413 2429 1557 2468 unus
1575 2414 1960 2485 potentialiter,

315 2503 604 2573 triumque
617 2503 1035 2573 persmzaliter.»
1063 2501 1520 2567 EtAthanasius,
1537 2525 1564 2552 «
1585 2501 1752 2559 Fides
1771 2502 1965 2558 catho-

314 2589 429 2646 lica
457 2589 578 2646 haec
608 2595 715 2656 est,
749 2595 816 2646 ut
845 2607 1032 2646 unum
1064 2591 1247 2652 Deum
1279 2591 1338 2646 in
1385 2591 1647 2648 trinitate
1697 2609 1966 2664 persona-

316 2696 473 2746 rum,
505 2682 564 2734 et
589 2679 909 2736 trinitatem
943 2697 1325 2752 personarum
1355 2679 1414 2736 in
1463 2680 1686 2736 unitate
1729 2681 1964 2736 deitatis

317 2783 680 2835 veneremur,
700 2785 888 2841 neque
909 2769 1332 2824 confundentes
1344 2785 1624 2840 personas
1636 2773 1700 2825 ut
1711 2773 1832 2826 tres
1849 2787 1964 2826 non

320 2857 460 2923 sint,
493 2873 682 2930 neque
719 2857 1082 2914 substantias
1128 2862 1490 2930 separantes,
1521 2861 1588 2914 ut
1645 2857 1800 2914 trina
1843 2859 1962 2914 sit:

319 2947 459 3018 quia
487 2945 601 3002 alia
619 2950 710 3002 est
746 2963 995 3018 persona
1015 2947 1224 3017 Patris,
1239 2946 1354 3002 alia
1384 2946 1532 3018 Filii,
1566 2947 1682 3003 alia
1712 2946 1967 3020 Spiritus

317 3035 526 3102 sancti,
551 3035 652 3091 sed
685 3034 890 3101 Patris,
915 3039 972 3091 et
1002 3035 1130 3091 Filii
1161 3039 1219 3092 et
1249 3035 1503 3109 Spiritus
1519 3036 1706 3092 sancti
1729 3053 1848 3091 una
1877 3039 1968 3090 est

313 3123 613 3194 divinitas,
647 3123 888 3196 aqualis
929 3124 1137 3198 gloria,
1169 3129 1455 3181 coaeterna
1504 3125 1802 3196 majestas.
1841 3147 1868 3174 ››
1899 3125 1969 3179 Et

310 3213 677 3283 Augustinus
712 3212 769 3267 in
804 3212 954 3268 libro
986 3213 1236 3284 septimo
1266 3215 1337 3269 de
1363 3212 1647 3269 Trinitate
1678 3216 1818 3284 (cap.
1857 3214 1914 3282 6)
1947 3229 1960 3266 :

312 3324 343 3351 «
377 3301 559 3369 Sicut,
579 3301 794 3372 inquit,
809 3301 1142 3357 substantia
1163 3302 1350 3358 Patris
1372 3302 1498 3373 ipse
1518 3303 1688 3357 Pater
1707 3305 1817 3366 est,
1845 3317 1962 3355 non

313 3406 430 3461 quo
461 3393 624 3461 pater
652 3393 760 3456 est,
777 3390 876 3445 sed
909 3407 1023 3461 quo
1055 3393 1162 3456 est,
1176 3389 1259 3445 ita
1287 3393 1345 3445 et
1368 3405 1618 3462 persona
1639 3388 1825 3445 Patris
1847 3406 1960 3444 non

313 3477 474 3534 aliud
501 3493 677 3550 quam
710 3479 834 3550 ipse
863 3478 1031 3534 Pater
1051 3482 1160 3534 est.
1175 3479 1258 3534 Ad
1281 3495 1342 3534 se
1363 3478 1579 3550 qnippe
1604 3477 1820 3533 dicitur
1841 3494 1964 3550 per-

315 3584 478 3632 sona,
499 3584 614 3622 non
637 3568 709 3622 ad
734 3566 1066 3633 Filium,vel
1089 3567 1159 3622 ad
1185 3567 1470 3638 Spiritum
1491 3570 1790 3622 sanctum:
1811 3567 1964 3622 sicut

315 3657 388 3711 ad
419 3672 481 3712 se
505 3655 720 3711 dicitur
743 3660 892 3711 Deus
913 3659 970 3710 et
989 3659 1333 3728 magnus,et
1362 3655 1574 3725 bonus,
1587 3656 1680 3726 etj
1691 3658 1881 3726 ustus,
1904 3659 1964 3711 et

315 3744 364 3800 si
397 3742 536 3814 quid
569 3743 728 3800 aliud
759 3744 1120 3814 hujusmodi.
1143 3745 1212 3799 Et
1231 3744 1729 3816 quemadmodum
1753 3744 1860 3799 hoc
1876 3743 1960 3798 illi

315 3833 405 3886 est
431 3847 560 3886 esse
590 3832 742 3902 quod
777 3831 961 3886 Deum
993 3848 1140 3896 esse,
1156 3833 1309 3904 quod
1333 3849 1612 3906 magnum
1641 3848 1788 3901 esse,
1804 3833 1961 3904 quod

313 3919 534 3973 bonum
557 3918 792 3984 esse,ita
807 3919 917 3974 hoc
937 3919 1018 3974 illi
1043 3923 1133 3976 est
1151 3937 1280 3976 esse
1301 3921 1453 3993 quod
1479 3937 1786 3993 personam
1807 3937 1957 3976 esse.
1989 3974 2001 3985 ,

313 4005 513 4076 Neque
541 4022 672 4061 cum
696 4005 975 4078 quislibet
1011 4009 1260 4064 audierit
1277 4009 1500 4064 Patrem
1529 4008 1719 4064 solum
1752 4009 1958 4064 Deum.

313 4097 543 4164 separet
565 4093 700 4149 inde
733 4095 1077 4160 Filium,aut
1108 4097 1390 4169 Spiritum
1423 4099 1872 4154 sanctum.Cum
1893 4115 1960 4154 eo

312 4182 532 4254 quippe
563 4183 725 4239 solus
757 4185 910 4240 Deus
940 4189 1197 4254 est,cum
1229 4204 1345 4258 quo
1375 4191 1432 4241 et
1464 4205 1618 4242 unus
1647 4187 1801 4242 Deus
1831 4190 1956 4242 est:

311 4269 449 4341 quia
477 4275 534 4327 et
565 4271 777 4328 Filium
807 4291 942 4329 cum
975 4274 1304 4330 audivimus
1355 4275 1546 4331 solum
1595 4275 1800 4341 Deum,
1834 4275 1960 4330 sine

309 4357 432 4414 ulla
458 4361 822 4432 separatione
867 4363 1051 4418 Patris
1099 4366 1158 4418 et
1204 4363 1458 4436 Spiritus
1501 4363 1686 4419 sancti
1735 4366 1962 4434 oportet

309 4445 589 4518 accipere,
623 4449 778 4506 sicut
825 4451 884 4504 in
929 4451 1237 4525 Evangelio
1287 4451 1573 4522 scriptum
1605 4456 1695 4506 est
1728 4467 1741 4505 :
1775 4452 1882 4521 Ego
1909 4458 1962 4506 et

2063 611 2235 667 Fides
2267 611 2482 684 quippe
2513 610 2800 666 catholica
2826 609 2948 666 haec
2977 611 3088 677 est,
3121 613 3188 665 ut
3215 624 3400 664 unum
3432 607 3616 664 Deum
3649 607 3711 664 in

2062 699 2346 756 Trinitate
2378 702 2854 772 personarum,et
2873 697 3215 754 Trinitatem
3247 713 3628 770 personarum
3651 696 3710 752 in

2063 789 2288 845 unitate
2298 787 2531 844 deitatis
2549 803 2912 855 veneremur,
2933 803 3122 859 neque
3137 785 3563 842 confundentes
3579 803 3715 860 per-

2064 895 2259 947 sonas,
2276 881 2340 933 ut
2367 882 2486 934 tres
2503 894 2617 932 non
2651 877 2788 943 sint,
2805 892 2993 948 neque
3013 875 3409 931 substantiam
3445 890 3717 946 separan-

2062 971 2171 1036 tes,
2197 972 2262 1022 ut
2283 967 2439 1022 trina
2469 966 2574 1034 sit;
2607 982 2734 1038 quae
2767 982 2885 1021 una
2913 963 3264 1030 substantia,
3298 963 3355 1019 id
3386 967 3476 1020 est
3505 962 3715 1031 deitas,

2064 1074 2192 1130 quae
2217 1055 2522 1112 Trinitatis
2544 1059 2633 1111 est
2664 1053 3070 1120 unitas,etiam
3102 1053 3160 1108 in
3185 1051 3450 1126 personis
3479 1069 3594 1108 non
3625 1069 3721 1108 va-

2062 1145 2190 1203 lens
2219 1144 2395 1200 dividi
2429 1144 2557 1216 ipsa
2586 1141 3019 1216 seperabilitate
3049 1160 3177 1210 sua,
3211 1143 3366 1199 470
3405 1145 3522 1198 tres
3569 1141 3723 1198 inse-

2063 1233 2342 1308 parabilis
2374 1232 2681 1290 Trinitatis
2724 1249 3005 1304 personas
3054 1230 3310 1288 ostendit
3356 1247 3507 1300 esse,
3541 1234 3600 1286 et
3642 1230 3722 1286 ab

2065 1323 2311 1380 invicem
2333 1321 2592 1396 separari
2624 1339 2738 1377 non
2761 1338 2951 1394 posse,
2966 1321 3106 1394 quia
3119 1319 3438 1392 cujuslibet
3459 1335 3724 1392 personae

2067 1429 2278 1469 nomen
2311 1428 2544 1484 semper
2585 1411 2659 1466 ad
2708 1409 2952 1468 alteram
3001 1407 3238 1482 respicit
3284 1425 3614 1482 personam.
3655 1407 3725 1464 Si

2067 1502 2296 1558 Patrem
2329 1499 2497 1568 dicis,
2515 1499 2726 1556 Filium
2757 1499 3052 1568 ostendis;
3087 1497 3138 1555 si
3171 1497 3380 1555 Filium
3426 1496 3726 1564 nominas,

2067 1591 2297 1646 Patrem
2346 1588 2658 1662 pradicas;
2693 1588 2742 1644 si
2791 1587 3075 1660 Spiritum
3125 1591 3395 1643 sanctum
3436 1584 3726 1660 appellas,

2067 1679 2316 1750 alicujus
2347 1695 2472 1736 esse
2505 1677 2780 1750 spiritum
2808 1692 3045 1732 necesse
3069 1679 3160 1732 est
3196 1674 3512 1748 intelligas,
3543 1674 3602 1729 id
3633 1677 3733 1730 est

2068 1767 2255 1825 Patris
2283 1771 2339 1824 et
2371 1765 2520 1834 Filii,
2553 1781 2805 1838 quorum
2839 1781 2958 1820 una
3001 1764 3325 1836 eademque
3369 1761 3728 1831 substantia,

2068 1857 2126 1912 id
2158 1861 2248 1913 est
2268 1856 2455 1912 deitas
2476 1872 2604 1928 quae
2626 1852 2932 1910 Trinitatis
2952 1857 3042 1910 est
3060 1853 3345 1920 unitas,in
3367 1851 3616 1926 singulis
3631 1855 3735 1908 est

2067 1951 2191 2002 tota
2220 1943 2504 2018 personis,
2535 1948 2594 2000 et
2623 1947 2743 1999 tota
2772 1942 2832 1998 in
2861 1941 3053 1998 tribus
3083 1941 3260 1998 simul
3306 1941 3571 2014 personis
3595 1959 3608 1996 :
3632 1941 3735 1997 vel

2071 2034 2120 2092 si
2151 2035 2366 2090 rectius
2395 2031 2633 2100 dicitur,
2665 2049 2737 2088 ne
2767 2035 3046 2104 putentur
3075 2029 3232 2086 aliud
3263 2047 3391 2087 esse
3424 2029 3482 2085 in
3523 2033 3737 2086 sancta

2069 2123 2356 2179 Trinitate
2387 2138 2668 2194 personae,
2687 2123 2744 2176 et
2773 2119 2930 2175 aliud
2957 2117 3160 2188 deitas,
3181 2123 3304 2174 tota
3333 2117 3735 2192 perfectaque,

2070 2219 2158 2270 est
2189 2213 2376 2268 deitas
2408 2209 2651 2283 singulae
2683 2209 2741 2264 in
2774 2213 2978 2265 sancta
3021 2207 3306 2266 Trinitate
3355 2225 3634 2280 personae,
3671 2213 3740 2264 et

2070 2306 2194 2358 tota
2239 2300 2628 2373 perfectaque,
2661 2302 2752 2354 est
2797 2297 2986 2354 deitas
3032 2301 3151 2354 tres
3197 2295 3375 2354 simul
3423 2296 3485 2352 in
3523 2301 3743 2354 sancta

2072 2387 2354 2444 Trinitate
2383 2403 2663 2459 personaa.
2688 2385 2758 2440 Et
2786 2383 3004 2440 idcirco
3033 2383 3446 2458 inseparabilis
3478 2388 3570 2444 est
3599 2401 3744 2441 san-

2073 2481 2167 2532 cta
2193 2475 2453 2531 Trinitas
2484 2473 2662 2529 etiam
2702 2467 3059 2546 in'personis
3105 2489 3283 2530 sensu
3323 2471 3742 2546 intelligenda,

2074 2563 2342 2638 quamvis
2372 2563 2432 2618 in
2463 2579 2600 2618 voce
2640 2561 2990 2634 separabilia
3036 2561 3249 2618 hebeat
3297 2561 3558 2629 nomina,
3592 2562 3745 2636 quia

2074 2652 2357 2728 pluralem
2379 2668 2692 2707 numerum
2715 2650 2774 2705 in
2794 2654 3017 2706 naturae
3035 2649 3374 2708 nominibus
3395 2649 3745 2712 nullatenus

2074 2740 2378 2815 recipit.In
2411 2739 2678 2812 personis
2711 2756 2965 2812 namque
2987 2738 3246 2796 Trinitas
3267 2743 3514 2808 constat,
3536 2739 3599 2796 in
3629 2759 3741 2798 na-

2074 2835 2208 2887 tura
2238 2830 2294 2886 id
2327 2833 2414 2886 est
2444 2828 2502 2884 in
2535 2827 2748 2884 deitate
2780 2828 2996 2895 unitas,
3022 2845 3150 2901 qua:
3181 2827 3361 2884 dividi
3395 2846 3509 2886 non
3543 2835 3745 2902 potest

2075 2920 2349 2993 quoniam
2385 2921 2614 2987 natura,
2637 2916 2694 2974 id
2727 2921 2816 2973 est
2846 2917 3034 2973 deitas
3064 2915 3370 2974 Trinitatis
3399 2921 3490 2974 est
3512 2920 3740 2976 unitas.

2079 3011 2192 3066 lloc
2213 3007 2366 3066 enim
2390 3025 2520 3064 vere
2542 3006 2931 3080 inseparabile
2962 3005 3370 3080 dicitur,quod
3395 3006 3744 3066 nullatenus

2076 3097 2500 3172 separationem
2525 3099 2716 3170 potest
2735 3095 3163 3168 recipere.Nam
3181 3097 3336 3168 quod
3360 3114 3475 3152 non
3496 3114 3740 3170 separa-

2075 3191 2190 3256 tur,
2215 3187 2316 3244 sed
2349 3184 2606 3259 separari
2637 3189 2848 3257 potest,
2866 3183 3257 3258 inseparabile
3289 3203 3404 3240 non
3436 3190 3546 3242 est.
3582 3186 3743 3244 Inse-

1994 3261 2037 3328 C
2077 3276 2355 3348 parabilis
2386 3279 2477 3332 est
2507 3290 2643 3348 ergo
2666 3277 2870 3329 sancta
2897 3272 3158 3330 Trinitas
3176 3274 3355 3330 etiam
3379 3273 3438 3330 in
3461 3275 3741 3348 personis

2070 3381 2247 3420 sensu
2262 3361 2949 3437 intelligenda,quoniam
2964 3362 3151 3419 Patris
3171 3366 3230 3418 et
3251 3361 3378 3419 Filii
3400 3367 3458 3418 et
3470 3363 3740 3436 Spiritus

2071 3453 2254 3508 sancti
2289 3470 2402 3508 non
2435 3452 2588 3508 trina
2618 3453 2720 3507 sed
2750 3468 2869 3508 una
2888 3453 2979 3507 cst
3013 3449 3308 3522 divinitas,
3333 3451 3576 3524 aequalis
3616 3453 3742 3527 glo-

2071 3538 2176 3606 ria,
2208 3543 2492 3595 coaeterna
2523 3539 2824 3610 majestas.
2859 3537 3143 3594 Mentitur
3171 3538 3352 3612 igitur
3389 3539 3738 3598 Gothescal-

2070 3645 2176 3685 cus
2198 3632 2263 3684 ut
2283 3615 2452 3697 solet;
2479 3627 2682 3684 dicens
2708 3644 2721 3682 :

2137 3813 2192 3874 ,εκ
2231 3830 2258 3856 ‹(
2281 3805 2428 3873 Quia
2440 3804 2592 3862 sicut
2605 3809 2808 3862 sancta
2819 3803 3078 3862 Trinitas
3089 3822 3209 3862 una
3227 3804 3624 3863 essentialiter
3652 3809 3740 3863 at-

2070 3919 2098 3946 ‹‹
2122 3911 2235 3968 que
2248 3893 2700 3960 naturaliter,sic
2723 3892 3110 3966 proculdubio
3123 3897 3213 3951 est
3231 3893 3740 3967 personalitertri-

2072 4005 2100 4035 «
2123 4002 2199 4040 na
2219 3983 2425 4052 deitas,
2441 3983 2596 4039 sicut
2619 3983 2840 4044 scilicet
2861 3983 3159 4055 maiestas,
3175 3984 3380 4056 pietas,
3405 3987 3690 4056 potestas.
3704 4007 3735 4034 ι»

2138 4091 2231 4128 xr.
2255 4073 2415 4139 Quod
2443 4070 2653 4127 refellit
2681 4071 2967 4127 catholica
2999 4072 3166 4140 ﬁdes,
3196 4089 3301 4143 per
3327 4072 3594 4128 omnium
3629 4090 3736 4129 or-

2068 4162 2454 4218 thodoxorum
2472 4179 2573 4215 ora
2592 4161 2918 4232 praedicans
2943 4165 3002 4216 et
3018 4161 3376 4216 confirmans
3388 4161 3740 4233 quiaTrini-

2068 4256 2160 4307 tas
2181 4252 2251 4306 ad
2277 4266 2556 4322 personas
2589 4247 2773 4304 Patris
2799 4252 2856 4304 et
2884 4248 3010 4304 Filii
3037 4253 3095 4304 et
3139 4249 3392 4322 Spiritus
3421 4249 3614 4305 sancti
3649 4268 3715 4307 re

2068 4337 2489 4407 fertur,unitas
2519 4337 2592 4392 ad
2617 4341 2888 4392 naturam
2926 4340 3150 4393 aeterna:
3173 4336 3408 4394 deitatis
3447 4338 3730 4410 pertinet.

2067 4427 2229 4483 Unde
2258 4425 2623 4498 Augustinus
2653 4423 2712 4478 in
2743 4422 2893 4480 libro
2922 4423 3176 4496 septimo
3200 4427 3342 4497 (cap.
3373 4425 3433 4494 6)
3479 4425 3554 4481 de
3603 4425 3740 4482 Tri-

314 4512 473 4589 Pater
500 4512 674 4590 unam
718 4555 908 4594 sumus
957 4512 1131 4610 (Iam;
1165 4559 1222 4606 x,
1255 4543 1366 4608 30,).
1400 4512 1469 4595 Et
1515 4556 1689 4595 unum
1727 4512 1872 4594 dixit
1902 4541 1960 4593 et
2066 4513 2452 4610 Pilato-dicit:
2483 4537 2509 4564 “
2533 4514 2648 4610 HO“?
2679 4517 2768 4610 θεέ
2788 4513 2904 4610 Pe?
2935 4529 3063 4569 esse
3094 4513 3248 4610 quo?
3291 4512 3740 4610 δυδδξδῳνθὶθί

305 4635 715 4678 sumusmnum
734 4601 1055 4682 secundum
1079 4601 1580 4700 essentiam,quod
1605 4627 1756 4683 idem
1771 4627 1952 4682 Deus:
1988 4632 2034 4698 ι)
2065 4605 2208 4706 ίάθξ).
2223 4604 2273 4706 εξ
2298 4621 2415 4658 una
2435 4602 2690 4706 essentif
2719 4601 2998 4706 Trif’itasf
3021 4619 3141 4706 un.“
3168 4601 3345 4658 etiam
3367 4602 3734 4673 subsunt“:

305 4724 495 4764 sumus
517 4712 840 4767 secundum
863 4715 1190 4783 relativum,
1213 4717 1368 4789 quod
1400 4692 1496 4772 ille
1519 4717 1704 4782 Pater,
1730 4715 1826 4770 hic
1858 4715 1954 4770 Fi-
1988 4692 2026 4698 ⁷
2068 4701 2125 4751 et
2155 4693 2370 4792 idci’jcé

2155 4693 2368 4750 idcirco
2389 4692 2759 4747 commodius
2787 4692 3064 4747 dicuntur
3095 4695 3214 4748 tres
3235 4707 3520 4764 persona,
3542 4708 3734 4764 quam

266 4842 274 4850 .
305 4794 442 4851 lius.
470 4819 498 4846 »
531 4797 768 4870 Propter
797 4803 947 4872 quod
983 4779 1477 4876 etiampluralem
1507 4779 1821 4859 numerum
1852 4805 1955 4858 ad-
2062 4791 2181 4842 ίτθδ
2211 4781 2374 4840 δυδεί

2137 4802 2181 4841 :s
2211 4781 2574 4840 substantia.
2599 4781 2722 4836 Non
2755 4780 2913 4836 enim
2945 4779 3103 4836 aliud
3126 4783 3216 4836 est
3242 4779 3358 4836 Deo
3389 4797 3540 4848 esse,
3560 4779 3736 4838 aliud

306 4883 565 4939 mittunt.
597 4869 715 4941 Gur
742 4869 878 4959 ergo
909 4908 1021 4945 non
1053 4891 1174 4946 haec
1195 4869 1317 4948 tria
1345 4893 1522 4948 simul
1555 4910 1732 4948 unam
1757 4909 1952 4964 pcrso-
2062 4889 2372 4964 Personam
2403 4886 2552 4938 esse!
2585 4870 2687 4924 sed
2717 4869 2955 4964 omPiPO
2986 4869 3192 4964 “$33
3221 4886 3356 4964 n9“?
3381 4886 3512 4964 985°
3553 4870 3738 4964 ’ξάξθ

303 4989 439 5026 nam
471 4956 871 5040 dicitur,sieut
893 4995 1068 5033 unam
1091 4981 1408 5035 essentiam
1439 4985 1496 5036 et
1528 4999 1710 5036 unum
1743 4956 1950 5047 Deum,
2063 4963 2716 5047 dicituwcrsonaYem
2748 4956 3003 5047 Γθῖᾆῒίγέι
3023 4956 3292 5014 Videlicet
3317 4959 3593 5047 Pat€§P_8d
3625 4960 3735 5015 Fi-

300 5060 402 5115 sed
435 5061 688 5117 dicimus
717 5068 834 5119 tres
867 5083 1165 5136 personas,
1199 5085 1332 5123 cum
1365 5073 1482 5124 tres
1512 5069 1652 5123 deos
1701 5073 1802 5122 aut
1835 5044 1951 5122 tres
2063 5051 2229 5117 lium,
2259 5047 2438 5103 Filius
2461 5047 2534 5100 ad
2567 5044 3092 5136 Patrcm'spﬁ‘fims
3122 5049 3362 5136 εξιυοιιξξ
3381 5045 3456 5101 ad
3489 5045 3734 5136 Patrem

297 5150 585 5206 essentias
615 5169 726 5207 non
763 5153 1051 5225 dicamus,
1073 5155 1183 5212 nisi
1207 5156 1346 5228 quia
1366 5157 1636 5213 volumus
1655 5155 1742 5210 vel
1765 5172 1948 5209 unum
2061 5145 2120 5196 el-
2150 5137 2374 5234 Filium;

2150 5137 2381 5206 Filium,
2415 5151 2666 5206 quorum
2697 5139 2789 5190 est
2819 5133 3093 5206 Spiritus,
3126 5133 3282 5190 sicut
3311 5134 3466 5190 idem
3515 5135 3739 5190 doctor

295 5235 531 5310 aliquod
563 5239 910 5298 vocabulum
931 5221 1156 5302 servire
1186 5221 1322 5300 huic
1373 5243 1785 5318 significationi
1833 5260 1951 5314 qua
2058 5225 2310 5318 θΧΡοΡίῐ·
2338 5247 2364 5272 ”
2386 5225 2458 5318 Et:
2486 5221 2545 5276 in
2568 5221 2716 5318 Ῑίδξξο
2830 5229 2967 5294 (σαΡο
2997 5224 3127 5318 23)}
3152 5221 3376 5318 ‘1“?qu
3399 5227 3491 5278 θεῖ
3519 5221 3738 5318 “Eque

294 5323 642 5399 intelligitur
671 5330 946 5399 Trinitas,
981 5349 1052 5387 ne
1083 5333 1320 5388 omnino
1352 5310 1678 5389 tacveremus
1711 5331 1951 5386 interro-
2058 5314 2315 5373 Τι’ίῐιίῖλιε
2336 5330 2374 5368 1“

2137 5314 2315 5370 initas
2336 5312 2593 5384 resipsa,
2609 5310 2768 5366 aliud
2791 5311 2986 5386 imago
3009 5311 3314 5368 Trinitatis
3335 5310 3393 5366 in
3434 5327 3495 5366 re
3526 5310 3669 5368 alia.
3701 5335 3734 5360 »

293 5413 410 5484 gati
445 5415 588 5485 quid
638 5421 780 5486 tros,
811 5435 946 5474 cum
997 5425 1115 5476 tres
1171 5422 1510 5485 f'atercmur,
1544 5419 1683 5492 quia
1730 5423 1847 5474 tres
1887 5418 1947 5474 in
2057 5408 2247 5462 Τειηίθι
2275 5400 2548 5492 οεξθηίω
2582 5399 2640 5454 in
2692 5417 2758 5492 9°
2812 5399 3738 5492 in3?Pambilitasi‘UUPQPPQS

293 5506 497 5558 sancta
517 5504 802 5562 Trinitate
824 5525 1080 5579 persona:
1105 5507 1337 5564 relative
1377 5489 1673 5577 dicuntur,
1691 5525 1820 5578 quae
1850 5524 1946 5563 es-
2057 5496 2210 5552 D3113
2241 5495 2298 5548 (δι
2325 5489 2556 5579 dicat“?
2584 5493 2641 5544 οι
2667 5489 2764 5560 δίε,
2784 5505 2890 5579 n09
2910 5489 2970 5544 in
2995 5507 3110 5546 uno
3134 5494 3243 5546 99°
3281 5489 3360 5546 είί
3399 5489 3500 5544 illa
3521 5489 3732 5579 T‘flni'

293 5589 707 5659 scntialiter,id
741 5577 839 5651 est
863 5596 1225 5667 naturaliter,
1242 5614 1426 5652 unum
1451 5614 1565 5652 non
1589 5577 1742 5652 unus
1764 5602 1942 5652 sunt:
2054 5590 2167 5649 tas,
2194 5581 2294 5638 80d
2329 5596 2482 5635 unus
2522 5578 2696 5667 Deus-
2722 5579 2848 5636 Non
2877 5577 3060 5652 igitur
3100 5579 3286 5636 deitas
3329 5577 3738 5650 ΡΘΓΒοΠθ-Ῐίίθι·

293 5676 432 5746 quia
455 5695 569 5733 una
589 5684 647 5735 et
680 5699 794 5737 non
830 5684 982 5739 trina
1016 5689 1105 5740 est
1125 5685 1333 5751 deitas,
1357 5684 1942 5754 divinitas,essentia,
2055 5670 2211 5728 trina
2238 5673 2374 5734 θεῐιε

2137 5687 2211 5726 na
2238 5673 2348 5734 est,
2363 5667 2462 5723 sed
2495 5666 2676 5722 trium
2709 5667 2784 5725 ad
2805 5685 2953 5740 quas
2977 5667 3225 5725 refertur
3247 5667 3484 5724 trinitas
3513 5683 3735 5739 perso-
