3962 6178
249 394 346 459 533

1231 389 1334 452 DE
1377 389 1538 452 UNA
1579 389 1680 450 ET
1723 388 1882 451 NON
1927 387 2167 450 TRINA
2209 388 2574 451 DEITATE.

3488 399 3608 462 534

246 542 422 588 narum
451 522 776 583 substantia
820 541 940 582 una
967 526 1076 593 est,
1105 523 1163 580 id
1213 528 1302 580 est
1349 523 1574 580 deitas:
1603 539 1752 596 qum,
1784 525 1850 578 ut
1875 522 1931 590 Α
1960 526 2213 596 possunt
2263 523 2530 580 existere.
2566 523 2628 580 In
2688 522 2790 580 illa
2818 540 2950 580 vero
2981 524 3233 584 essentia
3277 529 3608 604 Trinitatis,

246 615 568 690 Augustinus
597 615 656 670 in
688 613 878 688 primo
906 613 1054 671 libro
1079 613 1149 669 de
1171 607 1458 669 Trinitate
1481 612 1644 680 dicit,
1665 612 1856 668 Trini-

245 707 360 764 tatis
385 710 467 762 est
507 703 723 772 unitas,
757 703 976 759 scilicet
1005 720 1122 775 qua
1159 707 1249 758 est
1293 701 1702 774 inseparabilis
1723 702 1850 758 Tri-

245 797 388 864 nitas,
409 793 678 868 quoniam
719 809 838 848 una
865 793 1186 864 eademque
1218 796 1308 848 est
1335 795 1459 848 tota
1485 790 1544 846 in
1579 790 1848 863 singulis,

242 890 342 943 tota
388 885 442 938 in
498 883 688 940 tribus
745 883 923 940 simul
983 881 1268 956 personis.
1330 882 1652 938 Dicendum
1715 897 1850 955 ergo

243 980 330 1042 est,
359 973 497 1030 sicut
536 973 902 1047 Augustinus
933 972 1095 1042 dicit,
1128 971 1384 1028 Trinitas
1417 989 1534 1026 una
1573 971 1846 1038 essentia,

239 1068 285 1119 et
309 1079 412 1119 una
439 1059 767 1118 substantia
797 1065 917 1117 tres
960 1078 1241 1134 personze,
1271 1059 1360 1116 vel
1405 1061 1664 1116 Trinitas
1695 1063 1840 1116 471

241 1149 668 1209 substantialiter
706 1167 862 1206 unus
892 1150 1046 1205 Deus
1090 1167 1204 1206 non
1246 1151 1400 1206 sicut
1431 1149 1850 1206 Gothescalcus

239 1239 466 1296 absolute
511 1237 676 1308 dicit,
708 1237 967 1294 Trinitas
1015 1238 1408 1294 essentialiter
1453 1243 1626 1310 atque
1675 1242 1847 1294 natu-

239 1328 403 1385 raliter
426 1332 511 1383 est
545 1344 680 1394 una,
709 1343 782 1382 ne
811 1325 1010 1382 induci
1043 1330 1280 1400 putetur
1309 1345 1690 1400 personarum
1719 1345 1850 1384 con-

239 1417 380 1488 fusio,
409 1417 562 1472 unde
596 1414 768 1488 paulo
819 1416 1092 1488 superius
1123 1420 1409 1489 quantum
1445 1434 1623 1472 causa
1669 1434 1846 1490 popo-

235 1507 323 1562 scit
346 1504 752 1578 przemisimus.
784 1505 900 1560 Nec
929 1505 989 1560 in
1031 1505 1140 1561 hoc
1177 1505 1352 1560 etiam
1395 1505 1512 1561 ullo
1553 1507 1726 1562 modo
1759 1525 1846 1562 se-

235 1595 465 1668 quendus
501 1597 596 1650 est
625 1593 1062 1659 Gothescalcus,
1089 1599 1154 1650 ut
1193 1596 1464 1650 credatur
1490 1595 1579 1650 vel
1619 1594 1851 1651 dicatur

233 1683 387 1740 deitas
420 1682 810 1756 personaliter
850 1683 1026 1738 trina.
1061 1683 1168 1751 Qui
1199 1683 1356 1738 enim
1409 1683 1592 1739 credit
1620 1688 1678 1740 et
1708 1683 1858 1740 dicit

231 1773 413 1828 trinam
441 1771 834 1845 personaliter
861 1771 1160 1839 deitatem,
1188 1771 1330 1826 nihil
1366 1771 1558 1828 ditl'ert
1587 1773 1660 1828 ab
1690 1773 1844 1840 Ario,

231 1863 288 1918 ad
313 1862 466 1933 cujus
496 1877 741 1934 pravam
766 1860 1214 1934 intelligentiam
1237 1861 1634 1929 refellendam,
1659 1863 1844 1918 sancti

230 1950 458 2008 catholici
481 1951 704 2020 Patres,
731 1967 848 2006 non
879 1951 1138 2006 humana
1167 1949 1594 2019 adinventione,
1620 1952 1720 2008 scd
1755 1952 1841 2006 di-

220 2038 330 2094 vina
353 2037 753 2113 inspiratione,
778 2040 835 2094 in
859 2057 1024 2096 sacro
1054 2039 1284 2096 Nicaeno
1315 2039 1559 2096 concilio
1589 2049 1838 2113 ὁμοὺσιον,

221 2127 266 2182 id
284 2132 360 2184 est
377 2128 1070 2197 consubstantialitatcm,
1085 2129 1352 2185 videlicet
1371 2147 1550 2184 unam
1569 2130 1844 2186 substan-

218 2215 355 2286 tiam,
373 2216 712 2284 essentiam,
737 2221 1034 2285 naturam,
1058 2221 1114 2273 et
1133 2217 1408 2273 deitatem
1435 2219 1614 2274 trium
1645 2236 1838 2291 persoo

218 2321 414 2374 narum,
441 2305 634 2363 Patris
665 2310 724 2362 et
770 2305 900 2360 Filii
946 2310 1003 2362 et
1049 2305 1304 2378 Spiritus
1353 2305 1564 2378 sancti,
1596 2307 1750 2364 credi
1779 2313 1838 2364 et

213 2395 363 2449 teneri
410 2393 754 2451 ﬁrmissime
791 2395 1190 2462 decreverunt,
1246 2399 1303 2450 et
1349 2395 1420 2451 ab
1477 2395 1585 2452 hac
1635 2396 1836 2470 regula

211 2481 470 2540 deviantes
495 2483 1163 2540 anathematizaverunt.
1192 2483 1610 2541 Gothescalcus
1638 2489 1834 2541 autem

212 2569 304 2625 mel
331 2571 454 2644 plus
481 2572 794 2628 comedere
812 2571 1012 2628 volens
1034 2588 1212 2644 quam
1245 2573 1483 2641 sufficit,
1509 2573 1566 2628 id
1589 2579 1677 2628 est
1699 2573 1834 2646 plus

211 2673 380 2730 sapere
393 2676 571 2732 quam
591 2663 856 2732 oporteat
875 2676 1100 2732 sapere,
1113 2663 1172 2716 et
1193 2660 1440 2716 scrutari
1464 2663 1831 2732 majestatem

212 2744 342 2802 ultra
359 2765 471 2804 sua:
490 2747 862 2804 inﬁrmitatis
879 2749 1261 2820 capacitatem
1275 2795 1286 2814 ,
1301 2749 1412 2806 hoc
1437 2749 1834 2823 intelligentiae

211 2834 360 2902 dictu;
381 2837 520 2893 sicul
556 2836 781 2893 clausis
803 2837 988 2894 oculis
1009 2839 1079 2893 ad
1112 2837 1328 2910 ignem,
1355 2838 1437 2894 ita
1460 2839 1652 2896 sciens
1673 2843 1732 2894 et
1751 2838 1833 2894 vi-

214 2922 325 2980 dere
351 2925 550 2983 nolens
582 2926 644 2980 in
677 2941 850 2998 prave
879 2926 1280 2996 sentientium,
1305 2926 1541 2983 Sabellii
1569 2926 1836 2983 videlicet

212 3016 258 3068 ct
278 3013 566 3087 Arii,quos
588 3031 725 3071 cum
758 3015 1025 3072 nominat
1049 3016 1390 3086 detestatur,
1415 3019 1472 3072 et
1501 3033 1678 3072 sensu
1699 3033 1834 3072 cum

212 3094 438 3174 disputat
482 3104 782 3176 sequitur,
812 3104 1134 3160 sententias
1162 3105 1394 3160 videtur
1422 3121 1653 3161 currere
1699 3121 1834 3161 cum

210 3190 314 3247 suis
337 3192 745 3266 complicibus,
770 3193 842 3248 de
879 3193 1098 3265 quibus
1137 3193 1421 3266 scriptum
1453 3198 1580 3250 est:
1608 3195 1833 3250 Descen-

1962 611 2122 667 nnllo
2157 613 2326 667 modo
2349 611 2463 668 alia
2483 611 2755 684 quaelibet
2775 631 3025 686 persona
3045 633 3110 670 ex
3130 618 3332 674 eadem
3352 623 3610 682 essentia

1962 705 2151 774 potest
2179 700 2444 757 existere.
2470 701 2592 756 Non
2625 703 2780 756 enim
2815 703 3010 774 major
3038 707 3294 762 essentia
3321 714 3412 764 est
3442 711 3612 769 Pater

1960 794 2017 844 et
2041 789 2219 845 Filius
2243 789 2626 862 simul,quam
2649 791 2809 846 solus
2827 791 2996 846 Pater
3015 797 3116 846 aut
3136 793 3348 850 Filius:
3370 799 3470 854 sed
3490 804 3610 858 tres

1959 877 2136 934 simul
2163 879 2270 934 illa:
2295 880 2711 946 subsistentim,
2731 880 2849 935 sive
2871 897 3150 953 personae,
3177 881 3226 938 si
3248 883 3331 940 ita
3351 886 3608 944 dicenda:

1960 971 2120 1034 sunt,
2145 968 2396 1040 aequales
2418 973 2558 1023 sunt
2577 967 2981 1041 singuli,quod
3003 970 3276 1027 animalis
3297 971 3472 1032 homo
3493 993 3609 1033 non

1960 1055 2231 1128 percipit;
2256 1077 2284 1106 ››
2317 1061 2374 1111 et
2404 1056 2632 1127 reliqua
2657 1074 2784 1129 quae
2817 1058 2970 1114 472
3002 1057 3177 1113 latius
3205 1058 3423 1116 ibidem
3455 1063 3609 1120 idem

1960 1145 2380 1216 sagacissimus
2410 1146 2612 1200 doctor
2642 1145 2998 1217 exsequitur.
3021 1147 3090 1201 Et
3121 1147 3178 1202 in
3209 1165 3478 1208 sermone
3508 1153 3609 1208 tri-

1958 1233 2182 1306 gesimo
2215 1239 2374 1290 sexto
2407 1234 2700 1307 Evangelii
2735 1236 3058 1291 secundum
3091 1237 3376 1295 Joannem
3405 1259 3458 1296 :«
3479 1241 3612 1298 Tri-

1959 1322 2114 1378 nitas
2145 1341 2300 1378 unus
2349 1324 2524 1390 Deus,
2560 1323 2816 1379 Trinitas
2849 1342 2966 1381 una
3011 1331 3100 1382 est
3147 1329 3458 1397 aaternitas,
3493 1349 3612 1388 una

1960 1416 2238 1484 potestas,
2271 1430 2389 1467 una
2439 1413 2717 1484 majestas
2751 1430 2763 1466 :
2799 1413 2939 1485 quid
2975 1432 3110 1486 ergo
3144 1417 3302 1473 tres?
3350 1419 3401 1474 si
3451 1419 3608 1476 enim

1959 1505 2078 1556 tres
2109 1501 2209 1571 ait,
2232 1505 2459 1574 oportet
2489 1502 2650 1557 dicas
2683 1503 2825 1574 quid
2871 1508 3008 1558 tres.
3044 1505 3408 1577 Respondeo,
3442 1509 3612 1566 Pater

1959 1593 2016 1646 et
2047 1589 2229 1645 Filius
2259 1594 2318 1646 et
2349 1590 2636 1664 Spiritus;
2671 1591 2727 1646 id
2761 1591 2916 1647 enim
2946 1593 3100 1664 quod
3143 1593 3314 1650 Pater
3339 1595 3400 1651 in
3430 1614 3493 1654 se
3522 1601 3613 1654 est

1959 1679 2114 1734 Deus
2137 1683 2244 1746 est,
2261 1680 2416 1752 quod
2441 1679 2524 1734 ad
2547 1679 2757 1734 Filium
2791 1683 2879 1736 est
2912 1681 3080 1737 Pater
3107 1685 3218 1752 est,
3241 1685 3395 1756 quod
3428 1685 3610 1743 Filius

1959 1767 2030 1822 ad
2055 1767 2311 1839 seipsum
2335 1768 2490 1822 Deus
2507 1771 2618 1834 est,
2635 1769 2791 1840 quod
2815 1769 2886 1824 ad
2901 1769 3126 1825 Patrem
3149 1776 3238 1828 est
3259 1771 3442 1830 Filius
3461 1777 3608 1831 est.»

1957 1855 2028 1910 Et
2057 1861 2188 1929 post
2231 1855 2538 1928 paululum
2573 1874 2622 1912 :«
2657 1857 2782 1912 Non
2810 1857 3068 1930 estquid
3107 1860 3300 1917 dicam
3341 1865 3460 1919 tres
3493 1862 3608 1920 nisi

1955 1944 2182 2000 Patrem
2201 1949 2258 2000 et
2277 1945 2486 2001 Filium
2506 1949 2564 2000 et
2581 1945 2870 2018 Spiritum
2889 1951 3183 2015 sanctum,
3198 1966 3382 2005 unum
3398 1951 3608 2020 Deum,

1947 2049 2133 2088 unum
2157 2032 2794 2108 omnipotentem,ergo
2821 2052 3005 2091 unum
3031 2037 3446 2111 principium.»
3460 2041 3530 2096 Et
3549 2039 3610 2097 in

1948 2139 2217 2179 sermone
2258 2123 2560 2194 trigesimo
2603 2125 2852 2196 septimo
2885 2141 2935 2180 :«
2961 2125 3020 2182 Si
3054 2125 3210 2182 enim
3241 2129 3397 2200 quod
3437 2129 3609 2201 pauci

1945 2211 2301 2284 intelligunt,
2327 2211 2574 2284 simplex
2595 2217 2684 2268 est
2705 2217 2916 2269 natura
2933 2215 3216 2284 veritatis,
3243 2216 3353 2272 hoc
3375 2221 3464 2273 est
3483 2215 3604 2276 tilio

1945 2317 2096 2369 esse,
2134 2301 2288 2373 quod
2341 2317 2578 2357 nosse.»
2611 2301 2679 2356 Et
2725 2300 2786 2356 in
2835 2320 3104 2360 sermone
3154 2305 3604 2380 quadragesimo

1945 2395 2154 2462 quarto
2181 2407 2230 2445 :u
2255 2389 2454 2444 Ariani
2477 2389 2702 2457 dicunt,
2719 2389 2874 2446 aliud
2897 2396 2987 2448 est
3011 2393 3194 2461 Pater,
3215 2393 3373 2450 aliud
3399 2393 3606 2468 Filius,

1943 2477 2113 2550 quasi
2136 2496 2253 2533 non
2286 2478 2408 2534 sint
2435 2480 2702 2550 ejusdem
2727 2480 3069 2536 substantia:
3098 2482 3267 2538 Pater
3286 2485 3344 2539 et
3364 2483 3604 2541 Filius.»

1944 2566 2006 2620 In
2039 2584 2308 2622 sermone
2339 2567 2792 2640 quadragesimo
2824 2569 3028 2640 quinto
3054 2587 3066 2624 :
3093 2593 3120 2620 «
3153 2570 3216 2626 Si
3243 2589 3485 2628 manum
3517 2573 3603 2628 in-

1942 2655 2278 2728 telligamus
2310 2659 2680 2728 potestatem,
2715 2674 2829 2712 una
2857 2663 2946 2714 est
2978 2659 3163 2715 Patris
3194 2665 3251 2716 et
3281 2659 3410 2720 Filii
3440 2666 3595 2735 pote-

1942 2747 2085 2812 stas,
2121 2744 2260 2816 quia
2293 2761 2410 2799 una
2440 2735 2734 2800 divinitas.
2762 2767 2790 2794 ››
2823 2747 2891 2801 Et
2921 2751 3114 2818 potest
3151 2765 3340 2821 pauca
3371 2767 3419 2806 τι
3447 2751 3598 2826 Ergo

1943 2850 2114 2888 nemo
2147 2832 2300 2905 rapit
2329 2833 2400 2889 de
2430 2849 2608 2888 manu
2642 2833 2828 2890 Patris
2859 2834 2994 2902 mei,
3023 2835 3131 2890 hoc
3161 2839 3270 2905 est,
3296 2855 3468 2894 nemo
3501 2857 3592 2896 ra-

1942 2923 2028 2994 pit
2058 2919 2260 2976 mihi.»
2286 2921 2347 2976 In
2371 2938 2638 2976 sermone
2669 2921 3100 2995 septuagesimo
3131 2929 3338 2996 quarto
3361 2941 3374 2980 :
3396 2948 3425 2976 ‹‹
3449 2926 3596 2985 Cum

1943 3027 2078 3082 ergo
2109 3010 2188 3066 sit
2229 3009 2470 3066 omnino
2517 3009 2922 3082 inseparabilis
2953 3010 3233 3082 Trinitas,
3286 3030 3592 3088 nunquam

1943 3097 2200 3156 Trinitas
2246 3116 2374 3156 esse
2427 3100 2695 3169 sciretur,
2746 3100 2794 3154 si
2846 3117 3078 3174 semper
3125 3101 3594 3176 inseparabiliter

1945 3188 2267 3244 doceretur.
2289 3189 2436 3244 Nam
2481 3205 2614 3245 cum
2656 3189 2910 3246 dicimus
2951 3189 3178 3247 Patrem
3210 3194 3267 3248 et
3295 3190 3508 3249 Filium
3539 3197 3598 3251 et

208 3277 319 3336 dant
339 3283 394 3336 in
415 3264 702 3354 infernum
720 3264 976 3350 viventes,
1001 3282 1060 3338 id
1082 3286 1173 3338 est
1192 3264 1469 3338 labantur
1486 3281 1547 3337 in
1569 3281 1836 3355 blasphe-
1863 3264 1906 3332 C
1945 3275 2226 3349 Spiritum
2251 3280 2545 3345 sanctum,
2563 3294 2678 3332 non
2700 3295 2799 3334 eos
2824 3277 3024 3350 utique
3047 3278 3375 3338 diceremus
3393 3281 3594 3352 simul,

208 3367 316 3424 mia
341 3376 644 3442 peccatum
677 3371 950 3427 scientes.
975 3371 1121 3427 Nam
1153 3371 1201 3426 si
1231 3371 1417 3427 deitas
1448 3371 1834 3442 personaliter

204 3455 335 3513 trina
359 3462 462 3526 est,
484 3463 613 3516 tres
640 3458 885 3516 deitates
907 3475 974 3515 ac
998 3475 1104 3532 per
1130 3459 1240 3514 hoc
1264 3464 1383 3516 tres
1413 3458 1490 3515 dii
1521 3463 1716 3530 erunt,
1731 3463 1833 3515 aut

205 3559 303 3601 una
329 3546 505 3606 deitas
543 3548 611 3604 in
644 3547 834 3604 tribus
866 3547 1131 3621 personis
1186 3549 1296 3604 erit
1349 3549 1584 3622 partita,
1609 3553 1666 3604 et
1704 3550 1831 3620 jam

203 3633 430 3693 Trinitas
461 3653 581 3693 non
614 3635 1047 3709 inseparabilis,
1071 3637 1172 3692 sed
1203 3643 1489 3710 separata,
1514 3642 1570 3692 et
1601 3637 1753 3694 sicut
1772 3637 1832 3692 in

204 3724 460 3794 personis,
481 3725 572 3782 ita
597 3728 657 3780 et
680 3724 739 3780 in
765 3725 1102 3781 substantia
1131 3723 1516 3781 numerabilis
1543 3725 1674 3793 erit,
1695 3729 1753 3780 et
1772 3724 1833 3780 in

205 3811 340 3868 nulla
357 3814 426 3869 de
454 3813 657 3870 tribus
687 3813 954 3886 personis
976 3814 1162 3870 deitas
1193 3814 1447 3886 perfecta
1471 3813 1598 3883 erit,
1633 3815 1834 3886 sicque

205 3895 518 3974 Deus,quod
553 3906 617 3958 et
650 3901 898 3957 stultum
920 3906 978 3958 et
1007 3903 1168 3958 nefas
1189 3907 1279 3958 est
1299 3902 1511 3970 dicere,
1533 3903 1834 3975 imperfec-

203 3990 284 4041 tus
307 3988 427 4044 erit.
453 3993 827 4063 Quapropter
865 4007 981 4046 non
1023 3991 1095 4046 ab
1129 4007 1192 4046 re
1215 3994 1646 4063 computamus,
1669 3990 1834 4046 illum

202 4069 371 4144 ipsum
401 4079 687 4151 spiritum
717 4095 824 4134 nos
853 4095 958 4151 per
985 4079 1186 4150 hujus,
1211 4079 1364 4136 sicut
1391 4083 1448 4134 et
1476 4097 1579 4151 per
1605 4078 1745 4142 Arii.
1770 4096 1835 4134 os

200 4163 398 4233 audire,
423 4167 525 4239 qui
560 4185 671 4240 per
689 4171 1016 4239 serpentem
1039 4167 1246 4240 primis
1276 4168 1620 4239 parentibus
1642 4166 1838 4222 sibila-

197 4250 284 4318 ἧι,
313 4254 479 4312 Erilis
517 4259 674 4312 sicut
707 4255 811 4311 dii.
844 4257 1059 4311 Contra
1095 4257 1265 4328 cujus
1305 4256 1664 4328 impietatem
1697 4273 1836 4312 san-

196 4343 309 4397 ctus
337 4344 713 4417 Augustinus
745 4345 802 4400 in
835 4345 1084 4416 septimo
1114 4345 1263 4400 libro
1295 4349 1434 4417 (cap.
1456 4347 1513 4414 6)
1535 4347 1606 4400 de
1635 4348 1840 4401 sancta

195 4426 652 4502 Trinitatejnter
682 4431 798 4488 alia
822 4431 965 4488 dicit
987 4449 1036 4486 :«
1064 4433 1179 4489 Nec
1209 4431 1292 4488 sic
1323 4449 1459 4506 ergo
1490 4433 1836 4489 Trinitatem

194 4513 424 4575 dicimus
457 4525 581 4576 tres
627 4536 932 4592 personas,
951 4519 1041 4577 vel
1083 4520 1516 4590 subsistentias,
1544 4539 1724 4578 unam
1747 4539 1836 4578 es-

1941 3381 2075 3420 cum
2107 3365 2218 3438 ipsi
2246 3383 2361 3421 non
2397 3367 2628 3438 possint
2649 3383 2777 3423 esse
2809 3384 2923 3423 non
2957 3367 3155 3424 simul.
3181 3391 3210 3418 »
3233 3369 3298 3426 In
3329 3387 3599 3428 sermone

1942 3455 2300 3526 octogesimo
2331 3460 2530 3511 octavo
2565 3473 2576 3511 :
2605 3480 2630 3506 ‹‹
2657 3455 2928 3512 Christus
2973 3475 3225 3531 namque
3255 3475 3391 3516 cum
3429 3461 3599 3518 Patre

1941 3547 1999 3599 et
2021 3543 2238 3614 Spiritu
2265 3548 2489 3610 sancto,
2514 3562 2628 3600 non
2662 3549 2802 3601 sunt
2833 3549 2950 3602 tres
2973 3546 3075 3612 dii,
3099 3547 3199 3603 sed
3233 3565 3389 3605 unus
3419 3547 3594 3620 Deus,

1941 3631 2012 3687 de
2035 3648 2150 3702 quo
2174 3631 2462 3703 scriptum
2485 3636 2574 3688 est
2596 3649 2608 3689 :
2629 3633 2946 3690 Benedictus
2965 3635 3228 3691 Dominus
3247 3638 3388 3692 Deus
3407 3637 3596 3704 Israel,

1941 3721 2038 3793 qui
2063 3722 2200 3792 facit
2227 3721 2511 3776 mirabilia
2546 3740 2748 3794 magna
2785 3724 2934 3779 solus
2971 3723 3146 3794 (Psal.
3171 3742 3319 3794 LXXI,
3346 3726 3454 3797 18).
3481 3748 3510 3775 κ
3532 3726 3597 3782 In

1943 3825 2214 3866 sermone
2246 3810 2626 3884 nonagesimo
2671 3811 2862 3883 primo
2889 3829 2946 3866 :«
2982 3812 3092 3869 Ubi
3121 3830 3324 3870 eorum
3354 3812 3602 3886 quilibet

1944 3915 2119 3966 unus,
2146 3898 2313 3953 Pater
2333 3898 2619 3968 videlicet,
2643 3899 2846 3968 Filius,
2862 3904 2963 3956 aut
2983 3901 3236 3974 Spiritus
3257 3906 3499 3960 sanctus
3517 3902 3600 3958 ibi

1943 3986 2202 4042 Trinitas
2233 3987 2385 4042 Deus
2433 4005 2608 4042 unus.
2628 3988 2944 4060 Oportebat
2975 3995 3171 4047 autem
3202 3991 3283 4048 ita
3311 3990 3600 4048 insinuari

1943 4073 2312 4142 Trinitatem,
2348 4079 2413 4130 ut
2443 4076 2714 4148 quamvis
2747 4077 2909 4133 nulla
2944 4084 3100 4134 esset
3129 4079 3436 4137 diversitas
3464 4081 3602 4136 sub-

1945 4164 2195 4235 stantiae,
2221 4163 2565 4236 singillatim
2620 4169 2815 4221 tamen
2867 4167 3041 4238 ccepit
3069 4168 3368 4224 distinctio
3398 4183 3597 4240 perso-

1945 4271 2176 4320 narum,
2205 4253 2302 4309 ubi
2336 4254 2420 4308 eis
2461 4252 2561 4325 qui
2608 4258 2760 4309 recte
2791 4256 3037 4310 credunt
3087 4273 3386 4328 nunquam
3414 4255 3599 4312 videri

1946 4344 2136 4414 potest
2165 4341 2454 4413 separatio
2483 4345 2853 4396 naturarum.
2883 4365 2910 4390 υ
2935 4343 3078 4397 Item
3111 4343 3170 4398 in
3203 4360 3470 4400 sermone
3502 4361 3601 4401 no-

1945 4431 2246 4502 nagesimo
2269 4433 2525 4488 secundo
2550 4448 2600 4488 ;‹‹
2623 4433 2785 4504 Saepe
2807 4436 3004 4486 autem
3027 4431 3286 4489 diximus
3304 4431 3600 4506 insepara-

1945 4518 2087 4575 bilia
2111 4536 2239 4576 esse
2260 4537 2434 4592 opera
2455 4519 2784 4589 Trinitatis,
2809 4521 2911 4576 sed
2934 4519 3281 4593 singillatim
3301 4537 3598 4578 commen-

193 4605 424 4662 Sentiam
456 4613 517 4663 et
546 4624 741 4663 unum
774 4608 983 4674 Deum,
1015 4613 1298 4681 tanquam
1337 4625 1406 4665 ex
1447 4627 1564 4666 una
1594 4610 1840 4666 materia
1869 4633 1916 4698 D
1951 4609 2175 4664 dandas
2206 4607 2385 4663 fuisse
2417 4625 2716 4680 personas,
2747 4613 2814 4664 ut
2845 4626 2960 4664 non
2993 4608 3184 4664 solum
3215 4609 3341 4666 sine
3372 4627 3600 4684 separa-

194 4689 292 4747 tria
320 4697 598 4767 quasdam
628 4695 974 4764 subsistant,
1002 4696 1231 4753 etiamsi
1258 4698 1544 4770 quidquid
1572 4697 1718 4754 illud
1749 4703 1840 4754 est

191 4777 243 4834 in
269 4781 359 4840 his
388 4785 592 4840 tribus
639 4783 995 4856 explicatum
1027 4786 1123 4842 sit.
1158 4786 1283 4842 Non
1315 4787 1472 4841 enim
1522 4787 1678 4842 aliud
1712 4789 1841 4858 ejus

193 4872 440 4927 essentia:
481 4877 580 4929 est
626 4877 836 4945 praeter
881 4872 1056 4929 istam
1107 4873 1433 4930 Trinitatis.
1469 4876 1688 4932 Tamen
1723 4880 1842 4930 tres

191 4975 457 5028 personas
489 4962 765 5034 ejusdem
792 4963 1080 5030 essentiaa,
1103 4963 1192 5018 vel
1219 4967 1336 5018 tros
1361 4980 1640 5036 personas
1662 4981 1841 5019 unam

192 5049 497 5106 essentiam
533 5049 794 5106 dicimus
819 5068 833 5104 :
858 5055 975 5106 tres
1007 5056 1202 5107 autem
1238 5070 1514 5124 personas
1541 5071 1609 5109 ex
1638 5055 1840 5109 eadem

189 5139 429 5193 essentia
453 5157 576 5194 non
603 5139 881 5208 dicimus,
899 5141 1068 5212 quasi
1091 5139 1247 5196 aliud
1271 5141 1350 5196 ibi
1375 5141 1450 5196 sit
1471 5143 1626 5214 quod
1651 5158 1845 5198 essen-

191 5221 264 5278 tia
289 5230 400 5293 est,
435 5227 607 5284 aliud
655 5229 814 5300 quod
864 5245 1148 5300 personae,
1171 5229 1320 5286 sicut
1350 5235 1470 5285 tres
1519 5234 1747 5287 statuas
1777 5247 1846 5286 ex

186 5311 379 5369 eodem
414 5331 572 5370 auro
610 5333 934 5388 possumus
965 5316 1177 5372 dicere.
1201 5315 1371 5372 Aliud
1403 5317 1558 5372 enim
1606 5317 1725 5374 illis
1755 5321 1846 5374 est

185 5414 304 5456 esse
323 5418 575 5470 aurum,
589 5403 750 5460 aliud
773 5408 1168 5462 eseestatuas.
1189 5406 1415 5460 Etcum
1437 5405 1708 5462 dicantur
1725 5411 1845 5462 tres

184 5483 450 5547 homines
483 5508 609 5547 una
637 5498 872 5559 natura,
893 5493 981 5549 vel
1012 5497 1132 5549 tres
1159 5493 1426 5549 homines
1451 5495 1714 5566 ejusdem
1748 5513 1843 5551 na-

185 5577 341 5644 turas,
368 5583 638 5649 possunt
685 5579 864 5636 etiam
894 5581 1008 5636 dici
1065 5586 1183 5636 tres
1235 5581 1505 5638 homines
1544 5600 1611 5638 ex
1641 5585 1843 5640 eadem

183 5666 410 5734 natura,
435 5665 589 5738 quia
619 5684 690 5724 ex
716 5669 920 5726 eadem
947 5673 1155 5726 natura
1185 5675 1244 5726 et
1274 5669 1370 5727 alii
1401 5671 1547 5728 tales
1578 5672 1845 5729 homines

1947 4695 2122 4763 tione,
2156 4713 2352 4752 verum
2385 4695 2560 4752 etiam
2607 4697 2734 4752 sine
2775 4698 3135 4767 confusione,
3168 4701 3228 4754 et
3257 4697 3478 4769 unitas,
3505 4699 3602 4755 in-

1951 4783 2265 4856 telligatur,
2289 4789 2346 4840 et
2385 4784 2709 4841 Trinitas.»
2738 4787 2808 4841 Et
2838 4802 3090 4859 magnus
3131 4787 3242 4844 Leo
3283 4804 3435 4862 papa
3462 4805 3600 4846 con-

1950 4877 2041 4928 tra
2070 4872 2370 4930 haereticos
2416 4873 2660 4946 loquens
2691 4877 2763 4931 ad
2808 4874 3118 4931 Turibium
3165 4876 3600 4934 Asturicensem

1950 4961 2286 5034 episcOpum
2319 4961 2460 5018 dicit
2489 4964 2628 5036 (cap.
2649 4965 2708 5034 5)
2733 4981 2780 5018 ;‹‹
2805 4965 2967 5031 Quod
2999 4963 3154 5020 enim
3187 4965 3258 5021 de
3287 4965 3404 5020 Deo
3436 4964 3602 5020 Patre

1952 5055 2060 5119 est,
2086 5051 2193 5106 hoc
2223 5056 2314 5108 est
2336 5053 2490 5123 quod
2527 5052 2652 5125 ipse
2683 5058 2791 5122 est,
2816 5071 3003 5125 neque
3035 5053 3090 5108 id
3123 5053 3280 5110 aliud
3313 5057 3400 5108 est
3421 5069 3600 5124 quam

1954 5140 2134 5197 Filius
2151 5145 2207 5196 et
2219 5141 2472 5213 Spiritus
2486 5146 2746 5197 sanctus.
2763 5143 2972 5198 Pi'azter
2983 5143 3131 5197 hanc
3145 5146 3342 5197 autem
3355 5155 3600 5195 summa:

1954 5230 2258 5286 Trinitatis
2290 5246 2468 5284 unam
2501 5229 3064 5286 consubstantialem
3097 5233 3155 5285 et
3183 5227 3600 5300 sempiternam

1955 5325 2127 5391 atque
2144 5317 2688 5374 incommutabilem
2702 5319 3000 5384 deitatem,
3017 5317 3160 5372 nihil
3173 5316 3439 5372 omnium
3451 5332 3604 5373 crea-

1955 5411 2221 5463 turarum
2243 5412 2350 5471 est,
2367 5408 2523 5480 quod
2545 5425 2660 5463 non
2690 5406 2749 5462 in
2773 5405 3007 5462 exordio
3027 5403 3116 5459 sui
3140 5421 3208 5458 ex
3235 5402 3416 5460 nihilo
3439 5421 3602 5460 crea-

1954 5500 2078 5551 tum
2105 5495 2236 5550 sit.»
2257 5496 2328 5551 Et
2359 5496 2496 5551 item
2521 5495 2658 5568 (cap.
2685 5494 2771 5564 17)
2796 5511 2843 5549 :«
2869 5493 2952 5547 Ab
2982 5489 3225 5559 eisdem,
3248 5490 3462 5564 inquit,
3485 5493 3600 5550 has-

1955 5583 2172 5651 reticis,
2201 5588 2403 5639 contra
2431 5601 2631 5640 verum
2659 5583 2776 5637 veri
2813 5581 2906 5636 Dei
2939 5578 3187 5650 cultum,
3212 5580 3470 5638 Trinitas
3488 5583 3605 5640 dei-

1955 5668 2096 5730 tatis
2128 5677 2337 5745 negata
2369 5687 2750 5743 personarum
2781 5667 3134 5742 proprietate
3164 5669 3602 5730 confunditur.»
