3962 6178
335 365 451 427 535

1266 361 1653 424 HINCMARI
1698 356 2151 422 RHEMENSIS
2195 357 2817 421 ARGHIEPISCOPI.

333 497 404 552 Et
432 494 571 554 item
604 499 844 552 sanctus
871 493 1187 566 Gregorius
1213 492 1273 549 in
1307 498 1468 550 sexta
1485 492 1714 550 decima
1743 491 1986 550 homilia
2011 489 2068 558 Α
2096 490 2480 564 telligcndum
2510 494 2620 557 est,
2653 491 2809 564 quod
2841 488 3010 546 Pater
3037 487 3154 545 diei
3192 485 3536 560 nonnposait
3553 484 3742 546 virtus

333 581 650 639 Ezechielis
677 600 724 637 ;‹‹
758 583 961 649 Isaias,
987 581 1198 654 inquit,
1223 579 1448 638 audivit
1467 579 1730 654 angelica
1761 579 1997 652 agmina

338 671 394 726 in
428 671 570 728 ccelo
621 671 938 728 clamantia
972 688 984 728 :
1020 671 1272 736 Sanetus,
1311 671 1570 734 Sanctus,
1614 670 1842 726 Sanetus
1897 671 1998 725 Do-

336 763 524 816 minus
561 763 701 817 Deus
749 761 972 817 sabaoth
1001 762 1126 832 (Isti.
1159 760 1258 831 vx).
1283 759 1358 815 Ut
1403 758 1558 814 enim
1610 774 1993 830 personarum

338 849 594 906 Trinitas
636 853 1085 913 monstraretur,
1121 848 1289 904 tertio
1330 849 1582 904 Sanctus
1613 847 1856 916 dicitur;
1893 847 1996 904 sed

339 943 404 992 ut
451 955 569 994 una
623 956 751 994 esse
807 936 1138 994 substantia
1177 935 1481 992 Trinitatis
1530 941 1829 1009 appareat,
1877 953 1992 992 non

342 1027 569 1087 Domini
629 1026 898 1094 sabaoth,
944 1027 1046 1082 sed
1107 1026 1392 1082 Dominus
1449 1042 1578 1082 esse
1633 1025 1991 1098 perhibetur.

340 1117 504 1182 Quod
548 1117 727 1171 David
772 1132 1008 1188 quoque
1056 1113 1328 1170 similiter
1373 1114 1633 1170 sentiens
1681 1116 1834 1172 473
1863 1114 1990 1169 ait:

339 1205 630 1260 Benedicat
671 1221 768 1260 nos
815 1206 952 1260 Deus
991 1205 1132 1258 Deus
1158 1209 1359 1270 noster,
1395 1203 1674 1260 benedicat
1715 1220 1812 1260 nos
1855 1205 1994 1259 Deus

339 1295 509 1360 (Psal.
535 1293 701 1364 LXVI).
726 1293 832 1359 Qui
857 1309 992 1347 cum
1024 1292 1196 1348 tertio
1217 1291 1459 1348 dixisset
1489 1293 1778 1360 Deum,ut
1807 1309 1994 1349 unum

338 1384 497 1440 hunc
517 1401 645 1442 esse
666 1383 1018 1450 ostenderet,
1035 1381 1318 1448 subdidit,
1333 1389 1384 1438 et
1402 1389 1648 1438 metuant
1665 1399 1790 1438 eum
1811 1399 1994 1440 omnes

339 1475 474 1544 ﬁnes
493 1479 678 1529 terraz.
699 1470 836 1526 Paul
848 1488 914 1529 us
931 1487 1164 1542 quoque
1181 1469 1446 1542 loquitur
1461 1471 1664 1527 dicens
1683 1489 1696 1526 :
1717 1471 1996 1545 Quoniam

338 1575 409 1618 ea:
440 1564 574 1633 ipso,
607 1568 781 1632 et.per
807 1561 1004 1631 ipsum,
1029 1561 1156 1615 etin
1187 1561 1301 1631 ipso
1321 1567 1450 1616 sunt
1469 1561 1653 1616 omnia
1673 1561 1847 1631 (Rom.
1872 1560 1991 1632 xu).

339 1651 419 1710 Ex
452 1649 578 1721 ipso
607 1647 876 1703 videlicet
906 1665 974 1703 ex
1017 1647 1206 1723 Patre,
1237 1665 1340 1720 per
1376 1647 1594 1722 ipsum,
1628 1665 1732 1722 per
1760 1648 1992 1715 Filium,

340 1737 400 1793 in
434 1738 560 1810 ipso
591 1740 808 1804 autem,
832 1735 891 1790 in
924 1735 1146 1808 Spiritu
1188 1741 1412 1792 sancto.
1445 1741 1588 1794 Cum
1631 1755 1768 1810 ergo
1798 1737 1993 1809 ipsum

337 1827 510 1882 tertio
532 1825 796 1892 dixisset,
825 1825 893 1881 ad
893 1825 1112 1897 junxit,
1138 1827 1248 1897 ipsi
1263 1827 1442 1896 gloria
1463 1827 1523 1881 in
1546 1827 1746 1882 swcula
1773 1827 1998 1884 sacculo-
2024 1862 2073 1927 Β

339 1932 483 1980 rum,
519 1915 704 1968 Amen.
731 1913 840 1978 Qui
869 1913 1027 1969 enim
1072 1931 1185 1969 non
1229 1913 1373 1970 dicit
1411 1914 1576 1986 ipsis,
1603 1916 1704 1972 sed
1736 1915 1847 1988 ipsi
1871 1932 1885 1970 ε
1909 1915 1998 1971 di-

339 2005 523 2060 cendo
545 2006 634 2058 ter
651 2002 870 2074 ipsum,
893 2002 1160 2058 distinxit
1181 2020 1482 2076 personas,
1507 2009 1564 2058 et
1586 2005 1996 2077 subjungendo

339 2091 450 2163 ipsi
475 2089 682 2164 gloria,
705 2107 820 2146 non
846 2090 1043 2147 divisit
1061 2093 1516 2148 substantiam.»
1539 2094 1609 2148 Et
1630 2094 1836 2149 beatus
1857 2093 1998 2149 Pau-

341 2179 499 2236 linus
527 2178 917 2251 Aquileiensis
960 2181 1292 2252 patriarcha
1324 2182 1384 2237 in
1417 2181 1565 2237 libro
1596 2186 1800 2237 contra
1849 2181 1994 2238 Feli-

340 2285 465 2333 cem
501 2285 552 2324 ;‹‹
575 2270 809 2337 Sancta,
855 2267 1068 2342 inquit,
1118 2269 1404 2326 catholica
1455 2275 1629 2342 atque
1675 2270 1997 2344 apostolica

341 2357 622 2424 Ecclesia,
646 2374 773 2430 qua:
805 2356 940 2413 licet
962 2357 1021 2413 in
1044 2361 1164 2414 toto
1187 2357 1268 2414 sit
1287 2359 1426 2414 orbe
1445 2363 1735 2414 terrarum
1757 2359 1991 2427 ditl‘usa,

339 2463 459 2502 una
487 2450 681 2501 tamen
714 2449 804 2502 est
831 2445 1022 2502 amica
1053 2447 1274 2518 sponsi,
1315 2447 1580 2518 proxima
1609 2451 1668 2503 et
1697 2447 1990 2515 columba,

340 2552 469 2608 quae
502 2534 711 2608 pennis
736 2535 1131 2609 deargentatis
1161 2535 1310 2592 sacri
1341 2535 1558 2608 eloquii
1593 2535 1842 2609 refulget
1871 2535 1997 2610 pul-

341 2623 694 2688 chritudine,
725 2627 784 2679 et
826 2624 884 2678 in
935 2623 1154 2697 pallore
1187 2623 1314 2680 auri
1345 2623 1668 2697 posteriora
1715 2626 1844 2697 ejus
1891 2641 1996 2698 per

340 2716 508 2769 rectae
537 2711 673 2768 ﬁdei
703 2712 1017 2785 puritatem
1059 2712 1344 2781 clarescit,
1368 2713 1680 2770 conﬁtetur
1726 2717 1992 2770 sanctam

338 2801 754 2858 etineil'abilen
795 2801 1140 2858 Trinitatem
1173 2801 1232 2856 in
1280 2800 1523 2858 unitate.
1551 2801 1721 2859 Salva
1771 2803 1994 2860 scilicet

338 2889 829 2948 inconfusibiliter
857 2889 1211 2962 proprietate
1250 2907 1660 2963 personarum,
1691 2892 1990 2965 insepara-

337 2980 515 3036 bilem
545 2981 936 3036 substantiam
968 2981 1298 3036 contitetur.
1327 2981 1413 3036 Ita
1445 2997 1586 3037 sane
1611 2984 1676 3036 ut
1705 2979 1856 3038 alius
1877 2997 1993 3038 cre-

339 3072 515 3127 datur
543 3071 729 3137 Patcr,
755 3067 894 3142 quia
924 3069 1090 3124 Pater
1131 3073 1240 3140 est,
1263 3069 1363 3142 qui
1403 3070 1607 3143 genuit
1635 3074 1990 3126 coaeternum

2101 578 2190 636 vel
2223 579 2532 652 sapientia,
2563 580 2715 636 sicut
2743 577 2859 635 diei
2901 595 3018 634 non
3055 580 3248 652 potest
3278 574 3458 632 Filius
3481 573 3575 630 vel
3602 573 3741 630 Ver-

2105 668 2272 733 bum,-
2293 667 2431 741 quia
2467 668 2588 724 haec
2620 667 2860 724 relativa
2899 672 3058 724 sunt-
3084 665 3344 734 nomina,
3377 663 3483 722 illa
3501 680 3657 730 vero,
3684 663 3745 719 id

2104 761 2193 813 est
2212 756 2398 814 virtus
2417 753 3227 830 et.sapientia,substantialia
3246 757 3405 812 sunt.
3427 753 3560 809 Ideo
3580 751 3751 808 Pater

2102 847 2290 902 virtus
2320 851 2378 902 et
2406 845 2714 918 sapientia,
2749 849 2806 901 et
2844 843 3026 901 Filius
3053 843 3239 900 virtus
3267 845 3325 898 et
3353 841 3660 915 sapientia,
3693 844 3753 897 et

2104 936 2358 1008 Spiritus
2406 939 2648 992 sanctus
2685 934 2872 990 virtus
2919 937 2977 990 et
3021 931 3354 1006 sapientia:
3389 947 3510 986 non
3545 934 3752 987 tamen

2103 1030 2224 1082 tres
2255 1024 2520 1092 virtutes,
2544 1041 2650 1080 nec
2689 1027 2808 1079 tres
2849 1021 3178 1096 sapientiae,
3199 1020 3304 1078 sed
3332 1037 3456 1076 una
3483 1018 3668 1074 virtus
3689 1022 3754 1074 et

2103 1113 2415 1186 sapientia,
2446 1114 2616 1169 Pater
2641 1116 2698 1168 et
2729 1111 2910 1170 Filius
2939 1116 2998 1167 et
3026 1109 3283 1184 Spiritus
3309 1107 3754 1175 sanctus,~sicm

2105 1220 2224 1259 una
2253 1201 2588 1259 substantia
2631 1205 2690 1257 et
2734 1217 2853 1269 una
2891 1197 3336 1272 omnipotentis,
3367 1199 3522 1256 474
3549 1199 3610 1252 et
3637 1195 3756 1252 alia

2104 1309 2232 1363 quae
2265 1291 2335 1348 de
2367 1289 2702 1346 substantia
2729 1287 3053 1344 divinitatis
3073 1287 3368 1345 dicuntur.
3391 1287 3463 1342 Et
3481 1285 3564 1342 ita
3581 1283 3755 1342 inteL-

2103 1379 2320 1453 ligatur
2373 1379 2556 1436 Filius
2611 1377 2902 1452 sapientia
2945 1374 3156 1446 Patris,
3187 1375 3482 1448 quomodo
3537 1373 3759 1430 dicitur

2103 1467 2304 1524 lumen
2335 1467 2542 1536 Patris,
2579 1467 2636 1522 id
2669 1471 2776 1535 est,
2812 1470 2878 1522 ut
2916 1463 3414 1538 quemadmodum
3453 1461 3758 1520 lumen-de
3847 1469 3858 1472 “

2103 1557 2351 1624 lumine,
2379 1561 2438 1614 et
2467 1561 2802 1629 utrumque.
2821 1571 3004 1612 unum
3033 1553 3258 1621 lumen,
3279 1553 3366 1610 sic
3395 1549 3764 1625 intelligatur

2105 1646 2393 1719 sapientia
2423 1647 2493 1702 de
2522 1644 2829 1716 sapientia,
2853 1648 2911 1702 et
2937 1647 3256 1716 utrumque
3283 1659 3404 1698 una
3425 1639 3758 1714 sapientia:

2105 1735 2246 1808 quia
2265 1735 2321 1791 in
2347 1734 2448 1791 illa
2471 1733 2846 1808 simplicitate
2868 1731 3077 1788 divina:
3099 1735 3324 1788 natura:
3345 1748 3460 1788 non
3482 1734 3576 1790 est
3592 1728 3760 1786 aliud

2104 1841 2306 1897 sapere
2338 1841 2516 1897 quam
2549 1840 2698 1893 esse,
2721 1839 2828 1878 nec
2867 1821 3028 1878 aliud
3067 1837 3196 1878 esse
3227 1837 3408 1894 quam
3432 1836 3626 1892 posse,
3652 1834 3763 1876 nec

2107 1913 2265 1969 aliud
2298 1929 2468 1984 posse
2488 1929 2676 1982 quam
2710 1910 2918 1967 vivere.
2942 1909 3158 1968 Eadem
3187 1908 3270 1964 ibi
3308 1907 3606 1981 sapientia
3625 1923 3762 1980 qua

2105 2001 2382 2067 essentia,
2411 2001 2616 2057 eadem
2644 1999 2764 2056 vita
2794 2016 2922 2072 qua:
2970 2003 3034 2056 et.
3069 1997 3346 2066 essentia,
3379 2002 3435 2054 et
3476 1995 3599 2054 hac
3627 2012 3763 2054 omn

2106 2090 2204 2144 nia
2227 2107 2433 2157 unum,
2458 2093 2516 2145 et
2535 2106 2691 2144 unus
2713 2092 2884 2144 Deus.
2909 2086 3006 2143 Sic
3027 2089 3180 2143 etne
3199 2086 3530 2158 maiestate,
3547 2088 3607 2141 et
3633 2084 3764 2159 pica

2105 2182 2241 2245 tate,
2262 2182 2319 2234 et
2343 2181 2647 2250 potestate,
2667 2177 2737 2232 de
2756 2175 3033 2232 omnibus
3054 2193 3182 2248 quae
3203 2173 3686 2234 substantialiter
3703 2174 3767 2232 in

2104 2267 2220 2324 Deo
2251 2265 3018 2343 dieuntur,iutelligendum
3063 2268 3242 2337 atque
3293 2263 3599 2320 fatendum
3645 2267 3770 2321 est.

2101 2356 2173 2412 Et
2212 2356 2350 2412 item
2397 2353 2526 2412 haec.
2571 2371 2749 2428 prava
2805 2358 2983 2426 atque
3037 2367 3309 2428 perversa
3337 2351 3770 2412 Gothescakms

2103 2443 2420 2501 contexuit.

2879 2587 2975 2644 VI.

2169 2718 2224 2780 ἐι
2263 2737 2289 2763 ‹‹
2325 2713 2489 2769 Sicut
2517 2713 2695 2780 enim,
2720 2713 3016 2786 inquiens,
3051 2713 3204 2770 Deus
3232 2712 3501 2771 Trinitas
3522 2714 3760 2771 numeri

2101 2823 2128 2852 «
2161 2801 2482 2874 singularis
2511 2807 2619 2869 est,
2651 2803 2836 2873 juxta-
2867 2801 3035 2870 illud,
3078 2801 3386 2858 benedicta.
3425 2801 3506 2858 sit
3529 2806 3776 2859 rsanctu-

2099 2914 2136 2942 ‹‹.
2163 2890 2442 2956 Trinitas,
2466 2891 2551 2947 sic
2579 2890 2757 2948 etiam
2780 2890 3009 2948 numeri
3037 2889 3376 2964 singularis,
3401 2895 3464 2947 et
3485 2899 3762 2965 τρώσοτὼι

2099 3003 2128 3030 «
2164 2979 2318 3038 trina
2344 2979 2552 3037 deitas.
2581 3003 2608 3030 n

2169 3069 2275 3125 ΧΡ.
2311 3069 2456 3125 Hinc
2487 3067 2636 3124 liber
2681 3072 2854 3124 sextae
2903 3067 3137 3142 synodi,
3165 3084 3269 3142 per
3300 3083 3472 3142 quem
3525 3086 3596 3126 se
3643 3069 3760 3126 Go-

337 3159 452 3230 sibi
482 3159 608 3217 sine
650 3163 912 3230 tempore
943 3162 1002 3213 et
1030 3159 1196 3214 omni
1248 3157 1416 3214 initio
1467 3158 1701 3226 Filium,
1734 3164 1792 3215 et
1837 3159 1990 3216 alius
2096 3155 2430 3216 thescaleus
2457 3157 2604 3215 falso
2634 3157 2976 3228 redamavit,
3007 3160 3068 3214 et
3111 3173 3282 3214 suam
3327 3157 3540 3214 falsam
3569 3157 3768 3214 voluit

337 3249 610 3310 credatur
642 3245 840 3312 Filius,
859 3245 999 3318 quia
1029 3245 1212 3301 Filius
1231 3251 1339 3314 est,
1354 3246 1453 3318 qui
1487 3246 1720 3320 genitus
1745 3252 1834 3304 est
1862 3247 1990 3304 sine
2020 3231 2064 3297 C
2099 3245 2446 3302 confirmare
2476 3245 2850 3316 sententiam,
2877 3262 3016 3302 eum
3044 3245 3324 3303 falsitatis
3349 3245 3682 3319 redarguit,
3703 3249 3768 3302 et

338 3335 505 3390 initio
535 3351 570 3388 a
600 3335 787 3399 Patre,
821 3351 935 3388 non
967 3333 1250 3406 putative,
1282 3334 1384 3390 sed
1415 3351 1566 3400 vere,
1599 3337 1656 3390 et
1683 3334 1835 3392 alius
1865 3353 1988 3392 cre-

337 3424 512 3478 datur
541 3421 798 3493 Spiritus
828 3426 1090 3486 sanctus,
1114 3420 1215 3492 qui
1247 3421 1501 3495 Spiritus
1531 3425 1772 3480 sanctus
1799 3429 1910 3490 est,
1932 3428 1989 3480 et

337 3528 372 3566 a
402 3511 566 3565 Patre
600 3508 858 3581 Filioque
888 3510 1148 3580 procedit
1180 3526 1193 3565 :
1227 3515 1284 3566 et
1313 3527 1428 3566 non
1474 3514 1564 3566 est
1605 3510 1762 3568 aliud
1799 3512 1984 3582 Pater,

337 3597 495 3666 aliud
556 3597 759 3664 Filius,
815 3597 975 3654 aliud
1035 3597 1290 3670 Spiritus
1349 3602 1608 3668 sanctus,
1641 3601 1744 3656 sed
1801 3619 1988 3658 unum

337 3691 476 3744 sunt
506 3686 977 3760 inseparabiliter
1007 3686 1173 3742 Pater
1201 3691 1258 3742 et
1289 3687 1471 3743 Filius
1493 3693 1550 3744 et
1569 3687 1822 3760 Spiritus
1851 3707 1987 3747 san-

337 3781 486 3832 ctus.
521 3777 646 3832 Non
699 3793 853 3831 unus
885 3777 986 3830 sed
1020 3793 1226 3842 unum,
1259 3775 1398 3848 quia
1443 3776 1558 3832 alia
1603 3782 1692 3834 est
1739 3795 1990 3851 persona

338 3863 544 3929 Patris,
572 3864 687 3919 alia
720 3863 869 3930 Filii,
905 3864 1018 3919 alia
1066 3863 1322 3935 Spiritus
1371 3866 1555 3920 sancti
1593 3883 1606 3920 :
1641 3867 1739 3922 sed
1785 3885 1900 3923 una
1931 3873 1989 3924 et

335 3951 598 4022 aequalis,
621 3955 680 4004 et
707 3951 1248 4020 consubstantialis,
1271 3956 1328 4007 ct
1348 3957 1632 4008 cozeterna
1656 3958 1746 4010 est
1778 3955 1985 4023 Patris,

337 4037 582 4111 Filiique
613 4043 670 4094 et
699 4038 956 4112 Spiritus
993 4039 1181 4095 sancti
1224 4039 1633 4098 inenarrabilis
1663 4041 1987 4100 divinitatis

335 4129 636 4199 majestas,
662 4127 802 4200 quia
831 4145 986 4184 unus
1010 4133 1100 4184 est
1132 4128 1306 4184 Deus.
1333 4129 1614 4185 Unionem
1641 4147 1894 4203 namque
1926 4133 1986 4188 in

333 4216 592 4273 essentia
613 4217 981 4283 conﬁtemur,
998 4215 1322 4273 trinitatem
1345 4235 1478 4274 vero
1509 4217 1567 4273 in
1601 4235 1984 4291 personarum

335 4305 682 4363 discretione
712 4307 1120 4378 przedicamus.
1145 4327 1174 4356 ν»

405 4396 474 4449 Et
502 4400 741 4451 sanctus
769 4395 1053 4454 Alcuinus
1083 4413 1152 4450 ex
1178 4395 1370 4450 verbis
1403 4395 1555 4451 beati
1585 4397 1897 4469 Augustini
1926 4397 1986 4454 in

333 4483 482 4538 libro
513 4485 632 4554 (lib.
672 4485 780 4540 ide
813 4487 986 4550 Trim,
1019 4501 1136 4556 cap.
1167 4483 1222 4556 8)
1255 4485 1326 4540 ad
1379 4483 1653 4540 Carolum
1704 4487 1984 4558 Magnum

2097 3332 2400 3392 falsarium
2430 3335 2773 3408 comprobat
2807 3334 2870 3390 in
2916 3332 3226 3400 suai‘alsa;
3246 3333 3762 3408 interpretatione.

2097 3422 2198 3494 qui
2247 3421 2447 3481 volens
2491 3441 2724 3481 vomere
2776 3424 2935 3498 quod
2988 3439 3120 3480 non.
3160 3421 3414 3496 glutivit,
3453 3431 3764 3498 τριθωικων

2097 3510 2316 3567 trinam
2355 3512 2632 3570 deitatem
2679 3513 3094 3586 interpretatus
3120 3511 3406 3569 esL~Nam
3457 3509 3620 3566 illud
3658 3511 3770 3580 tri,F

2097 3599 2158 3656 in
2189 3601 2412 3656 unitate
2441 3600 2701 3668 deitatis,
2731 3618 2858 3674 quae
2901 3599 3244 3659 est-unitas
3271 3597 3604 3666 Trinitatis,
3637 3616 3774 3656 non.

2097 3689 2304 3761 recipit
2360 3707 2692 3760 numerum,
2726 3707 2834 3747 nec
2891 3706 3323 3762 quamcunque
3360 3687 3767 3761 adiectionem

2097 3777 2600 3836 demonstrantem
2631 3779 3056 3852 pluralitatem.
3079 3779 3205 3834 Non
3246 3777 3327 3834 ita
3362 3782 3437 3834 ut
3459 3777 3770 3852 inter-prno-

2095 3869 2256 3922 tatur
2271 3866 2706 3936 Gothescalcus,
2727 3866 3344 3924 intellixitVictorinus
3362 3867 3567 3924 rhetor
3587 3869 3765 3924 urbis

2097 3954 2316 4022 Roma),
2347 3959 2406 4010 et
2452 3955 2732 4029 magister
2779 3956 2933 4014 beati
2983 3955 3315 4030 Hieronymi
3363 3956 3641 4014 scribens
3683 3958 3760 4014 ad

2095 4042 2423 4100 Candidum
2445 4044 2747 4112 Arianum,
2763 4061 2868 4116 per
2881 4043 3362 4102 conclusioneset
3379 4045 3768 4103 διωηεὶοω

2096 4132 2410 4189 dialecticae
2460 4151 2526 4189 ac
2577 4133 2880 4190 rhetoricae
2906 4131 3252 4206 disciplinas,
3285 4149 3412 4206 quae
3459 4135 3760 4206 quodam-

2097 4222 2270 4278 modo
2301 4222 2418 4279 sibi
2441 4227 2698 4296 cognatae
2719 4227 2878 4290 sunt,
2902 4239 3075 4280 suam
3101 4221 3371 4279 heresim
3393 4223 3760 4282 conﬁrmare

2095 4309 2398 4378 nitentem,
2432 4311 2635 4367 eodem
2695 4312 2868 4369 modo
2918 4328 3054 4368 cum
3101 4311 3413 4368 verborum
3469 4313 3762 4369 sensibus

2095 4399 2302 4456 Graeca:
2335 4398 2568 4472 linguae,
2592 4399 2662 4456 de
2709 4400 2876 4456 Patre
2903 4403 2962 4456 et
2991 4397 3135 4456 Filio
3181 4403 3239 4455 et
3286 4398 3510 4482 Spiritu
3543 4405 3764 4458 sancte

2095 4488 2284 4561 ipsius
2315 4488 2675 4561 impietatem
2705 4489 2998 4558 refellens,
3027 4493 3087 4546 et
3111 4491 3427 4546 destruens
3455 4489 3616 4546 inter
3646 4503 3760 4547 cas-

333 4571 744 4640 impcratorem
787 4573 929 4627 dicit
963 4590 1030 4626 :«
1065 4571 1381 4644 Quidquid,
1431 4573 1724 4646 inquiens,
1761 4576 1830 4630 ad
1875 4577 1984 4632 sei-
2013 4597 2062 4661 D
2094 4581 2254 4633 tera:
2280 4601 2308 4628 «
2344 4577 2462 4646 Sic,
2492 4576 2705 4649 inquit,
2738 4578 2985 4636 istorum
3017 4577 3197 4634 trium
3248 4595 3432 4634 unum
3483 4582 3546 4634 et
3588 4577 3761 4636 idem

333 4676 508 4730 psum
537 4659 751 4714 dicitur
780 4661 955 4724 Deus,
981 4665 1038 4715 et
1067 4662 1138 4717 de
1171 4661 1420 4734 singulis
1455 4663 1721 4734 personis
1745 4663 1979 4734 dicitur,

279 4791 289 4798 .
334 4747 499 4802 Patre
529 4753 584 4802 et
617 4748 758 4802 Filio
802 4754 859 4804 et
905 4749 1126 4821 Spiritu
1179 4754 1402 4819 sancto,
1435 4755 1492 4806 ct
1545 4751 1720 4808 simul
1755 4754 1824 4809 de
1855 4752 1986 4826 ipsa

332 4835 640 4902 Triuitate,
663 4854 778 4890 non
810 4837 1134 4909 pluraliter,
1147 4839 1244 4894 sed
1273 4839 1648 4912 singulariter
1667 4840 1982 4899 dicendum

331 4930 439 4981 est.
474 4924 758 4990 Quoniam
811 4926 1023 4998 quippe
1072 4945 1186 4982 non
1235 4927 1396 4984 aliud
1444 4934 1534 4984 est
1581 4930 1696 4985 Deo
1745 4949 1894 5002 esse,
1927 4937 1985 4989 et

333 5013 492 5069 aliud
523 5031 799 5085 magnum
833 5033 980 5082 esse,
1004 5015 1088 5070 vel
1123 5016 1280 5071 aliud
1315 5034 1465 5084 esse,
1488 5021 1545 5072 et
1569 5017 1729 5073 aliud
1761 5020 1980 5076 bonum

331 5120 480 5169 esse,
505 5104 603 5158 sed
637 5103 744 5159 hoc
779 5104 928 5158 idem
967 5103 1046 5158 illi
1080 5111 1245 5160 estet
1273 5123 1401 5160 esse
1431 5109 1488 5160 et
1517 5124 1798 5179 magnum
1830 5126 1980 5176 esse,

331 5198 387 5248 et
416 5210 544 5248 esse
575 5197 631 5248 et
660 5193 881 5248 bonum
904 5211 1052 5260 esse,
1083 5199 1387 5266 propterea
1406 5194 1561 5250 sicut
1582 5213 1696 5250 non
1729 5195 1982 5253 dicimus

331 5285 450 5336 tres
481 5283 640 5348 deos,
667 5298 774 5337 nec
805 5287 922 5338 tres
953 5283 1260 5347 cssentias,
1295 5282 1380 5336 sic
1425 5299 1538 5336 non
1571 5282 1823 5341 dicimus
1865 5289 1981 5344 tres

332 5370 789 5440 magnitudines,
816 5389 918 5426 nec
949 5376 1065 5426 tres
1093 5371 1405 5438 bonitates,
1432 5370 1531 5424 sed
1565 5388 1748 5426 unum
1772 5373 1981 5441 Deum,

331 5472 506 5512 uuam
541 5460 878 5526 essentiam,
903 5466 961 5516 et
992 5476 1166 5516 uuam
1201 5457 1690 5529 magnitudinem,
1715 5464 1771 5514 et
1801 5479 1980 5517 unam

333 5543 672 5602 bonitatem.
697 5573 724 5598 υ
746 5550 814 5604 Et
845 5550 998 5622 quod
1045 5545 1359 5620 Apostolus
1405 5545 1487 5601 ait
1519 5562 1532 5600 :
1566 5546 1841 5604 Christum
1884 5551 1984 5606 Dei

352 5631 587 5686 u'rmtem
616 5637 664 5703 (1
693 5637 814 5692 Cor.
843 5655 882 5706 ι,
913 5637 1026 5708 24),
1056 5644 1108 5691 et
1133 5637 1233 5693 Dei
1258 5635 1605 5706 sapientiam,
1633 5653 1748 5691 non
1780 5635 1862 5692 ita
1892 5638 1978 5693 in-

2091 4665 2463 4722 existentiam
2479 4683 2598 4721 una
2615 4665 2909 4736 divinitas,
2923 4670 2982 4724 et
2996 4683 3116 4724 non
3129 4666 3429 4722 multiﬁda
3442 4666 3773 4738 majestas,.

2092 4759 2150 4810 et
2178 4755 2291 4809 tria
2322 4771 2528 4822 unum,
2551 4759 2612 4811 et
2656 4773 2841 4811 unum
2879 4755 3014 4823 tria,
3044 4759 3105 4812 et
3147 4760 3236 4812 ter
3282 4771 3468 4812 unum
3519 4755 3666 4823 tria,
3699 4759 3776 4813 et-

2091 4840 2246 4898 idem
2269 4847 2328 4898 et
2353 4860 2534 4898 unum
2567 4847 2625 4898 et
2653 4843 2844 4900 solum
2865 4848 2974 4900 est.
2991 4867 3022 4896 »
3041 4845 3112 4901 Et
3138 4843 3258 4900 veri
3288 4843 3496 4900 Gracia
3530 4841 3758 4918 lingua

2092 4929 2436 5003 interpretes
2455 4931 2762 5004 epistolam
2785 4933 2857 4988 ab
2879 4927 3200 5006 apostolica
3219 4933 3356 5004 ﬁde,
3367 4936 3426 4988 et
3444 4949 3480 4988 a
3505 4937 3768 5005 praefato

2091 5023 2297 5076 sancta
2354 5025 2517 5075 sexta
2570 5022 2792 5092 synodo
2849 5021 3336 5094 receptissimam,
3368 5023 3436 5076 ut
3461 5019 3758 5094 diximus,

2091 5109 2276 5164 sancti
2302 5108 2609 5181 Sophrouii
2643 5109 3152 5184 Hierosolymitani
3173 5109 3434 5184 episOOpi
3465 5108 3762 5184 interpre-

2089 5201 2302 5266 tantes,
2336 5215 2452 5252 uon
2481 5197 2637 5254 trina
2673 5199 2774 5254 sed
2811 5203 2898 5255 ter
2927 5198 3482 5272 interpretati'sunt‘,
3513 5203 3579 5254 et
3603 5215 3759 5255 uua-

2089 5285 2474 5342 thematizant
2503 5285 2636 5343 illos
2663 5287 2764 5359 qui
2804 5287 2954 5344 illud
2991 5292 3081 5344 ter
3108 5305 3226 5344 non
3257 5291 3417 5344 recto
3445 5303 3632 5344 sensu
3666 5288 3761 5344 iu-

2088 5374 2381 5446 telligunt,
2403 5379 2462 5431 et
2490 5374 2702 5430 trinam
2733 5377 3255 5444 deitatem-dicunt,
3277 5375 3433 5432 sicut
3451 5375 3513 5430 in
3535 5375 3763 5433 eadem

2091 5468 2254 5518 sexta
2282 5463 2504 5536 synodo
2532 5463 2884 5536 continetur,
2905 5464 3006 5522 ubi
3037 5464 3258 5523 dicitur
3287 5481 3348 5521 :«
3384 5463 3768 5524 Numerata:

2089 5568 2226 5624 ergo
2254 5552 2426 5608 beata
2453 5552 2710 5608 Trinitas
2741 5570 2856 5609 non
2885 5552 3177 5622 essentiis,
3204 5565 3320 5610 non
3352 5550 3606 5621 naturis;
3637 5570 3762 5611 non

2091 5639 2334 5696 diversis
2366 5638 2702 5708 deitatibus,
2733 5641 2976 5700 trinisve
3013 5641 3540 5710 dominationibus,
3559 5641 3758 5712 absit;
