3962 6178
199 383 292 445 5H

1097 329 1104 334 I
1186 379 1288 442 DE
1331 380 1489 444 UNA
1538 379 1640 440 ET
1684 378 1842 439 NON
1887 377 2129 439 TRINA
2176 374 2544 437 DEITATE.

3447 378 3568 440 542

191 519 428 592 juvenca,
457 511 708 586 trigauia
751 511 984 582 mulier,
1019 513 1078 569 in
1111 512 1328 588 quibus
1359 511 1636 570 omnibus
1678 510 1810 568 fixis
1839 511 1891 580 Α
1926 509 2096 583 quasi
2129 507 2512 564 multivocum
2537 505 2993 580 quiddam.Nam
3023 524 3226 566 mucro
3256 511 3314 566 et
3341 509 3499 568 ensis
3515 512 3585 568 et

201 601 526 668 nominibus,
561 619 632 656 ex
659 600 963 673 adjectivis
993 600 1055 657 in
1084 619 1146 658 se
1167 601 1566 674 pluralitatem
1598 601 1819 658 haben-

199 695 353 759 tibus,
375 689 804 764 quodammodo
837 691 1101 762 quaedam
1135 689 1442 764 pluralitas
1462 691 1821 747 demonstra-

202 781 438 840 tur.Nam
469 795 608 834 cum
639 778 890 836 dicimus
918 779 1064 835 hora
1091 779 1284 849 tertia,
1318 779 1594 834 horarum
1627 777 1822 834 multi-

202 868 404 945 plicatio
431 867 780 940 designatur
811 885 824 924 :
858 884 993 923 cum
1025 867 1280 924 dicimus
1325 867 1482 923 trina
1530 867 1818 940 repetitio,

204 957 569 1033 pluralitatem
597 955 959 1030 repetitionis
990 957 1534 1014 ostendimuszcum
1566 956 1822 1013 dicimus

203 1047 354 1104 trima
370 1046 645 1118 juvcuca.
678 1063 966 1102 annorum
998 1045 1173 1112 inea
1201 1045 1599 1118 pluralitatem
1631 1045 1823 1118 signa-

205 1153 338 1193 mus:
357 1151 490 1192 cum
521 1134 779 1190 dicimus
809 1134 1061 1208 trigama
1091 1133 1536 1208 mulier,plures
1566 1150 1694 1190 eam
1725 1135 1822 1190 ha-

204 1225 371 1282 buisse
387 1223 542 1280 viros
565 1223 1583 1296 manifestamus.lnveniturquoque
1595 1223 1821 1280 dictum

205 1311 578 1387 abAugustino
591 1311 652 1368 in
664 1310 831 1368 libris
842 1313 914 1369 de
927 1312 1474 1380 Trinitate,trinitas
1486 1313 1821 1378 anulorum,

206 1401 404 1460 trinitas
455 1418 862 1475 personarum,
907 1401 1140 1458 trinitas
1188 1402 1250 1458 in
1300 1407 1496 1458 mente
1543 1401 1820 1469 hominis,

207 1491 284 1548 ubi
312 1491 377 1547 ad
407 1489 732 1564 imaginem
763 1489 864 1546 Dei
898 1489 1088 1546 factus
1119 1488 1228 1546 est.
1254 1491 1418 1547 Unde
1448 1495 1515 1547 ut
1545 1494 1826 1564 putamus

207 1581 332 1637 419
359 1596 474 1636 non
508 1577 989 1636 inconvenienter
1034 1579 1210 1636 etiam
1262 1579 1376 1635 dici
1429 1584 1620 1652 potest
1669 1579 1827 1635 trina

206 1669 451 1726 Trinitas.
486 1669 600 1725 Sed
633 1684 770 1725 cum
799 1667 1272 1726 inconvenienter
1297 1685 1332 1726 a
1365 1668 1714 1726 Gothescalo
1747 1668 1828 1724 di-

207 1757 333 1814 citur
356 1757 514 1814 trina
550 1756 759 1829 deitas,
790 1756 1101 1830 pluralitas
1144 1762 1201 1814 et
1247 1775 1550 1828 numerus,
1583 1775 1711 1830 quae
1762 1761 1828 1813 ut

205 1845 321 1902 dicit
337 1846 570 1902 Boetius
590 1847 742 1902 fiunt
761 1863 830 1903 ex
849 1847 1196 1916 differentia,
1216 1846 1300 1902 illi
1321 1851 1544 1904 natura:
1567 1845 1821 1919 simplici

205 1940 254 1992 et
274 1934 762 2008 indivisibili,quze
793 1952 900 1992 nec
926 1935 984 1992 iu
1017 1935 1282 2010 personis
1303 1935 1477 1993 habet
1502 1953 1830 2010 quamcun-

207 2041 298 2098 que
318 2024 726 2096 diil‘erentiam,
755 2025 911 2098 quod
942 2029 1032 2082 est
1061 2023 1252 2082 dicere
1282 2025 1447 2081 nefas
1476 2025 1823 2098 imponitur,

206 2113 323 2169 etin
351 2113 460 2170 hoc
493 2113 698 2170 mobili
719 2118 776 2170 et
795 2113 1081 2186 adjective
1107 2114 1345 2170 nomine
1365 2116 1520 2186 quod
1544 2120 1634 2171 est
1652 2117 1824 2184 trina,

207 2202 324 2258 etin
351 2203 462 2258 ﬁxo
494 2202 732 2259 nomine
761 2203 854 2258 cui
888 2202 1184 2275 adjicitur,
1219 2204 1374 2276 quod
1424 2207 1513 2260 est
1568 2207 1825 2271 Trinitas,

206 2291 512 2348 continetur
537 2290 1050 2364 pluralitas,quam
1081 2291 1141 2346 in
1165 2309 1227 2348 se
1255 2309 1371 2348 non
1393 2293 1828 2366 recipitdeitas,

207 2381 311 2447 Qua
338 2380 404 2436 de
431 2397 498 2436 re
526 2382 679 2438 trina
705 2381 876 2438 deitas
908 2399 943 2438 a
971 2381 1132 2438 nullo
1180 2381 1464 2439 catholico
1511 2381 1827 2450 intellecta,

207 2468 281 2526 vel
306 2469 455 2526 credi
487 2473 595 2526 aut
647 2468 762 2526 dici
811 2470 1026 2526 habere
1055 2469 1229 2526 dicta
1256 2475 1366 2537 est,
1399 2475 1465 2526 ut
1503 2471 1740 2528 Boetius
1771 2471 1831 2526 in

209 2556 334 2614 libro
361 2560 428 2614 ad
457 2559 751 2616 Joannem
783 2558 924 2615 dicit
955 2576 970 2615 ε
1003 2582 1032 2610 ‹‹
1060 2559 1121 2615 Si
1152 2559 1331 2632 igitur
1358 2559 1732 2632 interrogem,
1757 2577 1829 2616 an

209 2646 290 2718 qui
319 2645 531 2703 dicitur
560 2647 732 2704 Pater
762 2647 1096 2703 substantia
1143 2647 1240 2714 sit,
1273 2649 1659 2720 respondetur
1704 2665 1833 2705 esse

209 2735 702 2802 substantia.Quod
732 2735 782 2791 si
805 2753 1062 2809 quaeram
1092 2754 1166 2792 an
1186 2735 1367 2793 Filius
1385 2737 1718 2794 substantia
1735 2737 1830 2808 sit,

209 2821 342 2878 idem
361 2823 891 2897 dicitur.Spiritum
906 2842 1138 2898 quoque
1154 2830 1425 2882 sanctum
1438 2826 1833 2882 substantiam

209 2927 316 2968 esse
339 2929 510 2969 nemo
539 2912 919 2970 dubitaverit.
951 2915 1022 2970 Et
1049 2931 1185 2970 cum
1229 2932 1437 2972 rursus
1483 2914 1693 2988 colligo
1725 2915 1834 2970 Pa-

211 3003 357 3069 trem,
385 3000 625 3073 Filium,
659 3003 944 3076 Spiritum
979 3007 1273 3072 sanctum,
1327 3021 1442 3060 nou
1481 3003 1702 3076 plures,
1733 3005 1834 3061 sed

208 3104 310 3144 una
332 3091 584 3147 occurrit
613 3107 742 3148 esse
771 3091 1122 3148 substantia.
1148 3091 1274 3149 Una
1301 3091 1485 3166 igitur
1505 3092 1838 3149 substantia

209 3176 384 3248 trium,
415 3196 526 3237 nec
556 3180 818 3254 separari
849 3179 969 3237 ullo
1001 3181 1174 3237 modo
1196 3185 1300 3238 aut
1329 3180 1591 3255 disjungi
1622 3185 1833 3254 potest,

1930 600 2055 672 ipse
2087 603 2176 656 est
2206 602 2263 654 et
2291 597 2468 664 idem,
2504 597 2673 652 Pater
2699 613 2832 652 vero
2875 613 2941 652 ac
2990 597 3169 653 Filius
3219 602 3278 655 et
3319 599 3572 672 Spiritus

1931 694 2172 746 sanctus
2201 689 2355 745 idem
2381 687 2654 760 equidem
2676 690 2908 754 est,nou
2932 703 3063 742 vero
3083 685 3267 758 ipse.»
3291 688 3434 744 Hinc
3454 705 3574 746 ma-

1930 779 2208 835 nifestum
2230 781 2320 834 est
2339 775 2786 833 Gothescalcum
2807 792 2920 830 non
2942 775 3134 831 dicere
3153 792 3374 832 verum:
3391 777 3572 846 Sicut,

1931 866 2319 940 inquit,Deus
2335 865 2594 920 Trinitas
2626 863 2857 919 numeri
2889 863 3308 936 singularisest
3327 864 3576 936 juxtail-

1931 955 2054 1024 lud,
2080 954 2392 1010 Benedicta
2405 953 2481 1008 sit
2502 957 2700 1008 sancta
2734 953 2992 1008 Trinitas
3017 970 3030 1008 :
3056 953 3141 1008 sic
3153 952 3330 1008 etiam
3350 953 3580 1010 numeri

1933 1043 2254 1118 singularis
2268 1047 2357 1099 est
2373 1041 2528 1098 trina
2543 1041 2752 1097 deitas.
2777 1041 3090 1108 Quiatrina
3109 1045 3164 1097 et
3183 1040 3416 1098 trinitas
3437 1059 3580 1099 sono

1933 1132 2254 1206 singularis
2270 1135 2409 1188 sunt
2426 1131 2677 1198 numeri,
2703 1129 3073 1186 etintellectu
3098 1129 3363 1202 pluralis.
3383 1131 3581 1187 Deitas

1935 1227 2128 1278 autem
2140 1264 2153 1288 ,
2173 1221 2273 1294 qui
2293 1221 2520 1277 Patrem
2537 1220 2720 1275 Deum
2736 1217 3228 1286 dicimus,.Filium
3239 1219 3422 1276 Deum
3438 1219 3580 1276 diei-

1933 1329 2090 1383 mus,
2113 1310 2397 1384 Spiritum
2417 1313 2688 1365 sanctum
2704 1308 2888 1364 Deum
2905 1307 3181 1380 dicimus,
3204 1311 3580 1366 etsouoetin-

1931 1401 2169 1457 tellectu
2189 1399 2510 1472 singularis
2521 1402 2611 1454 est
2625 1395 2938 1464 numeri,et
2949 1397 3018 1452 ad
3017 1397 3332 1468 jeetiouem
3351 1398 3586 1471 plurali-

1935 1495 2114 1547 tatem
2157 1488 2588 1561 significantem
2629 1503 2742 1541 non
2785 1484 3002 1556 recepit
3035 1501 3048 1541 :
3084 1485 3360 1558 quoniam
3381 1491 3588 1545 sancta

1935 1580 2091 1636 480
2103 1582 2161 1634 et
2172 1575 2580 1650 inseparabilis
2592 1575 2652 1630 in
2665 1573 2932 1647 personis
2945 1573 3292 1648 intelligitur
3305 1575 3588 1632 etdicitur

1936 1668 2195 1725 Trinitas
2206 1671 2264 1722 et
2279 1667 2340 1720 in
2353 1665 2706 1730 substantia,
2721 1663 2998 1731 essentia,
3014 1668 3241 1732 natura,
3261 1663 3582 1734 divinitate,

1938 1757 2174 1824 deitate,
2195 1753 2548 1828 intelligitur
2567 1757 2625 1808 et
2640 1752 3086 1819 diciturunitas,
3107 1753 3586 1826 quiadeitasTri-

1937 1846 2140 1903 uitatis
2151 1844 2468 1912 cstuuitas,
2494 1846 2560 1898 ut
2575 1859 2779 1898 omnes
2811 1842 3074 1897 doctores
3096 1841 3385 1911 catholici,
3405 1843 3507 1898 sed
3529 1847 3589 1899 et

1938 1935 2174 1993 Boetius
2192 1934 2250 1990 in
2267 1934 2506 2006 praefato
2529 1931 2680 1987 libro
2703 1932 2773 1986 de
2791 1929 3074 1986 Trinitate
3096 1933 3162 1985 ut
3191 1930 3586 2001 praemisimus

1938 2023 2081 2080 dicit
2113 2042 2126 2080 :
2159 2046 2186 2073 «
2223 2023 2353 2089 Ubi,
2387 2019 2682 2093 inquiens,
2718 2017 2880 2074 nulla
2921 2023 3012 2074 est
3043 2017 3390 2086 differentia,
3425 2019 3607 2075 nulla

1937 2118 2030 2168 est
2058 2111 2297 2168 omnino
2328 2109 2657 2184 pluralitas,
2692 2124 2873 2180 quare
2915 2123 3020 2162 nec
3072 2123 3374 2174 numerus,
3409 2105 3592 2180 igitur

1939 2201 2134 2258 unitas
2149 2203 2401 2256 tantum.
2425 2202 2569 2255 Nam
2587 2199 2744 2270 quod
2770 2195 2940 2252 tertio
2959 2194 3238 2268 repetitur
3250 2195 3426 2266 Deus,
3453 2213 3589 2252 cum

1940 2291 2107 2346 Pater
2135 2294 2192 2346 et
2221 2288 2402 2345 Filius
2432 2293 2491 2344 et
2520 2285 2776 2360 Spiritus
2797 2289 3040 2342 sanctus
3069 2287 3590 2357 uuueupatur,tres

1939 2379 2194 2436 uuitates
2216 2395 2330 2434 non
2354 2377 2578 2433 faciunt
2599 2375 2996 2448 pluralitatem
3019 2372 3248 2429 numeri
3265 2373 3326 2428 in
3347 2390 3415 2430 eo
3431 2375 3590 2447 quod

1939 2469 2080 2542 ipsae
2112 2472 2270 2534 sunt,
2305 2489 2332 2518 »
2368 2466 2424 2522 id
2463 2463 2564 2522 est
2609 2465 2668 2520 in
2715 2463 2990 2532 essentia,
3041 2461 3308 2520 videlicet
3355 2461 3588 2520 deitate.

1941 2557 2104 2614 Unde
2137 2555 2282 2611 dixit
2312 2556 2466 2611 Deus
2497 2555 2568 2609 ad
2592 2553 2849 2625 Moysem
2875 2569 2888 2608 :
2924 2553 3029 2624 Ego
3055 2569 3178 2608 sum
3209 2551 3307 2624 qui
3333 2567 3476 2620 sum,
3510 2556 3590 2624 et,

1942 2646 2084 2703 dices
2113 2647 2248 2717 ﬁliis
2277 2645 2446 2700 Israel
2473 2662 2490 2698 :
2525 2644 2632 2711 Qui
2657 2649 2736 2698 est
2761 2643 2916 2697 misit
2942 2658 3028 2716 ine
3055 2641 3126 2698 ad
3154 2657 3245 2697 vos
3275 2641 3468 2710 (Exod.
3502 2658 3590 2710 ιιι,

1943 2736 2050 2808 ili).
2061 2734 2280 2808 Regula
2293 2733 2472 2806 igitur
2491 2731 2621 2788 ﬁdei
2632 2731 2977 2799 ,secundum
2991 2729 3396 2786 auctoritatem
3411 2747 3589 2786 sacrae

1943 2825 2277 2898 Scriptura},
2314 2823 2372 2876 in
2404 2839 2521 2893 qua
2548 2819 2763 2892 legitur
2789 2819 3042 2885 Sanctus,
3077 2818 3328 2887 Sanctus,
3360 2818 3592 2876 Sanctus

1941 2915 2206 2970 Dominus
2252 2913 2390 2967 Deus
2440 2909 2662 2965 sabaoth
2711 2908 2840 2978 (Isa.
2889 2924 2969 2973 v1,
3017 2908 3122 2976 3);
3172 2910 3248 2974 et,
3300 2907 3592 2964 Benedicat

1941 3019 2042 3058 nos
2072 3003 2230 3067 Deus,
2266 3005 2413 3056 Deus
2442 3004 2642 3066 noster,
2677 2995 2955 3052 benedice:
2981 3011 3080 3051 nos
3107 2996 3332 3064 Deus,et
3347 3003 3594 3052 metuant

1943 3107 2069 3146 eum
2095 3105 2277 3146 omnes
2305 3089 2440 3160 ﬁnes
2471 3093 2636 3143 terrm
2667 3085 2838 3156 (Psal.
2873 3101 3017 3152 var,
3050 3082 3104 3156 8)
3129 3101 3142 3152 ;
3177 3087 3254 3150 et,
3285 3085 3370 3138 Ea:
3396 3085 3512 3157 ipso
3539 3093 3593 3142 et

1942 3197 2044 3252 per
2071 3181 2251 3251 ipsum
2277 3185 2329 3234 et
2355 3178 2417 3232 in
2437 3179 2553 3248 ipso
2571 3181 2700 3231 sunt
2725 3175 2932 3241 omnia,
2968 3174 3078 3245 ipsi
3101 3172 3282 3242 gloria
3309 3173 3484 3244 (Rom.
3507 3191 3586 3244 ιι,

207 3283 296 3324 nec
321 3268 476 3326 velut
506 3269 779 3342 partibus
811 3268 871 3324 in
905 3285 1089 3325 unum
1119 3271 1436 3342 conjuncta
1473 3275 1582 3340 est,
1615 3271 1716 3326 sed
1747 3274 1837 3326 est
1866 3255 1908 3323 (ἶ
1939 3270 2052 3338 36),
2085 3266 2368 3323 catholice
2397 3264 2614 3321 dicitur
2645 3280 2659 3318 :
2693 3263 2983 3320 Benedicta
3011 3263 3085 3318 sit
3107 3268 3298 3317 sancta
3329 3263 3586 3331 Trinitas,

207 3370 306 3412 una
332 3356 700 3431 simpliciter.
735 3360 1106 3430 Quaecunque
1136 3359 1318 3432 igitur
1345 3359 1415 3414 de
1444 3359 1641 3415 divina
1671 3359 1836 3416 subs-

204 3445 366 3502 tantia
391 3445 808 3520 praedicantur,
843 3464 912 3503 ea
932 3447 1123 3504 tribus
1153 3451 1380 3520 oportet
1406 3465 1534 3505 esse
1565 3465 1833 3505 commu-

205 3532 303 3590 nia.
333 3535 390 3592 Si
433 3535 691 3592 dicimus
741 3536 913 3592 Pater
955 3536 1110 3592 Deus
1149 3540 1258 3604 est,
1293 3535 1474 3592 Filius
1520 3537 1674 3592 Deus
1722 3541 1832 3608 est,

205 3621 437 3694 Spiritus
469 3628 714 3680 sanctus
742 3623 898 3680 Deus
926 3629 1034 3692 est,
1059 3624 1250 3696 Pater,
1269 3623 1452 3681 Filius
1482 3643 1548 3682 ac
1578 3625 1834 3697 Spiritus

206 3716 421 3769 sanctus
453 3729 611 3768 unus
644 3712 887 3769 Deus.Si
921 3711 1102 3786 igitur
1129 3729 1331 3769 eorum
1362 3730 1482 3769 una
1503 3713 1836 3785 deitas,una

205 3799 514 3857 substantia
545 3804 656 3857 est.
693 3823 724 3850 »
750 3801 821 3856 Et
848 3800 908 3856 in
939 3800 1092 3858 libro
1121 3802 1192 3858 de
1221 3801 1506 3858 Trinitate
1544 3819 1558 3857 :
1606 3826 1634 3854 «
1668 3803 1831 3870 Quod

203 3888 350 3945 tertio
379 3887 669 3962 repetitur
697 3889 854 3946 Deus
884 3905 1021 3946 cum
1039 3889 1211 3946 Pater
1224 3893 1282 3946 et
1299 3889 1483 3947 Filius
1499 3895 1554 3947 et
1575 3891 1831 3964 Spiritus

204 3979 419 4034 sanctus
433 3982 833 4051 nuncupatur,
851 3983 969 4035 tres
985 3978 1243 4036 unitates
1255 3995 1370 4034 non
1393 3979 1613 4036 faciunt
1633 3979 1831 4052 plura-

203 4063 404 4122 litatem
437 4067 498 4122 in
528 4085 598 4124 eo
627 4068 784 4140 quod
815 4067 955 4142 ipsae
987 4073 1144 4136 sunt,
1161 4067 1216 4123 id
1249 4071 1340 4124 est
1370 4068 1428 4122 in
1463 4067 1833 4141 deitate,qua3

202 4159 392 4212 natura
418 4160 478 4213 et
506 4155 766 4214 essentia
794 4161 903 4222 est,
949 4174 1076 4229 quae
1125 4157 1198 4213 ab
1249 4175 1318 4214 eo
1367 4159 1524 4230 quod
1574 4161 1664 4214 est
1704 4176 1833 4214 esse

200 4244 436 4301 essentia
463 4245 624 4301 dicta
653 4249 759 4302 est.
779 4268 806 4294 υ
837 4246 962 4301 Non
992 4245 1393 4318 igitur,inquit
1423 4246 1577 4301 idem
1600 4246 1834 4302 Boetius

199 4331 308 4398 (lib.
328 4333 394 4390 de
415 4335 680 4390 Trinitate
699 4342 824 4390 ante
843 4334 1032 4403 Μαι),
1059 4355 1088 4386 ‹‹
1110 4334 1161 4390 si
1198 4334 1268 4389 de
1309 4335 1474 4391 Patre
1517 4351 1583 4390 ac
1614 4334 1756 4390 Filio
1777 4339 1835 4391 et

199 4419 402 4492 Spiritu
435 4426 639 4479 sancto
667 4421 835 4478 tertio
867 4421 1216 4494 praedicatur
1245 4423 1421 4492 Deus,
1442 4422 1657 4479 idcirco
1678 4423 1835 4479 trina

199 4510 512 4579 pradicatio
543 4527 861 4566 numerum
885 4511 1170 4567 facit.Hoc
1196 4509 1503 4566 enim'illis
1525 4515 1590 4566 ut
1608 4511 1831 4567 dictum

198 4601 278 4652 est
299 4597 565 4656 imminet
590 4597 694 4693 qui
727 4599 876 4654 inter
905 4615 1004 4655 eos
1033 4597 1374 4654 distantiam
1406 4599 1629 4655 faciunt
1657 4599 1831 4656 meri-
1863 4629 1908 4693 Β

199 4688 410 4743 torum:
443 4686 751 4744 catholicis
779 4705 915 4744 vero
945 4687 1028 4744 ita
1055 4687 1448 4744 indifferentia
1477 4687 1834 4744 constituen-

199 4773 365 4844 tibus,
398 4776 713 4850 ipsamque
742 4777 993 4832 formam
1023 4781 1090 4832 ut
1137 4780 1226 4833 est
1277 4794 1406 4833 esse
1455 4777 1828 4849 ponentibus,

197 4879 370 4936 neque
400 4865 558 4922 aliud
591 4882 722 4922 esse
753 4883 930 4938 quam
961 4863 1260 4937 estipsam
1291 4866 1448 4938 quod
1479 4869 1568 4921 est
1597 4866 1835 4938 opinan-

195 4950 366 5024 tibus,
398 4943 549 5010 reete
581 4954 850 5027 repetitio
889 4955 961 5009 de
989 4954 1191 5010 eodem
1243 4971 1421 5026 quam
1471 4955 1834 5010 enumeratio

196 5038 397 5096 diversi
429 5043 660 5098 videtur
687 5059 836 5110 esse,
869 5060 1002 5098 cum
1035 5042 1254 5097 dicitur
1282 5042 1436 5099 Deus
1469 5043 1654 5110 Pater,
1679 5043 1834 5099 Deus

195 5125 392 5194 Filius,
418 5134 569 5186 Deus
600 5130 855 5204 Spiritus
886 5134 1126 5187 sanctus
1161 5147 1174 5186 :
1207 5134 1384 5204 atque
1423 5131 1544 5187 haec
1575 5131 1830 5187 Trinitas

195 5230 340 5273 unus
369 5217 544 5287 Deus,
571 5219 733 5276 velut
761 5219 942 5288 ensis,
974 5236 1178 5276 mucro
1210 5224 1384 5292 atque
1410 5219 1834 5293 gladius,uuus

191 5301 437 5376 gladius,
462 5307 623 5364 velut
653 5306 768 5373 sol,
791 5307 900 5378 sol,
935 5307 1041 5376 sol,
1076 5325 1232 5363 unus
1279 5307 1387 5364 sol.
1420 5308 1532 5364 Sed
1585 5307 1695 5364 hoc
1741 5308 1831 5363 in-

191 5393 356 5448 terim
389 5394 449 5450 in
469 5412 599 5452 eam
631 5395 856 5452 dictum
871 5396 950 5452 sit
964 5395 1452 5470 significationem
1473 5398 1832 5454 demonstra-

189 5478 543 5556 tionemque,
577 5502 695 5558 qua
725 5486 1056 5542 ostenditur
1085 5503 1200 5541 non
1248 5502 1484 5541 omnem
1534 5485 1830 5542 unitatum

189 5571 588 5642 repetitionem
627 5591 940 5631 numerum
979 5574 1494 5647 pluralitatemque
1533 5577 1827 5647 perﬁcere.

188 5655 310 5715 Non
320 5676 457 5717 vero
467 5661 774 5720 itadicitur
784 5663 1028 5720 Paterac
1041 5663 1224 5720 Filius
1235 5663 1554 5736 etSpiritus
1567 5669 1828 5734 sanctus,

1944 3365 2104 3430 atque
2150 3355 2393 3412 indivisa
2450 3355 2634 3410 unitas
2663 3371 2682 3406 :
2731 3351 3109 3424 conﬁtebimur
3159 3351 3233 3419 ei,
3281 3351 3416 3422 quia
3463 3349 3596 3422 feeit

1941 3446 2224 3502 nobiscum
2250 3441 2688 3499 misericordiam
2713 3457 2892 3496 suam.
2927 3439 3038 3496 Sed
3072 3455 3187 3494 non
3217 3435 3372 3494 sicut
3398 3437 3594 3494 catho-

1942 3533 2051 3590 lice
2081 3532 2314 3598 dicitur,
2348 3530 2656 3586 benedicta
2685 3529 2763 3585 sit
2793 3531 2998 3584 sancta
3023 3525 3299 3595 Trinitas,
3323 3525 3594 3584 videlicet

1944 3636 2350 3696 personarum,
2383 3623 2558 3689 atque
2580 3617 2831 3673 indivisa
2863 3617 3212 3688 unitas,quaa
3242 3614 3593 3688 intelligitur

1943 3711 2151 3778 deitas,
2172 3726 2300 3781 quae
2332 3706 2638 3763 Trinitatis
2668 3709 2758 3762 est
2785 3705 3134 3774 uuitas,uon
3167 3707 3361 3776 potest
3389 3703 3492 3772 ita,
3525 3709 3593 3760 ut

1943 3797 2360 3858 Gothescalcus
2390 3795 2912 3869 desipit,catholice
2939 3793 3056 3850 diei
3073 3792 3230 3848 trina
3248 3791 3590 3865 deitas,quaa

1942 3893 2010 3946 ut
2035 3885 2400 3961 Augustinus
2431 3884 2584 3940 sicut
2601 3883 2993 3956 praemisimus
3015 3879 3488 3947 dieit,Trinitatis
3503 3884 3594 3937 est

1943 3977 2239 4046 unitas,dc
2268 3991 2385 4048 qua
2413 3973 2555 4029 dicit
2580 3972 2982 4028 Ambrosiusm
3015 3971 3104 4026 Tu
3135 3968 3444 4026 Trinitatis
3467 3969 3594 4024 uui-

1939 4067 2254 4128 tas.orbem
2279 4067 2544 4136 potenter
2563 4061 2661 4133 qui
2687 4060 2896 4134 rcgis;»
2915 4065 2972 4116 et
2982 4057 3340 4114 Athanasius
3363 4057 3422 4112 in
3441 4057 3592 4114 libro

1941 4161 2101 4212 sexto
2131 4155 2202 4210 de
2234 4153 2444 4208 Fidezu
2480 4152 2652 4218 Deus,
2687 4150 2902 4222 inquit,
2923 4149 3109 4214 Pater,
3130 4148 3284 4203 Deus
3305 4151 3364 4202 et
3383 4146 3586 4214 Filius,

1941 4247 2098 4301 Deus
2128 4247 2184 4300 et
2211 4241 2464 4314 Spiritus
2496 4243 2756 4294 sanctus.
2775 4239 2950 4294 Vides
2967 4235 3272 4292 Trinitatis
3303 4234 3588 4290 indicium

1941 4335 2000 4390 in
2033 4333 2222 4388 tribus
2253 4347 2382 4386 esse
2408 4326 2695 4402 personis,
2721 4329 2778 4381 et
2807 4330 2923 4381 tres
2950 4326 3057 4380 has
3085 4340 3365 4396 personas
3396 4323 3591 4378 nomi-

1941 4422 2116 4478 nibus
2145 4424 2375 4476 tautum
2405 4433 2534 4473 esse
2563 4413 3029 4471 discretasmnde
3051 4429 3155 4467 nec
3178 4409 3374 4466 unitas
3399 4415 3589 4484 potest

1941 4509 2168 4568 ostendi
2201 4509 2326 4564 sine
2357 4505 2644 4578 personis,
2678 4520 2784 4559 nec
2822 4503 2910 4558 ha:
2941 4517 3202 4574 personae
3251 4500 3380 4557 sine
3423 4499 3590 4557 unito

1941 4599 2178 4656 nomine
2208 4594 2497 4653 deitatis.»
2519 4593 2732 4658 Hoc,ut
2759 4589 3127 4666 Augustinus
3148 4589 3592 4658 dicit,animalis

1941 4690 2116 4745 homo
2149 4704 2266 4742 non
2297 4682 2564 4757 percipit,
2601 4683 2710 4738 hoc
2761 4680 3183 4739 Gothesealcus
3230 4679 3425 4736 videre
3473 4695 3591 4736 non

1939 4777 2112 4846 valet,
2137 4775 2275 4848 quia
2304 4773 2456 4828 sicut
2481 4770 2540 4826 in
2567 4769 2778 4826 litteris
2811 4770 3092 4826 divinitus
3123 4768 3428 4842 inspiratis
3457 4767 3594 4842 legi-

1943 4883 2098 4937 mus,
2132 4862 2353 4919 scilicet
2383 4865 2636 4933 quatuor
2663 4877 2790 4915 esse
2819 4857 3220 4933 arrogantium
3252 4855 3498 4929 species,
3531 4856 3590 4913 id

1941 4959 2030 5012 est
2055 4971 2190 5010 cum
2221 4951 2472 5025 quisque
2502 4967 2784 5024 arrogans
2813 4949 2968 5020 quod
2999 4947 3197 5016 habet,
3218 4950 3320 5002 aut
3348 4965 3384 5002 a
3412 4963 3474 5001 se
3495 4946 3591 5000 ha-

1943 5045 2207 5111 bere,aut
2235 5042 2346 5099 sibi
2375 5060 2478 5114 pro
2507 5039 2735 5096 meritis
2765 5039 2890 5094 suis
2921 5037 3124 5092 datum
3144 5038 3464 5107 computat,
3489 5037 3591 5088 aut

1942 5135 2097 5206 quod
2130 5151 2244 5188 non
2277 5131 2454 5186 habet
2499 5131 2714 5186 habere
2764 5145 2826 5184 se
2876 5125 3138 5193 simulat,
3172 5128 3274 5179 aut
3323 5123 3380 5176 id
3430 5121 3587 5192 quod

1941 5222 2118 5278 habet
2147 5218 2522 5293 singulariter
2551 5235 2667 5290 prm
2700 5216 2924 5273 caeteris
2943 5215 3054 5272 sibi
3088 5214 3303 5268 habere
3332 5213 3584 5280 arrogat.

1939 5311 2000 5366 in
2031 5311 2142 5365 isto
2165 5307 2472 5364 manifeste
2489 5305 2930 5362 videmus.Nam
2951 5305 3021 5360 de
3039 5302 3270 5358 duabus
3291 5295 3586 5371 prioribus

1941 5399 2341 5472 arrogantium
2372 5396 2677 5468 speciebus
2694 5395 2818 5467 ipse
2835 5391 3214 5455 viderit,duas
3235 5385 3587 5460 posteriores

1942 5490 2000 5544 in
2031 5505 2098 5543 eo
2132 5489 2312 5543 fuisse
2331 5490 2389 5542 et
2419 5486 2610 5542 adhuc
2631 5479 3093 5556 permanere,qui
3119 5477 3286 5532 illum
3308 5476 3380 5532 ab
3401 5474 3589 5530 infan-

1941 5578 2024 5635 tia
2053 5579 2469 5650 cognoveruut,
2500 5577 2557 5629 et
2587 5571 2892 5628 manifeste
2917 5565 3302 5637 conspiciunt,
3336 5567 3394 5620 et
3423 5578 3612 5622 cons-'

1940 5665 2375 5741 pexerunt.Nou
2397 5663 2553 5718 enim
2577 5663 2768 5732 potest
2797 5656 3180 5726 sustinere,ut
3209 5654 3411 5711 audiat
3425 5655 3585 5727 quod

1941 5756 2100 5812 illius
2132 5753 2328 5810 sensui
2363 5768 2478 5807 non
2508 5744 3038 5818 concordat,multo
3069 5743 3267 5804 minus
3299 5747 3495 5804 autem
3520 5747 3586 5803 ut
