3962 6178
1272 352 1657 416 ΗΙ.ἾΟΜΑΒΙ
1701 353 2154 416 HHEMENSIS
2194 352 2807 418 ARCHIEPISGOPI.

3614 355 3742 416 δυ’

337 489 511 547 illum
542 484 759 560 aliquis
788 486 1011 554 doceat,
1025 482 1083 543 et
1112 486 1377 543 omnium
1409 503 1621 543 sensus
1650 503 1758 543 suo
1786 486 1985 545 sensui
2011 486 2067 555 Α
2098 509 2129 537 ‹‹
2159 486 2277 544 Nos
2308 487 2593 544 unitatem
2632 486 2866 544 deitatis
2911 485 3123 555 uniter,
3153 489 3273 543 non
3317 484 3638 560 pluraliter,
3668 487 3725 543 in

336 574 1530 650 incomparabileseomputat,etneminem
1543 575 1725 632 sibiin
1741 576 1987 632 scientia
2048 614 2051 617 λ
2095 575 2380 633 Trinitate
2411 576 2737 633 consentire
2763 575 3079 633 sciamus.»
3110 577 3183 632 Et
3211 576 3407 632 itemzu
3429 576 3559 632 Ideo
3580 576 3729 634 unus

335 664 812 741 mquiparabilem
836 668 1088 737 putat,et
1104 683 1219 721 non
1243 681 1418 720 suum
1431 680 1671 720 sensum
1695 667 1765 720 ad
1791 664 1983 736 Scrip-

334 760 523 824 turas,
557 755 660 812 sed
694 754 1029 826 Scripturas
1072 754 1144 810 ad
1175 770 1351 810 suum
1400 770 1640 809 sensum
1690 753 1984 810 inflectere

335 849 503 904 curat
530 862 549 901 τ
573 856 724 917 quas
754 843 893 917 quia
921 842 1076 899 malo
1107 847 1239 899 voto
1270 842 1434 916 legit,
1462 842 1768 898 veritatem
1809 842 1866 897 in
1898 842 1983 899 eis

331 935 540 993 viderc'
556 950 671 989 non
689 932 1178 990 valet.E:cca:cavit
1202 933 1346 989 enim
1368 931 1674 999 eum,sicut
1694 930 1980 1003 scriptum

332 1027 441 1091 est,-
473 1022 691 1078 maiitia
716 1022 833 1095 ejus
864 1021 1014 1093 (sap.
1049 1038 1088 1087 ι,
1118 1021 1231 1092 21).
1267 1020 1535 1088 Quoniam
1563 1020 1625 1074 in
1648 1006 1985 1075 'mativolam

332 1113 579 1169 auimun
603 1114 716 1167 non
746 1110 995 1167 introibit
1040 1110 1311 1182 sapientia
1351 1108 1504 1179 (Sap.
1538 1126 1578 1174 ι,
1613 1108 1665 1178 4)
1701 1126 1713 1163 :
1749 1113 1823 1174 ct,
1855 1108 1981 1180 Spi-

331 1204 475 1259 ritus
511 1208 751 1267 sanctus,
784 1216 900 1272 quo
954 1198 1095 1272 ipsa;
1139 1197 1449 1270 Scriptura:
1481 1202 1621 1254 sunt
1659 1197 1979 1271 inspiratas,

328 1290 643 1363 discipbivw
669 1289 861 1362 effugit
885 1289 1089 1361 ﬁctum,
1120 1295 1172 1343 et
1199 1289 1385 1359 aufert
1407 1303 1466 1343 se
1491 1305 1527 1342 ιι
1562 1288 1980 1357 cogitationibus

330 1382 458 1455 quis
482 1386 613 1435 sunt
635 1381 758 1435 sine
785 1378 1061 1434 intellectu
1091 1376 1242 1449 (Sap.
1276 1393 1315 1443 1,
1346 1378 1421 1445 5).
1459 1376 1793 1449 Requiescit
1820 1377 1977 1432 enim

328 1476 509 1541 super
552 1467 839 1523 humi-lem
888 1470 947 1521 et
994 1466 1284 1538 quietum,
1334 1469 1391 1522 et
1437 1469 1505 1521 ut
1549 1470 1789 1522 sanctus
1838 1465 1981 1521 dicit

326 1556 665 1630 Gregorius,
695 1568 873 1628 quam
905 1571 1023 1609 non
1055 1554 1275 1610 invenit
1304 1553 1591 1609 humilem
1641 1555 1788 1611 481
1824 1554 1978 1611 veri-

327 1648 423 1702 tas
448 1643 908 1717 ftigit'mentem.
940 1643 1020 1699 De
1053 1660 1167 1716 quo
1207 1646 1266 1698 et
1314 1643 1445 1714 ejus
1490 1642 1787 1700 similibus
1836 1642 1979 1699 item

326 1733 536 1790 beatus
591 1731 735 1789 dicit
799 1732 1114 1806 Gregorius
1164 1731 1284 1800 (lib.
1340 1748 1459 1800 vm,
1510 1731 1724 1799 Heral.,
1772 1749 1820 1789 c.
1869 1735 1974 1801 2):

333 1832 363 1872 ιν
391 1821 654 1878 Haretiei
684 1822 743 1877 in
775 1819 1261 1893 inquisitionibus
1279 1821 1404 1877 suis
1429 1838 1546 1876 non
1563 1820 1864 1877 veritatem
1889 1839 1980 1878 co-
2010 1859 2058 1924 B

326 1913 544 1967 nuntur
572 1910 833 1983 assequi,
863 1910 965 1965 sed
995 1909 1242 1965 victores
1270 1908 1451 1965 videri
1484 1925 1499 1965 :
1535 1927 1789 1982 cumque
1834 1911 1976 1968 toris

325 1998 555 2056 adtendi
585 1998 878 2071 sapientes
908 1998 1377 2070 appetunt,intus
1409 2015 1512 2071 per
1539 1998 1848 2054 stultitiam
1866 1998 1979 2056 ela-

323 2087 502 2144 tionis
531 2104 650 2144 suaa
677 2086 931 2142 vinculis
959 2085 1242 2159 ligantur.
1262 2086 1424 2143 Unde
1456 2087 1521 2142 ﬁt
1550 2090 1615 2142 ut
1644 2088 1975 2144 contentio-

326 2192 477 2232 num
492 2174 816 2231 certamina
834 2175 1160 2249 exquirant,
1182 2179 1239 2231 ct
1258 2176 1330 2231 de
1351 2175 1486 2245 Deo,
1512 2174 1614 2248 qui
1633 2193 1745 2248 pax
1776 2180 1977 2233 nostra

326 2269 437 2333 est,
467 2264 626 2338 loqui
658 2264 899 2337 paciﬁca
920 2264 1208 2332 nesciant,
1241 2269 1418 2337 atque
1447 2280 1516 2321 ex
1539 2265 1703 2337 pacis
1742 2266 1973 2339 negotio

325 2354 461 2413 rixis
486 2354 817 2411 inventores
840 2352 1232 2419 flant.Quibus
1262 2354 1408 2410 bene
1439 2371 1542 2426 per
1570 2353 1816 2410 Paulum
1838 2354 1976 2411 dici-

324 2448 424 2501 tur
452 2460 466 2500 :
498 2443 565 2500 Si
587 2444 716 2516 quis
733 2450 917 2499 autem
942 2441 1162 2499 videtur
1203 2443 1566 2499 contentiosus
1594 2458 1727 2513 esse,
1758 2460 1856 2502 nos
1886 2452 1973 2500 ta-

326 2535 434 2592 tem
462 2532 903 2590 consuetudinem
944 2548 1059 2589 non
1084 2533 1363 2604 habemus,
1393 2550 1567 2607 neque
1595 2534 1834 2591 Ecclesia
1877 2536 1976 2591 Dei

325 2622 520 2696 (ιῖϐον.
553 2637 617 2689 ιι,
651 2622 760 2691 16).
795 2643 825 2671 ››
856 2622 1169 2695 Propterea
1197 2638 1313 2677 non
1343 2626 1433 2679 est
1471 2622 1687 2679 mirum
1738 2623 1787 2679 si
1837 2640 1974 2680 cum

326 2710 617 2769 Phariaca
644 2710 717 2767 de
745 2709 971 2784 teniplo
997 2710 1325 2779 Domini,id'
1347 2715 1437 2768 est
1462 2716 1668 2768 sancta
1695 2712 1972 2782 Ecclesia,

317 2800 483 2873 justo
508 2798 734 2871 eiectus
762 2798 1013 2857 habetur
1038 2798 1322 2871 injustus,
1356 2800 1416 2856 in
1456 2817 1573 2873 quo
1619 2801 1818 2874 plures
1866 2819 1976 2859 sua

325 2900 505 2963 prava
530 2887 977 2945 conversatione.
988 2892 1164 2962 atque
1178 2889 1445 2946 doctrina
1460 2890 1857 2963 injustiﬁcans
1872 2891 1974 2947 diu

325 2977 549 3036 mansit
575 2976 899 3051 perniciose
931 2977 1196 3052 iniquus,
1217 2983 1275 3036 et
1302 2979 1516 3047 adhuc,
1549 2981 1704 3037 sicut
1734 2986 1976 3037 sanctus

325 3065 585 3124 Hilarius
627 3066 700 3124 de
749 3066 886 3124 Osio
932 3066 1093 3137 dicit,
1126 3067 1342 3125 idcirco
1390 3078 1482 3126 est
1519 3070 1868 3137 recervatus,
1903 3087 1975 3126 ne

316 3155 544 3228 judicio
572 3153 836 3212 humano
864 3154 1235 3229 ignoraretur
1264 3156 1459 3229 qualis
1489 3162 1626 3215 ante
1655 3159 1912 3215 vixisset.

2094 669 2183 721 est
2212 665 2389 735 Deus,
2423 666 2563 738 quia
2594 666 2757 721 unita
2786 670 2875 722 est
2904 664 3110 734 deitas,
3143 664 3299 721 sicut
3342 682 3445 737 per
3472 665 3729 739 singuias

2093 771 2375 827 personas
2389 754 2673 827 scriptum
2692 755 2878 811 est.Et
2892 754 3032 827 quia
3046 753 3244 809 nullus
3264 753 3421 810 Deus
3433 753 3545 809 nisi
3559 772 3727 824 unus,

2091 843 2180 899 vel
2210 843 2341 913 hoc,
2376 844 2541 908 Audi,
2571 844 2761 911 Israel,
2791 846 3054 901 Dominus
3085 847 3231 899 Deus
3260 850 3386 900 tuus
3416 845 3554 899 Deus
3590 860 3730 902 unus

2090 941 2171 990 est
2198 934 2372 1003 (Deut.
2404 951 2482 1001 vi,
2516 935 2593 1002 4).
2628 954 2657 982 »
2696 934 2768 988 Et
2797 933 2973 988 item:
3018 933 3308 988 Memento
3356 931 3586 988 unitum
3631 950 3730 989 no-

2092 1039 2228 1078 mon
2260 1021 2586 1079 divinitatis
2601 1038 2728 1078 esse
2752 1020 3002 1094 singulis
3023 1020 3319 1093 personis;
3349 1044 3371 1071 ι
3396 1020 3552 1094 quod
3570 1021 3729 1078 ineo-

2091 1111 2223 1167 dem
2252 1110 2403 1167 libro
2453 1111 2891 1184 Scripturarum
2941 1110 3286 1166 auctoritate
3316 1110 3647 1178 confirmat,
3677 1116 3734 1167 et

2090 1204 2223 1272 post
2250 1199 2353 1255 illa
2381 1199 2720 1256 testimonia
2747 1198 2889 1254 dicit
2922 1215 2936 1255 :
2970 1222 3000 1249 «
3032 1197 3207 1255 Vides
3238 1199 3297 1254 in
3327 1198 3421 1255 bis
3468 1200 3732 1273 personis

2090 1288 2322 1344 unitum
2353 1306 2481 1345 esse
2513 1305 2724 1344 nomen
2756 1287 3062 1344 Trinitatis
3092 1287 3153 1343 in
3183 1291 3414 1344 natura.
3437 1310 3466 1337 υ
3495 1289 3566 1345 Et
3593 1287 3732 1344 item

2088 1381 2222 1450 post
2240 1377 2411 1450 plura
2431 1376 2871 1449 Scripturarum
2900 1376 3294 1433 testimonia:«
3317 1376 3491 1433 Vides
3504 1394 3607 1449 per
3621 1376 3735 1433 sin-

2087 1465 2259 1540 gulas
2288 1464 3041 1538 signiﬁcationes,videlicet
3069 1464 3607 1537 personas,unitum
3632 1482 3733 1521 no-

2089 1571 2224 1611 men
2255 1554 2495 1611 deitatis
2522 1570 2626 1627 per
2665 1553 3031 1609 indicatum?
3055 1575 3084 1604 »
3119 1553 3189 1609 Et
3222 1558 3357 1626 post
3389 1553 3729 1627 aliquanta:

2088 1664 2121 1692 «-
2147 1641 2451 1714 Scriptum
2475 1641 2629 1698 482
2659 1644 2768 1707 est,
2801 1641 3002 1696 Enntes
3043 1642 3313 1713 baptizata
3343 1656 3530 1698 omnes
3555 1642 3739 1713 gentes

2088 1732 2150 1787 in
2176 1732 2415 1798 nomine,
2446 1733 2504 1785 et
2532 1729 2616 1785 sic
2647 1733 2994 1801 prosecutus
3038 1733 3147 1797 est,
3182 1731 3368 1787 Patris
3409 1738 3464 1787 et
3506 1731 3646 1787 Filii
3686 1732 3753 1788 et-

2087 1820 2328 1893 Spiritus
2350 1819 2528 1875 sancti
2574 1817 2785 1890 (Matth.
2817 1834 3016 1883 xxvm,
3049 1817 3158 1885 19).
3206 1817 3370 1875 Unde
3397 1818 3457 1873 in
3489 1818 3584 1875 bis
3612 1836 3737 1892 per-

2087 1909 2250 1966 sonis
2272 1925 2377 1981 per
2395 1906 2593 1964 omnia
2613 1906 2673 1962 in
2694 1906 2912 1963 deitate
2932 1904 3257 1962 divinitatis
3269 1906 3499 1964 unitum
3518 1910 3732 1964 numen

2086 2003 2196 2069 est,
2226 2002 2283 2053 et
2312 2013 2416 2069 per
2440 1996 2571 2069 ipsa
2600 1995 2839 2052 nomina
2870 1994 3179 2051 Trinitatis
3207 2000 3441 2053 tantum
3470 2012 3735 2069 personae

2086 2086 2375 2143 distinctae
2405 2090 2563 2141 sunt.
2601 2107 2628 2134 »
2660 2084 2730 2139 Et
2759 2087 2891 2157 post
2921 2092 3109 2156 pauca
3140 2100 3154 2139 :
3179 2106 3209 2134 α
3244 2085 3319 2141 Ut
3345 2084 3405 2141 in
3436 2086 3739 2159 baptismo

2087 2173 2318 2230 unitum
2351 2172 2672 2229 divinitatis
2704 2188 2918 2228 nomen
2949 2172 3113 2245 prius
3143 2173 3495 2243 conﬁtearis,
3536 2178 3606 2231 ut
3649 2193 3734 2232 re-

2085 2263 2329 2319 missam
2346 2262 2792 2335 peccatorumin
2816 2262 2908 2318 h‘is
2930 2263 3197 2335 personis
3217 2265 3494 2339 consequi
3517 2272 3738 2323 mereo

2085 2352 2222 2407 ris.»
2253 2353 2325 2408 Et
2352 2351 2554 2407 item:«
2585 2350 2760 2408 Vides
2790 2352 2930 2423 quia
2960 2352 3019 2406 in
3050 2350 3264 2409 deitate
3291 2356 3350 2411 et
3372 2354 3433 2410 in
3460 2356 3738 2414 subsunt

2082 2441 2165 2497 tia’
2191 2440 2575 2513 plenitudinis
2607 2457 2710 2513 per
2729 2440 2929 2497 omnia
2949 2450 3135 2496 unum
3154 2444 3379 2514 s'unt,et
3395 2442 3455 2505 in
3481 2446 3735 2501 nomini:-

2084 2529 2197 2586 bus
2224 2545 2608 2602 personarum
2640 2533 2759 2585 tres
2790 2533 2986 2586 sunt.»
3011 2531 3080 2585 Et
3105 2529 3165 2585 in
3198 2533 3631 2592 secundo-libro
3667 2536 3737 2592 d'e

2084 2617 2335 2692 propriis
2364 2617 2716 2690 personis,et
2746 2618 2817 2674 de
2839 2619 3002 2675 unito
3023 2619 3261 2677 nomine
3279 2620 3628 2694 divinitatis,
3646 2620 3741 2682 Ro-

2083 2706 2220 2778 gabo
2250 2709 2471 2763 Patrem
2495 2723 2699 2775 meum,
2726 2715 2779 2777 et
2802 2708 2983 2764 alium
3026 2710 3365 2781 paractetum
3402 2710 3557 2770 dabit
3586 2710 3757 2771 subit

2084 2796 2555 2867 (Joan.x1v,16).«
2588 2796 2745 2853 Scito
2773 2795 2956 2853 alium
2986 2798 3058 2854 ab
3088 2798 3349 2871 alio,sive
3376 2798 3633 2858 alterum
3664 2798 3738 2859 ab

2085 2885 2267 2942 altero
2279 2885 2339 2940 in
2352 2900 2603 2957 persona
2622 2889 2853 2941 tantum
2865 2885 3119 2955 differre,
3138 2891 3201 2944 et
3213 2892 3328 2945 non
3342 2888 3401 2944 in
3417 2889 3588 2946 unita
3609 2892 3738 2965 ple-

2084 2973 2352 3030 nitudine
2379 2972 2701 3029 divinitatis
2730 2974 3045 3031 usiai.Nam
3066 2975 3117 3032 si
3138 2977 3462 3034 secundum
3489 2981 3740 3036 nomina

2085 3062 2319 3136 singula
2348 3076 2733 3135 personarum
2762 3062 2910 3120 alter
2940 3064 3000 3120 in
3030 3064 3211 3122 altero
3243 3065 3371 3123 sine
3398 3067 3586 3125 dubio
3616 3050 3755 3125 dior

2084 3156 2298 3224 potest,
2329 3151 2596 3224 nunquid
2629 3152 2713 3208 sic
2742 3153 2887 3208 et'in
2919 3152 3085 3210 unita
3113 3154 3330 3212 deitate
3376 3155 3524 3212 alter
3575 3156 3738 3215 Deus

393 3244 611 3299 Contra
646 3245 821 3315 cujus
859 3226 1161 3301 mortifera
1188 3226 1431 3314 venena,
1478 3247 1696 3318 quibus
1735 3249 1972 3320 exspuit
2000 3226 2044 3292 (ἶ
2080 3245 2271 3314 potest
2300 3241 2665 3313 pernuntiari
2694 3242 2881 3309 Pater,
2906 3242 3078 3315 quasi
3106 3243 3182 3299 sit
3212 3245 3272 3300 in'
3304 3250 3513 3302 natura
3538 3247 3741 3303 diver-

322 3331 479 3403 (βαι
499 3330 815 3402 unicuique
826 3344 1086 3402 personae
1103 3347 1213 3388 sua
1224 3333 1483 3406 propria,
1501 3334 1750 3407 integra,
1774 3336 1968 3408 plena,

322 3418 697 3492 perfectaque
708 3418 787 3474 sit
796 3417 1200 3488 dcitas,etsola
1211 3424 1620 3478 tantummodo
1635 3423 1759 3479 Filii
1783 3425 1970 3482 deitas

322 3506 753 3564 Humanitatem
767 3508 1176 3581 assumpserit,
1193 3513 1435 3567 sanctus
1457 3511 1817 3570 Athanasius
1829 3516 1971 3571 dicit

324 3593 1296 3669 inveapit‘elibri‘primideTrinitate
1314 3615 1329 3654 :
1350 3623 1378 3649 «
1394 3601 1482 3657 Tu
1507 3617 1661 3657 unus
1689 3602 1842 3660 Deus
1865 3605 1967 3661 Pa-

323 3688 432 3752 tu,
455 3683 867 3758 etunigenitus
884 3684 984 3741 Dei
1013 3684 1213 3754 Filius,
1238 3686 1395 3742 Deus
1420 3687 1677 3760 Spiritus
1707 3695 1965 3759 sanctus,

324 3772 909 3846 quianamdeitatem
942 3773 1111 3829 nobis
1136 3774 1469 3842 dcclarasti,
1492 3780 1550 3833 et
1579 3794 1743 3834 sacro
1757 3784 1969 3835 sanctae

323 3859 508 3917 salius
519 3859 1169 3918 divinitatisindivisam
1192 3862 1438 3936 gloriam
1457 3866 1742 3934 revelasti,
1766 3872 1824 3922 et
1850 3886 1969 3940 pere

321 3946 791 4021 fectamgioriam
802 3948 1106 4006 Trinitatis
1118 3954 1283 4007 tuam
1296 3953 1711 4026 sempiternam
1726 3956 1973 4029 plenitu-

322 4037 970 4093 dinsmdemonstrasti.
987 4038 1120 4095 Ideo
1132 4041 1426 4112 optimum
1441 4042 1600 4109 duxi,
1616 4048 1680 4099 ut
1699 4048 1801 4100 tua
1821 4046 1971 4100 veri-

319 4124 1562 4199 Wfﬁtaclaresceretﬁthaareticorum
1574 4133 1804 4189 detecta
1815 4133 1974 4190 caeci-

319 4214 830 4272 tasinnoteSceret.
852 4238 872 4264 ιο
890 4215 1078 4271 Etboc
1089 4216 1373 4273 catholica
1383 4234 1488 4292 per
1498 4223 1685 4277 totum
1699 4220 1831 4277 libri
1846 4239 1970 4279 eor-

322 4320 553 4377 puszcou
561 4308 760 4359 texens
771 4303 844 4359 ad
859 4302 1054 4359 locum
1068 4304 1212 4360 dicit
1228 4305 1316 4374 (de
1326 4308 1478 4363 unita
1488 4310 1711 4365 nomine
1736 4311 1970 4367 Trinita-

320 4393 434 4464 ιὰ).
445 4415 476 4443 κ
488 4391 654 4448 Unde
667 4391 939 4465 quamvis
953 4391 1136 4448 in-hoc
1148 4392 1274 4449 l'oco
1287 4395 1519 4467 copiose
1532 4396 1655 4453 sint
1676 4398 1970 4470 signiﬁca-

320 4478 709 4548 tionesdictaa,
727 4484 925 4537 tamen
938 4481 1009 4536 ad
1025 4482 1255 4538 unitam
1284 4482 1648 4541 divinitatem
1669 4486 1973 4544 Trinitatis

2079 3346 2174 3386 ses
2205 3347 2241 3385 a
2268 3328 2497 3398 Filio,et
2525 3329 2673 3386 alter
2701 3331 2855 3386 Deus
2886 3336 3080 3404 potest
3106 3332 3221 3389 dici
3255 3333 3437 3392 Filius
3474 3351 3510 3391 a
3537 3332 3736 3403 Patre,

2079 3418 2249 3490 quasi
2282 3417 2448 3475 sitia
2474 3418 2689 3475 deitato
2718 3418 2945 3486 alter,et'
2976 3420 3127 3477 alius
3159 3422 3313 3479 Deus
3344 3428 3541 3496 potest
3552 3424 3739 3497 protl-

2078 3508 2185 3564 teri
2216 3507 2471 3580 Spiritus
2502 3509 2935 3581 sanctus,quasi
2969 3510 3047 3565 sit
3072 3510 3133 3565 in
3155 3511 3485 3568 substantia
3514 3510 3757 3570 diaeta--

2080 3602 2254 3670 pante
2285 3614 2319 3652 a
2349 3597 2517 3653 Patre
2542 3601 2601 3652 et
2634 3597 2814 3654 Filio?
2842 3597 2996 3653 absit
3028 3614 3041 3653 :
3076 3600 3216 3655 dum
3249 3601 3481 3656 unitum
3515 3617 3757 3659 nomen

2078 3685 2159 3741 sit
2186 3684 2247 3740 in
2279 3684 2364 3740 eis
2396 3685 2455 3739 in
2489 3702 2607 3741 una
2633 3701 2771 3741 vera
2795 3689 3102 3754 natura,ac
3121 3704 3225 3760 per
3250 3687 3361 3745 hoc
3382 3704 3540 3745 unus
3560 3706 3747 3747 verus

2079 3777 2168 3829 est
2198 3774 2408 3829 Deus.»
2440 3774 2511 3829 Et
2539 3778 2674 3846 post
2703 3791 2946 3846 paucam
2969 3775 3121 3832 Sane
3150 3776 3339 3834 deitas
3366 3782 3577 3835 eorum
3599 3796 3755 3837 cum

2081 3863 2159 3920 sit
2179 3862 2519 3929 unita,alter
2547 3860 2643 3918 hic
2671 3864 2825 3919 Deus
2856 3865 2931 3919 ab
2958 3863 3064 3920 illo
3089 3864 3205 3922 alio
3235 3867 3352 3923 Deo
3380 3869 3746 3926 Verbotenus

2080 3952 2193 4009 dici
2223 3971 2338 4008 non
2372 3952 2728 4025 potest,quia
2758 3953 2988 4009 unitum
3022 3972 3235 4011 nomen
3255 3961 3437 4024 est,et'
3460 3957 3523 4013 in
3556 3956 3745 4031 pleni-

2082 4041 2284 4098 tudine
2313 4040 2721 4109 divinitatis,et
2747 4041 2877 4098 idco
2908 4060 3062 4099 unus
3092 4046 3184 4100 est
3211 4045 3423 4101 Deus.»
3457 4046 3742 4104 Et'item:

2081 4153 2111 4181 ‹‹
2145 4131 2428 4186 Praeterea
2455 4128 2556 4185 ubi
2590 4128 2793 4186 nullus
2822 4147 2929 4187 nec
2959 4134 3370 4196 numerus.sed
3405 4138 3519 4191 nec
3535 4134 3748 4209 aliqua

2080 4218 2408 4276 differentia
2422 4217 2482 4273 in
2504 4218 2669 4275 unita
2686 4218 3051 4291 plenitudine
3070 4220 3303 4277 deitatis
3324 4220 3519 4279 Patris
3532 4226 3596 4279 et
3610 4223 3745 4280 Filii

2079 4312 2137 4365 et
2166 4306 2421 4380 Spiritus
2447 4306 2634 4363 sancti
2666 4307 2979 4376 invenitur,
3013 4309 3157 4364 dum
3188 4309 3445 4367 unus'in‘
3485 4310 3749 4368 alterius

2080 4398 2317 4455 nomine
2340 4396 2616 4453 distincte
2640 4396 2699 4451 in
2726 4397 3028 4454 divinitate
3047 4402 3106 4455 et
3125 4403 3321 4456 tamen
3344 4400 3751 4459 unitercbnﬁa

2080 4486 2653 4558 neturJnterrogatio.
2670 4485 2864 4541 Pande
2893 4485 3094 4559 itaque
3123 4488 3269 4543 mihi
3297 4490 3749 4562 quomodotres

319 4566 647 4660 evidentius
662 4572 803 4660 sunt
820 4569 1175 4660 approbata).
1199 4572 1459 4644 »Etpost
1472 4571 1810 4645 aliquanta:
1840 4578 1969 4631 «An
2000 4595 2050 4660 D
2081 4592 2266 4631 unum
2297 4578 2565 4644 sunt,aut
2590 4590 2776 4630 unum
2809 4579 2927 4631 tres
2958 4572 3748 4649 sunt.Responsio.Memenio

322 4656 581 4727 ignoras,
604 4654 818 4727 inquit,
847 4657 986 4728 quia
1005 4657 1172 4714 Pater
1202 4677 1356 4715 unus
1396 4661 1550 4717 Deus
1580 4666 1688 4731 est,
1713 4667 1772 4719 et
1793 4663 1974 4721 Filius

322 4760 481 4799 unus
510 4742 665 4799 Deus
693 4747 802 4811 est,
837 4748 897 4800 et
925 4744 1180 4817 Spiritus
1211 4751 1454 4803 sanctus
1486 4764 1638 4804 unus
1670 4750 1822 4807 Deus
1850 4753 1976 4808 est?

322 4832 527 4887 Nonne
558 4848 714 4887 unus
746 4832 899 4888 Deus
926 4835 1182 4901 est,dum
1200 4837 1430 4892 unitum
1460 4856 1673 4894 nomen
1692 4844 1781 4895 est
1800 4841 1855 4895 in
1878 4858 1976 4896 na-

323 4925 453 4976 tare
484 4917 673 4975 usis?
705 4920 801 4977 Sic
828 4925 885 4977 et
915 4939 1070 4979 unus
1100 4924 1357 4996 Spiritus
1386 4931 1494 4995 est,
1524 4928 1664 5000 quia
1695 4928 1859 4985 unita
1884 4934 1975 4986 est

321 5007 601 5079 ejusdem
614 5008 984 5065 'deitas.Nam
1009 5010 1060 5066 si
1088 5015 1154 5067 tu
1186 5029 1288 5083 per
1317 5013 1550 5087 singula
1579 5017 1819 5073 nomina
1841 5035 1974 5089 per-

322 5110 615 5153 sonarum
627 5096 860 5153 unitum
876 5115 1089 5155 nomen
1109 5101 1358 5173 spiritus
1377 5107 1465 5158 tor
1480 5104 1975 5177 designasti,nun-

322 5185 465 5258 quid
488 5188 616 5242 tres
646 5185 888 5258 spiritus
919 5187 1110 5245 dicere
1141 5192 1405 5262 oportet?
1418 5191 1767 5260 absit.Quod
1791 5194 1838 5249 si
1864 5194 1975 5250 hoc

323 5277 603 5345 potuerat
626 5272 897 5343 dici,tale
927 5281 1052 5332 erat
1080 5281 1146 5332 ut
1175 5281 1232 5333 et
1261 5279 1372 5335 hoc
1402 5278 1460 5334 in
1494 5282 1858 5339 confessione
1881 5283 1976 5338 de-

321 5360 937 5435 horetintroduci,tres
948 5366 1089 5421 deos
1112 5365 1323 5438 plurali
1348 5384 1591 5423 numero
1610 5372 1968 5443 nuncupari:

324 5452 395 5504 ut
408 5450 536 5521 jam
564 5466 681 5508 non
701 5457 856 5510 esset
883 5454 944 5509 in
967 5454 1060 5509 his
1078 5455 1345 5527 personis
1365 5454 1752 5514 unitanatura
1770 5460 1975 5515 divini-

323 5536 483 5605 tatis,
508 5539 608 5594 sed
638 5541 1048 5614 unusquisque
1073 5543 1132 5598 in
1154 5542 1389 5615 prOpria
1405 5543 1493 5599 vel
1515 5545 1743 5603 diversa
1764 5552 1973 5604 natura

324 5625 827 5697 εωιωωίειοι-θι,
859 5631 1016 5703 quod
1049 5630 1222 5688 absit.
1260 5653 1288 5681 ››
1312 5632 1383 5688 Et
1416 5631 1556 5689 item
1587 5635 1761 5706 paulo
1792 5640 1923 5708 post
1954 5655 1967 5693 :

2084 4664 2225 4738 quia
2255 4664 2422 4719 Pater
2451 4669 2509 4720 et
2540 4663 2723 4720 Filius
2747 4667 2805 4718 et
2834 4664 3089 4736 Spiritus
3117 4670 3356 4722 sanctus
3393 4671 3516 4724 tres
3542 4680 3747 4725 unum

2081 4756 2239 4821 sunt,
2273 4753 2373 4825 qui
2406 4753 2465 4807 in
2496 4757 2708 4809 natura
2737 4753 3044 4809 Trinitatis
3074 4755 3589 4814 consistuntJdeo
3619 4762 3751 4815 tres

2083 4858 2266 4897 unum
2297 4844 2457 4910 sunt,
2492 4841 2612 4897 sive
2643 4858 2827 4896 unum
2858 4846 2996 4897 tres.
3029 4842 3401 4914 Interrogatio.
3435 4839 3750 4901 Nimirum

2081 4929 2267 4985 divisa
2296 4934 2387 4985 est
2416 4929 2539 4985 hac
2568 4928 2940 4996 Trinitas,an
2966 4929 3217 4986 indivisa
3237 4936 3347 5000 est,
3364 4931 3545 4989 dicito
3563 4934 3750 4991 mihi.

2085 5017 2572 5091 Itesponsio.Plane
2587 5017 2775 5073 divisa
2794 5022 2886 5073 est
2906 5018 2965 5073 in
2987 5018 3329 5085 nominibus
3347 5023 3757 5095 tantum‘per—

2082 5107 2447 5174 sonarum,in
2478 5105 2694 5161 deitate
2723 5110 2918 5161 autem
2949 5106 3202 5163 indivisa
3225 5112 3332 5165 est.
3347 5110 3750 5179 Interrogatio.

2081 5196 2281 5253 Edicto
2314 5195 2458 5251 mihi
2491 5196 2784 5268 quomodo
2813 5195 3231 5269 interpretatur
3259 5198 3475 5254 unitas.
3504 5200 3759 5272 liam

2080 5288 2184 5351 sio,
2216 5284 2418 5341 Nescis
2447 5284 2588 5356 quia
2616 5301 2737 5340 una
2765 5289 2854 5341 est
2885 5285 3075 5342 Patris
3103 5290 3163 5342 et
3191 5285 3320 5343 Filii
3367 5291 3428 5343 et
3472 5287 3759 5360 Spiritus

2081 5374 2266 5430 sancti
2301 5372 2614 5429 divinitas?
2643 5374 3022 5446 Interrogatio.
3057 5374 3207 5440 Quid
3243 5370 3629 5449 signiﬁcatur
3654 5379 3761 5435 Vel

2080 5461 2425 5535 intelligitur
2454 5462 2514 5516 in
2546 5461 2655 5517 hoc
2685 5461 2812 5517 loco
2841 5462 3087 5518 natura?
3114 5463 3556 5536 ResponsioJ'loo
3574 5460 3763 5537 quod

2082 5550 2335 5607 sentitur
2360 5549 2575 5607 veritas
2601 5567 2669 5605 ac
2699 5551 2944 5608 dealitas
2976 5551 3097 5607 sive
3124 5553 3475 5621 substantia,
3507 5552 3584 5609 de
3614 5568 3787 5627 qua:

2082 5637 2261 5696 Graeci
2283 5638 2488 5693 dicunt
2514 5638 2665 5707 usia,
2698 5656 2828 5710 quae
2874 5643 2966 5695 est
2991 5638 3300 5697 manifeste
3329 5640 3499 5697 unita
3536 5641 3767 5715 pleni-
