3962 6178
206 268 308 327 545

1220 263 1322 322 DE
1369 263 1526 323 UNA
1573 262 1671 322 ET
1716 262 1872 323 NON
1916 263 2156 322 TlllNA
2202 264 2570 324 DEITATE.

3479 269 3597 328 διδ

205 399 332 466 tudo
351 395 1080 466 divinitatianterrogatio.
1107 393 1256 460 Quid
1279 398 1368 450 est
1399 412 1516 450 una
1546 394 1841 451 Trinitas?
1872 398 1925 462 Α
1955 418 1982 445 ‹‹
2017 395 2292 451 Dicamus
2316 395 2536 468 aliquid
2569 397 2640 451 de
2671 396 3008 469 Scripturis,
3043 415 3157 454 non
3185 397 3469 456 rationem
3501 417 3597 457 se-

205 487 498 558 Responsio.
523 485 735 556 Utique
759 484 897 556 quia
932 501 1046 539 una
1076 483 1236 538 estin
1263 483 1392 554 ipsa
1415 482 1697 539 Trinitate
1729 483 1842 555 ple-

207 576 395 638 nitudo
445 573 770 629 divinitatis
804 591 816 627 :
850 573 931 627 ita
979 577 1034 627 et
1084 572 1327 628 unitatis
1373 576 1592 627 natura:
1625 589 1837 627 nomen

206 666 380 728 uniter
409 663 470 719 in
503 663 789 722 Trinitate
821 662 1140 718 consistere
1163 661 1509 726 declaratur,
1544 662 1680 717 etin
1713 660 1840 731 ipsa

205 753 443 812 Trinitas
472 769 635 823 teque
666 768 769 823 per
799 750 1034 823 singula
1055 751 1294 806 nomina
1316 767 1696 822 personarum
1721 767 1838 821 per-

204 847 334 900 fecte
365 843 820 900 demonstratur.
855 863 882 891 η

260 935 324 988 Et
343 937 582 987 sanctus
603 930 862 986 Hilarius
885 931 942 985 in
965 930 1305 985 Commento
1339 928 1596 985 Matthzni
1616 929 1842 1000 (cortone
1896 982 1904 989 ,

201 1024 273 1093 26)
298 1040 310 1078 :
340 1046 366 1070 ε(
392 1022 515 1081 Duo
531 1025 730 1076 autem
746 1025 885 1078 sunt
905 1021 964 1074 in
986 1019 1132 1075 lecto
1145 1021 1411 1076 eamdem
1433 1017 1724 1091 passionis
1737 1019 1842 1072 Do-

203 1112 412 1172 mimica:
425 1127 524 1182 req
535 1110 688 1168 uiem
703 1109 1107 1182 praedicantes,
1121 1110 1274 1164 circa
1291 1126 1467 1180 quam
1481 1113 1539 1162 et
1551 1107 1842 1162 haeretico-

202 1217 315 1260 rum
337 1204 394 1258 et
413 1199 836 1257 catholicorum
858 1199 1061 1253 eadem
1085 1202 1263 1269 atque
1285 1215 1401 1252 una
1418 1196 1711 1252 confessio
1727 1199 1836 1250 est.

201 1289 294 1346 Sed
306 1288 448 1360 quia
458 1289 558 1344 uni
568 1292 744 1344 tatem
759 1286 944 1343 Patris
955 1291 1011 1342 et
1025 1286 1236 1355 Filii,ct
1247 1303 1622 1342 communem
1635 1301 1838 1341 eorum

203 1378 717 1448 throteiam,quam
751 1377 1027 1432 deitatem
1061 1375 1840 1448 nuncupamus,catholico-

203 1485 312 1524 rum
331 1467 543 1524 veritas
566 1466 926 1537 prmdicabit,
942 1470 998 1520 et
1019 1467 1284 1522 eamdem
1308 1483 1543 1520 rursum
1566 1463 1838 1538 plurimis

205 1558 342 1618 483
361 1554 739 1614 contumeliis
769 1555 1173 1611 hazreticorum
1197 1554 1424 1610 falsitas
1447 1554 1836 1626 impugnabit,

205 1645 400 1706 idcirco
419 1661 489 1699 ex
519 1644 752 1700 duobus
783 1643 838 1697 in
870 1643 1018 1699 lecto
1044 1642 1196 1699 alius
1227 1643 1580 1715 relinquitur
1608 1647 1666 1698 et
1687 1642 1839 1698 alius

203 1733 674 1806 assumitur,quia
693 1734 867 1790 {idem
892 1732 1274 1789 confessionis
1302 1731 1608 1804 utriusque
1628 1731 1689 1786 in
1723 1748 1838 1786 uno
1869 1771 1915 1834 Β

201 1824 538 1882 assumenda
568 1828 625 1878 et
658 1822 770 1880 alio
804 1822 1186 1894 relinquendo
1217 1821 1396 1877 divini
1437 1821 1660 1877 arbitrii
1682 1821 1841 1892 judi-

201 1915 338 1972 cium
360 1911 826 1986 comprohabit.»
851 1913 920 1967 Et
939 1910 1286 1966 Ambrosius
1309 1911 1366 1965 in
1390 1909 1578 1982 primo
1597 1910 1744 1966 libro
1767 1911 1838 1965 de

202 2003 318 2058 Fide
349 2002 469 2075 (tib.
504 2019 544 2071 ι,
569 2018 620 2057 c.
656 2000 708 2072 1)
745 2017 758 2056 :
793 2021 822 2050 (ί
844 1999 1137 2072 Scriptum
1160 2004 1272 2067 est,
1294 1999 1438 2054 Audi
1458 1999 1642 2067 Israel,
1659 2001 1839 2054 Domi-

195 2110 285 2151 nus
303 2092 441 2152 Deus
468 2098 598 2148 tuus
626 2091 766 2147 Deus
795 2105 939 2146 unus
969 2095 1046 2145 est
1074 2089 1249 2161 (Deut.
1272 2107 1346 2157 γι,
1379 2089 1454 2157 4).
1481 2088 1634 2144 Deus
1677 2088 1835 2143 enim

200 2188 247 2237 et
269 2181 552 2238 Dominus
583 2195 797 2235 nomen
828 2179 1298 2251 magniﬁcentia,
1335 2193 1547 2233 nomen
1595 2179 1685 2232 est
1734 2193 1834 2248 po-

201 2269 600 2335 testatis,sicut
632 2268 758 2339 ipse
787 2267 930 2324 dicit
963 2283 976 2321 :
1012 2266 1296 2323 Dominus
1327 2267 1481 2322 Deus
1512 2281 1721 2320 nomen
1745 2269 1836 2321 est

202 2357 327 2417 mihi
353 2376 368 2414 :
391 2362 448 2413 et
467 2357 625 2412 sicut
655 2355 794 2412 alibi
816 2356 1100 2428 propheta
1141 2355 1368 2422 asserit,
1401 2356 1664 2410 Dominus
1693 2355 1833 2410 Deus

196 2448 514 2518 armipotens
539 2462 736 2504 nomen
763 2453 842 2501 est
867 2447 922 2501 ei
951 2445 1142 2516 (Exod.
1172 2462 1266 2513 xv,
1288 2446 1364 2512 3).
1389 2444 1674 2500 Dominus
1696 2460 1832 2516 ergo

196 2541 244 2591 et
261 2534 534 2602 Deus,vel
569 2535 726 2606 quod
749 2534 1084 2590 dominetur
1105 2534 1402 2601 omnibus,
1421 2533 1508 2588 vel
1532 2534 1685 2604 quod
1709 2550 1834 2605 spe-

192 2624 524 2690 cletomnia,
538 2629 598 2678 et
627 2623 904 2679 timeatur
923 2641 957 2678 a
971 2622 1220 2678 cunctis.
1237 2622 1297 2677 Si
1324 2638 1460 2694 ergo
1484 2639 1634 2676 unus
1654 2622 1827 2688 Deus,

194 2730 360 2772 unum
393 2729 632 2781 nomen,
652 2730 770 2768 una
800 2717 1080 2783 potestas,
1105 2729 1224 2767 una
1244 2716 1334 2766 est
1356 2710 1636 2781 Trinitas.
1664 2709 1829 2765 Deni-

193 2818 290 2874 que
317 2803 493 2858 dicit:
527 2802 603 2858 Ite
625 2802 955 2874 baptimntes
989 2802 1046 2855 in
1075 2801 1295 2856 nomine
1323 2800 1505 2854 Patris
1535 2807 1587 2854 et
1622 2799 1754 2854 Filii
1780 2806 1833 2854 et

190 2894 418 2964 Spiritus
444 2893 621 2949 saacti
649 2890 853 2963 (Matth.
876 2906 1071 2955 xxvm,
1101 2888 1205 2958 19).
1229 2889 1293 2944 In
1327 2888 1562 2943 nomine
1602 2887 1826 2959 utique,

191 2997 294 3038 non
341 2981 400 3036 in
451 2979 814 3039 nominibus.
844 2978 972 3051 Ipse
1021 2977 1197 3033 etiam
1248 2975 1409 3045 dicit,
1437 2977 1546 3047 Ego
1589 2984 1639 3032 et
1667 2978 1830 3031 Pater

190 3087 351 3128 unum
377 3086 568 3126 sumus
599 3069 780 3141 (Joan.
811 3085 867 3137 x,
891 3069 1003 3136 30).
1033 3068 1208 3123 Unum
1225 3065 1390 3131 dixit,
1407 3082 1479 3120 ne
1499 3065 1600 3120 ﬁat
1618 3064 1826 3120 discre-

1948 502 2098 556 quen
2110 487 2322 552 tes,sed
2339 485 2741 540 auctoritatem
2759 485 2982 540 Domini
2999 487 3598 546 salvatoris.Christus

1949 573 2089 626 dicit.
2121 590 2472 628 ascensurus
2520 575 2592 629 ad
2642 575 2837 644 oculos,
2866 575 2938 628 ad
2987 575 3281 646 apostolos
3329 577 3595 650 loquens,

1948 661 2164 732 quibus
2197 663 2470 733 praedicat
2503 668 2562 716 ut
2585 664 2865 734 magister
2895 668 2951 718 et
2981 664 3286 720 Dominus.
3310 665 3490 722 Nemo
3512 668 3598 724 sic

1949 751 2108 805 novit
2137 752 2207 804 de
2240 756 2447 806 natura
2479 770 2586 806 sua
2615 751 3134 823 dicere,quomodo
3166 753 3290 824 ipse
3321 754 3420 824 qui
3444 754 3598 810 Deus

1949 845 2057 894 est.
2086 840 2263 894 Nobis
2297 845 2490 894 autem
2525 841 2779 895 sut‘tieiat
2820 839 2969 895 scire
3011 840 3083 898 de
3129 839 3412 896 Trinitate
3441 843 3610 913 quod

1949 928 2233 982 Dominus
2259 945 2541 1000 exponere
2573 930 2849 1000 dignatus
2873 933 2980 985 est.
3001 929 3149 993 Quid
3179 946 3316 1002 ergo
3344 929 3489 985 dicit
3525 930 3596 985 ad

1947 1018 2280 1089 apostolos?
2321 1020 2414 1088 Ite,
2468 1018 2732 1091 baptizata
2787 1035 2972 1074 omnes
3027 1027 3208 1087 gentes
3263 1021 3324 1074 in
3379 1020 3601 1076 nomine

1947 1109 2132 1161 Patris
2159 1115 2211 1162 et
2254 1108 2385 1162 Filii
2424 1115 2473 1166 ct
2511 1109 2751 1179 Spiritus
2796 1110 2974 1163 sancti
3012 1107 3213 1179 (Matth.
3256 1124 3450 1175 xxvni,
3486 1108 3596 1177 19).

1949 1193 2085 1249 Tria
2115 1195 2354 1250 nomina
2383 1195 2576 1263 audio,
2601 1201 2659 1250 et
2706 1213 2893 1251 unum
2942 1196 3156 1251 dicitur
3204 1213 3436 1252 nomen.
3471 1195 3596 1252 Non

1947 1283 2262 1338 enimdixit
2286 1283 2343 1337 in
2367 1284 2836 1355 nominibus,sed
2857 1284 2916 1339 in
2941 1284 3341 1340 nomine.Tria
3360 1284 3600 1342 nomina

1948 1371 2110 1437 dicit,
2143 1377 2200 1426 et
2231 1373 2522 1443 quomodo
2553 1390 2736 1427 unum
2771 1373 2953 1444 ponit,
2973 1373 3032 1427 in
3069 1373 3302 1429 nomine
3324 1374 3511 1428 Patris
3541 1377 3601 1428 et

1950 1461 2075 1514 Filii
2108 1464 2165 1514 et
2196 1460 2450 1532 Spiritus
2497 1461 2721 1516 sancti?
2762 1462 2983 1516 Nomen
3041 1461 3228 1516 Patris
3266 1466 3322 1515 et
3369 1461 3496 1516 Filii
3541 1466 3600 1520 et

1948 1550 2202 1622 Spiritus
2225 1551 2410 1605 sancti
2436 1569 2618 1606 unum
2641 1552 2856 1617 est,eed
2881 1550 3186 1608 Trinitatis
3207 1555 3296 1606 est
3315 1553 3468 1609 484
3502 1560 3601 1607 no-

1949 1655 2103 1694 men.
2130 1640 2291 1706 Quod
2325 1639 2540 1695 dicitur
2570 1640 2626 1695 in
2665 1640 2900 1695 nomine
2935 1639 3122 1695 Patris
3145 1639 3342 1712 Dei,in
3362 1641 3600 1695 nomine

1949 1729 2074 1784 Filii
2108 1729 2230 1796 Dei,
2262 1729 2320 1784 in
2355 1729 2589 1785 nomine
2620 1729 2872 1802 Spiritus
2895 1729 3082 1786 sancti
3100 1729 3222 1800 Dei,
3243 1729 3408 1786 Pater
3426 1734 3484 1785 et
3506 1729 3596 1784 F-i-

1950 1817 2064 1873 lius
2081 1823 2136 1873 et
2159 1819 2414 1892 Spiritus
2435 1824 2676 1875 sanctus
2701 1835 2883 1874 unum
2907 1835 3119 1874 nomen
3143 1823 3232 1874 est
3251 1818 3594 1875 divinitatis.

1948 1908 2058 1963 Sed
2093 1907 2342 1980 requiris
2370 1925 2403 1964 a
2434 1925 2526 1963 me
2558 1908 2850 1980 quomodo
2877 1925 2994 1963 uno
3017 1908 3252 1964 nomine
3268 1912 3387 1964 tres
3408 1906 3599 1980 appel-

1947 1994 2163 2061 lantur,
2197 1997 2412 2063 nescio,
2444 2001 2500 2051 et
2529 1996 2708 2052 libere
2741 2013 2832 2051 me
2863 1997 3088 2052 nescire
3118 1997 3394 2069 profiteor
3440 1998 3597 2068 quod

1945 2084 2210 2141 Christus
2243 2084 2429 2140 noluit
2451 2084 2727 2141 indicare.
2751 2086 2868 2141 Hoc
2899 2085 3089 2142 solum
3115 2085 3256 2153 scio,
3283 2084 3422 2158 quia
3449 2089 3507 2140 et
3537 2085 3596 2143 in

1946 2173 2053 2228 hoc
2083 2191 2216 2229 sum
2248 2175 2792 2247 Christianus,quia
2815 2193 3000 2231 unum
3023 2176 3208 2230 Deum
3229 2175 3286 2229 in
3313 2174 3598 2231 Trinitate

1943 2263 2240 2318 conﬁteor.
2276 2264 2334 2318 Si
2386 2268 2580 2319 autem
2634 2265 2854 2335 dixero,
2889 2281 3068 2319 unam
3119 2280 3429 2336 personam
3469 2279 3599 2319 esse

1945 2351 2130 2406 Patris
2149 2356 2206 2406 et
2228 2352 2356 2407 Filii
2377 2357 2435 2407 et
2456 2352 2710 2424 Spiritus
2733 2352 3243 2420 sancti,Sabellian
3254 2370 3322 2408 us
3346 2350 3598 2425 appella-

1943 2440 2066 2507 hor,
2100 2446 2157 2496 et
2185 2440 2401 2513 incipio
2434 2459 2549 2497 non
2581 2458 2708 2498 esse
2756 2442 3143 2507 Christianus,
3181 2442 3282 2497 sed
3331 2441 3593 2496 Judzeus.

1942 2531 2088 2596 Quia
2107 2531 2348 2586 Judzeus
2363 2548 2548 2586 unum
2561 2532 2745 2586 Deum
2764 2531 2989 2599 dicit,et
3005 2530 3144 2603 quia
3166 2531 3392 2586 Patrem
3409 2531 3595 2586 nescit

1939 2626 1996 2673 et
2016 2620 2223 2674 Filium
2243 2624 2301 2674 et
2321 2620 2605 2691 Spiritum
2625 2624 3231 2692 sanctum,propterea
3252 2620 3597 2692 mysterium

1941 2725 2054 2763 non
2078 2712 2235 2764 tenet
2256 2708 2580 2763 Trinitatis.
2598 2710 2746 2779 Ergo
2770 2708 2819 2762 si
2841 2708 2926 2763 sic
2943 2708 3198 2764 dicimus
3212 2726 3394 2764 unum
3412 2709 3596 2765 Deum

1940 2801 2004 2851 ut
2019 2797 2244 2852 Patrem
2259 2802 2316 2854 et
2335 2797 2544 2852 Filium
2559 2801 2618 2852 et
2631 2797 2915 2868 Spiritum
2928 2801 3200 2852 sanctum
3217 2796 3596 2853 excludamus

1939 2903 1973 2940 a
2002 2883 2277 2958 mysterio
2309 2885 2638 2956 Trinitatis,
2679 2885 2866 2941 Judaei
2898 2884 3208 2940 efﬁcimus.
3240 2885 3389 2957 Ergo
3417 2885 3598 2942 libere

1937 2973 2086 3038 dico,
2105 2991 2217 3028 non
2237 2991 2302 3029 ex
2327 2991 2419 3029 me
2443 2974 2542 3030 sed
2567 2973 2855 3029 sententia
2892 2972 3229 3038 Salvatoris,
3247 2972 3594 3028 scandalum

1936 3062 2090 3132 quod
2107 3063 2372 3117 inanimo
2386 3061 3268 3132 nasciturauditoris,quomodo
3280 3065 3397 3116 tres
3410 3076 3595 3116 unum

191 3159 263 3215 tio
294 3137 634 3231 potestatis:
657 3174 847 3214 sumus
879 3156 1123 3224 addidit,
1141 3159 1207 3211 ut
1238 3154 1466 3210 Patrem
1496 3153 1825 3224 Filiumque
1855 3137 1900 3204 C
1937 3149 2074 3217 sint,
2109 3152 2401 3222 quomodo
2435 3152 2602 3206 Pater
2629 3155 2687 3206 et
2730 3149 2910 3206 Filius
2952 3153 3009 3205 et
3055 3148 3311 3222 Spiritus
3358 3152 3596 3205 sanctus

191 3264 518 3321 cognoscas,
545 3249 698 3319 quod
731 3247 1023 3319 perfectus
1053 3245 1222 3302 Pater
1249 3244 1568 3316 perfectum
1620 3241 1830 3298 Filium

191 3337 452 3407 genuisse
479 3338 770 3404 credatur,
793 3340 850 3392 et
872 3336 1039 3391 Pater
1059 3351 1125 3402 ac
1151 3333 1330 3389 Filius
1353 3350 1538 3388 unum
1559 3331 1699 3400 sint,
1715 3349 1832 3388 non

190 3443 564 3496 personarum
608 3425 970 3494 confusione,
1005 3424 1106 3480 sed
1164 3423 1387 3478 unitate
1429 3428 1670 3478 natura}.
1705 3443 1734 3470 »
1764 3421 1835 3476 Et

191 3515 315 3572 item
335 3520 476 3587 (cap.
499 3515 554 3586 2)
588 3533 602 3570 :
633 3538 661 3564 ‹‹
687 3514 879 3570 Unum
909 3530 1045 3586 ergo
1062 3513 1269 3578 Deum,
1286 3528 1400 3566 non
1425 3511 1571 3566 duos
1591 3515 1690 3565 aut
1713 3516 1833 3582 tres

192 3603 328 3661 Deos
348 3605 626 3671 dicimus,
642 3609 705 3659 ut
734 3604 914 3675 impia
935 3602 1282 3658 Arianorum
1304 3600 1543 3655 hznresis
1565 3601 1706 3654 dum
1730 3599 1834 3655 cri-

195 3694 440 3750 minatur
457 3694 728 3750 incurrit.
753 3695 894 3748 Tres
923 3692 1080 3746 enim
1104 3692 1253 3746 Deos
1273 3689 1432 3754 dicit,
1448 3689 1548 3761 qui
1569 3689 1835 3744 divinita-

193 3786 298 3839 tem
318 3789 552 3856 separat
580 3781 904 3838 Trinitatis.
931 3803 958 3832 »
985 3782 1052 3836 Et
1071 3779 1434 3851 Augustinus
1450 3779 1510 3832 in
1531 3777 1680 3833 libro
1703 3795 1832 3833 cons

191 3876 272 3928 tra
300 3873 562 3945 quinque
610 3872 858 3927 haereses
892 3887 905 3924 :
942 3890 970 3921 ‹‹
1002 3869 1124 3936 Dic,
1158 3869 1359 3924 doctor
1408 3884 1596 3935 meus,
1631 3871 1832 3922 sancte

193 3959 374 4028 Paule,
393 3962 534 4018 doce
563 3961 742 4016 divini
784 3957 1147 4031 jurisperitc,
1175 3956 1376 4030 sponsi
1408 3956 1613 4013 amice.
1647 3957 1831 4012 Homo

193 4047 289 4104 iste
304 4051 477 4107 modo
501 4049 674 4114 venit,
691 4049 980 4104 mundum
1004 4046 1372 4112 subvertit,et
1388 4045 1521 4102 tidei
1545 4046 1831 4102 unitatem

190 4138 414 4202 scindit,
429 4139 775 4193 Trinitatem
798 4135 1059 4192 dividit.»
1083 4137 1152 4190 Et
1173 4135 1312 4194 item
1336 4138 1468 4206 post
1489 4133 1826 4205 aliquanta:

189 4247 214 4273 ε(
244 4226 506 4283 Diximus
538 4227 610 4282 de
632 4227 797 4282 Patre
818 4230 875 4280 et
897 4224 1038 4281 Filio
1062 4225 1218 4296 quod
1241 4223 1562 4295 potuimus,
1578 4227 1636 4277 et
1653 4239 1835 4293 quan-

187 4317 307 4369 tum
331 4315 659 4387 potuimus,
681 4315 731 4370 si
755 4320 949 4370 tamen
974 4313 1194 4385 aliquid
1227 4313 1400 4385 digne
1431 4309 1833 4384 potuimus,de

183 4402 397 4474 Spiritu
424 4409 627 4460 sancto
649 4404 967 4473 tacuimus,
987 4403 1087 4458 sed
1120 4419 1234 4456 non
1257 4418 1390 4456 cum
1409 4400 1828 4472 separavimus.

1943 3257 2057 3295 non
2081 3241 2419 3297 dividantur
2439 3241 2497 3296 in
2519 3239 2947 3308 divinitate,sed
2973 3240 3032 3294 in
3053 3256 3434 3312 personarum
3459 3255 3599 3311 qua-

1943 3329 2122 3384 litate.
2149 3330 2629 3402 Quandocumque
2647 3344 2928 3401 personas
2944 3327 3342 3402 appello,rogo
3359 3345 3460 3384 vos
3481 3346 3596 3384 non

1944 3435 2036 3473 me
2070 3419 2349 3490 reputetis
2379 3435 2663 3490 personas
2695 3417 3003 3472 hominum
3030 3417 3374 3490 dicere.Ego
3394 3434 3598 3490 perso-

1942 3525 2050 3564 nas
2071 3507 2131 3562 in
2156 3508 2322 3562 Patre
2345 3512 2400 3562 et
2423 3506 2566 3562 Filio
2586 3511 2642 3561 et
2661 3506 2882 3577 Spiritu
2904 3509 3106 3562 sancto
3123 3522 3238 3561 non
3270 3499 3398 3562 dico
3427 3507 3596 3578 quasi

1942 3614 2221 3669 personas
2254 3595 2584 3652 hominum.
2612 3595 2800 3650 Patris
2830 3611 3141 3666 personam
3173 3593 3322 3665 dico,
3342 3595 3481 3667 quia
3501 3596 3598 3651 Pa-

1941 3690 2030 3741 ter
2057 3690 2165 3751 est,
2181 3689 2238 3739 et
2270 3685 2396 3740 Filii
2442 3684 2583 3756 quia
2632 3683 2814 3740 Filius
2864 3687 2972 3749 est,
3006 3687 3065 3738 et
3105 3681 3360 3755 Spiritus
3409 3684 3595 3739 sancti

1941 3775 2080 3846 quia
2110 3774 2361 3847 Spiritus
2393 3778 2633 3830 sanctus
2664 3777 2770 3828 est.
2791 3773 2915 3828 Non
2947 3776 3036 3828 est
3067 3772 3234 3828 Pater
3267 3771 3467 3840 Filius,
3493 3789 3596 3828 nec

1943 3864 2125 3920 Filius
2148 3865 2334 3932 Pater,
2357 3880 2461 3918 nec
2494 3863 2747 3936 Spiritus
2778 3866 3020 3917 sanctus
3052 3862 3219 3917 Pater
3247 3864 3349 3917 aut
3393 3861 3594 3918 Filius.

1942 3953 2288 4009 Dividuntur
2317 3953 2474 4008 enim
2506 3951 2980 4024 proprietatibus,
3015 3951 3115 4005 sed
3146 3955 3357 4006 natura
3375 3950 3599 4006 socian-

1938 4047 2055 4097 tur.
2083 4065 2110 4092 »
2135 4042 2276 4097 Item
2304 4041 2362 4096 in
2392 4041 2504 4098 alio
2535 4057 2804 4097 sermone
2833 4041 2905 4095 de
2939 4039 3076 4095 Fide
3107 4044 3310 4096 contra
3349 4040 3602 4096 Arianae

1941 4136 1999 4187 et
2028 4130 2421 4187 Sabellianos:
2451 4152 2477 4180 α
2500 4130 2614 4185 Nec
2635 4134 2724 4185 est
2744 4145 2985 4201 prorsus
3007 4127 3222 4200 aliquis
3239 4128 3297 4183 in
3311 4127 3598 4183 Trinitate

1940 4222 2179 4294 gradus,
2200 4219 2344 4274 nihil
2367 4219 2521 4290 quod
2547 4217 2790 4273 inferius
2817 4215 3198 4288 specialiusve
3220 4217 3334 4271 dici
3365 4219 3591 4288 potest:

1941 4311 2023 4366 ita
2053 4314 2173 4364 tota
2201 4309 2390 4364 deitas
2421 4325 2529 4364 sua
2576 4305 2929 4378 perfectione
2978 4303 3219 4377 aequalis
3249 4309 3358 4372 est,
3383 4309 3468 4372 ut,
3499 4321 3595 4359 ex-

1941 4400 2125 4472 ceptis
2155 4397 2452 4454 vocabulis
2476 4414 2602 4468 qua
2635 4393 3049 4468 proprietatem
3090 4409 3473 4465 personarum
3513 4391 3600 4447 in-

183 4491 472 4565 Qnidquid
503 4493 661 4549 enim
685 4493 756 4548 de
778 4493 947 4548 Patre
974 4497 1031 4548 et
1070 4489 1214 4546 Filio
1235 4490 1514 4557 diximus,
1546 4489 1725 4546 etiam
1760 4491 1833 4544 de
1863 4508 1909 4572 Ι)
1942 4490 2160 4556 dicant,
2193 4486 2482 4560 quidquid
2505 4485 2576 4540 de
2608 4501 2725 4539 una
2757 4499 3006 4572 persona
3035 4481 3269 4549 dicitur,
3303 4480 3374 4572 de
3404 4480 3599 4536 tribus

181 4580 400 4654 Spiritu
430 4586 634 4639 sancto
655 4581 932 4637 diximus.
957 4581 1060 4636 Est
1078 4580 1236 4636 enim
1256 4580 1316 4635 in
1339 4580 1458 4636 illis
1479 4585 1538 4635 et
1557 4597 1692 4635 cum
1717 4579 1834 4634 illis

181 4670 440 4742 aqualis,
473 4689 628 4728 unus
661 4689 776 4728 non
824 4671 1018 4727 minor
1064 4675 1167 4727 aut
1212 4669 1419 4726 tertius
1469 4670 1643 4725 Deus.
1679 4667 1826 4735 Quid

179 4760 370 4816 adhuc
389 4761 581 4828 dicam
604 4761 924 4836 fatigatus?
947 4761 1054 4828 Qui
1077 4761 1362 4833 Spiritum
1385 4763 1654 4816 sanctum
1675 4776 1709 4814 a
1731 4759 1830 4813 Pa-

181 4853 260 4903 tre
279 4855 341 4906 et
374 4850 536 4919 Filio,
569 4853 912 4919 mternitate,
945 4855 1003 4907 et
1035 4851 1397 4920 substantia,
1427 4848 1515 4904 vel
1564 4865 1825 4904 commu-

179 4939 351 4996 nione
382 4946 630 5014 separat,
658 4946 716 4998 et
741 4941 841 5015 qui
875 4945 1047 5015 negat
1078 4940 1351 5014 spiritum
1382 4956 1510 4996 esse
1556 4939 1742 4996 Patris
1771 4941 1828 4994 et

179 5028 326 5094 Filii,
365 5029 570 5101 plenus
600 5036 690 5087 est
719 5032 929 5103 spiritu
980 5031 1308 5096 immundo,
1341 5045 1562 5085 vacuus
1607 5026 1824 5099 Spiritu

176 5123 406 5173 sancto.
439 5120 570 5176 Ideo
594 5120 752 5176 enim
785 5122 938 5176 Deus
967 5121 1185 5176 dicitur
1214 5119 1488 5187 charitas,
1523 5118 1664 5190 quia
1713 5134 1828 5172 non

174 5207 442 5276 partibus
471 5209 678 5264 dividit
705 5209 1011 5278 unitatem,
1035 5210 1135 5265 sed
1164 5207 1538 5263 ineiI‘abiliter
1562 5204 1831 5277 coagulat

173 5295 518 5353 trinitatem.
536 5299 670 5370 Ipsa
699 5302 789 5354 est
817 5299 976 5355 enim
999 5298 1254 5354 Trinitas
1275 5314 1429 5352 unus
1460 5293 1829 5362 Deus,turris

171 5384 542 5443 fortitudinis
559 5405 596 5444 a
610 5388 754 5443 facie
775 5387 1021 5452 inimici,
1037 5387 1135 5459 qui
1157 5387 1459 5442 credentes
1481 5384 1538 5438 in
1561 5400 1622 5439 se
1641 5388 1832 5439 custo-

171 5473 258 5528 dit
301 5475 368 5530 in
417 5475 632 5532 saecula
661 5477 1027 5540 stimulorum.
1052 5499 1081 5527 »
1111 5476 1179 5530 Et
1221 5475 1362 5530 item
1400 5473 1556 5529 idem
1588 5477 1830 5529 sanctus

169 5564 544 5640 Augustinus
571 5565 634 5623 in
665 5582 934 5625 sermone
967 5568 1038 5623 de
1069 5567 1182 5624 ﬁde
1230 5568 1432 5628 contra
1478 5563 1780 5621 haereticos
1812 5580 1826 5621 :

1945 4577 2292 4650 dignissime
2341 4574 2529 4646 possit
2574 4571 2850 4644 intelligi;
2887 4576 3062 4642 atque
3104 4574 3171 4626 ut
3223 4571 3598 4626 confutantes

1935 4668 2138 4727 Arium
2171 4681 2350 4720 unam
2399 4663 2784 4733 eamdemque
2833 4659 3087 4716 dicimus
3134 4659 3438 4716 Trinitatis
3469 4675 3596 4716 esse

1937 4756 2353 4824 substantiam,
2386 4757 2443 4809 et
2473 4769 2659 4808 unum
2707 4750 2768 4806 in
2816 4750 3007 4807 tribus
3048 4750 3315 4825 personis
3345 4749 3599 4806 fatemur

1935 4850 2120 4905 Deum
2153 4864 2165 4902 :
2197 4846 2279 4900 ita
2335 4843 2698 4916 impietatem
2755 4841 2994 4898 Sabellii
3055 4840 3436 4909 declinantes,
3476 4843 3596 4896 tres

1936 4954 2218 5010 personas
2250 4951 2555 5007 expressas
2587 4933 2678 4989 sui
2725 4932 3078 5005 proprietate
3121 4929 3546 5006 distinguimus
3578 4945 3590 4983 :

1936 5045 2051 5082 non
2086 5026 2279 5098 ipsum
2308 5023 2419 5079 sibi
2438 5024 2686 5089 Patrem,
2709 5022 2906 5094 ipsum
2933 5021 3172 5087 Filium,
3191 5022 3387 5093 ipsum
3407 5016 3595 5090 Spiri-

1938 5121 2066 5171 tum
2098 5117 2368 5170 sanctum
2390 5130 2516 5168 esse
2539 5113 2828 5180 dicentes;
2853 5111 2956 5168 sed
2979 5110 3154 5166 aliam
3191 5107 3396 5175 Patris,
3417 5106 3591 5160 aliam

1941 5205 2088 5270 Filii,
2106 5203 2278 5258 aliam
2303 5201 2555 5274 Spiritus
2575 5201 2760 5256 sancti
2785 5218 2912 5256 esse
2929 5214 3260 5272 personam.
3289 5196 3412 5250 Non
3435 5192 3591 5248 enim

1939 5294 2178 5349 nomina
2198 5291 2736 5358 tantummodo,sed
2755 5290 2930 5345 etiam
2954 5287 3259 5344 nominum
3278 5281 3594 5355 proprieta-

1937 5383 2139 5450 tem,id
2167 5387 2254 5438 est
2275 5397 2554 5454 personas
2576 5380 2925 5435 confitemur
2946 5393 2960 5431 :
2985 5393 3088 5432 nec
3111 5375 3278 5430 Pater
3313 5369 3440 5427 Filii
3489 5373 3592 5426 aut

1939 5472 2194 5544 Spiritus
2226 5471 2412 5526 sancti
2465 5485 2772 5542 personam
2819 5464 3133 5536 aliquando
3176 5459 3451 5528 excludit,
3486 5475 3590 5516 nec

1939 5577 2147 5619 rursus
2177 5560 2358 5617 Filius
2407 5563 2508 5616 aut
2553 5557 2807 5631 Spiritus
2851 5557 3092 5611 sanctus
3141 5549 3326 5609 Patris
3376 5565 3624 5609 nomen-
