3962 6178
375 239 493 298 547

1311 221 1696 285 HINCMARI
1745 219 2194 282 RHEMENSIS
2238 218 2856 282 ARCHIEPISCOPI.

3618 223 3716 288 848

376 375 806 437 personamque
835 356 1058 429 recipit,
1081 357 1190 411 Sed
1213 355 1379 410 Pater
1398 370 1629 427 semper
1646 351 2023 418 Pater,Filius
2049 352 2102 418 Α
2133 349 2385 422 implens
2417 351 2822 424 personas,sed
2844 351 2904 406 in
2928 365 3272 424 unaquaque
3289 347 3526 410 existens
3545 353 3721 426 plenis-

376 467 608 522 semper
651 447 855 512 Filius,
889 446 1143 519 Spiritus
1196 448 1436 500 sanctus
1495 459 1726 513 semper
1770 441 2023 513 Spiritus
2135 437 2308 508 sima,
2339 441 2397 493 et
2425 456 2544 494 una
2582 455 2953 510 permanens,
2986 437 3120 492 licet
3165 438 3224 492 in
3271 437 3450 494 tribus
3491 443 3721 512 personis

374 541 638 596 sanctus.
671 538 875 609 Itaque
907 533 1238 591 substantia
1267 549 1451 589 unum
1485 535 1642 598 sunt,
1675 530 1939 602 personis
1956 547 2022 585 ac
2133 531 2585 594 monstretur.et
2611 528 2684 582 ad
2707 529 2950 583 deorum
2973 527 3402 584 multitudinem
3430 545 3719 600 excurrens,

373 625 714 684 nominibus
747 624 1209 696 distinguuntur.
1238 645 1264 670 »
1297 622 1366 676 Et
1395 621 1534 676 item
1567 623 1806 676 sanctus
1833 619 2024 690 Augu-

375 714 569 772 stinus
599 713 659 768 in
687 712 836 768 libro
865 710 1056 784 primo
1089 711 1228 782 (cap.
1257 708 1308 781 4)
1339 709 1409 764 de
1460 706 1744 763 Trinitate
1777 723 1790 760 :
1825 729 1852 756 «
1885 704 2020 760 Om-

373 821 478 860 nes
507 820 656 876 quos
683 801 872 873 legere
901 799 1084 872 potui,
1115 797 1214 871 qui
1246 802 1381 853 ante
1411 813 1502 852 me
1548 795 1911 866 scripserunt
1951 793 2024 848 de

374 893 679 958 Trinitate,
717 907 843 962 qua:
875 893 966 944 est
1001 893 1172 956 Deus,
1205 886 1534 942 divinorum
1565 883 1848 940 librorum
1877 885 2024 937 vete-

373 999 506 1040 rum
530 985 588 1037 et
614 995 897 1037 novorum
929 976 1199 1034 catholici
1236 973 1722 1038 tractatores,hoc
1759 971 2022 1028 intende-

373 1074 512 1127 runt
558 1069 885 1125 secundum
933 1067 1265 1138 Scripturas
1309 1065 1534 1130 docere,
1569 1062 1725 1135 quod
1772 1061 1940 1116 Pater
1968 1063 2050 1116 et'

375 1159 556 1218 Filius
584 1164 642 1214 et
671 1157 926 1230 Spiritus
957 1157 1196 1210 sanctus
1245 1153 1422 1209 unius
1469 1151 1854 1224 ejusdemque
1883 1149 2022 1204 sub-

373 1244 1018 1318 stantiaﬁnseparabili
1049 1241 1380 1316 aequalitate
1427 1240 1682 1298 divinam
1721 1237 2024 1294 insinuent

374 1339 692 1404 unitatem;
715 1335 963 1406 ideoque
985 1349 1098 1388 non
1121 1331 1244 1386 sint
1261 1335 1382 1386 tres
1411 1330 1514 1397 dii,
1528 1329 1630 1386 sed
1659 1345 1814 1384 unus
1843 1327 2020 1397 Deus,

375 1426 641 1500 quamvis
666 1425 836 1480 Pater
856 1422 1068 1478 Filium
1089 1421 1374 1494 genuerit,
1388 1419 1444 1474 et
1459 1419 1589 1474 ideo
1611 1417 1792 1473 Filius
1811 1433 1926 1472 non
1947 1415 2026 1470 sit

372 1515 472 1588 qui
497 1516 664 1570 Pater
681 1517 788 1577 est,
811 1511 994 1567 Filius
1013 1527 1048 1564 a
1080 1511 1246 1564 Patre
1267 1509 1346 1564 sit
1368 1508 1519 1564 485
1541 1505 1796 1580 genitus,
1811 1509 1868 1561 et
1893 1503 2022 1559 ideo

373 1622 490 1660 non
536 1603 616 1659 sit
654 1603 822 1657 Pater
861 1598 962 1670 qui
1014 1597 1197 1654 Filius
1224 1601 1336 1670 est,
1366 1597 1622 1669 Spiritus
1651 1598 1896 1651 sanctus
1917 1609 2026 1649 nec

373 1694 544 1791 Pater
563 1692 672 1791 sit,
699 1706 808 1790 nec
825 1687 1042 1791 Filius,
1059 1688 1166 1786 .sed
1199 1691 1432 1786 tantum
1467 1685 1652 1791 Patris
1681 1689 1739 1739 et
1763 1681 2028 1791 Filjiins‘pi-
2055 1727 2104 1791 Β

373 1781 542 1846 ritus,
563 1777 712 1856 Patri
737 1781 794 1834 et
825 1777 966 1833 Filio
997 1775 1174 1831 etiam
1196 1775 1322 1846 ipse
1352 1771 1758 1846 comqualis,et
1789 1771 1862 1826 ad
1895 1769 2026 1825 Tri-

370 1867 570 1925 nitatis
601 1866 900 1940 pertinens
933 1864 1242 1919 unitatem.
1275 1885 1302 1912 ››

441 1959 512 2012 Et
532 1959 772 2012 sanctus
802 1952 1167 2025 Sophronias
1193 1951 1251 2006 in
1284 1951 1570 2007 catholica
1613 1966 1723 2004 sua
1749 1947 2028 2020 epistola,

372 2061 548 2118 quam
583 2048 746 2099 sexta
772 2042 1031 2116 synodus
1051 2040 1270 2114 (synodi
1289 2057 1344 2096 v1
1375 2048 1477 2095 act.
1505 2038 1600 2108 ·11)
1621 2039 1692 2092 ad
1731 2035 2028 2092 catholicae

375 2133 523 2188 ﬁdei‘
557 2129 1062 2187 confirmationem
1121 2127 1394 2200 produxit
1427 2145 1439 2183 :
1476 2151 1504 2177 ‹‹
1542 2127 1678 2191 Nos,
1729 2124 2026 2196 inquiens,

373 2237 557 2276 unum
586 2219 938 2292 principium
964 2218 1140 2274 unius
1160 2217 1433 2272 novimus
1455 2215 1903 2285 deitatis,unum
1925 2213 2030 2268 im-

373 2310 627 2383 perium,
661 2312 838 2364 unam
889 2311 1260 2380 potestatem,
1293 2323 1473 2361 unum
1519 2305 1812 2372 virtutem,
1848 2318 2026 2357 unam

347 2391 791 2472 ioperationem,
824 2413 1012 2452 unum
1043 2395 1380 2463 consilium,
1413 2411 1594 2449 unam
1642 2392 2024 2459 voluntatem,

374 2504 554 2544 unam
585 2485 1072 2557 dominationem,
1106 2501 1294 2540 unum
1326 2487 1573 2550 motum,
1607 2487 1728 2536 tam
1759 2479 2026 2536 omnium

345 2593 501 2657 _qure
533 2580 665 2650 post
696 2592 824 2631 eam
857 2578 997 2630 sunt
1025 2572 1386 2640 creatricem,
1406 2587 1701 2644 quamque
1726 2568 2026 2642 providam

373 2670 432 2723 et
461 2664 851 2723 stabilientem
883 2668 1056 2736 atque
1088 2661 1594 2729 conservatricem,
1623 2676 1802 2715 unam
1835 2659 2028 2714 domi-

374 2755 882 2818 nationem,unam
897 2751 1509 2825 sempiternitatem,et
1529 2765 1774 2822 qumque
1787 2751 1927 2804 sunt
1948 2752 2030 2802 ta-

370 2843 452 2900 lia
481 2842 805 2916 singularia
839 2846 896 2898 et
927 2839 1317 2912 incomposita
1351 2839 1528 2894 unius
1558 2836 1820 2894 essentia:
1851 2841 2028 2908 atque

375 2938 594 2993 natura:
625 2933 684 2989 in
715 2931 903 2988 tribus
933 2929 1339 3004 personalibus
1378 2927 1806 2996 subsistentiis;
1837 2941 2026 2998 neque

375 3021 790 3078 subsistentias
812 3020 1260 3086 confundentes,
1283 3021 1342 3074 et
1378 3017 1436 3072 in
1460 3033 1638 3073 unam
1663 3033 1763 3072 eas
1801 3015 2026 3070 subsis-

377 3111 621 3167 tentiam
643 3110 1212 3180 deducentes,neque
1228 3107 1496 3163 eamdem
1521 3121 1698 3160 unam
1713 3103 2027 3159 essentiam

378 3200 716 3272 partientes,
737 3203 794 3253 et
825 3198 884 3252 in
917 3202 1037 3252 tres
1057 3213 1184 3252 eam
1219 3195 1503 3252 essentias
1543 3193 2034 3264 discerpentes,et

377 3304 556 3342 unam
601 3303 671 3342 ex
717 3285 826 3340 hoc
877 3284 1203 3341 dividentes
1251 3283 1547 3338 deitatem.
1581 3281 1694 3336 Sed
1741 3283 1831 3335 est
1878 3295 2032 3334 unus

377 3375 556 3442 Deus,
577 3389 695 3428 una
723 3372 930 3440 deitas,
949 3373 1006 3426 in
1041 3372 1230 3426 tribus
1265 3367 1668 3424 subsistentiis
1698 3365 1954 3440 fulgens,
1977 3371 2034 3422 et

378 3466 499 3518 tres
530 3459 923 3518 subsistentia:
955 3463 1012 3516 et
1042 3476 1302 3532 personae
1335 3457 1396 3512 in
1435 3455 1648 3512 deitate
1668 3473 1787 3511 una
1815 3471 2033 3528 cogno-

379 3555 648 3608 scuntur.
682 3549 990 3621 Propterea
1021 3548 1312 3620 perfectus
1354 3545 1508 3602 Deus
1555 3548 1644 3599 est
1682 3544 1868 3612 Pater,
1903 3561 2032 3616 per-

379 3640 568 3696 fectus
601 3645 748 3695 Deus
768 3641 857 3694 est
889 3636 1091 3704 Filius,
1129 3636 1418 3708 perfectus
1443 3635 1596 3689 Deus
1643 3637 1734 3689 est
1779 3634 2032 3705 Spiritus

380 3720 640 3797 sanctus,
675 3727 890 3782 idcirco
941 3726 1096 3797 quod
1150 3740 1327 3778 unam
1376 3723 1760 3793 eamdemque
1800 3721 2035 3794 singula

272 3869 276 3874 .
379 3834 625 3890 quisque
639 3831 888 3886 persona
903 3811 1374 3886 inseparabilem,
1401 3809 1839 3878 indiminutam,
1857 3815 2033 3883 atque

380 3905 694 3978 perfectam
729 3902 906 3957 habet
935 3902 1233 3957 deitatem.
1245 3901 1318 3960 Et
1339 3901 1509 3972 juxta
1539 3899 1694 3970 quod
1719 3899 1872 3954 Deus
1903 3899 2031 3972 qui-

379 3993 514 4048 dem
527 3989 900 4062 est,idipsum
920 3989 1117 4045 existit
1133 3987 1764 4060 unumquodque,dum
1788 3987 2032 4044 seorsim

379 4079 805 4148 consideratur,
825 4077 1356 4152 ipsaintelligentia
1377 4076 1533 4149 quod
1557 4093 1671 4132 non
1695 4080 1784 4132 est
1805 4093 2034 4149 separa-

379 4169 496 4228 bile
516 4173 924 4243 separante,ut
955 4167 1122 4223 Pater
1156 4170 1352 4222 tamen
1384 4170 1442 4221 et
1484 4164 1666 4221 Filius
1695 4169 1752 4220 et
1779 4165 2032 4238 Spiritus

380 4263 642 4327 sanctus,
657 4256 840 4326 aliud,
869 4260 928 4313 et
943 4255 1122 4322 aliud,
1145 4259 1204 4311 et
1232 4254 1391 4310 aliud
1422 4253 1712 4310 dicantur.
1727 4254 1797 4308 Et
1815 4253 2032 4310 idcirco

379 4347 506 4406 haec
535 4365 570 4404 a
599 4347 700 4404 Dei
722 4345 1036 4420 capacibus
1059 4343 1450 4416 praedicantur
1479 4341 1654 4411 Deus,
1679 4346 1737 4397 et
1766 4342 1944 4410 Deus,
1975 4345 2033 4398 et

2063 3093 2100 3120 η

2059 3129 2102 3160 υ

2130 615 2266 672 licet
2293 616 2351 670 in
2381 616 2571 672 tribus
2601 616 2680 673 sit
2708 616 3126 684 subsistentiis,
3157 619 3223 672 ut
3250 633 3363 672 non
3409 619 3720 690 corporalem

2133 705 2451 776 quamdam
2481 705 2770 760 sustineat
2789 705 3259 778 sectionem,qua3
3274 709 3422 762 certe
3440 709 3523 762 est
3541 707 3724 780 impas-

2133 792 2319 850 sihilis
2349 798 2406 848 et
2435 793 2794 866 incorporea,
2809 799 2866 850 et
2892 794 3013 866 pati
3045 793 3308 850 nesciens
3337 811 3457 866 quae
3489 799 3725 853 creatura

2132 887 2272 939 sunt
2296 883 2552 956 propria.
2587 906 2615 933 ››

2201 973 2332 1028 Hac
2357 971 2612 1044 Spiritus
2640 976 2882 1029 sanctus
2927 989 3030 1046 per
3054 976 3287 1029 sanctos
3335 971 3471 1029 dicit
3509 973 3727 1030 Athana-

2133 1061 2310 1129 sium,
2337 1059 2624 1116 Hilarium
2653 1066 2712 1118 et
2737 1061 3132 1130 Ambrosium,
3154 1065 3332 1134 atque
3349 1061 3724 1136 Augustinum;

2131 1154 2189 1206 et
2219 1149 2460 1222 spiritus
2479 1149 2824 1208 immundus
2839 1150 3070 1207 exhalat
3098 1168 3201 1224 per
3231 1149 3724 1209 immundissimum

2132 1238 2582 1296 Gothescalcum
2632 1240 2834 1296 dicens
2867 1257 2880 1296 :
2919 1261 2948 1291 «
2979 1239 3145 1297 Sicut
3192 1255 3639 1312 unamquamque
3674 1257 3729 1297 ex

2132 1327 2417 1384 Trinitate
2445 1345 2828 1401 personarum
2861 1329 3132 1402 quisquis
3162 1327 3478 1385 catholicus
3505 1329 3663 1385 credit
3684 1333 3730 1384 et

2131 1417 2462 1486 conﬁtetur,
2497 1417 2812 1491 integrum,
2865 1417 3130 1491 plenum,
3179 1417 3492 1492 perfectum
3535 1417 3730 1490 penitus

2135 1508 2318 1562 Deum
2341 1523 2356 1562 ε
2381 1505 2467 1562 sic
2497 1505 2815 1580 unicuique
2843 1523 3104 1580 personae
3132 1523 3303 1563 suam
3334 1505 3605 1580 propriam
3633 1505 3730 1561 dei-

2134 1599 2316 1652 tatem
2347 1595 2504 1652 486
2547 1595 2864 1669 integram,
2891 1596 3148 1672 plenam,
3194 1595 3499 1670 perfectam
3539 1595 3731 1668 penitus

2135 1683 2336 1740 inesse
2349 1685 2548 1741 credat
2574 1689 2634 1742 et
2652 1685 3030 1755 conﬁteatur;
3058 1707 3087 1736 υ
3102 1702 3262 1754 cum,
3277 1689 3342 1741 ut
3377 1688 3595 1741 sanctus
3617 1685 3730 1739 Am-

2137 1773 2370 1829 brosius
2401 1773 2605 1830 scribit
2633 1774 2754 1847 (lib.
2787 1792 2808 1830 ι
2837 1774 2910 1831 de
2937 1775 3072 1844 fide,
3102 1790 3226 1847 cap.
3257 1773 3316 1846 2)
3345 1789 3360 1830 :
3390 1772 3646 1830 Dominus
3663 1771 3731 1828 di-

2138 1863 2343 1930 cendo,
2378 1863 2470 1930 Ite,
2495 1863 2763 1934 baptizata
2789 1871 2970 1934 gentes
3000 1865 3059 1919 in
3086 1865 3314 1920 nomine
3337 1863 3512 1920 Patri:
3543 1869 3592 1918 et
3628 1861 3732 1917 Filii

2135 1960 2188 2008 et
2213 1953 2452 2024 Spiritns
2479 1953 2658 2008 sancti
2683 1951 2890 2020 (Matth.
2912 1969 3108 2018 xxvm,
3145 1952 3255 2020 19),
3279 1951 3450 2008 unius
3491 1965 3610 2007 esse
3631 1947 3736 2007 Tri-

2138 2039 2380 2096 nitatem
2411 2041 2717 2111 potestatis
2747 2041 3222 2097 ostenderit.Nos
3242 2040 3463 2096 Patrem
3481 2043 3535 2095 et
3560 2037 3732 2095 Filium

2136 2133 2194 2182 et
2222 2127 2507 2200 Spiritum
2541 2131 2810 2186 sanctum
2841 2127 3309 2194 confitemur,ita
3327 2133 3392 2184 ut
3419 2128 3476 2182 in
3494 2127 3732 2183 Trinitate

2135 2217 2408 2288 perfecta,
2425 2221 2483 2272 et
2511 2215 2815 2289 plenitudo
2838 2217 2914 2274 sit
2941 2217 3292 2274 divinitatis.
3313 2222 3370 2274 et
3396 2216 3579 2272 unitas
3603 2219 3733 2287 pete-

2137 2305 2326 2362 statis.
2353 2305 2520 2362 Omne
2547 2323 2780 2376 regnum
2808 2308 2870 2362 in
2891 2322 2949 2362 se
2975 2306 3221 2363 divisum
3261 2307 3423 2378 facile
3456 2304 3731 2369 destruetur,

2136 2395 2422 2452 Dominus
2451 2396 2560 2452 hoc
2582 2395 2743 2452 dicit.
2777 2395 2901 2452 Non
2931 2411 3068 2469 ergo
3116 2396 3376 2453 divisum
3403 2398 3490 2452 est
3532 2408 3734 2466 regnum

2137 2484 2458 2541 Trinitatis.
2475 2485 2533 2541 Si
2567 2501 2703 2558 ergo
2735 2485 2990 2542 divisum
3021 2502 3139 2540 non
3173 2489 3478 2552 est,unum
3496 2479 3733 2548 εει.οηοᾱ

2135 2573 2290 2630 enim
2323 2590 2506 2629 unum
2541 2590 2655 2629 non
2687 2573 3062 2642 est,divisum
3093 2578 3208 2630 est.
3227 2573 3366 2630 Tale
3382 2589 3510 2646 ergo
3529 2584 3732 2643 regnum

2137 2679 2264 2718 esse
2313 2662 2561 2735 cupiunt
2592 2662 2918 2732 Trinitatis,
2949 2663 3106 2735 quod
3159 2661 3436 2719 divisione
3472 2660 3556 2716 sui
3599 2655 3731 2714 facile

2135 2752 2490 2808 destruatur.
2525 2751 2646 2806 lmo
2692 2751 2832 2824 quia
2883 2768 2999 2808 non
3047 2755 3244 2824 potest
3285 2749 3516 2819 destrui,
3545 2749 3733 2804 constat

2137 2857 2250 2897 non
2283 2856 2412 2896 esse
2437 2839 2711 2896 divisum.
2735 2840 2860 2896 Non
2895 2839 3050 2896 enim
3101 2839 3385 2896 dividitur
3427 2837 3622 2906 unitas,
3647 2850 3734 2890 nec

2135 2928 2441 2986 scinditur.
2477 2951 2505 2979 ››
2536 2929 2607 2985 Et
2643 2933 2776 3002 post
2821 2928 3122 3002 aliquanta
3151 2931 3298 3002 (cap.
3344 2926 3534 3000 eodem)
3563 2941 3575 2983 :
3603 2947 3626 2975 ι(
3653 2923 3734 2980 Est

2136 3017 2294 3086 enim
2325 3017 2626 3090 plenitudo
2674 3017 2996 3074 divinitatis
3038 3018 3100 3073 in
3151 3018 3341 3086 Patre,
3363 3021 3450 3072 est
3484 3011 3733 3088 plenitudo

2137 3105 2460 3164 divinitatis
2483 3105 2545 3162 in
2569 3107 2734 3179 Filio,
2759 3107 2861 3163 sed
2899 3123 3014 3163 non
3035 3107 3404 3180 discrepans,
3423 3105 3518 3162 sed
3544 3118 3646 3159 una
3668 3099 3735 3154 di-

2137 3194 2382 3264 vinitas;
2410 3213 2516 3252 nec
2536 3197 2846 3252 confusum
2862 3197 3016 3268 quod
3039 3213 3232 3252 unum
3252 3199 3468 3264 est,nec
3483 3188 3738 3262 multiplex

2142 3284 2294 3356 quod
2346 3283 2710 3340 indifferens.
2737 3307 2766 3336 »
2800 3285 2870 3340 Et
2915 3283 3090 3358 paulo
3135 3289 3275 3358 post
3305 3301 3319 3341 :
3354 3306 3382 3336 ‹‹
3412 3283 3632 3338 Necesse
3670 3278 3740 3331 est

2141 3377 2353 3446 negent
2379 3372 2576 3429 Ariani
2607 3376 2710 3429 aut
2740 3373 2928 3430 Patris
2955 3377 3059 3430 aut
3088 3373 3225 3430 Filii
3271 3371 3630 3436 divinitatem,
3649 3363 3738 3422 nisi

2140 3461 2405 3533 ejusdem
2437 3460 2756 3518 divinitatis
2778 3461 3134 3518 crediderint
3153 3462 3492 3518 unitatem.»
3513 3458 3576 3514 Et
3591 3456 3736 3510 item:

2142 3572 2170 3599 «
2194 3549 2267 3604 Ut
2295 3553 2490 3604 autem
2524 3567 2643 3604 una
2673 3549 2860 3605 deitas
2891 3549 3077 3605 Patris
3107 3553 3166 3605 et
3191 3548 3342 3618 Filii,
3373 3553 3430 3604 et
3457 3563 3566 3604 una
3589 3539 3738 3600 domi-

2144 3637 2296 3694 nalio
2327 3639 2691 3710 probaretur,
2708 3655 2778 3694 ne
2809 3637 3044 3711 gentilis
3072 3641 3175 3694 aut
3198 3638 3452 3695 Judaica:
3471 3627 3739 3706 impietatis

2140 3727 2576 3783 incurreremus
2631 3743 2909 3795 errorem,
2951 3727 3268 3800 providens
3311 3723 3604 3800 Apostolus
3627 3716 3738 3792 Quid

2141 3815 2308 3887 sequi
2329 3815 2675 3872 deberemus
2709 3808 2966 3872 ostendit
3005 3816 3248 3873 dicens:
3279 3817 3424 3874 Unus
3450 3816 3577 3870 Deus
3595 3811 3739 3872 Ραιθνν

2140 3921 2210 3960 ex
2237 3921 2342 3976 quo
2371 3907 2576 3972 omnia,
2607 3913 2659 3961 et
2678 3921 2777 3961 nos
2808 3907 2870 3961 in
2899 3907 3048 3978 ipso;
3076 3913 3130 3962 et
3154 3921 3306 3962 unus
3341 3905 3588 3962 Dominus
3622 3897 3742 3955 lein:

2142 3993 2410 4061 Christus,
2436 4009 2536 4065 per
2577 4010 2734 4066 quem
2781 3995 2986 4062 omnia,
3009 4002 3063 4050 et
3094 4011 3200 4051 nos
3245 4011 3346 4066 per
3389 3995 3560 4066 ipsum
3583 3988 3622 4061 (ι
3643 3988 3740 4043 Cor.

2139 4098 2266 4148 vm,
2295 4082 2373 4154 6).
2405 4103 2434 4134 »
2469 4083 2539 4138 Et
2567 4086 2702 4156 post
2729 4099 2916 4156 pauca
2944 4087 3084 4155 (cap.
3116 4083 3328 4152 eodem)
3361 4099 3374 4138 :
3407 4105 3434 4132 α
3465 4081 3589 4146 Quae
3620 4072 3742 4131 enim

2141 4175 2332 4246 potest
2352 4188 2481 4228 esse
2512 4171 2628 4227 alia
2655 4171 2984 4240 aestimatio,
3008 4171 3110 4226 ubi
3141 4171 3382 4229 deitatis
3413 4169 3594 4226 unitas
3611 4160 3743 4220 est?»

2139 4261 2210 4316 Et
2257 4260 2317 4316 in
2373 4259 2521 4314 libro
2569 4259 2760 4330 primo
2809 4258 2882 4314 de
2935 4257 3156 4330 Spiritu
3215 4261 3418 4314 sancto
3464 4257 3592 4327 (cap.
3638 4248 3742 4316 13):

2140 4373 2168 4401 ‹‹
2192 4347 2472 4420 Nunquid
2493 4351 2580 4404 est
2611 4345 2726 4402 alia
2745 4348 2968 4403 offensa
2997 4345 3148 4414 Filii,
3165 4345 3285 4403 alia
3302 4344 3548 4418 Spiritus
3567 4331 3746 4397 sancti?

381 4437 559 4528 P8118,
590 4437 693 4492 88d
725 4452 882 4492 unus
911 4438 1002 4528 cit
1031 4433 1152 4528 ΒᾶΞο
1182 4432 1295 4488 tria
1322 4433 1496 4528 Πρυεο
1527 4431 1653 4487 Νοῐι
1683 4430 1839 4486 enim
1878 4429 2030 4488 illius
2063 4464 2112 4528 Β
2143 4438 2306 4495 Sicut
2331 4436 2491 4493 enim
2523 4452 2643 4492 una
2680 4435 2974 4504 divinitas,
2999 4434 3084 4491 sic
3123 4452 3245 4491 una
3272 4433 3504 4507 injuria.
3527 4429 3582 4487 Si
3608 4424 3748 4498 igitur

383 4525 538 4580 Deus
564 4528 755 4590 Pater,
780 4539 886 4578 nec
917 4521 1068 4578 alius
1097 4521 1253 4578 Deus
1275 4519 1478 4586 Filius,
1501 4535 1691 4592 neque
1741 4518 1894 4575 alius
1923 4519 2035 4576 ite-

383 4628 515 4667 rum
536 4616 687 4666 Deus
717 4611 971 4684 Spiritus
993 4608 1409 4681 sanctus,quia
1429 4625 1535 4664 nec
1565 4607 1680 4664 alia
1709 4612 1922 4664 natura
1948 4612 2039 4664 est

385 4701 572 4771 Pater,
587 4715 693 4755 nec
725 4698 840 4754 alia
866 4703 1078 4754 natura
1106 4701 1196 4754 est
1229 4696 1430 4764 Filius,
1445 4713 1632 4769 neque
1663 4695 1779 4753 alia
1823 4696 2035 4754 iterum

386 4793 596 4844 natura
625 4791 715 4842 est
734 4785 989 4858 Spiritus
1011 4790 1272 4842 sanctus.
1296 4786 1413 4841 Hoc
1443 4785 1600 4842 enim
1621 4786 1801 4841 etiam
1818 4786 2038 4842 multos

385 4881 561 4950 atque
589 4875 852 4932 diversos
883 4875 1031 4931 Deos
1053 4875 1406 4946 ol‘ﬁcinatur,
1421 4874 1752 4947 multasque
1773 4879 1830 4930 et
1847 4875 2036 4931 varias

385 4969 626 5040 generat
655 4964 936 5032 deitates;
971 4965 1073 5019 sed
1107 4963 1262 5020 Deus
1290 4963 1531 5036 quldem
1561 4968 1650 5020 est
1672 4964 1859 5032 Pater,
1883 4964 2038 5020 Deus

385 5071 520 5112 vero
552 5059 642 5110 est
675 5051 874 5121 Filius,
908 5051 1180 5109 similiter
1209 5055 1266 5108 et
1302 5057 1452 5108 Deus
1481 5055 1570 5108 est
1600 5051 1853 5124 Spiritus
1883 5069 2046 5109 sanc-

389 5147 542 5211 ctus,
574 5159 642 5198 eo
675 5143 832 5214 quod
864 5140 1124 5197 indivisa:
1171 5145 1229 5197 et
1284 5140 1648 5196 indiminutaa
1678 5141 1893 5196 eaedem
1924 5145 2044 5197 tres

389 5249 652 5307 personaa
683 5248 803 5288 una
833 5230 1192 5304 impleantur
1221 5230 1454 5298 deitate,
1487 5233 1543 5285 et
1588 5229 1648 5284 in
1693 5247 2044 5302 unaquaque

390 5338 594 5378 earum
628 5321 898 5378 funditus
920 5325 1039 5377 tota
1053 5325 1162 5376 est.
1178 5320 1324 5375 Nam
1345 5318 1532 5374 deitas
1552 5317 1895 5374 divisionem
1925 5337 2041 5376 non

392 5410 662 5480 sustinet,
686 5415 744 5466 et
765 5411 824 5466 in
857 5410 1046 5466 tribus
1077 5409 1221 5482 ipsis
1269 5405 1535 5480 personis
1565 5405 1830 5478 pleniﬁce
1869 5411 2044 5480 atque

392 5499 645 5578 perfecte
669 5503 776 5574 est,
793 5517 910 5559 non
940 5497 1312 5577 partibiliter,
1343 5495 1464 5556 sive
1503 5510 1572 5556 ex
1611 5498 1775 5570 parte
1805 5499 2042 5564 easdem

2145 4543 2264 4583 una
2293 4543 2424 4600 pax,
2443 4543 2561 4581 una
2589 4523 2798 4598 gratia,
2815 4540 2936 4580 una
2963 4523 3243 4594 cbaritas,
3263 4540 3381 4580 una
3407 4515 3749 4578 communica-

2143 4616 2224 4672 tio
2253 4620 2344 4672 est
2374 4615 2560 4671 Patris
2589 4617 2647 4670 et
2677 4611 2806 4669 Filii
2835 4617 2893 4669 et
2933 4612 3190 4685 Spiritus
3243 4611 3451 4681 sancti,
3480 4624 3592 4664 una
3628 4602 3748 4658 certe

2145 4703 2404 4778 operatio
2429 4707 2536 4772 est,
2560 4707 2617 4759 et
2666 4703 2768 4758 ubi
2815 4719 2933 4758 una
2983 4701 3244 4774 operatio
3273 4697 3619 4770 est,utrique
3659 4702 3748 4778 non

2146 4776 2308 4866 potet
2335 4793 2521 4849 virtus
2567 4807 2694 4848 esse
2738 4790 2946 4860 divisa,
2977 4795 3037 4845 et
3084 4790 3404 4848 indiscreta
3449 4776 3747 4844 substantia-

2147 4883 2440 4954 Scriptum
2467 4885 2555 4937 est
2583 4879 2738 4936 enim
2773 4896 2786 4937 :
2815 4880 2909 4948 Ite,
2942 4879 3212 4951 baptizata
3255 4885 3435 4951 gentes
3476 4877 3535 4931 in

2145 4951 2328 5027 Patris
2347 4978 2398 5027 et
2427 4971 2560 5026 Filii
2587 4975 2639 5024 et
2671 4968 2914 5040 Spiritu:
2957 4970 3136 5024 sancti
3163 4968 3372 5038 (Matth.
3401 4980 3556 5031 χχιιι,
3584 4959 3676 5030 19).
3702 4951 3750 5040 In

2155 5059 2391 5116 nomine
2419 5057 2586 5128 dixit,
2616 5074 2732 5114 non
2784 5057 2845 5112 in
2895 5036 3256 5113 nominibus.
3288 5057 3415 5113 Non
3457 5066 3584 5125 ergo
3625 5036 3752 5102 aliud

2152 5164 2366 5205 nomen
2416 5151 2506 5203 est
2545 5145 2752 5214 Patris,
2777 5145 2936 5200 aliud
2968 5161 3182 5201 nomen
3213 5143 3367 5212 Filii,
3399 5136 3550 5200 aliud
3579 5142 3752 5192 nomen

2152 5235 2407 5310 Spiritus
2437 5234 2810 5301 sancti.Quia
2826 5251 2982 5290 unus
3011 5234 3318 5302 Deus,non
3340 5231 3506 5306 plura
3534 5220 3750 5310 nomint,

2152 5304 2294 5398 quia
2322 5343 2436 5380 non
2469 5325 2583 5380 duo
2604 5323 2708 5392 dii,
2741 5340 2857 5378 non
2887 5327 3006 5379 tres
3041 5322 3143 5378 dii.
3175 5323 3247 5378 Et
3275 5304 3610 5394 utaperiret
3644 5304 3754 5382 quia

2153 5431 2271 5471 una
2301 5413 2574 5470 divinitas
2605 5429 2724 5468 una
2751 5413 3032 5484 maiestas
3061 5415 3170 5481 est,
3203 5410 3344 5485 quia
3369 5421 3548 5466 unum
3579 5407 3754 5459 nomen

2153 5501 2339 5565 Patris
2359 5506 2417 5562 et
2437 5501 2567 5560 Filii
2587 5505 2646 5560 et
2668 5500 2923 5578 Spiritus
2964 5501 3173 5577 sancti,
3186 5517 3303 5564 non
3324 5499 3386 5562 in
3422 5496 3532 5558 alio
3559 5485 3757 5555 nomine
