3962 6178
227 268 335 334 549

1241 267 1343 332 DE
1387 269 1547 334 UNA
1589 269 1693 332 ET
1737 268 1894 333 NON
1939 269 2178 334 ἸἭΙΝΑ
2221 272 2580 338 DEITATE.

3491 286 3612 347 550

226 401 436 458 venerit
474 401 678 470 Filius,
701 402 761 457 in
795 402 908 458 alio
939 403 1174 459 nomine
1205 403 1461 476 Spiritus
1490 407 1748 472 sanctus,
1783 403 1862 459 ait
1885 404 1941 471 Α
1971 421 2155 460 unum
2178 408 2929 479 Suntproptcrineﬁ‘abilem
2943 413 3414 484 conjunctionem
3436 416 3615 474 deita-

229 491 340 562 ipse
367 489 686 547 Dominus:
707 493 824 565 Ego
853 494 978 549 veni
1007 493 1066 548 in
1087 495 1309 549 nomine
1338 494 1518 549 Patris
1544 493 1653 548 mei
1683 493 1857 564 (Joan.

225 597 274 646 v,
295 579 400 651 43).
425 601 453 629 ››
476 579 544 634 Et
565 579 740 652 paulo
769 585 939 652 post:
963 604 991 630 «
1017 580 1311 654 Scriptum
1343 585 1434 637 est
1463 585 1602 654 (cap.
1633 581 1860 650 eodem),

224 669 525 724 Paraeletus
554 675 737 724 autem
765 671 1011 741 spiritus,
1043 685 1203 742 quem
1246 671 1422 726 mittet
1467 676 1632 726 Pater
1669 671 1728 726 in
1758 686 1862 726 no-

225 760 360 813 mine
385 773 527 827 meo,
558 759 658 814 ille
686 775 778 814 vos
806 759 1013 814 docebit
1039 761 1223 814 omnia
1254 759 1429 831 (Joan.
1460 777 1574 828 xw,
1607 760 1718 831 26).
1754 759 1862 826 Qui

227 852 409 902 autem
438 847 597 902 venit
627 847 686 902 in
717 847 954 904 nomine
975 847 1336 921 Filii,utique
1352 849 1526 904 etiam
1547 848 1607 904 in
1625 849 1864 906 nomine

228 935 400 993 Patris
432 935 614 1003 venit,
647 937 789 1009 quia
803 955 1002 994 unum
1051 953 1264 995 nomen
1295 938 1480 995 Patris
1506 943 1562 994 et
1593 939 1718 995 Filii
1751 943 1860 996 est.

227 1026 308 1082 Sic
337 1024 403 1080 ﬁt
431 1029 500 1080 ut
522 1042 710 1080 unum
743 1025 930 1081 Patris
961 1030 1019 1082 et
1051 1025 1178 1082 Filii
1207 1043 1418 1083 nomen
1437 1027 1594 1092 sit,et
1610 1027 1861 1101 Spiritus

225 1112 418 1169 sancti.
453 1113 568 1171 Nec
599 1113 756 1170 enim
787 1118 876 1170 est
903 1113 1059 1170 aliud
1095 1133 1306 1172 nomen
1337 1116 1447 1172 sub
1475 1115 1618 1172 coelo
1648 1116 1861 1184 ullum,

225 1202 276 1256 in
296 1217 410 1274 quo
430 1204 697 1273 oporteat
725 1219 831 1258 nos
860 1201 1050 1260 salvos
1070 1204 1216 1259 ﬁeri.
1240 1203 1429 1260 Simul
1459 1204 1658 1260 docuit
1680 1206 1864 1262 unita-

227 1295 331 1354 tem
356 1288 536 1346 divini
560 1290 816 1349 nominis
837 1308 964 1348 esse
985 1293 1354 1361 credendam,
1369 1310 1484 1348 non
1505 1293 1864 1366 disparilita-

229 1383 351 1434 tem.
386 1400 415 1429 ι)
453 1379 523 1434 Et
551 1379 610 1434 in
643 1379 793 1435 libro
825 1379 1016 1447 tertio,
1051 1381 1306 1454 capitulo
1344 1382 1570 1438 decimo
1605 1389 1813 1455 quarto
1846 1402 1859 1441 :

228 1491 250 1516 ιι
274 1467 371 1523 Ubi
389 1467 548 1524 enim
568 1485 686 1524 una
702 1469 888 1524 deilas
904 1468 1271 1542 intelligitur,
1286 1488 1441 1526 unus
1461 1475 1611 1528 Deus
1627 1472 1860 1530 dicitur.

226 1556 321 1612 Sed
341 1573 694 1613 excusemus
713 1574 815 1614 vos
837 1557 910 1612 ab
939 1557 1268 1630 inscientia,
1300 1564 1356 1614 et
1387 1560 1434 1614 si
1469 1577 1584 1616 non
1617 1577 1863 1618 excusa-

226 1661 390 1700 musa
405 1644 837 1718 culpa.Etenim
861 1647 1184 1702 secundum
1209 1651 1469 1703 nostram
1485 1650 1862 1718 sententiam,

226 1733 350 1804 quia
379 1750 541 1832 unus
564 1733 741 1802 Deus,
769 1752 886 1790 una
907 1734 1204 1839 divinitas,
1227 1741 1285 1791 et
1305 1737 1500 1794 unitas
1520 1738 1866 1812 intelligitur
1898 1773 1944 1839 Β

230 1821 712 1892 potestatis,sicut
733 1839 916 1878 unum
935 1823 1117 1880 Deum
1134 1824 1471 1894 dicimus,et
1483 1827 1709 1883 Patrem
1723 1844 1868 1884 vera:

231 1910 361 1966 487
390 1911 634 1968 deitatis
665 1911 902 1968 nomine
935 1913 1298 1982 conﬁtentes,
1318 1931 1424 1969 nec
1456 1914 1667 1971 Filium
1699 1917 1868 1973 dene-

227 2005 441 2073 gantes,
476 2001 560 2057 ita
582 2001 760 2058 etiam
792 2001 1076 2075 Spiritum
1121 2006 1392 2059 sanctum
1421 2021 1456 2060 a
1484 2005 1717 2062 deitatis
1749 2024 1864 2064 non

225 2089 580 2146 excludimus
601 2090 848 2158 unitate,
876 2095 933 2147 et
956 2095 1076 2148 tres
1096 2093 1236 2148 deos
1265 2109 1379 2148 non
1413 2093 1861 2164 asserimus,sed

225 2194 515 2250 negamus,
549 2179 691 2252 quia
716 2178 1110 2252 pluralitatem
1169 2199 1284 2236 non
1340 2183 1537 2238 unitas
1585 2184 1724 2240 facit
1763 2187 1863 2242 sed

221 2267 414 2323 divisio
427 2268 1059 2342 potestatis.Quomodo
1073 2270 1228 2325 enim
1247 2269 1301 2343 pl
1312 2271 1642 2328 uralitatem
1657 2275 1864 2348 recipit

223 2356 408 2412 unitas
438 2356 924 2426 divinitatis,cum
957 2357 1266 2430 pluralitas
1298 2361 1526 2416 numeri
1560 2362 1865 2428 sit,nume—

220 2461 338 2500 rum
369 2449 567 2502 autem
601 2463 716 2501 non
749 2445 990 2519 recipiat
1018 2447 1219 2503 divina
1248 2449 1506 2505 natura?
1533 2449 1696 2507 Unus
1725 2468 1862 2525 ergo

221 2532 363 2590 Deus
394 2534 534 2606 (cap.
568 2535 658 2603 15)
687 2534 848 2590 salva
908 2537 1214 2607 majestate
1271 2537 1554 2593 trinitatis
1611 2544 1859 2608 aeternae,

220 2621 362 2677 sicut
394 2621 693 2696 proposito
723 2621 1059 2678 declaratur
1103 2624 1388 2698 exemplo.
1424 2627 1538 2682 Nec
1569 2645 1634 2682 eo
1663 2633 1860 2684 tamen

221 2710 332 2766 solo
363 2710 490 2767 loco
521 2710 868 2767 Trinitatem
890 2711 1158 2768 videmus
1179 2714 1416 2770 nomine
1435 2715 1754 2772 divinitatis
1773 2735 1864 2772 ex-

220 2815 511 2871 pressam:
546 2800 648 2856 sed
695 2816 829 2858 cum
879 2799 1176 2873 plerisque
1223 2801 1385 2870 locis,
1419 2803 1572 2859 sicut
1595 2809 1652 2860 et
1683 2821 1862 2878 supra

221 2887 486 2956 diximus,
511 2893 637 2946 tam
659 2889 910 2946 maxime
931 2889 992 2945 in
1014 2889 1106 2946 his
1128 2890 1393 2964 epistolis
1415 2909 1562 2964 quas
1583 2893 1654 2949 ad
1677 2893 1859 2949 Thes-

221 2975 602 3034 salonicenses
621 2977 936 3050 Apostolus
958 2978 1212 3052 scripsit.
1235 3002 1262 3028 ››
1283 2980 1354 3036 Et
1375 2979 1514 3036 item
1547 2981 1684 3054 (cap.
1721 2983 1808 3054 17)
1842 2999 1855 3038 :

1971 493 2045 550 tis
2069 512 2186 566 qua
2215 494 2585 552 incll‘abiliter
2631 498 3000 570 copulantur,
3035 519 3188 558 unus
3237 504 3391 561 Deus
3438 511 3544 562 est.
3579 529 3608 559 ιι

1969 584 2039 638 Et
2067 583 2206 638 item
2239 601 2307 639 ex
2336 583 2483 640 libro
2528 591 2730 641 contra
2779 587 3160 644 Maximinum
3192 591 3310 658 (lib.
3344 611 3428 660 ιιι,
3459 596 3612 667 ﬁne).

1971 693 1999 722 «
2035 671 2189 728 Satis
2247 676 2488 746 apparet
2541 673 2727 732 Patris
2773 680 2832 732 et
2880 675 3006 731 Filii
3036 681 3093 736 et
3122 679 3376 750 Spiritus
3425 683 3612 740 sancti

1970 778 2150 816 unam
2181 777 2309 817 esse
2333 762 2630 829 virtutem,
2656 781 2836 820 unam
2856 781 2984 822 esse
3015 767 3612 838 substantiam,unam

1969 849 2263 918 deitatem,
2287 868 2464 906 unam
2489 853 3065 924 majestatem,unam
3087 854 3616 931 gloriam,quaipsa

1970 937 2226 994 Trinitas
2271 943 2361 994 est
2411 958 2564 996 unus
2611 941 2898 998 Dominus
2947 943 3101 1000 Deus
3151 949 3368 1013 noster,
3400 945 3470 1002 de
3500 964 3614 1020 quo

1969 1026 2192 1082 dictum
2225 1031 2332 1094 est,
2366 1028 2530 1098 Audi,
2561 1029 2748 1096 Israel,
2779 1033 3045 1088 Dominus
3095 1034 3234 1090 Deus
3281 1041 3407 1090 tuus
3450 1037 3614 1104 Deus,

1967 1131 2114 1170 unus
2141 1123 2221 1171 est
2249 1117 2424 1186 (Deut.
2456 1135 2534 1184 v1,
2562 1119 2675 1187 4).»
2705 1120 2777 1175 Et
2808 1120 2920 1176 Leo
2952 1121 3024 1176 ad
3051 1121 3360 1178 Turibium
3389 1125 3616 1182 Asturi-

1971 1219 2203 1258 censem
2235 1204 2577 1278 episcopum
2609 1209 2784 1278 (epist.
2818 1209 2870 1276 4,
2901 1225 2950 1265 e.
2987 1211 3058 1279 1).
3097 1234 3125 1262 ‹‹
3147 1211 3441 1268 Catholica
3469 1213 3616 1271 ﬁdes

1971 1295 2080 1358 est,
2112 1307 2240 1363 quae
2288 1292 2632 1350 Trinitatem
2663 1295 2894 1352 deitatis
2921 1297 3004 1354 sic
3025 1306 3253 1371 ὁμούσιον
3284 1302 3614 1374 conﬁtetur,

1973 1384 2037 1433 ut
2055 1379 2283 1435 Patrem
2307 1385 2365 1436 et
2388 1381 2597 1437 Filium
2620 1387 2678 1438 et
2697 1383 2982 1456 Spiritum
3004 1393 3273 1444 sanctum
3286 1389 3411 1446 sine
3423 1391 3620 1448 confu-

1972 1467 2135 1523 sione
2155 1467 2456 1536 indivisos,
2490 1470 2615 1526 sine
2635 1475 2892 1544 tempore
2913 1476 3321 1546 sempiternos,
3346 1477 3472 1534 sine
3501 1479 3618 1535 dif-

1973 1555 2217 1611 ferentia
2245 1559 2442 1614 credat
2471 1559 2742 1632 aequales,
2767 1561 2905 1632 quia
2932 1563 3215 1620 unitatem
3243 1565 3303 1621 in
3335 1568 3618 1625 Trinitate

1974 1661 2088 1700 non
2111 1645 2313 1702 eadem
2341 1663 2610 1718 persona,
2629 1649 2729 1705 sed
2751 1650 2952 1706 eadem
2975 1651 3052 1706 im
3061 1651 3179 1724 plet
3198 1655 3470 1712 essentia.
3490 1679 3519 1708 »
3548 1658 3638 1739 Et,

1975 1737 2214 1790 sanctus
2236 1735 2549 1808 Gregorius
2572 1736 2872 1794 multoties
2893 1739 2973 1795 ita
2989 1739 3049 1796 in
3066 1740 3233 1798 libris
3254 1743 3378 1800 suis
3398 1745 3469 1800 de
3490 1745 3618 1801 Tri-

1979 1822 2158 1878 nitate
2187 1824 2365 1880 unius
2399 1823 2631 1882 deitatis
2661 1827 2884 1900 scribit,
2910 1828 3062 1884 sicut
3089 1835 3144 1886 et
3164 1849 3344 1904 supra
3368 1832 3434 1890 in
3463 1834 3619 1891 488

1977 1909 2218 1966 homilia
2273 1917 2435 1968 sexta
2490 1913 2717 1970 decima
2773 1915 3089 1974 Ezechielis
3146 1919 3437 1992 prophetae
3484 1938 3622 1978 eum

1975 1999 2188 2060 dixisse
2210 2003 2596 2057 ostendimus.
2621 2003 2902 2060 Similiter
2919 2022 3150 2079 quoque
3173 2009 3418 2082 Prosper
3435 2014 3494 2066 et
3513 2027 3622 2066 ca:-

1973 2087 2082 2144 teri
2101 2088 2372 2144 catholici
2394 2091 2660 2146 doctores
2681 2095 2882 2148 sancto
2903 2091 3220 2150 illuminati
3246 2095 3466 2168 Spiritu
3488 2113 3619 2153 sen-

1973 2183 2178 2233 serunt
2195 2183 2370 2250 atque
2393 2179 2682 2249 dixerunt,
2707 2185 2763 2236 et
2786 2182 2910 2236 suis
2931 2182 3168 2255 scriptis
3189 2185 3358 2240 nobis
3377 2185 3625 2258 legenda

1972 2272 2149 2339 atque
2181 2269 2431 2323 tenenda
2474 2268 2922 2324 immutabiliter
2966 2273 3355 2328 tradiderunt.
3385 2275 3457 2330 Et
3485 2273 3622 2330 hinc

1973 2360 2213 2412 sanctus
2233 2357 2589 2412 Athanasius
2611 2358 2672 2413 in
2696 2357 2844 2413 libro
2867 2360 3248 2430 professionis
3266 2361 3398 2418 ﬁdei
3430 2362 3624 2421 catho-

1973 2443 2096 2500 lica:
2119 2461 2296 2518 super
2317 2445 2760 2502 Golhescalcum
2787 2447 3022 2518 (exstant
3049 2451 3110 2504 in
3141 2449 3282 2506 libro
3300 2453 3378 2518 v1)
3408 2455 3468 2506 et
3493 2451 3622 2524 ejus

1971 2533 2286 2606 compliccs
2320 2533 2464 2589 dicit
2489 2551 2502 2590 :
2546 2558 2572 2584 α
2601 2534 2945 2592 Maledictus
2975 2537 3076 2608 qui
3110 2537 3296 2594 Patris
3325 2543 3382 2594 et
3411 2538 3538 2594 Filii
3567 2543 3625 2596 et

1971 2621 2228 2694 Spiritus
2257 2623 2446 2678 sancti
2489 2623 2715 2678 unitam
2761 2625 3177 2696 sempiternam
3229 2627 3623 2684 substantiam

1970 2709 2292 2765 divinitatis
2315 2727 2442 2766 esse
2467 2728 2580 2766 non
2605 2712 2934 2767 conﬁtetur.
2962 2712 3106 2781 Fiat,
3131 2714 3254 2770 ﬁat.
3279 2715 3624 2773 Maledictus

1969 2797 2066 2869 qui
2093 2799 2310 2854 secund
2322 2816 2420 2853 um
2436 2803 2554 2855 tres
2567 2817 2848 2872 personas
2861 2805 2978 2856 tres
2991 2801 3250 2858 diversas
3261 2804 3624 2862 substantias

1968 2884 2027 2941 in
2052 2885 2143 2942 his
2163 2903 2292 2942 esse
2313 2889 2647 2942 conﬁtetur.
2675 2889 2820 2956 Fiat,
2847 2890 2968 2944 ﬁat.
2992 2889 3339 2947 Maledictus
3369 2893 3469 2964 qui
3499 2893 3626 2948 uni-

1969 2981 2094 3032 tum
2130 2992 2348 3031 nomen
2378 2976 2702 3031 secundum
2737 2977 3012 3032 deitatem
3036 2977 3340 3034 Trinitatis
3359 2997 3488 3036 esse
3508 2997 3623 3037 non

222 3067 399 3138 «Ergo
413 3066 565 3124 sicut
577 3067 909 3126 PaterDeus
923 3067 1174 3125 etFilius
1195 3068 1666 3136 Dominus,itact
1678 3070 1859 3127 Filius
1972 3067 2303 3121 conﬁtetur.
2326 3062 2470 3132 Fiat,
2491 3065 2611 3119 fiat.
2629 3062 2974 3122 Maledictus
2995 3064 3096 3138 qui
3115 3065 3426 3124 indivisam
3449 3068 3627 3126 deita-

218 3153 360 3212 Deus
390 3159 447 3211 ει
477 3156 646 3212 pater
673 3156 979 3214 Dominus,
1011 3156 1348 3214 Altepnatur
1366 3158 1463 3230 pia
1484 3157 1854 3232 signiﬁcatio,
1889 3139 1930 3205 C
1969 3157 2086 3210 tem
2121 3152 2308 3208 Patris
2328 3157 2386 3208 et
2409 3151 2536 3208 Filii
2560 3156 2615 3207 et
2637 3151 2890 3224 Spiritus
2929 3153 3118 3210 sancti
3149 3172 3262 3211 non
3287 3157 3618 3214 conﬁtetur.

217 3259 321 3300 non
340 3243 662 3302 alternatur
681 3245 880 3301 divina
898 3247 1236 3313 natura,sed
1258 3247 1648 3305 immutabilis
1661 3253 1858 3304 manet

215 3333 414 3403 gratia.
444 3333 571 3390 Non
603 3333 764 3390 enim
793 3334 1083 3408 largitatis
1113 3335 1402 3404 collativa,
1438 3336 1540 3392 sed
1571 3336 1858 3394 naturalis

215 3418 417 3492 placita
443 3421 751 3478 charitatis
781 3427 940 3488 sunt,
963 3423 1104 3495 quia
1130 3427 1188 3479 et
1216 3423 1412 3493 unitas
1442 3424 1856 3497 proprietatem

214 3507 398 3577 habet,
422 3513 478 3566 et
499 3509 828 3584 proprietas
869 3511 1180 3568 unitatem.
1219 3534 1245 3560 »
1277 3513 1348 3567 Et
1373 3511 1512 3568 item
1545 3513 1685 3585 (cap.
1721 3515 1808 3584 19)
1839 3531 1853 3571 :

218 3619 239 3645 ι
259 3599 369 3653 Aut
389 3598 588 3654 dicant
611 3597 793 3671 igitur
829 3599 968 3670 quid
1012 3599 1089 3656 sit
1104 3600 1258 3672 quod
1281 3599 1408 3656 sine
1430 3600 1596 3657 Patre
1624 3605 1682 3658 et
1713 3601 1856 3660 Filio

217 3685 436 3743 deitatis
463 3703 594 3744 esse
624 3687 934 3743 fateantur.
972 3710 1000 3737 »
1031 3688 1098 3743 Et
1129 3693 1370 3744 sanctus
1399 3690 1765 3761 Augustinus
1796 3691 1855 3748 in

215 3771 351 3839 libro
380 3779 588 3848 Quarto
621 3777 692 3832 de
723 3775 1007 3832 Trinitate
1038 3776 1292 3848 capitulo
1341 3777 1624 3850 vigesimo
1667 3779 1854 3850 primo

216 3862 415 3919 dicitm
435 3865 495 3920 ln
515 3881 624 3920 sua
640 3863 856 3938 quippe
880 3865 1213 3921 substantia
1235 3882 1353 3937 qua
1373 3867 1651 3935 sunt,tria
1669 3885 1854 3924 unum

216 3957 345 4008 sunt
375 3953 540 4009 Pater
569 3958 628 4008 et
659 3953 840 4009 Filius
870 3959 928 4010 et
958 3953 1213 4026 Spiritus
1245 3958 1506 4025 sanctus,
1534 3955 1694 4011 nullo
1715 3961 1858 4014 tem-

213 4039 387 4110 porali
409 4047 568 4096 motu
591 4059 770 4114 super
791 4059 1027 4098 omnem
1067 4048 1397 4098 creaturam
1420 4044 1478 4100 id
1501 4045 1696 4117 ipsum
1729 4045 1856 4102 sine

213 4127 668 4187 ullisintervallis
680 4135 1010 4204 temporum
1023 4130 1655 4198 vellocorum,etsimul
1669 4151 1854 4190 unum

208 4223 375 4289 atque
403 4219 557 4274 idem
591 4219 665 4274 ab
695 4220 1014 4276 zetcrnitate
1045 4219 1104 4276 in
1137 4221 1546 4289 aeternitatem,
1569 4226 1854 4295 tanquam

208 4305 330 4378 ipsa
356 4309 669 4376 mternitas,
702 4326 828 4382 quae
878 4309 1004 4366 sine
1053 4309 1294 4366 veritate
1327 4314 1385 4366 et
1414 4309 1698 4368 charitate
1738 4329 1854 4368 non

204 4400 307 4451 est.
341 4397 404 4452 In
435 4398 581 4454 meis
613 4401 810 4454 autem
840 4398 1081 4475 vocibus
1130 4399 1380 4470 separati
1432 4404 1574 4456 sunt
1601 4400 1770 4456 Pater
1799 4405 1858 4457 et

1967 3241 2115 3310 Fiat,
2151 3241 2271 3296 ﬁat.
2307 3239 2662 3297 Maledictus
2685 3241 2786 3313 qui
2817 3242 3045 3298 unitam
3067 3243 3342 3300 deitatem
3357 3245 3544 3302 Patris
3563 3251 3624 3303 et

1967 3329 2096 3386 Filii
2116 3335 2174 3386 et
2195 3329 2448 3402 Spiritus
2463 3329 2651 3385 sancti
2667 3347 2735 3386 ex
2753 3331 3032 3388 charitate
3048 3333 3370 3389 concordia:
3388 3338 3620 3391 tantum

1966 3437 2094 3476 esse
2114 3420 2440 3492 proﬁtetur,
2461 3423 2518 3474 et
2541 3435 2654 3474 non
2677 3419 2870 3492 magis
2891 3437 2998 3493 per
3021 3421 3174 3477 hanc
3190 3421 3378 3494 ipsam
3394 3423 3620 3480 unitam

1966 3506 2346 3564 divinitatem.
2383 3507 2526 3576 Fiat,
2562 3508 2683 3564 ﬁat.
2719 3507 3067 3566 Maledictus
3106 3511 3207 3582 qui
3241 3511 3469 3568 unitam
3499 3512 3618 3568 dei-

1966 3603 2145 3654 tatem
2178 3596 2237 3652 in
2285 3601 2403 3653 tres
2451 3595 2558 3652 has
2607 3613 2889 3668 personas
2947 3615 3075 3654 esse
3123 3617 3238 3655 non
3288 3602 3617 3659 conﬁtetur.

1969 3687 2112 3755 Fiat,
2166 3687 2284 3741 ﬁat.
2319 3685 2663 3741 Maledictus
2720 3685 2822 3757 qui
2879 3685 3166 3744 unitatem
3219 3688 3308 3744 vel
3364 3687 3618 3760 plenitu-

1965 3774 2161 3830 dinem
2191 3772 2396 3828 divinze
2429 3773 2733 3829 Trinitatis
2787 3773 3099 3830 indivisam
3155 3793 3282 3833 esse
3333 3793 3449 3834 non
3479 3793 3616 3834 con-

1964 3865 2180 3919 ﬁtetur.
2213 3861 2362 3930 Fiat,
2394 3862 2515 3918 ﬁat.
2550 3885 2580 3912 »
2611 3863 2760 3918 Hinc
2819 3863 2981 3920 mille
3039 3865 3376 3922 testimonia
3423 3883 3614 3925 sacra-

1965 3969 2097 4007 rum
2128 3950 2562 4023 Scripturarum
2583 3955 2639 4006 et
2659 3969 2728 4006 ex
2747 3951 3200 4010 orthodoxorum
3233 3955 3468 4029 scriptis
3489 3957 3615 4013 dari

1965 4043 2233 4113 possunt.
2271 4041 2392 4094 lmo
2437 4057 2552 4096 non
2613 4038 2782 4095 aliter
2833 4057 3096 4112 unquam
3140 4042 3230 4099 vel
3270 4061 3523 4116 usquam
3553 4046 3614 4102 in

1965 4129 2184 4184 sanctis
2238 4128 2555 4202 Scripturis
2587 4128 2674 4185 vel
2707 4129 3158 4186 orthodoxorum
3189 4132 3361 4188 dictis
3391 4133 3614 4190 inveni-

1962 4222 2078 4288 tur,
2112 4217 2224 4274 nisi
2256 4217 2396 4290 quia
2425 4218 2486 4272 in
2514 4221 2720 4272 sancta
2781 4217 3066 4274 Trinitate
3122 4223 3241 4276 tres
3296 4226 3437 4276 sunt
3481 4239 3612 4294 per-

1963 4325 2118 4364 sena:
2149 4311 2207 4362 et
2237 4325 2355 4362 una
2394 4310 2483 4362 est
2528 4305 2822 4374 divinitas,
2854 4307 3060 4376 deitas,
3096 4312 3325 4377 natura,
3357 4309 3612 4368 essentia

1961 4402 2138 4469 atque
2159 4395 2514 4451 substantia.
2539 4395 2824 4450 Czeterum
2845 4399 3048 4451 contra
3071 4395 3128 4451 id
3155 4397 3310 4469 quod
3341 4395 3496 4452 idem
3517 4398 3612 4454 de-

207 4481 383 4540 Filius
399 4489 457 4541 et
470 4486 726 4559 Spiritus
761 4490 1023 4555 sanctus,
1043 4503 1148 4542 nec
1164 4487 1343 4542 simul
1364 4487 1477 4544 dici
1509 4493 1846 4562 potuerunt,
1880 4508 1926 4572 Β
1962 4485 2369 4541 mentissimus
2398 4485 2709 4556 potiusque
2733 4483 3174 4542 amentissimus
3195 4485 3608 4544 Gothescalcus

203 4575 257 4626 et
270 4570 334 4628 in
347 4571 554 4632 litteris
577 4574 910 4632 visibilibus
930 4592 1038 4632 sua
1057 4575 1372 4648 separatim
1385 4575 1644 4633 locorum
1659 4578 1848 4651 spatia

205 4662 528 4719 tenuerunt.
557 4687 587 4715 »
611 4665 682 4720 Et
705 4663 765 4720 in
794 4663 942 4720 libro
973 4664 1042 4720 de
1066 4681 1204 4720 vera
1233 4664 1531 4738 Religione
1561 4669 1700 4739 (cap.
1730 4668 1844 4738 55).

204 4771 230 4798 κ
251 4751 440 4816 Quare
467 4751 663 4824 ipsum
693 4754 914 4808 donum
945 4753 1045 4809 Dei
1077 4769 1212 4809 cum
1245 4754 1414 4810 Patre
1435 4757 1494 4810 et
1522 4754 1665 4812 Filio
1683 4773 1847 4830 aeque

203 4837 676 4897 incommutabile
707 4841 894 4898 colere
925 4845 982 4898 et
1011 4846 1208 4898 tenere
1237 4859 1347 4899 nos
1377 4842 1847 4914 convenit,unius

201 4927 536 4985 substantiae
567 4929 973 4987 Trinitatem.»
989 4932 1061 4987 Et
1089 4931 1148 4986 in
1178 4929 1326 4987 libro
1355 4935 1558 4990 contra
1585 4933 1848 4990 Maximi-

201 5032 343 5071 num
377 5017 498 5090 (lib.
529 5035 614 5087 ιιι,
646 5035 765 5092 cap.
799 5020 907 5088 10).
937 5043 966 5071 ‹‹
1000 5021 1143 5077 Tres
1195 5019 1352 5076 enim
1398 5039 1661 5094 personis
1707 5027 1848 5080 sunt

201 5101 372 5160 Pater
390 5110 443 5162 et
480 5106 662 5164 Filius
692 5111 750 5163 et
779 5107 1034 5180 Spiritus
1064 5113 1325 5180 sanctus,
1357 5114 1414 5166 et
1443 5110 1505 5166 hi
1535 5115 1676 5182 tres,
1708 5112 1848 5186 quia

198 5192 378 5248 unius
404 5194 745 5252 substantiae
765 5201 1121 5267 sunt,unum
1153 5203 1293 5254 sunt
1323 5203 1377 5255 et
1408 5216 1640 5256 summe
1657 5218 1843 5256 unum

197 5281 459 5349 sunt,ubi
479 5282 644 5339 nulla
664 5287 1072 5356 naturarum,n
1085 5285 1203 5343 ulla
1221 5291 1310 5344 est
1330 5287 1636 5346 diversitas
1646 5289 1734 5345 vol
1747 5307 1846 5346 un-

192 5371 470 5427 tatum.Si
489 5377 688 5430 autem
710 5378 923 5431 natura
943 5392 1129 5432 unum
1150 5381 1368 5445 essent,
1383 5381 1440 5434 et
1459 5377 1845 5434 consensione

191 5475 308 5515 non
331 5465 544 5532 essent,
568 5479 686 5520 non
706 5480 940 5522 summe
960 5482 1146 5522 unum
1168 5470 1381 5522 essent.
1398 5465 1459 5524 Si
1473 5482 1608 5524 vero
1631 5470 1843 5524 natura

191 5545 458 5628 dispares
477 5555 698 5631 essent,
720 5569 907 5614 unum
928 5571 1046 5615 non
1068 5558 1284 5618 essent.
1299 5554 1369 5614 Hi
1389 5571 1526 5633 ergo
1548 5559 1688 5627 tres,
1703 5555 1842 5632 quia

1956 4573 2099 4630 dicit
2132 4591 2144 4629 :

2737 4697 2826 4754 IX.

2043 4848 2097 4908 ..ξ-
2115 4865 2142 4892 ‹‹
2173 4841 2234 4897 In
2257 4840 2387 4910 hoc,
2410 4842 2686 4913 inquiens,
2705 4841 2893 4915 liquet
2924 4841 3053 4900 luce
3083 4842 3318 4914 clarius,
3343 4846 3486 4918 quin
3511 4865 3610 4920 pa-

1957 4955 1985 4981 ‹‹
2022 4935 2103 4988 tet
2123 4931 2244 4988 sole
2265 4930 2648 5004 splendidius,
2665 4933 2819 5004 quod
2839 4932 2992 4988 inest
3008 4932 3326 5006 unicuique
3345 4951 3604 5007 personis

1957 5044 1985 5071 ‹‹
2020 5038 2128 5078 sua
2155 5019 2390 5094 propria
2436 5019 2644 5090 deitas,
2678 5026 2852 5094 atque
2901 5021 3198 5091 divinitas,
3233 5022 3373 5094 quia
3408 5039 3604 5079 revera

1955 5133 1984 5161 ‹‹
2020 5126 2392 5182 nequaquam
2423 5110 2748 5182 assumpsit
2778 5109 3228 5178 humanitatem,
3249 5111 3402 5182 quod
3428 5109 3600 5182 absit,
3701 5183 3708 5194 .

1955 5223 1982 5250 ‹‹
2017 5197 2138 5255 ullo
2170 5199 2342 5254 modo
2372 5203 2494 5255 tota
2541 5197 2821 5270 Trinitas,
2852 5199 2956 5257 sed
3015 5198 3140 5256 sola
3195 5198 3602 5255 tantummodo

1958 5311 1979 5338 α
2016 5286 2145 5344 Filii
2176 5287 2382 5344 deitas.
2421 5310 2448 5336 »

2021 5394 2116 5433 χιι.
2148 5375 2406 5435 Etollens
2460 5395 2660 5434 vocem
2701 5377 2974 5444 Ecclesia
3021 5375 3306 5433 catholica
3341 5376 3600 5434 tonitruo

1951 5466 2182 5534 fortius,
2204 5467 2350 5523 tuba
2380 5467 2672 5536 sonorius,
2696 5467 2950 5524 ostendit
2977 5463 3339 5522 Gothescalci
3369 5467 3604 5523 menda-

1949 5555 2106 5615 cium
2130 5560 2300 5616 nocte
2319 5556 2580 5635 opacius,
2606 5555 2860 5616 tenebris
2891 5554 3276 5617 tenebrosius.
3293 5557 3428 5627 Quae
3459 5556 3605 5623 dicit
