3962 6178
334 246 443 305 551

1255 239 1632 302 HINCMARI
1682 237 2127 301 RHEMENSIS
2178 237 2797 301 ARCHIEPISCOPI.

330 373 605 448 quianon
628 370 1329 441 incst,utmendaxlsdem
1352 370 1974 444 mcntitur,unicuique
2002 373 2057 440 Α
2084 387 2203 428 ecce
2247 373 2473 445 angelus
2529 374 2752 431 Domini
2797 375 2860 432 in
2904 373 3113 429 somnis
3160 373 3311 429 visus
3334 380 3420 429 est
3444 374 3514 429 ab
3540 374 3717 448 Ioseph

329 479 590 537 persona:
620 478 729 518 sua
756 460 1011 534 propria,
1043 460 1101 516 id
1133 464 1223 518 est
1262 460 1552 534 specialis,
1577 461 1764 518 deitas
1804 465 1979 532 atque

329 550 756 611 divinitaszsed
779 554 869 606 est
888 567 1008 606 una
1027 550 1346 622 eademque
1370 550 1549 606 trium
1572 548 1748 606 simul
1779 567 1976 622 perso-

328 657 540 699 narum
562 639 747 696 deitas
770 642 944 711 atque
965 638 1441 711 substantia,qua
1455 655 1659 694 omnes
1670 642 1788 693 tres
1800 637 1977 694 simul

328 746 588 803 personae
605 745 761 784 unus
776 743 946 784 verus
980 728 1388 800 perfectasque
1408 731 1496 784 est
1518 731 1667 783 Deus
1689 742 1759 781 ex
1786 725 1977 798 pleni-

326 819 530 877 tudine
552 817 730 877 unius
749 817 1133 890 ejusdemque
1143 817 1609 890 divinitatis,qua
1620 815 1766 872 nihil
1780 816 1978 873 minus

325 908 385 965 in
407 907 679 981 singulis,
701 906 848 962 nihil
876 905 1133 979 amplius
1162 905 1511 979 intelligitur
1530 924 1660 963 esse
1681 907 1740 961 in
1761 905 1973 962 tribus.

328 997 544 1056 Bthinc
567 995 868 1052 individua
885 999 1059 1068 atque
1081 995 1492 1068 inseparabilis
1504 994 1977 1051 sanctaTrinitas

326 1086 562 1144 dicitur.
593 1085 763 1142 Sicut
793 1085 905 1141 Leo
934 1085 1006 1140 de
1038 1084 1190 1140 Urbe
1219 1083 1378 1140 orbis
1408 1085 1595 1157 capite
1636 1101 1752 1140 non
1784 1083 1976 1139 solum

326 1179 531 1232 contra
545 1174 810 1241 eum,sed
829 1176 889 1229 et
909 1190 1013 1246 per
1030 1176 1219 1229 totum
1237 1174 1527 1230 mundum
1548 1178 1753 1230 contra
1770 1189 1976 1229 omnes

325 1263 651 1333 haereticos,
684 1261 988 1321 dulcisono
1036 1262 1234 1335 rugitu
1283 1261 1533 1333 intonat,
1567 1263 1639 1318 ad
1670 1262 1974 1319 Turibium

326 1351 763 1409 Asturicensem
819 1350 1170 1424 Episcopum
1200 1351 1465 1407 scribens
1493 1353 1670 1422 (epist.
1704 1352 1756 1416 4,
1786 1367 1835 1406 c.
1873 1352 1923 1423 1)
1957 1367 1971 1406 :

327 1442 533 1509 «Quia
560 1440 845 1497 unitatem
875 1439 935 1494 in
967 1439 1248 1497 Trinitate
1297 1457 1412 1495 non
1460 1440 1661 1496 eadem
1704 1456 1972 1512 persona,

328 1532 426 1587 sed
442 1531 643 1587 eadem
657 1529 1182 1601 impletessentia.»
1206 1530 1275 1584 Et
1291 1528 1657 1602 Augustinus
1679 1545 1974 1601 exponens

325 1619 699 1676 Ambrosium
716 1618 1024 1685 dicentem,
1055 1620 1140 1673 Tu
1172 1619 1451 1674 Trinitatis
1479 1620 1685 1674 unitas.
1709 1641 1737 1668 «
1763 1616 1976 1673 Divini-

324 1712 528 1777 tatem,
542 1708 764 1781 inquit,
788 1706 875 1763 vel
898 1706 946 1762 si
968 1706 1302 1779 expressius
1322 1706 1435 1762 dici
1460 1711 1651 1779 potest
1671 1706 1968 1774 deitatem,

325 1811 454 1868 quis
485 1794 793 1851 Trinitatis
837 1797 929 1850 est
978 1794 1192 1851 unitas.
1228 1816 1257 1846 ››
1292 1793 1649 1851 Athanasius
1679 1810 1973 1867 exponens

324 1884 466 1957 quid
487 1883 900 1956 interpretetur
913 1883 1110 1939 unitas
1132 1883 1291 1951 dicit,
1307 1883 1446 1956 quia
1462 1901 1580 1940 una
1601 1888 1690 1940 est
1712 1882 1897 1945 Patris
1916 1886 1975 1940 et

262 1974 265 1979 ’
325 1973 455 2030 Filii
483 1976 542 2028 et
570 1971 823 2045 Spiritus
849 1973 1035 2029 sancti
1057 1972 1433 2041 divinitas,ac
1457 1990 1560 2046 per
1586 1973 1696 2029 hoc
1728 1989 1842 2029 non
1873 1989 1971 2029 so-

325 2063 381 2119 la
412 2062 1002 2121 489'lantummodo
1047 2061 1174 2118 Filii
1222 2062 1428 2130 deitas,
1463 2067 1527 2117 ut
1555 2060 1971 2119 Gothescalcus

323 2152 592 2222 dicit,sed
619 2150 745 2207 sola
763 2150 891 2207 Filii
913 2167 1162 2222 persona
1183 2151 1965 2224 assumpsithumanitatem,

323 2244 389 2297 ut
409 2241 616 2296 beatus
636 2240 1002 2311 Augustinus
1022 2240 1081 2294 in
1104 2239 1441 2312 supradicto
1476 2256 1742 2295 sermone
1764 2240 1834 2295 de
1857 2240 1969 2296 fide

321 2333 525 2385 contra
583 2327 945 2384 Sabellianos
993 2333 1051 2383 et
1096 2328 1341 2384 Arianos
1384 2328 1525 2383 dicit
1560 2345 1570 2385 ε
1607 2352 1633 2379 ‹‹
1670 2328 1964 2397 Quamvis,

322 2417 615 2490 inquiens,
639 2416 870 2490 preprie
909 2432 1159 2489 persona
1188 2417 1338 2489 Filii,
1363 2417 1419 2471 id
1440 2421 1531 2473 est
1555 2417 1656 2473 Dei
1686 2417 1967 2486 Verbum,

321 2505 644 2579 susceperit
674 2504 1015 2578 passibilem
1044 2505 1364 2577 hominem,
1396 2505 1478 2561 ita
1509 2511 1701 2562 tamen
1734 2508 1864 2579 ejus
1886 2507 1967 2562 in-

318 2595 679 2652 habitatione
727 2594 1053 2651 secundum
1101 2611 1269 2649 suam
1329 2595 1719 2651 substantiam
1777 2596 1967 2651 deitas

319 2684 491 2740 Verbi
513 2682 658 2740 nihil
680 2699 856 2756 passa
874 2686 982 2751 est,
1008 2688 1074 2739 ut
1090 2688 1212 2739 tota
1232 2684 1513 2750 Trinitas,
1545 2702 1723 2757 quam
1754 2683 1969 2756 impas-

318 2772 548 2831 sibilem
572 2790 699 2830 esse
721 2788 957 2829 necesse
988 2776 1078 2829 est
1099 2772 1382 2828 confiteri.
1407 2773 1487 2829 De
1509 2775 1681 2845 cujus
1712 2772 1966 2829 Trinita-

316 2863 415 2931 tis,
438 2862 662 2921 scilicet
700 2861 885 2917 Patris
905 2865 962 2917 et
982 2861 1111 2917 Filii
1135 2864 1192 2917 et
1220 2862 1473 2935 Spiritus
1502 2863 1711 2931 sancti,
1744 2862 1966 2918 unitate

318 2951 684 3020 substantia,
706 2950 766 3005 in
787 2949 935 3006 libro
956 2955 1161 3007 contra
1182 2950 1551 3007 Pascentium
1573 2951 1818 3023 (epistola
1844 2952 1965 3022 178)

317 3042 474 3098 idem
513 3042 720 3098 beatus
767 3040 1131 3113 Augustinus
1172 3038 1352 3096 dicit:
1380 3041 1524 3096 Ecce
1551 3047 1782 3111 ὁμούσιον
1814 3041 1965 3094 recte

2085 462 2270 518 dicens
2300 463 2390 517 illi
2423 479 2435 517 :
2470 463 2580 518 Fili
2631 461 2824 529 David,
2873 478 2944 517 ne
2978 463 3171 517 timeas
3225 464 3463 534 recipere
3507 462 3722 521 Mariam

2085 567 2312 607 uxorem
2342 558 2512 619 tuam,
2545 551 2686 624 quod
2733 551 2884 607 enim
2918 567 2990 607 ea:
3029 567 3096 606 ea
3132 559 3405 618 nascetur,
3435 550 3502 608 de
3525 552 3725 626 Spiritu

2084 647 2268 696 sancto
2291 647 2371 696 est
2398 639 2601 712 (Matth.
2636 641 2797 710 1,18).
2829 640 2900 696 Et
2927 639 3065 695 licet
3090 638 3380 713 sapientia
3407 639 3724 699 Salomonis

2086 726 2146 783 in
2169 727 2492 784 Proverbiis
2514 728 2587 784 de
2616 743 2857 800 corpore
2887 726 3205 784 Salvatoris
3236 727 3471 796 diceret,
3498 728 3723 802 Sapien-

2084 818 2164 872 tia
2186 815 2484 888 aediﬁcavit
2525 817 2638 872 sibi
2681 816 2904 873 domum
2949 819 3137 887 (Prov.
3171 833 3248 884 ιχ,
3284 816 3356 889 1),
3386 821 3449 873 et
3477 816 3571 874 hic
3600 834 3724 891 prs-

2086 904 2283 960 ﬁtetur
2304 905 2673 978 unigenitum
2694 909 3015 961 creatorem
3030 904 3294 979 corporis
3312 903 3527 974 sui,bic
3537 910 3725 965 tamen

2084 989 2329 1064 angelus
2359 1010 2428 1049 ex
2458 994 2680 1067 Spiritu
2729 997 2931 1050 sancto
2992 993 3139 1051 illud
3192 1010 3323 1051 esse
3365 994 3531 1063 dixit,
3560 1000 3620 1052 et
3648 996 3725 1054 sic

2084 1081 2277 1138 omnis
2295 1082 2665 1139 Christianus
2677 1099 2812 1139 cum
2824 1082 3138 1139 instruitur
3155 1083 3563 1157 credit.Neque
3573 1085 3724 1143 enim

2085 1169 2388 1243 Scriptura
2419 1170 2577 1231 circa
2620 1170 2966 1228 Trinitatem
3014 1172 3327 1245 discrepat,
3358 1188 3537 1230 unam
3566 1188 3727 1232 eams

2083 1259 2338 1333 demque
2383 1260 2782 1334 operationem
2829 1261 2960 1332 ejus
3006 1260 3220 1317 factam
3250 1260 3469 1333 ubique
3495 1261 3725 1319 docens.

2085 1347 2346 1421 Denique
2401 1349 2587 1406 Deum
2640 1349 2903 1424 paritura
2958 1350 3129 1405 beata
3157 1348 3333 1422 Virgo
3358 1348 3560 1419 Maria,
3593 1367 3725 1407 cum

2083 1437 2409 1495 Gabrielem
2429 1438 2693 1495 audisset
2722 1438 3033 1506 dicentem,
3061 1440 3192 1495 Ecce
3221 1441 3284 1495 in
3308 1446 3461 1496 utero
3489 1439 3725 1509 habebis,

2081 1536 2133 1585 et
2154 1530 2342 1602 paries
2368 1530 2569 1601 ﬁlium,
2600 1537 2654 1585 et
2680 1531 2897 1585 vocabis
2935 1544 3133 1585 nomen
3161 1530 3279 1601 ejus
3303 1533 3515 1598 Iesum,
3544 1534 3604 1587 et
3631 1546 3730 1586 ca:-

2082 1621 2224 1686 tera,
2256 1622 2314 1674 et
2342 1634 2478 1674 cum
2509 1618 2947 1691 interrogasset,
2981 1617 3267 1690 Quomodo
3293 1620 3401 1675 erit
3429 1619 3576 1675 istud
3606 1622 3733 1692 quia

2080 1707 2265 1762 virum
2292 1722 2405 1762 non
2432 1709 2563 1763 novi
2583 1707 2732 1780 (Luc.
2766 1722 2808 1774 1,
2841 1706 2984 1776 31)?
3015 1706 3219 1763 statim
3277 1708 3521 1764 docetur
3552 1709 3638 1764 ab
3670 1724 3732 1765 eo

2082 1794 2309 1851 dicente
2340 1812 2354 1852 :
2387 1796 2626 1868 Spiritus
2652 1804 2874 1852 sanctus
2912 1798 3257 1868 superveniet
3284 1798 3346 1852 in
3382 1804 3451 1865 te,
3480 1805 3537 1854 et
3562 1798 3733 1856 virtus

2081 1884 2353 1940 Altissimi
2380 1884 2724 1941 obumbrabit
2750 1892 2817 1941 te.
2849 1885 3141 1957 Propterea
3196 1884 3339 1957 quod
3381 1894 3647 1942 nascetur
3668 1903 3733 1943 ea

2080 1981 2131 2029 te
2157 1981 2427 2041 sanctum,
2456 1973 2736 2030 vocabitur
2783 1974 2961 2029 Filius
2990 1973 3107 2028 Dei.
3142 1973 3303 2040 Quod
3337 1973 3387 2029 si
3415 1970 3608 2031 virtus
3636 1976 3729 2032 Al-

2079 2061 2295 2117 tissimi
2326 2067 2417 2118 est
2445 2061 2784 2135 unigenitus
2801 2062 3127 2118 secundum
3150 2061 3393 2118 Paulum
3413 2062 3726 2133 dicentem,

2080 2149 2324 2207 Christus
2354 2152 2451 2206 Dei
2479 2153 2653 2207 virtus
2681 2159 2733 2207 et
2757 2152 3030 2223 sapientia
3059 2151 3105 2223 (l
3132 2150 3253 2207 Cor.
3286 2152 3444 2221 1,24),
3474 2152 3729 2224 Spiritus

2076 2255 2210 2295 vero
2268 2244 2507 2296 sanctus
2566 2238 2899 2296 Paracletus
2940 2240 3097 2309 41η
3140 2239 3386 2312 spiritus
3442 2242 3724 2312 veritatis,

2076 2326 2287 2400 hisque
2315 2329 2809 2385 obumbrantibus
2848 2328 3109 2402 paritura
3138 2328 3321 2384 Deum
3354 2329 3539 2385 Maria
3569 2346 3725 2387 crea-

2076 2420 2204 2472 tum
2252 2421 2341 2473 est
2386 2417 2758 2473 Dominicum
2810 2413 3119 2490 templum,
3154 2417 3397 2491 angelus
3426 2423 3633 2477 autem
3660 2435 3730 2476 ex.

2076 2504 2295 2576 Spiritu
2327 2511 2529 2561 sancto
2558 2510 2823 2561 creatum
2854 2504 3020 2561 illum
3053 2505 3216 2573 dixit,
3246 2522 3352 2561 cur
3381 2522 3496 2561 non
3524 2522 3729 2580 opera-

2075 2593 2293 2650 tionem
2324 2611 2453 2650 esse
2483 2594 2789 2651 Trinitatis
2809 2594 3117 2650 erudimur
3136 2595 3164 2650 ‘l
3188 2617 3215 2644 υ
3239 2595 3307 2650 Et
3333 2600 3581 2652 sanctus
3600 2600 3727 2652 Am-

2075 2681 2307 2737 brosius
2338 2682 2397 2737 in
2426 2682 2575 2738 libro
2618 2684 2874 2739 secundo
2905 2687 3048 2755 (cap.
3080 2685 3138 2752 8)
3168 2683 3238 2739 de
3268 2683 3492 2756 Spiritu
3522 2690 3731 2741 sancte

2074 2769 2219 2826 dicit
2249 2787 2262 2826 :
2298 2792 2327 2821 ‹‹
2355 2771 2608 2839 Etenim,
2637 2772 2850 2845 inquit,
2882 2772 3036 2828 sicut
3063 2771 3314 2844 legimus
3343 2773 3486 2845 quia
3509 2774 3731 2831 ereavit

2075 2858 2243 2915 Pater
2262 2860 2574 2917 Dominicis
2592 2860 3010 2917 incarnationis
3039 2867 3497 2931 sacramentum,
3511 2863 3731 2921 creavit

2073 2952 2132 3004 et
2154 2948 2408 3020 Spiritus
2428 2953 2689 3017 sanctus,
2713 2950 2796 3006 ita
2815 2954 2875 3006 et
2892 2949 3145 3023 legimus
3167 2951 3321 3022 quod
3343 2954 3401 3007 et
3420 2951 3549 3024 ipse
3570 2952 3732 3009 Chri~

2074 3042 2204 3094 stus
2248 3054 2422 3094 suum
2473 3054 2687 3111 corpus
2728 3038 2962 3095 creavit.
2996 3037 3223 3096 Creavit
3245 3040 3404 3096 enim
3435 3040 3611 3098 Pater
3638 3059 3730 3099 se-

317 3132 638 3204 probamus
659 3130 940 3202 positum,
963 3128 1096 3184 etin
1120 3128 1501 3187 assertionem
1534 3128 1814 3199 ﬁdei,qua
1842 3127 1966 3182 Tri—
1993 3117 2036 3183 C
2075 3126 2335 3182 cundum
2391 3127 2550 3200 quod
2598 3127 2881 3200 scriptum
2922 3131 3032 3197 est,
3065 3130 3347 3185 Dominus
3378 3132 3612 3188 creavit
3634 3144 3733 3188 me

315 3219 471 3276 nitas
499 3219 695 3274 unitas
718 3234 752 3272 a
770 3217 1075 3274 catholicis
1105 3218 1380 3285 creditur,
1401 3233 1434 3271 a
1454 3216 1667 3271 Graecis
1698 3215 1965 3271 Patribus

312 3308 558 3362 dictum.
594 3327 622 3355 »
651 3307 721 3360 Et
748 3309 883 3375 post
912 3321 1098 3377 pauca
1129 3321 1144 3359 :
1178 3329 1205 3355 ‹‹
1235 3313 1489 3375 Ὅμούσιος
1533 3320 1670 3375 ergo
1726 3303 1966 3377 exponi-

313 3400 411 3451 tur
430 3394 608 3449 unius
630 3393 974 3448 substantias
999 3394 1167 3448 Pater
1186 3398 1245 3448 et
1268 3393 1449 3449 Filius
1467 3397 1526 3449 et
1553 3392 1807 3466 Spiritus
1836 3410 1966 3449 san-

312 3487 463 3539 ctus.
499 3505 528 3533 »
558 3482 628 3538 Et
656 3483 796 3537 item
828 3481 887 3536 in
917 3482 1121 3537 eodem
1153 3480 1334 3537 libro:
1371 3503 1398 3532 α
1426 3482 1760 3538 Absurdum
1786 3481 1966 3556 igitur

313 3589 429 3628 non
462 3575 552 3627 est
580 3575 645 3627 ut
671 3570 730 3626 in
761 3569 1025 3626 conciliis
1056 3570 1290 3625 Patrum
1338 3571 1532 3627 Graeco
1570 3572 1745 3627 verbo
1779 3572 1963 3628 Patris

312 3666 371 3718 et
394 3660 521 3718 Filii
548 3665 607 3718 et
628 3659 882 3733 Spiritus
903 3658 1087 3716 sancti
1113 3676 1229 3713 una
1251 3660 1580 3715 substantia
1609 3661 1959 3729 ﬁrmaretur,

312 3767 445 3807 cum
471 3766 647 3822 super
666 3749 962 3822 apostolos
974 3748 1250 3821 primitus
1264 3749 1449 3804 sancti
1464 3749 1717 3822 Spiritus
1729 3751 1965 3823 propria

310 3840 580 3911 largitate
609 3838 943 3909 linguarum
976 3836 1223 3892 varietas
1261 3838 1657 3894 funderetur.»
1689 3840 1757 3894 Et
1786 3839 1961 3911 paulo

310 3930 444 4001 post
467 3943 481 3982 :
515 3949 544 3977 ‹‹
567 3925 729 3983 Sicut
750 3924 905 3981 enim
930 3926 1128 3982 Grazca
1156 3925 1378 3999 lingua,
1401 3927 1558 3999 quod
1595 3932 1685 3983 est
1709 3938 1957 4000 ὸμούσιον,

309 4032 432 4072 una
456 4013 675 4071 dicitur
703 4013 791 4070 vel
821 4014 1080 4070 creditur
1108 4031 1143 4070 a
1172 4014 1443 4071 ﬁdelibus
1489 4015 1791 4073 Trinitatis
1834 4034 1959 4073 cm-

309 4104 451 4160 nino
481 4102 832 4171 substantia,
866 4103 950 4159 sic
980 4120 1099 4159 una
1144 4108 1386 4177 rogatur
1441 4109 1505 4160 ut
1551 4106 1898 4162 misereatur
1927 4122 1962 4162 a

256 4179 271 4185 ’
309 4194 537 4251 cunctis
559 4192 782 4250 Latinis
801 4197 860 4248 et
881 4193 1151 4249 Barbaris
1173 4193 1349 4249 unius
1370 4194 1470 4250 Dei
1494 4198 1727 4250 natura.
1763 4217 1792 4244 ››
1822 4196 1958 4261 Quae

309 4281 486 4339 unius
516 4280 861 4338 substantiis
893 4286 1014 4338 tota
1043 4286 1247 4338 sancta
1262 4282 1959 4355 Trinitas,cujusinsepa-

308 4370 513 4428 rabilis
541 4374 631 4426 est
657 4371 941 4444 operatio,
974 4370 1129 4426 sicut
1173 4374 1232 4426 et
1260 4370 1446 4427 deitas
1476 4388 1543 4427 ac
1572 4370 1866 4439 voluntas,
1895 4371 1956 4427 in

2074 3214 2233 3285 (Gal.
2249 3233 2325 3283 1v,
2341 3217 2417 3286 4).
2442 3217 2511 3271 Et
2534 3216 2695 3284 alibi,
2711 3217 2879 3273 Misit
2900 3221 3046 3272 Deus
3065 3217 3292 3275 Filium
3310 3235 3479 3275 suum
3498 3221 3725 3291 factum

2072 3320 2149 3358 ex
2168 3307 2425 3374 muliere,
2446 3308 2677 3383 factum
2697 3309 2804 3365 sub
2827 3308 2956 3384 lege
2977 3309 3213 3379 (Matth.
3228 3326 3269 3376 1,
3286 3310 3393 3382 18).
3416 3309 3651 3366 Creavit
3664 3314 3727 3367 et

2075 3393 2327 3466 Spiritus
2349 3395 2493 3454 illud
2515 3414 2688 3454 omne
2710 3399 3054 3472 mysterium
3077 3398 3729 3474 secundumquodlegi-

2074 3483 2375 3556 mus,quia
2392 3487 2632 3543 inventa
2653 3497 2737 3544 est
2755 3489 2957 3545 Maria
2975 3489 3035 3544 in
3055 3494 3221 3544 utero
3246 3488 3466 3545 habens
3492 3488 3571 3545 de
3600 3489 3728 3562 Spi-

2070 3574 2197 3628 ritu
2225 3584 2450 3631 sancto.
2482 3576 2673 3633 Habes
2722 3576 2861 3650 quia
2912 3576 3127 3633 creavit
3174 3576 3360 3646 Pater,
3401 3578 3627 3635 creavit
3670 3581 3729 3634 et

2073 3662 2328 3734 Spiritus
2362 3670 2622 3736 sanctus,
2647 3666 2844 3740 accipe
2881 3666 3023 3738 quia
3048 3665 3265 3722 creavit
3286 3669 3348 3722 et
3378 3665 3567 3723 Filius
3599 3665 3724 3734 Del,

2071 3751 2298 3807 dicente
2319 3753 2971 3828 Salomone,Sapientia
2981 3756 3096 3812 sibi
3112 3755 3251 3827 fecit
3270 3755 3511 3812 domum
3523 3759 3725 3827 (Prov.

2070 3854 2148 3911 1x,
2167 3843 2276 3915 1).»
2309 3843 2523 3900 Beatus
2553 3842 2937 3900 nihilominus
2965 3842 3332 3917 Augustinus
3355 3844 3416 3900 in
3447 3860 3728 3902 sermone

2070 3931 2141 3987 de
2167 3930 2451 3988 Trinitate
2482 3932 2604 3990 hazc
2632 3934 2834 3990 eadem
2886 3932 3320 4006 Scripturarum
3362 3933 3727 3992 testimoniis

2068 4020 2395 4077 conﬁrmat.

2068 4157 2082 4179 ,
2138 4109 2210 4164 Et
2231 4111 2650 4168 memorandus
2668 4111 2757 4167 vir
2774 4111 3077 4181 Alcuinus,
3095 4112 3155 4167 in
3174 4111 3323 4168 libro
3348 4113 3419 4168 ad
3433 4128 3727 4187 magnum

2068 4198 2477 4271 imperatorem
2523 4200 2796 4257 Carolum
2841 4202 2914 4256 de
2966 4200 3101 4268 fide,
3134 4200 3373 4258 collecto
3419 4216 3493 4257 ex
3531 4201 3729 4259 sancti

2064 4287 2379 4359 Augustini
2409 4287 2556 4344 libro
2586 4288 2775 4360 primo
2805 4289 2878 4345 de
2908 4288 3219 4356 Trinitate,
3247 4292 3306 4345 et
3332 4287 3593 4348 aliorum
3627 4306 3729 4347 ca-

2066 4375 2419 4432 tholicorum
2441 4381 2674 4449 patrum
2693 4377 2867 4434 dictis
2888 4381 2947 4433 et
2966 4378 3530 4451 sensibus,quorum
3550 4380 3732 4436 verba

309 4464 476 4551 utero
498 4464 791 4551 perpetuis
804 4459 1050 4551 virginis
1062 4459 1248 4551 beatis
1269 4464 1329 4515 et
1342 4459 1605 4533 gloriosa:
1623 4460 1817 4516 Mariae
1846 4460 1955 4551 hu-
1989 4485 2038 4551 Β
2066 4466 2167 4537 qui
2195 4466 2255 4520 in
2297 4465 2425 4522 suis
2463 4465 2609 4523 locis
2637 4464 2845 4540 legerit
2869 4465 2931 4522 in
2962 4467 3072 4522 hoc
3100 4482 3277 4540 opere
3302 4468 3733 4540 recognoscere

310 4547 677 4615 manitatem,
698 4564 874 4619 quam
893 4547 952 4602 in
976 4546 1199 4603 unitate
1215 4563 1475 4620 personas
1497 4566 1614 4604 sum
1636 4550 1961 4623 assumpsit
1989 4546 2027 4551 ’
2068 4554 2299 4626 poterit,
2332 4553 2417 4611 ita
2445 4555 2589 4611 dicit
2616 4554 2749 4626 (lib.
2784 4573 2849 4612 111
2875 4556 2951 4613 de
2969 4556 3081 4628 ﬁde
3103 4555 3163 4611 S.
3198 4555 3384 4626 Trita,
3414 4572 3556 4630 cap.
3592 4558 3728 4630 10):

310 4635 411 4692 Dei
436 4633 638 4700 Filius,
662 4651 782 4690 una
800 4652 869 4690 ex
908 4636 1111 4691 eadem
1140 4640 1344 4693 sancta
1372 4637 1953 4711 Trinitate-persona,

311 4720 681 4778 inell‘abiliter
704 4727 761 4778 ct
782 4723 1449 4795 incomprehensibiliter
1476 4726 1959 4794 fabricavit,sicut

309 4815 551 4868 sanctus
596 4810 952 4868 Athanasius
1001 4812 1058 4867 in
1105 4812 1252 4870 libro
1282 4815 1448 4886 (libro
1474 4833 1549 4884 x1,
1579 4818 1640 4871 in
1667 4816 1952 4888 medium),

308 4900 382 4955 de
412 4899 525 4955 lide
554 4899 717 4968 dicit,
756 4922 776 4949 ι
812 4900 973 4967 Quod
1023 4906 1133 4969 est,
1167 4902 1462 4974 inquiens,
1494 4909 1688 4977 majus
1730 4905 1790 4961 in
1834 4909 1956 4962 tota

308 4993 595 5059 creatura,
620 4987 729 5047 hoc
749 4994 839 5045 est
866 5006 1079 5063 corpus
1118 4990 1368 5062 Domini,
1401 5009 1472 5049 ex
1500 4992 1721 5066 Spiritu
1752 5000 1953 5051 sancto

308 5095 437 5138 esse
457 5078 733 5147 creditur,
759 5077 912 5135 sicut
947 5080 1305 5153 evangelista
1333 5081 1640 5138 Matthaaus
1665 5082 1907 5139 tradidit
1937 5101 1951 5141 :

309 5167 513 5224 Christi
538 5170 813 5240 generatio
839 5170 920 5224 sic
945 5170 1075 5242 fuit.
1110 5170 1245 5226 Cum
1271 5170 1590 5243 desponsata
1618 5179 1755 5227 esset
1780 5171 1956 5227 Maria

305 5264 482 5313 mater
524 5257 641 5329 ejus
669 5257 737 5313 ab
763 5258 975 5330 Ioseph,
1004 5266 1295 5331 antequam
1339 5261 1691 5317 convenireni
1736 5262 1955 5316 inventa

306 5352 388 5401 est
413 5347 476 5401 in
502 5353 654 5402 utero
710 5347 914 5404 habens
958 5346 1025 5404 de
1072 5348 1285 5421 Spiritu
1326 5356 1527 5405 sancto.
1553 5350 1744 5420 Ioseph
1774 5356 1955 5406 autem

306 5434 394 5490 vir
419 5435 538 5508 ejus
564 5451 691 5491 cum
716 5444 851 5494 esset
878 5437 1036 5494 homo
1065 5439 1250 5510 justus
1276 5444 1328 5493 et
1352 5437 1523 5493 nollet
1544 5453 1666 5493 eam
1692 5437 1951 5512 detegere,

306 5521 482 5585 voluit
505 5538 627 5583 eam
652 5526 855 5586 occulte
879 5525 1169 5586 dimittere.
1202 5522 1330 5586 Hec
1365 5534 1548 5585 autem
1573 5543 1636 5588 eo
1663 5530 1949 5603 cogitante,

2067 4666 2095 4693 ‹‹
2122 4645 2491 4717 Quanquam,
2514 4644 2810 4717 inquiens,
2835 4661 2955 4700 una
2971 4644 3050 4699 sit
3068 4649 3279 4701 natura
3297 4649 3519 4700 sanctas
3532 4645 3733 4703 Trini-

2066 4732 2225 4804 tatis,
2258 4750 2374 4789 non
2412 4737 2609 4790 tamen
2656 4737 2779 4791 tota
2821 4734 3080 4790 Trinitas
3128 4734 3433 4790 incuruata
3466 4736 3586 4802 est,
3622 4735 3731 4792 sed

2065 4821 2190 4877 sola
2212 4821 2339 4877 Filii
2361 4838 2611 4895 persona
2632 4822 2953 4880 humanam
2976 4822 3434 4879 misericorditer
3453 4822 3734 4897 suscepit

2065 4915 2356 4966 naturam.
2390 4911 2505 4967 Nec
2534 4916 2731 4967 tamen
2763 4912 2845 4967 ita
2874 4912 2973 4967 Dei
3008 4911 3189 4967 Filius
3225 4911 3575 4967 incarnatus
3610 4918 3729 4981 est,

2064 5003 2130 5054 ut
2151 5015 2269 5054 una
2289 5002 2445 5055 esset
2465 4999 2525 5054 in
2544 5016 2612 5055 eo
2633 5004 2845 5056 natura
2864 4999 3187 5056 divinitatis
3208 5002 3267 5055 et
3284 4999 3501 5056 carnis.
3515 4999 3739 5074 Neque

2063 5087 2220 5143 enim
2252 5104 2322 5144 ex
2346 5087 2578 5144 Christo
2605 5088 2715 5145 hoc
2745 5088 2934 5145 deitas
2963 5089 3155 5161 potuit
3190 5103 3323 5145 esse
3365 5088 3523 5161 quod
3556 5105 3730 5157 caro,

2064 5180 2167 5231 aut
2193 5192 2328 5233 caro
2377 5178 2532 5249 quod
2579 5177 2785 5247 deitas,
2819 5177 2961 5250 quia
2989 5181 3238 5251 utraque
3269 5180 3503 5246 natura,
3536 5176 3605 5233 id
3637 5182 3739 5235 est

2063 5263 2385 5321 divinitatis
2411 5269 2468 5320 et
2482 5265 2892 5338 humanitatis,
2908 5266 2970 5322 in
2992 5283 3101 5323 sua
3116 5265 3441 5340 permansit
3454 5267 3735 5339 proprios

2061 5358 2197 5410 tate.
2232 5354 2542 5427 Propterea
2588 5355 2791 5428 utique
2838 5355 3161 5412 humanam
3204 5358 3501 5425 naturam,
3532 5353 3602 5411 id
3637 5360 3737 5413 est

2060 5459 2296 5499 carnem
2327 5442 2848 5518 rationabilemque
2877 5444 3280 5512 animam,non
3310 5460 3345 5500 a
3373 5446 3499 5500 tota‘
3524 5442 3738 5500 Trini-

2061 5536 2199 5602 tate,
2231 5532 2334 5592 sed
2382 5548 2417 5590 a
2465 5532 2591 5592 solo
2643 5533 2789 5593 Filio
2844 5536 3198 5595 conﬁtemur
3248 5534 3621 5609 susceptam,
3662 5531 3738 5595 in
