3962 6178
207 325 314 387 553

1133 326 1236 386 DE
1281 327 1444 386 UNA
1489 325 1590 386 ET
1635 323 1792 384 NON
1836 321 2078 382 TRINA
2121 323 2662 390 DISSERTATIO.

3481 333 3601 392 554

204 459 484 518 unitatem
516 457 730 530 quippe
753 473 1036 530 personae,
1059 473 1174 512 non
1198 457 1257 512 in
1279 457 1562 514 unitatem
1595 459 1837 512 naturze.
1870 454 1924 520 Α
1954 476 1981 504 ‹‹
2013 471 2111 510 rea
2136 457 2290 513 trina
2320 457 2448 530 ipsa
2472 461 2780 529 mersio,et
2803 461 3022 517 trinum
3044 463 3492 536 baptismum,id
3514 467 3603 521 est

206 547 404 620 Utique
433 563 688 618 persona
717 545 842 602 Filii
874 563 990 602 non
1020 551 1109 602 est
1137 547 1342 602 eadem
1375 563 1506 618 quae
1545 544 1729 602 Patris
1755 547 1845 600 est

205 641 292 694 aut
323 634 582 707 Spiritus
611 633 820 691 sancti.
853 634 1062 691 Unitas
1091 650 1228 706 ergo
1259 651 1539 706 personae,
1571 637 1843 689 manente

204 726 479 781 duntaxat
511 722 819 796 utriusque
851 721 1205 796 proprietate
1225 723 1760 791 substantiaa,sicut
1781 722 1840 778 in

205 813 424 871 Christo
454 829 768 885 personam
800 829 916 868 non
947 811 1082 868 fecit
1111 813 1428 885 duplicem,
1455 812 1540 870 sic
1569 812 1842 868 humana:

205 905 414 959 natura:
473 902 908 975 susceptionem
966 919 1081 958 non
1126 903 1262 959 fecit
1311 906 1527 958 sancta!
1570 899 1843 957 Trinitati

204 991 678 1048 cominunemAd
695 1008 1007 1064 personam
1029 991 1244 1064 quippe
1267 990 1368 1046 Dei
1390 989 1562 1046 Verbi
1585 993 1842 1046 tantum-

205 1081 366 1137 modo
387 1079 648 1152 acceptio
671 1079 772 1134 illa
793 1079 1019 1136 servilis
1040 1080 1239 1137 formae
1263 1080 1511 1154 pertinet
1533 1096 1545 1134 :
1571 1080 1670 1134 sed
1694 1077 1842 1134 nihil

203 1171 400 1227 divinae
433 1168 819 1242 plenitudinis
849 1169 1274 1238 abstulit,nihil
1299 1169 1720 1226 dominationis
1739 1169 1842 1224 ad-

203 1259 335 1316 emit
353 1259 416 1314 in
439 1258 670 1314 Christo
694 1258 1078 1315 humanitatis
1099 1259 1567 1331 susceptio.llinc
1583 1259 1841 1332 estquod

205 1349 252 1404 in
278 1365 402 1404 uno
422 1349 746 1420 eodemque
765 1347 996 1404 Christo
1017 1352 1074 1404 et
1095 1348 1365 1404 humana:
1388 1353 1610 1404 naturae
1630 1348 1842 1404 veritas

205 1437 424 1504 claruit,
441 1441 502 1493 et
520 1436 727 1493 divinae
749 1441 970 1494 naturae
993 1436 1556 1494 incommutabilitas
1578 1453 1844 1510 perman-

204 1527 268 1583 sit
300 1531 543 1584 aeterna.
579 1528 694 1582 [loc
739 1531 936 1582 tamen
990 1527 1296 1583 sciendum
1347 1530 1456 1594 est,
1487 1528 1640 1600 quod
1693 1526 1842 1584 hane

205 1614 462 1674 servilem
489 1616 768 1685 formam,
799 1632 978 1688 quam
1010 1615 1172 1673 solus
1213 1616 1313 1672 Dei
1364 1615 1546 1672 Filius
1595 1616 1840 1688 accepit,

204 1708 308 1762 tota
341 1703 602 1761 Trinitas
633 1704 804 1773 fecit;
837 1721 1017 1776 quam
1049 1709 1247 1768 tamen
1286 1709 1511 1761 certum
1543 1709 1633 1760 est
1661 1723 1695 1760 a
1721 1708 1844 1761 tota

205 1797 396 1850 sancta
426 1793 713 1850 Trinitate
736 1795 946 1850 factam
971 1795 1040 1850 ad
1067 1794 1256 1851 solam
1279 1795 1404 1851 Filii
1431 1795 1530 1851 Dei
1557 1794 1843 1868 pertinere

204 1899 525 1956 personam.
561 1882 686 1941 Non
715 1883 873 1939 enim
905 1882 1072 1940 Pater
1099 1901 1331 1940 carnem
1367 1885 1708 1956 assumpsit,
1742 1901 1842 1940 ne-

203 1987 301 2045 que
333 1971 594 2044 Spiritus
621 1975 882 2043 sanctus,
906 1973 1007 2028 sed
1042 1972 1224 2028 Filius
1253 1976 1574 2041 tantum,ut
1595 1975 1694 2046 qui
1719 1980 1846 2029 erat

201 2061 253 2118 in
275 2061 586 2118 divinitate
616 2061 718 2116 Dei
751 2061 938 2118 Patris
967 2061 1168 2130 Filius,
1193 2063 1318 2134 ipse
1342 2064 1504 2118 fieret
1527 2063 1584 2118 in
1607 2062 1843 2120 homine

203 2151 397 2208 matris
425 2149 688 2224 Virginis
739 2150 918 2220 filius,
948 2169 1024 2208 ne
1071 2151 1176 2208 filii
1225 2169 1437 2208 nomen
1490 2153 1548 2207 in
1600 2151 1842 2208 alterum

201 2239 472 2298 transiret
503 2255 834 2313 personam,
865 2239 964 2314 qui
993 2243 1108 2297 non
1140 2245 1296 2298 esset
1333 2240 1631 2297 nativitate
1661 2239 1840 2298 filius.

203 2329 293 2386 Dei
338 2345 484 2404 ergo
528 2327 712 2386 Filius
767 2328 1026 2386 hominis
1077 2330 1267 2386 factus
1319 2335 1408 2386 est
1455 2329 1634 2401 filius,
1668 2334 1844 2387 natus

202 2419 523 2475 secundum
551 2417 856 2474 veritatem
904 2422 1128 2475 naturae
1180 2435 1249 2476 ex
1297 2419 1412 2474 Deo
1461 2418 1562 2474 Dei
1612 2417 1838 2476 Filius:

201 2508 334 2564 41η
387 2511 448 2562 et
495 2507 824 2564 secundum
870 2506 1172 2564 veritatem
1223 2510 1444 2564 naturae
1493 2523 1562 2563 ex
1605 2506 1844 2564 homine

201 2593 449 2650 hominis
481 2592 732 2650 filius'in
763 2597 1013 2668 utraque
1043 2597 1274 2662 natura,
1307 2611 1423 2650 non
1455 2593 1842 2666 appellatione

200 2686 424 2739 tantum
476 2681 568 2738 vel
615 2681 949 2756 adoptione,
984 2683 1087 2740 sed
1134 2681 1377 2740 veritate
1422 2681 1522 2737 Dei
1574 2681 1774 2737 Filius.
1811 2704 1839 2732 ››

195 2771 324 2828 Ideo
354 2788 474 2827 non
511 2775 650 2828 sunt
679 2771 796 2828 duo
827 2769 1043 2828 Christi
1090 2769 1218 2839 lilii,
1251 2787 1358 2826 nec
1405 2771 1521 2827 duo
1572 2768 1706 2838 ﬁlii;
1739 2769 1840 2825 sed

202 2875 348 2918 unus
374 2857 670 2926 Christus,
701 2865 759 2917 et
781 2877 936 2917 unus
967 2859 1148 2929 filius,
1175 2861 1329 2917 Deus
1359 2863 1418 2916 et
1445 2859 1621 2916 homo
1656 2876 1670 2914 :
1705 2876 1846 2932 quo-

379 2949 538 3006 Deus
563 2949 660 3006 Dei
685 2949 868 3007 Filius
887 2948 1208 3006 humanam
1231 2947 1524 3022 assumpit
1543 2952 1840 3016 naturam,

203 3055 308 3094 non
339 3055 687 3112 personam;
720 3039 782 3094 in
823 3037 1108 3095 aeternum
1155 3038 1484 3111 suscipiens
1530 3054 1842 3111 personam

203 3127 536 3198 divinitatis,
567 3126 950 3200 temporalem
987 3125 1386 3200 humanitatis
1423 3127 1840 3184 substantiam.

1952 566 1980 593 «
2013 544 2168 600 trina
2199 546 2421 612 tinctio,
2457 565 2594 620 non,
2627 551 2782 622 quod
2816 543 2990 617 absit,
3021 555 3140 606 tres
3168 554 3512 622 mersiones,
3541 555 3601 610 et

1951 654 1979 681 «
2015 635 2132 688 tres
2164 633 2492 704 tinctiones,
2516 640 2619 692 aut
2647 637 2761 692 tria
2781 643 2920 692 sunt
2940 638 3330 710 baptismata:
3357 643 3458 697 sed
3481 623 3601 704 una

1952 740 1979 770 ‹‹
2013 725 2102 776 est
2131 723 2478 795 generaliter
2506 725 2742 794 mersio,
2774 730 2830 782 et
2851 744 2968 782 una
2985 726 3276 796 tinctio,id
3299 735 3386 784 est
3408 747 3594 784 unum

1951 831 1980 859 ‹‹
2015 809 2328 882 baptisma,
2362 814 2590 870 dicente
2615 815 2890 887 Apostolo
2915 832 2928 870 ε
2957 838 2986 866 ››
3013 817 3158 873 Unus
3187 817 3598 885 Dominus,una

1949 898 2102 970 ﬁdes,
2131 917 2307 956 unum
2335 901 2602 974 baptisma
2632 903 2851 976 (Ep/ws.
2885 923 2962 973 Iv,
2983 906 3061 974 5).
3593 972 3600 978 η

2019 1005 2093 1043 xr
2115 988 2274 1044 More
2295 1007 2402 1046 suo
2427 992 2713 1048 novitates
2732 993 3188 1066 vocum,quibus
3201 1010 3432 1068 semper
3443 992 3598 1071 delej

1951 1081 2142 1131 ctatus
2171 1083 2279 1146 est,
2309 1084 2366 1133 et
2396 1079 2708 1152 exquisivit
2741 1085 2804 1136 ut
2833 1082 3070 1154 sapiens
3098 1083 3366 1138 videatur
3383 1085 3457 1140 ad
3479 1083 3599 1139 elu-

1951 1165 2204 1222 dendam
2229 1167 2360 1222 ﬁdei
2385 1168 2493 1223 sim
2502 1168 2976 1242 plicitatem,etin
3002 1171 3112 1226 hac
3135 1176 3408 1238 causa,ut
3429 1189 3597 1229 suam

1951 1271 2188 1326 pravam
2247 1257 2594 1313 confirmare
2638 1263 2835 1330 posset
2881 1260 3232 1316 sententiam
3283 1261 3600 1335 adinvenit.

1951 1343 2115 1400 Sicut
2143 1345 2216 1400 ad
2247 1344 2356 1402 hoc
2387 1347 2854 1402 confirmandum
2888 1350 3042 1421 quod
3075 1349 3466 1422 dixerat,quia
3493 1351 3594 1407 Ju-

1950 1434 2056 1488 das
2085 1437 2141 1488 et
2169 1433 2370 1490 Simon
2404 1453 2612 1508 magus
2633 1441 2691 1491 et
2713 1437 2840 1492 falsi
2881 1439 3088 1492 fratres
3125 1439 3196 1494 de
3217 1439 3434 1511 quibus
3451 1439 3597 1494 dicit

1949 1523 2282 1594 Apostolus,
2317 1529 2374 1579 et
2413 1541 2615 1581 omnes
2664 1526 2938 1598 baptizati
2989 1527 3203 1582 Christi
3251 1529 3601 1602 baptismate

1951 1611 2050 1682 qui
2074 1629 2188 1666 non
2215 1618 2356 1668 sunt
2376 1614 2657 1684 salvandi,
2676 1632 2790 1670 non
2815 1615 3051 1671 fuerunt
3072 1615 3288 1672 Christi
3313 1617 3600 1691 sanguine

1952 1698 2258 1771 redempti,
2291 1717 2426 1756 cum
2465 1706 2700 1758 ostensa
2746 1703 2798 1757 ei
2850 1703 2960 1758 fuit
3009 1701 3298 1760 sententia
3341 1705 3600 1778 Apostoli

1953 1786 2104 1842 Petri
2135 1787 2384 1844 dicentis
2415 1780 2804 1846 de’hzereticis
2840 1808 2853 1848 :
2886 1793 3025 1848 Eum
3054 1795 3152 1865 qui
3169 1795 3300 1864 emit
3317 1811 3404 1850 eos
3424 1795 3602 1851 Domi-

1951 1894 2086 1932 num
2131 1887 2386 1950 negantes
2433 1879 2506 1949 (Il
2550 1881 2696 1936 Patr.
2741 1899 2802 1948 ιι,
2840 1883 2911 1954 1),
2945 1881 3219 1955 angustia
3267 1887 3600 1940 coarctatus

1952 1983 2122 2022 suam
2153 1967 2210 2022 in
2243 1969 2444 2024 eadem
2478 1971 2766 2026 sententia
2811 1971 3231 2044 expositionem
3282 1973 3598 2042 adinvenit,

1951 2055 2168 2112 docens
2197 2057 2344 2113 duas
2375 2075 2504 2113 esse
2535 2059 2998 2132 redemptiones:
3028 2077 3204 2116 unam
3239 2079 3354 2134 qua
3375 2063 3598 2117 redem-

1951 2145 2034 2216 pti
2068 2150 2226 2212 sunt,
2259 2147 2356 2201 sed
2393 2164 2505 2200 non
2539 2147 2596 2201 in
2630 2147 2840 2203 Christi
2875 2149 3162 2221 sanguine
3205 2149 3482 2223 baptizati
3515 2149 3600 2205 illi

1951 2233 2052 2304 qui
2086 2250 2202 2289 non
2234 2239 2374 2290 sunt
2403 2235 2751 2303 salvandi,et
2781 2236 2954 2292 aliam
2989 2255 3105 2310 qua
3136 2239 3356 2294 suntin
3387 2236 3601 2294 Christi

1951 2323 2236 2395 sanguine
2259 2323 2535 2395 baptizati
2558 2324 2640 2380 illi
2663 2327 2763 2398 qui
2789 2331 2929 2382 sunt
2949 2327 3440 2396 salvandi,dicens
3461 2327 3602 2400 quia

1951 2408 2138 2481 perire
2158 2409 2356 2467 nullus
2371 2412 2584 2484 poterit
2599 2413 2698 2484 qui
2719 2414 3002 2486 sanguine
3024 2415 3236 2470 Christi
3262 2417 3600 2489 redemptus

1953 2497 2344 2565 fuerit,videre
2365 2517 2481 2556 non
2501 2499 2702 2556 valens
2719 2501 2873 2573 quod
2895 2501 3034 2556 dicit
3056 2501 3207 2557 Petri
3230 2501 3600 2576 coapostolus

1952 2585 2166 2642 Paulus
2191 2605 2204 2643 :
2232 2588 2550 2662 Quicunque
2581 2589 2735 2646 492
2769 2589 3034 2662 baptismi
3079 2606 3268 2647 sumus
3300 2593 3360 2647 in
3391 2591 3604 2663 Christe

1948 2675 2097 2740 Iesu,
2129 2677 2189 2730 in
2217 2685 2388 2733 morte
2419 2679 2592 2748 ipsius
2643 2679 2904 2750 baptizati
2949 2696 3140 2735 sumus
3189 2681 3366 2750 (Rom.
3396 2698 3474 2751 v1,
3505 2681 3600 2752 5);

1950 2767 2008 2820 et
2035 2780 2047 2818 :
2082 2765 2294 2821 Peribit
2323 2767 2384 2821 in
2413 2773 2507 2822 tua
2536 2768 2766 2822 ,ςεὶσηιίιι
2794 2769 2969 2840 frater
2992 2777 3214 2840 prapter
3255 2785 3413 2841 quem
3443 2767 3591 2825 Clml

1948 2859 2064 2908 stus
2119 2861 2366 2910 mortuus
2421 2862 2501 2910 est
2541 2855 2588 2925 (ι
2617 2855 2736 2912 Cor.
2772 2873 2892 2925 vm,
2929 2855 3038 2929 11).
3089 2856 3239 2912 Mira
3284 2861 3426 2912 sunt
3471 2874 3600 2930 quae

1951 2941 2110 3011 dicit,
2147 2959 2293 2998 nova
2323 2946 2463 3000 sunt
2491 2961 2616 3016 quae
2649 2943 2810 2999 dicit.
2836 2945 3200 3017 Quapropter
3229 2943 3382 3000 sicut
3409 2945 3602 3018 Augu-

1951 3031 2144 3088 stinus
2173 3035 2378 3088 contra
2405 3032 2706 3088 Julianum
2736 3032 3000 3090 scribens
3031 3031 3190 3088 dicit.
3224 3032 3373 3088 Mira
3401 3036 3598 3106 stupe-

1951 3135 2105 3189 mus,
2132 3137 2279 3177 nova
2299 3138 2593 3193 cavemus,
2619 3121 2768 3178 falsa
2787 3121 3210 3178 convincimus.
3235 3121 3380 3198 Hinc
3402 3121 3462 3178 in
3484 3121 3598 3178 alio

205 3214 378 3272 Homo
401 3194 676 3272 transivit
694 3194 760 3272 in
791 3215 999 3284 Deum,
1031 3231 1147 3272 non
1177 3194 1558 3273 versibilitatc
1601 3221 1846 3286 natura},
1879 3199 1924 3271 α
1956 3209 2124 3280 libro,
2157 3227 2330 3282 quem
2363 3228 2431 3267 ex
2459 3211 2810 3268 authenticis
2841 3211 3232 3286 scripturis,et
3251 3194 3598 3286 orthodoxe:

202 3304 296 3360 sed
323 3309 564 3379 propter
592 3303 802 3360 divina
833 3303 1116 3361 unitatem
1147 3321 1428 3376 personre,
1452 3322 1524 3362 ne
1545 3305 1606 3363 in
1638 3310 1843 3362 sancta

203 3391 478 3448 Trinitate
507 3391 874 3466 quaternitas
903 3395 1079 3460 esset,
1109 3408 1226 3448 non
1257 3392 1670 3452 trinitas.Eoce
1692 3409 1841 3466 quo-

201 3479 370 3538 modo
395 3481 718 3538 ostendunt
747 3478 1016 3537 catholici
1047 3481 1359 3538 mentitum
1391 3481 1844 3555 fuisseiGothes-

198 3569 420 3627 ealcum
449 3568 812 3642 haareticum,
845 3569 986 3642 quia
1013 3585 1128 3626 non
1159 3569 1242 3626 ita
1273 3575 1338 3626 ut
1364 3570 1491 3644 ipse
1521 3570 1844 3638 dixit,inest

200 3658 510 3733 unicuique
525 3674 790 3732 persona:
805 3658 867 3714 in
883 3662 1086 3716 sancta
1102 3658 1387 3715 Trinitate
1401 3676 1505 3732 pro
1509 3660 1638 3732 pria
1653 3660 1841 3716 deitas

200 3749 366 3820 atque
393 3745 696 3815 divinitas,
725 3747 827 3804 sed
856 3746 1038 3804 unius
1066 3748 1449 3820 ejusdemque
1497 3748 1840 3805 substantiae

197 3834 422 3893 deitatis
449 3841 633 3908 atque
652 3835 996 3903 divinitatis,
1010 3834 1068 3892 id
1095 3840 1184 3892 est
1203 3840 1422 3892 naturae
1443 3835 1532 3892 vel
1553 3835 1837 3906 essentiae,

198 3929 332 3979 sunt
359 3927 478 3981 tres
509 3923 571 3980 in
602 3928 808 3981 sancta
835 3924 1123 3981 Trinitate
1153 3941 1448 3997 personae;
1481 3925 1759 3998 quoniam
1790 3925 1842 3982 si

197 4013 508 4086 unicuique
539 4013 600 4070 in
631 4015 839 4069 sancta
867 4012 1152 4070 Trinitate
1172 4030 1432 4086 personae
1455 4031 1563 4070 sua
1583 4015 1840 4087 propria,

195 4099 252 4156 id
279 4107 368 4158 est
397 4101 672 4176 speeialis
699 4103 920 4159 inesset
949 4103 1155 4171 deitas,
1185 4103 1340 4160 sicut
1379 4103 1756 4176 przediximus
1787 4108 1844 4161 et

194 4205 422 4264 semper
447 4185 901 4248 contradicendo
931 4191 1218 4249 haereticis
1247 4192 1644 4249 contradicere
1667 4193 1842 4250 debe-

197 4294 354 4350 mus,
384 4297 498 4336 non
527 4285 686 4337 esset
721 4279 1024 4338 individua
1072 4285 1130 4338 et
1179 4280 1589 4354 inseparabilis
1639 4286 1844 4339 sancta

195 4367 468 4438 Trinitas,
500 4373 562 4426 et
590 4373 715 4426 tres
740 4369 821 4426 dii
851 4373 1080 4426 essent:
1113 4373 1171 4426 et
1201 4387 1340 4438 non,
1365 4371 1519 4427 sicut
1540 4370 1693 4426 idem
1718 4371 1845 4427 imi-

195 4457 412 4514 tatione
442 4457 604 4515 illius
633 4457 819 4531 patris
848 4457 942 4516 sui
958 4457 1213 4529 diaboli,
1247 4459 1348 4532 qui
1379 4463 1469 4517 est
1511 4461 1765 4517 mendax
1787 4465 1846 4516 et

1952 3317 2083 3356 rum
2115 3299 2308 3369 dictis,
2341 3305 2546 3358 contra
2572 3303 2700 3372 ejus
2729 3306 2788 3358 et
2815 3300 3168 3374 complicum
3217 3301 3406 3376 ipsius
3446 3301 3600 3358 dicta

1949 3406 2218 3462 perversa
2247 3388 2612 3464 collegimus,
2645 3407 2781 3446 eum
2814 3387 3026 3446 falsum
3058 3390 3275 3447 dixisse
3305 3389 3597 3448 convinci—

1949 3496 2107 3550 mus,
2141 3479 2294 3551 quod
2324 3483 2382 3534 et
2410 3480 2638 3536 cunctis
2659 3479 3022 3552 sapientibus
3042 3483 3220 3552 patet.
3238 3485 3313 3536 De
3333 3481 3443 3537 hoc
3463 3497 3598 3551 vero

1950 3569 2104 3640 quod
2137 3569 2281 3624 dicit
2309 3568 2449 3642 quia
2469 3569 2626 3626 trina
2651 3569 2865 3626 mersio
2887 3573 2942 3624 et
2961 3568 3184 3625 trinum
3208 3571 3596 3644 baptismum,

1949 3657 2007 3712 id
2041 3661 2130 3714 est
2155 3656 2313 3714 trina
2341 3657 2566 3728 tinctio,
2601 3675 2716 3714 non
2749 3663 2905 3728 sunt,
2939 3659 3095 3731 quod
3127 3657 3422 3728 absit,tres
3447 3677 3597 3716 mer-

1949 3745 2145 3802 siones
2175 3751 2232 3803 et
2261 3751 2380 3804 tres
2410 3747 2742 3814 tinctiones,
2773 3747 2832 3802 id
2860 3753 2948 3804 est
2973 3748 3085 3804 tria
3114 3747 3598 3820 baptismata,sed

1950 3852 2070 3892 una
2099 3841 2189 3892 est
2217 3835 2568 3910 generaliter
2615 3835 2830 3892 mersio
2873 3840 2933 3892 et
2981 3854 3100 3892 una
3144 3835 3370 3906 tinctio,
3403 3837 3462 3893 id
3509 3841 3600 3894 est

1951 3940 2135 3979 unum
2165 3924 2480 3996 baptisma,
2511 3923 2740 3980 dicente
2769 3924 3043 3997 Apostolo
3077 3941 3091 3980 :
3121 3926 3266 3982 Unus
3316 3927 3598 3998 Dorm’nus,

1949 4029 2064 4068 una
2105 4011 2264 4085 ﬁdes,
2310 4029 2485 4068 unum
2533 4013 2796 4085 baptisma
2847 4014 3168 4086 (Ephes.1v,
3199 4015 3276 4084 5),
3312 4014 3470 4070 dicat
3517 4013 3601 4072 illi

1951 4101 2098 4158 ﬁdes
2129 4101 2416 4157 catholica
2443 4118 2456 4157 :
2491 4103 2566 4157 Ev
2595 4118 2687 4158 ore
2715 4109 2804 4158 tuo
2835 4110 2882 4158 te
2905 4102 3140 4174 judicio,
3171 4119 3322 4158 serve
3367 4120 3602 4176 nequam

1953 4192 2102 4264 (Luc.
2135 4208 2249 4258 XIX,
2270 4194 2383 4260 22).
2409 4191 2467 4246 Si
2498 4189 2686 4247 credis
2719 4195 2777 4246 et
2801 4190 3098 4246 conﬁteris
3127 4194 3245 4248 tres
3275 4191 3600 4256 mersiones

1951 4279 2010 4335 in
2043 4279 2276 4336 nomine
2307 4283 2520 4336 sancta:
2551 4278 2855 4336 Trinitatis
2887 4279 3075 4335 Patris
3105 4284 3164 4336 et
3193 4279 3320 4335 Filii
3346 4285 3404 4336 et
3425 4279 3632 4364 Spiri-.\

1952 4373 2050 4426 tus
2081 4368 2267 4425 sancti
2299 4385 2484 4424 unum
2515 4385 2644 4425 esse
2665 4367 2980 4441 baptisma,
2996 4367 3136 4441 quia
3157 4385 3312 4424 unus
3335 4372 3424 4424 est
3443 4369 3600 4424 Deus

1953 4459 2120 4514 Pater
2149 4462 2206 4513 et
2237 4457 2418 4514 Filius
2450 4463 2508 4515 et
2536 4457 2791 4530 Spiritus
2823 4461 3084 4523 sanctus,
3119 4457 3296 4513 unius
3335 4455 3604 4514 videlicet

196 4549 364 4616 pater
387 4546 700 4616 mendacii,
737 4546 884 4605 falso
915 4547 1080 4616 dicit,
1114 4547 1240 4604 sola
1284 4550 1693 4605 tantummodo
1740 4549 1843 4606 filii
1875 4573 1924 4640 D
1955 4545 2241 4613 essentia,
2287 4547 2464 4602 unius
2516 4545 2771 4614 deitatis,
2822 4545 3000 4602 unius
3047 4551 3290 4615 naturae,
3323 4545 3382 4601 in
3432 4546 3604 4618 cujus

193 4633 386 4689 deitas
411 4651 646 4692 carnem
678 4637 1024 4710 assumpsit.
1059 4636 1172 4693 Sed
1202 4636 1328 4694 sola
1348 4654 1597 4710 persona
1619 4637 1846 4707 ﬁlii,cui
1875 4633 1916 4640 “
1956 4635 2193 4691 nemine
2240 4635 2537 4708 baptisma
2577 4634 2932 4691 catholicum
2981 4635 3326 4719 celebratur,
3365 4653 3471 4691 cur
3519 4635 3604 4692 sic

194 4721 495 4794 proprium
525 4727 635 4791 est,
670 4723 810 4796 quia
838 4725 910 4780 de
937 4723 1125 4781 Patris
1155 4725 1492 4782 substantia
1529 4730 1850 4786 coaeternus

195 4808 356 4866 ﬁlius
382 4811 507 4867 sine
535 4811 658 4868 ullo
679 4811 848 4868 initio
873 4815 1050 4870 natus
1071 4817 1178 4882 est,
1199 4818 1256 4869 et
1273 4814 1450 4870 unius
1467 4815 1852 4889 ejusdemque

198 4897 634 4970 substantiaa,id
657 4903 750 4957 est
771 4900 1025 4970 deitatis,
1041 4919 1168 4974 qua:
1193 4905 1281 4958 est
1303 4901 1499 4958 unitas
1521 4903 1850 4974 Trinitatis,

196 5001 338 5042 eum
371 4986 534 5046 Patre
563 4992 622 5046 et
654 4987 876 5062 Spiritu
897 4995 1100 5047 sancto
1121 4993 1228 5060 est,
1249 5007 1484 5046 carnem
1506 4993 1848 5066 assumpsit,

193 5090 384 5146 quam
403 5077 578 5134 simul
601 5082 726 5134 tota
748 5082 954 5135 sancta
973 5078 1230 5136 Trinitas
1249 5078 1486 5137 sibimet
1505 5082 1852 5138 coessentia-

191 5161 271 5220 lis
303 5169 365 5220 et
392 5170 676 5223 eceterae
703 5183 772 5224 ac
800 5167 1299 5242 coomnipotentes
1331 5169 1389 5225 in
1420 5174 1584 5226 utero
1620 5187 1852 5244 semper

196 5249 454 5325 Virginis
481 5254 806 5313 fabricavit.
839 5255 1102 5330 Denique
1130 5257 1456 5331 subjungit.

987 5400 1055 5456 X.

259 5523 326 5585 νὶ-
362 5542 388 5568 ‹‹
411 5520 716 5596 Siquidem
745 5524 982 5596 quando
1012 5524 1400 5597 baptizamur,
1424 5526 1483 5582 id
1506 5533 1597 5584 est
1625 5528 1850 5602 tingui-

187 5627 222 5662 α
241 5623 420 5679 _mur,
443 5612 528 5668 ter
549 5611 754 5685 procul
773 5611 952 5688 dubio
973 5613 1318 5716 mergimur,
1331 5617 1388 5672 et
1408 5617 1604 5675 tamen
1625 5622 1851 5696 propte-

517 5739 796 5805 Punon.
839 5738 1072 5807 CXXV.

1959 4741 2159 4780 excors
2202 4723 2422 4792 existis,
2456 4727 2523 4779 ut
2569 4723 2853 4780 unitatem
2903 4724 3159 4796 deitatis,
3191 4741 3310 4798 qua
3355 4725 3521 4782 Pater
3549 4729 3606 4782 et

1961 4814 2142 4871 Filius
2167 4818 2226 4869 et
2255 4813 2508 4886 Spiritus
2547 4818 2787 4870 sanctus
2833 4832 2988 4870 unus
3036 4820 3126 4870 est
3178 4820 3347 4885 Deus,
3381 4815 3606 4872 dividas

1957 4903 2176 4960 trinam
2208 4921 2476 4960 asserens
2507 4905 2888 4960 deitatem.Et
2908 4905 3046 4978 quia
3074 4923 3236 4975 more
3265 4905 3481 4962 diaboli
3502 4923 3604 4978 pa-

1958 4993 2068 5050 tris
2097 4992 2180 5050 tui
2213 4993 2364 5050 veris
2393 4992 2540 5049 falsa
2569 4993 2908 5065 permisces,
2924 4998 2982 5050 et
3003 4995 3159 5050 melli
3187 4995 3346 5051 virus
3367 4994 3604 5050 commi-

1959 5099 2107 5150 sces,
2141 5086 2208 5138 ut
2235 5083 2306 5138 de
2336 5081 2486 5139 veris
2515 5087 2573 5138 et
2600 5081 2910 5140 dulcedine
2940 5083 3132 5140 mellis
3154 5083 3302 5140 falsa
3321 5087 3380 5139 et
3400 5081 3602 5138 morti-

1959 5172 2082 5228 fera
2111 5173 2522 5230 commendare
2551 5171 2765 5244 possis,
2795 5171 2852 5228 in
2887 5172 2996 5229 hoc
3035 5173 3190 5246 quod
3240 5169 3438 5228 dixisti
3484 5173 3605 5226 tres

1959 5260 2284 5318 mersiones
2309 5259 2397 5316 vel
2426 5261 2738 5318 tinctiones
2767 5279 2954 5318 unum
2983 5278 3112 5318 esse
3139 5257 3608 5334 baptisma,quia

1961 5367 2117 5407 unus
2149 5349 2453 5420 Dominus,
2485 5367 2604 5406 una
2649 5351 2818 5421 ﬁdes,
2850 5352 3188 5424 probamus.
3221 5349 3334 5406 Sed
3383 5347 3520 5421 quia
3548 5353 3610 5421 et

1960 5439 2156 5495 dixisti
2189 5456 2306 5495 non
2353 5455 2482 5497 esse
2526 5439 2586 5494 in
2639 5440 2990 5512 baptismate
3033 5442 3153 5494 tres
3201 5437 3524 5496 mersiones
3550 5442 3610 5496 et

1957 5531 2078 5586 tres
2107 5528 2442 5599 tinctiones,
2476 5529 2860 5604 reprobamus
2891 5530 2950 5582 et
2979 5525 3212 5583 mentiri
3243 5531 3301 5584 te
3339 5543 3606 5604 compro-

1957 5618 2190 5680 bemus.
2225 5617 2514 5676 Volumus
2548 5621 2742 5675 tamen
2788 5616 3146 5690 interrogare
3175 5620 3254 5689 te,
3285 5634 3465 5694 quare
3493 5617 3610 5694 illae

3207 5745 3284 5810 18
