3962 6178
384 254 501 314 555

1321 247 1698 309 HINCMARI
1744 247 2190 314 RIIEMENSIS
2235 249 2850 312 ARCHIEPISCOPI.

3619 267 3714 327 556

384 388 504 440 tres
535 382 857 438 mersiones
885 384 942 438 et
969 385 1089 438 tres
1117 380 1431 438 tinetiones
1463 399 1578 438 non
1611 385 1752 438 sunt
1779 381 1891 438 tria
1917 382 2024 439 ba—
2055 382 2110 450 Α
2138 384 2416 458 et_opere.
2443 383 2640 456 Itaque
2669 387 2726 440 et
2754 400 2926 440 omne
2957 388 3255 456 peceatum
3285 391 3380 444 aut
3397 391 3713 466 cogitatione,

384 473 682 546 ptismata,
716 473 816 528 sed
847 489 1032 527 unum
1064 471 1378 544 baptisma.
1401 472 1484 526 Ad
1516 489 1644 544 qua:
1677 471 1722 526 si
1758 471 2030 542 tacueris,

383 562 639 618 dicimus
667 561 798 616 ideo
828 564 946 617 tres
979 561 1300 617 mersiones
1335 578 1517 615 unum
1548 577 1676 616 esse
1716 561 2028 631 baptisma,

385 651 666 724 quoniam
697 651 756 706 in
789 649 973 716 u‘nito,
997 649 1116 704 imo
1141 648 1200 704 in
1225 667 1338 705 uno
1361 649 1596 704 nomine
1617 649 1801 704 Patris
1822 655 1880 704 et
1903 649 2030 704 Filii

385 745 443 796 et
463 738 717 812 Spiritus
748 738 1212 812 sancti,quorum
1247 743 1334 794 est
1366 757 1482 794 una
1511 737 1805 806 divinitas,
1823 738 2028 806 deitas,

385 833 562 902 atque
594 828 946 896 substantia,
980 827 1261 884 catholice
1293 828 1638 895 celebratur,
1673 827 1826 883 sicut
1852 827 2030 884 Atha-

307 979 311 983 ,
387 917 589 975 nasius
619 917 681 973 in
710 915 860 973 libro
892 918 963 973 de
995 915 1248 990 propriis
1278 917 1544 988 personis
1569 921 1626 972 et
1655 917 1726 972 de
1751 917 1914 972 unito
1937 933 2034 972 no-

385 1005 544 1064 mine
572 1005 894 1063 divinitatis
921 1005 1040 1079 (lib.
1074 1023 1134 1073 II,
1167 1006 1266 1061 sub
1289 1006 1472 1077 ﬁnem.)
1496 1004 1637 1061 dicit
1661 1022 1674 1062 :
1701 1029 1726 1055 ‹‹
1752 1005 2031 1072 Joannes,

383 1095 682 1169 inquiens,
713 1098 964 1151 testatur
991 1095 1062 1150 de
1091 1095 1360 1162 Domino,
1393 1094 1532 1166 quia
1561 1096 1620 1150 in
1647 1111 1749 1151 sua
1785 1095 1950 1162 venit,
1983 1101 2035 1150 et

385 1186 476 1240 sui
501 1201 626 1240 eum
666 1200 778 1240 non
819 1191 1150 1256 receperunt,
1189 1185 1451 1256 Quotquot
1493 1191 1674 1240 autem
1717 1193 2034 1256 receperunt

383 1273 682 1343 eum,dedit
697 1276 777 1330 eis
792 1281 1101 1346 potestatem
1119 1274 1263 1344 ﬁlios
1292 1274 1390 1328 Dei
1435 1273 1579 1345 ﬁeri,
1600 1273 1939 1328 credentibus
1971 1275 2031 1328 in

384 1364 606 1419 nomine
629 1364 766 1436 ejus,
799 1364 898 1435 qui
923 1379 1032 1418 non
1060 1379 1129 1417 ex
1156 1365 1446 1431 sanguine,
1468 1379 1642 1434 neque
1669 1378 1739 1418 ea:
1760 1363 2033 1418 voluntate

385 1452 586 1520 carnis,
617 1467 792 1524 neque
817 1469 887 1507 ea:
914 1452 1186 1508 voluntate
1213 1453 1340 1518 viri,
1371 1450 1464 1507 sed
1493 1467 1562 1507 ex
1591 1452 1694 1507 Deo
1737 1453 1857 1508 nati
1903 1457 2034 1506 sunt

385 1541 614 1612 (lanna,
651 1539 934 1613 11).Disee
955 1557 1089 1614 ergo
1111 1540 1219 1596 hoc
1242 1540 1473 1596 unitum
1501 1557 1714 1595 nomen
1735 1557 1863 1596 esse
1885 1557 2034 1597 scm-

384 1627 680 1700 piternum
702 1628 761 1683 in
782 1629 998 1684 deitate
1023 1628 1208 1684 Patris
1221 1633 1278 1684 et
1293 1628 1418 1684 Filii
1435 1629 1756 1700 etSpiritus
1768 1629 1954 1686 sancti
1977 1647 2028 1699 ;››

2139 477 2242 526 aut
2269 471 2580 542 locutione,
2614 477 2718 529 ant
2749 472 3082 546 operatione
3107 473 3364 531 efﬁcitur.
3397 477 3615 552 Ideoque
3635 486 3716 540 tri~

2140 558 2276 630 plici
2308 561 2505 632 generi
2527 565 2898 634 peccatorum
2920 562 3074 618 trina
3087 563 3313 619 videtur
3332 565 3529 624 ablutio
3548 586 3716 628 conve-

2141 647 2286 720 nire,
2307 649 2393 705 vel
2425 655 2660 722 propter
2679 650 2961 724 originale
2983 657 3302 724 peccatum,
3327 657 3470 727 quod
3492 657 3543 712 in
3563 657 3720 716 infan-

2141 737 2300 793 tibus
2331 738 2481 794 valet
2510 740 2582 794 ad
2613 739 3019 811 perditionem,
3051 741 3138 796 vel
3171 747 3396 814 propter
3423 745 3514 801 illa
3539 763 3647 818 qua:
3672 750 3719 805 in

2141 827 2515 900 provectioris
2547 829 2732 884 aetatis
2762 829 3101 885 hominibus
3132 829 3438 899 voluntate,
3466 835 3724 903 verbo,vel

2141 916 2292 972 facto
2323 917 2641 972 adduntur.
2674 918 2743 972 Et
2767 922 2921 974 recte
2970 918 3165 989 homo,
3193 920 3290 992 qui
3338 923 3405 976 ad
3451 923 3724 997 imaginem

2141 1009 2354 1062 sanetae
2397 1004 2702 1062 Trinitatis
2747 1007 3021 1062 conditus
3068 1011 3176 1075 est,
3207 1025 3310 1080 per
3354 1009 3728 1070 invocationem

2141 1099 2354 1150 sanctae
2386 1094 2692 1151 Trinitatis
2721 1095 2796 1152 ad
2825 1095 3092 1152 eamdem
3123 1102 3418 1154 revocatur
3433 1099 3726 1174 imaginem,

2141 1186 2206 1239 ut
2239 1184 2338 1256 qui
2368 1184 2538 1240 tertio
2569 1185 2755 1257 gradu
2807 1185 3098 1258 peccando
3145 1186 3353 1243 cecidit
3396 1187 3453 1244 in
3497 1193 3729 1258 mortem,

2139 1273 2310 1329 tertio
2335 1272 2594 1331 elevatus
2625 1275 2694 1328 de
2727 1275 2883 1330 fonte
2910 1291 3012 1346 per
3039 1275 3289 1348 gratiam
3312 1283 3562 1349 resurgat
3581 1279 3642 1334 ad
3658 1279 3730 1333 vi-

2139 1362 2357 1418 tam.Et
2385 1361 2522 1418 hinc
2554 1367 2794 1419 sanctus
2843 1363 3230 1436 Hieronymus
3261 1365 3317 1419 in
3349 1366 3585 1422 secundo
3609 1365 3732 1422 libro

2139 1453 2422 1507 tractatus
2453 1451 2721 1523 Epistolas
2744 1451 2932 1508 sancti
2953 1451 3114 1508 Pauli
3142 1453 3216 1508 ad
3237 1454 3508 1526 Ephesios
3525 1453 3580 1510 in
3598 1471 3735 1527 expo-

2139 1539 2347 1595 sitione
2377 1540 2699 1610 sententiae,
2737 1547 2894 1598 Unus
2921 1543 3218 1611 Dominus,
3247 1559 3369 1600 una
3409 1543 3562 1616 ﬁdes,
3586 1559 3734 1600 unum

2141 1629 2438 1701 baptisma
2475 1629 2708 1700 (Ephes.
2725 1633 2824 1701 ιγ),
2846 1631 2917 1686 de
2939 1631 3092 1686 trina
3114 1631 3402 1688 mersione
3426 1637 3480 1688 et
3497 1649 3603 1688 uno
3621 1633 3736 1704 bap-

384 1717 538 1773 sicut
555 1720 808 1774 etunnm
822 1717 2027 1790 baptismaestﬁdei,quodvitama3ternam
2059 1750 2108 1816 B
2139 1717 2374 1773 tismate
2421 1717 2502 1773 ita
2546 1718 2688 1773 dicit
2719 1735 2732 1774 :
2765 1743 2792 1769 ‹‹
2825 1719 2885 1774 Si
2933 1719 3112 1788 enim,
3143 1719 3437 1792 inquiens,
3470 1723 3531 1776 ut
3573 1719 3734 1776 existi-

384 1804 756 1861 eredentibus
777 1805 984 1861 tribuit
1006 1823 1019 1861 :
1045 1805 1184 1878 quia
1204 1805 1356 1862 sicut
1379 1805 1608 1860 unitum
1633 1823 1844 1862 nomen
1868 1804 2026 1861 estin
2059 1804 2108 1816 ”
2138 1811 2303 1862 maut
2331 1807 2712 1874 Ariani,Deus
2737 1807 2902 1863 Pater
2929 1807 3093 1864 solus
3115 1814 3207 1864 est
3229 1809 3403 1878 Deus,
3429 1810 3615 1866 eadem
3634 1825 3739 1865 con-

383 1897 596 1950 natura
613 1893 1027 1966 Trinitatis,ita
1038 1899 1095 1950 et
1111 1911 1292 1950 unum
1312 1895 1533 1951 donum
1551 1911 1654 1966 per
1669 1895 2026 1968 baptismum

382 1980 724 2038 divinitatis.
745 1983 1058 2056 Apostolus
1089 1982 1189 2053 ait,
1229 1985 1344 2041 Una
1373 1984 1524 2055 ﬁdes,
1559 2001 1733 2038 unum
1763 1984 2028 2056 baptisma

379 2070 990 2144 (Ep/ies.xv,5).ldeirco
1011 2074 1166 2145 quod
1191 2090 1402 2130 nomen
1427 2073 1615 2128 Patris
1637 2073 1715 2130 sit
1735 2072 1794 2128 in
1817 2073 2025 2129 divini-

377 2162 516 2228 tate,
550 2159 660 2216 hoe
689 2178 902 2217 nomen
933 2161 1010 2217 sit
1038 2165 1094 2217 et
1126 2161 1252 2218 Filii
1285 2163 1342 2216 in
1369 2167 1581 2218 natura
1603 2162 1951 2230 deitatis,sic
1971 2166 2028 2218 et

379 2246 633 2320 Spiritus
644 2255 884 2306 sanctus
905 2250 1222 2306 identidem
1245 2250 1352 2306 hoc
1365 2267 1576 2306 nomen
1591 2251 1666 2307 sit
1679 2251 1735 2305 in
1750 2252 2025 2306 substan-

377 2336 461 2393 tia
477 2337 795 2410 claritatis;
821 2339 1099 2411 quoniam
1123 2347 1228 2395 tres
1256 2349 1403 2407 sunt,
1427 2340 1582 2395 sicut
1602 2340 1745 2396 dicit
1768 2341 2024 2396 Joannes

377 2427 702 2499 apostolus,
728 2431 828 2501 qui
871 2431 1239 2485 testimonium
1281 2429 1432 2496 dant,
1483 2431 1734 2501 spiritus,
1779 2447 1943 2502 aqua,
1974 2437 2028 2486 et

375 2517 626 2586 sanguis,
655 2524 706 2572 et
753 2526 860 2573 tres
904 2535 1080 2572 unum
1125 2527 1254 2573 sunt
1283 2523 1334 2590 (Ι
1359 2521 1518 2574 Joan.
1549 2537 1603 2587 v,
1634 2522 1713 2587 7).
1744 2518 2020 2590 Spiritus,

376 2603 570 2676 inquit
592 2605 725 2676 Leo,
741 2606 1244 2674 sanctiﬁcationis,
1259 2613 1316 2662 et
1341 2608 1584 2680 sanguis
1606 2607 2022 2680 redemptionis

375 2694 530 2750 498
561 2698 619 2750 et
647 2712 802 2768 aqua
831 2695 1226 2768 baptismatis,
1260 2715 1386 2769 qua:
1418 2698 1530 2752 tria
1563 2715 1746 2752 unum
1781 2701 1941 2767 sunt,
1966 2701 2024 2752 et

373 2781 676 2839 individua
704 2789 964 2854 manent,
980 2785 1244 2858 nihilque
1265 2803 1466 2842 eorum
1486 2803 1519 2842 a
1537 2804 1645 2842 sua
1665 2785 2022 2842 connexione

373 2872 736 2947 sejungitur;
770 2874 927 2946 quia,
953 2879 1018 2930 ut
1037 2875 1494 2948 Augustinus,et
1517 2879 1647 2948 post
1665 2893 1797 2932 eum
1827 2875 1940 2930 Leo
1961 2874 2021 2930 in

373 2960 636 3034 epistolis
667 2963 793 3019 suis
825 2963 985 3032 dicit,
1019 2981 1124 3021 nec
1154 2964 1278 3020 sine
1307 2983 1442 3021 vera
1471 2965 1772 3020 divinitate
1810 2963 2018 3020 huma-

371 3048 549 3118 nitas,
565 3067 669 3107 nec
699 3051 826 3108 sine
850 3069 984 3108 vera
1003 3053 1291 3108 credenda
1313 3058 1402 3110 est
1420 3053 1789 3109 humanitate
1809 3052 2018 3108 divini-

2138 1895 2442 1968 sequentia
2471 1895 2632 1952 solus
2663 1896 2772 1952 erit
2793 1897 3078 1954 Dominus
3107 1898 3738 1966 Jcsus.Christu's,etnec

2135 1989 2302 2056 pater
2331 1985 2441 2040 erit
2485 1985 2790 2053 Dominus,
2826 2002 2932 2041 nec
2979 1984 3135 2042 ﬁlius
3177 1986 3359 2043 Deus.
3391 1986 3498 2042 Sed
3535 1983 3669 2040 absit
3691 1987 3743 2038 ut

2137 2090 2249 2128 non
2283 2073 2359 2129 sit
2384 2073 2472 2128 vel
2505 2075 2564 2128 in
2597 2073 2995 2130 dominatione
3027 2073 3239 2141 deitas,
3261 2074 3349 2130 vel
3370 2073 3428 2130 in
3451 2073 3642 2130 deitate
3657 2071 3740 2128 do-

2137 2161 2570 2216 minatio.Unus
2601 2161 2690 2218 est
2724 2161 3089 2232 Dominus,et
3119 2180 3283 2220 unus
3310 2166 3400 2218 est
3428 2160 3602 2230 Deus;
3631 2160 3744 2233 quia

2135 2249 2322 2306 Patris
2351 2253 2408 2305 et
2426 2249 2550 2305 Filii
2573 2250 2896 2307 dominatio
2928 2270 3047 2308 una
3067 2251 3349 2309 divinitas
3369 2251 3745 2322 est.Propterea

2134 2342 2190 2394 et
2222 2339 2366 2395 ﬁdes
2396 2356 2515 2395 una
2541 2339 2922 2412 dicitur,quia
2941 2339 3222 2397 similiter
3241 2345 3299 2396 et
3315 2339 3375 2396 in
3398 2339 3612 2395 Patrem
3629 2341 3679 2394 et
3694 2337 3742 2390 in

2135 2427 2346 2483 Filium
2377 2429 2531 2484 494
2555 2433 2614 2484 et
2645 2429 2701 2484 in
2735 2429 3018 2502 Spiritum
3051 2435 3331 2498 sanctum
3383 2428 3674 2492 credimus,
3699 2429 3745 2482 et

2131 2517 2424 2588 baptisma
2455 2533 2661 2572 unum.
2685 2519 2904 2573 Eodem
2935 2519 3090 2574 enim
3113 2521 3296 2575 modo
3319 2519 3379 2574 in
3403 2519 3613 2574 Patrem
3633 2514 3744 2570 etin

2132 2605 2340 2660 Filium
2354 2611 2410 2661 et
2424 2606 2479 2660 in
2497 2605 2780 2678 Spiritum
2803 2612 3072 2663 sanctum
3086 2608 3529 2680 baptizamuret
3540 2610 3748 2661 termen-

2130 2693 2346 2766 gimur,
2372 2699 2438 2749 ut
2467 2695 2772 2752 Trinitatis
2799 2712 2984 2751 unum
3017 2703 3307 2768 appareat
3329 2697 3745 2753 sacramentum.

2128 2783 2200 2837 Et
2229 2800 2344 2838 non
2375 2783 2742 2856 baptizamur
2770 2784 2830 2839 in
2877 2784 3226 2842 nominibus
3276 2783 3462 2840 Patris
3489 2788 3544 2839 et
3569 2780 3680 2838 Filii
3704 2781 3749 2834 et
3782 2816 3788 2822 -

2129 2871 2385 2944 Spiritus
2415 2871 2620 2941 sancti,
2651 2873 2754 2928 sed
2785 2873 2844 2928 in
2877 2891 2995 2930 uno
3026 2873 3295 2943 nomine,
3329 2873 3484 2947 quod
3511 2867 3746 2942 intelligi-

2128 2963 2226 3014 tur
2255 2961 2506 3017 Deus.Et
2534 2961 2716 3018 miror
2743 2979 2861 3034 qua
2891 2963 3326 3035 consequentia
3355 2963 3417 3018 in
3456 2977 3568 3018 uno
3607 2973 3750 3014 voca-

2127 3047 2288 3119 bulo,
2317 3049 2519 3105 eodem
2551 3066 2744 3122 opere,
2777 3055 2834 3107 et
2880 3052 3083 3107 eodem
3133 3054 3534 3116 sacramento,
3564 3051 3750 3104 natura

369 3140 482 3193 tas.
514 3139 626 3194 Sed
655 3144 713 3196 et
738 3139 799 3214 in
833 3141 1001 3196 nobis
1023 3141 1143 3196 haec
1167 3158 1349 3196 unum
1373 3145 1654 3208 sunt,non
1678 3142 2014 3210 natura,sed
2049 3122 2092 3190 C
2127 3137 2526 3195 diversitatem
2570 3139 2763 3206 Arius,
2798 3140 3202 3209 Macedonius,
3231 3145 3292 3198 et
3339 3138 3652 3196 Ennomius
3673 3151 3754 3192 su-

369 3226 635 3298 ejusdem
655 3229 990 3298 operatione
1014 3229 1635 3300 mystcrii.Nam,sieut
1654 3230 1860 3284 beatus
1880 3231 2017 3286 Am-

369 3313 603 3370 brosius
633 3315 734 3383 ait,
767 3317 1022 3388 Spiritus
1049 3321 1305 3372 mentem
1335 3321 1590 3386 renovat,
1615 3334 1770 3390 aqua
1790 3319 2018 3390 proﬁcit

369 3401 444 3456 ad
473 3399 792 3472 lavacrum,
826 3404 1069 3478 sanguis
1100 3410 1324 3477 spectat
1355 3407 1428 3460 ad
1463 3406 1734 3478 pretium.
1764 3407 2016 3479 Spiritus

367 3489 525 3548 enim
557 3509 664 3550 nos
693 3510 798 3566 per
817 3494 1186 3566 adoptionem
1211 3493 1362 3550 ﬁlios
1383 3495 1480 3551 Dei
1505 3495 1816 3566 l'eeit,sacri
1840 3497 2015 3554 fontis

368 3582 528 3638 unda
554 3599 663 3639 nos
693 3583 901 3652 abluit,
933 3582 1174 3654 sanguis
1197 3583 1427 3638 Domini
1454 3601 1560 3640 nos
1581 3585 2012 3652 redemit.Quod

367 3675 565 3727 autem
597 3672 924 3745 subjungit,
957 3673 1058 3728 sed
1097 3690 1210 3728 una
1239 3678 1326 3729 est
1347 3674 1695 3746 generaliter
1715 3675 1926 3732 mersio
1955 3680 2014 3732 et

366 3776 488 3815 una
515 3760 742 3826 tinetio,
775 3761 834 3816 id
863 3765 954 3818 est
985 3779 1168 3818 unum
1203 3762 1516 3835 baptisma,
1551 3763 1647 3819 ille
1677 3763 1800 3836 ipse
1827 3765 2014 3820 nescit

363 3846 508 3920 quid
538 3847 819 3921 loquitur,
851 3850 1228 3908 manifestum
1262 3855 1456 3907 tamen
1494 3853 1717 3908 faciunt
1745 3853 2009 3910 doctores

361 3936 635 3994 catholici
666 3939 806 4012 quia
833 3939 1134 3996 mentitur.
1161 3941 1274 3996 Illae
1307 3941 1524 4014 quippe
1544 3946 1662 3998 tres
1684 3943 2007 4000 mersiones

359 4023 706 4100 singillatim
735 4031 854 4086 tres
884 4033 1044 4099 sunt,
1069 4033 1262 4086 etnon
1285 4029 1634 4103 generaliter
1654 4048 1772 4087 una
1793 4032 2004 4089 mersio

357 4119 468 4185 est,
502 4115 656 4174 sicut
683 4121 804 4176 tres
844 4121 985 4174 sunt
1032 4117 1344 4192 distinctae,
1379 4137 1602 4192 suaque
1649 4121 2003 4194 proprietate

355 4205 767 4274 subsistentes,
781 4212 957 4281 atque
970 4207 1390 4281 inseparabiles
1410 4209 1470 4264 in
1492 4214 1696 4266 sancta
1716 4210 2002 4268 Trinitate

355 4311 638 4368 persona,
669 4301 728 4354 et
756 4315 872 4353 non
903 4297 1252 4372 generaliter
1282 4315 1402 4353 una
1429 4314 1681 4372 persona
1715 4301 1824 4354 est.
1857 4301 2000 4356 Tres

353 4383 593 4454 quidem
612 4391 752 4442 sunt
767 4385 1113 4458 singillatim
1132 4387 1454 4443 mersiones
1475 4391 1710 4459 propter
1729 4404 2000 4460 persona-

2129 3225 2448 3298 spicentnr,
2482 3229 2871 3284 concordante
2914 3229 2974 3284 in
3018 3229 3336 3302 impietate
3388 3226 3684 3290 discordia,
3709 3226 3754 3278 et

2127 3319 2407 3371 creature
2429 3316 2486 3370 in
2522 3315 2664 3374 Filio
2687 3321 2744 3372 et
2765 3317 2985 3389 Spiritu
3006 3322 3222 3375 sancto
3247 3333 3551 3375 emnosum
3571 3315 3758 3372 fontem

2126 3407 2413 3476 tenentes,
2428 3405 2688 3462 diversos
2709 3405 3006 3462 haereseon
3029 3405 3258 3464 rivulos
3277 3404 3754 3464 duxerunt.Unum

2125 3492 2440 3565 baptisma,
2475 3499 2532 3549 et
2559 3499 2762 3550 contra
2787 3493 3167 3550 Valentinum
3203 3495 3370 3566 facit,
3394 3495 3498 3568 qui
3519 3495 3626 3550 duo
3643 3491 3756 3562 bap-

2126 3580 2363 3637 tismata
2389 3598 2518 3638 esse
2547 3582 2866 3651 contendit,
2899 3588 2959 3640 et
2987 3588 3196 3640 contra
3228 3601 3444 3642 omnes
3465 3580 3752 3644 haereticos,

2125 3673 2189 3724 ut
2207 3669 2398 3725 sciant
2419 3687 2482 3726 se
2505 3688 2616 3726 non
2643 3671 2857 3727 habere
2877 3673 3196 3745 baptisma,
3215 3674 3324 3730 sed
3349 3675 3410 3729 in
3435 3689 3552 3730 una
3567 3665 3754 3726 Christi

2121 3757 2379 3815 Ecclesia
2401 3760 2620 3816 fontem
2644 3778 2774 3818 esse
2792 3761 3050 3817 vitalem.
3067 3762 3274 3819 Potest
3287 3779 3478 3819 unum
3494 3759 3757 3834 baptisma

2119 3852 2178 3903 et
2207 3847 2289 3904 ita
2319 3849 2454 3917 dici,
2471 3849 2626 3922 quod
2651 3849 2786 3906 licet
2807 3853 2895 3905 ter
2916 3850 3296 3923 baptizemur
3317 3856 3558 3924 propter
3577 3849 3757 3920 myste-

2119 3935 2272 3992 rium
2293 3941 2506 3993 sanctae
2529 3937 2857 4006 Trinitatis,
2871 3943 3068 3994 tamen
3082 3957 3281 3997 unum
3301 3941 3600 4012 baptisma
3619 3949 3761 4008 replr

2117 4029 2494 4082 tetur.Unum
2517 4043 2749 4100 quoque
2770 4027 3068 4100 baptisma
3087 4034 3182 4086 est
3203 4029 3268 4085 in
3294 4031 3540 4103 aqua,et
3550 4023 3756 4099 spiritu,

2113 4119 2171 4170 et
2199 4113 2341 4188 igni,
2364 4121 2422 4171 et
2451 4115 2522 4171 de
2550 4133 2666 4188 quo
2687 4116 2970 4172 Dominus
2990 4107 3307 4190 loquitur’:
3339 4119 3649 4192 Baptisma
3665 4113 3762 4168 ha-

2111 4205 2213 4260 beo
2261 4205 2569 4276 baptizari
2595 4207 2756 4274 (Luc.
2788 4221 2890 4271 xu,
2922 4205 3048 4278 50);
3081 4208 3138 4261 et
3171 4205 3326 4263 alibi
3364 4223 3378 4262 :
3417 4203 3760 4278 Baptismate

2109 4308 2238 4348 meo
2263 4292 2722 4362 baptizabimimi
2749 4296 2962 4363 (Mare.
2994 4311 3051 4362 x,
3083 4293 3204 4364 39).
3242 4317 3274 4345 ››

2179 4381 2281 4437 His
2313 4386 2652 4440 sanctorum
2683 4380 3040 4454 Hieronymi,
3072 4386 3132 4438 et
3155 4383 3507 4453 Athanasii,
3541 4384 3758 4438 caetero-

352 4486 486 4526 rum
511 4478 728 4530 sanetae
757 4475 1061 4532 Trinitatis
1093 4475 1506 4548 proprietatem
1539 4493 1553 4532 :
1583 4491 1768 4533 unum
1801 4482 1996 4535 autem
2031 4495 2074 4560 ι)
2109 4487 2358 4542 rumque
2388 4471 2694 4528 doctorum
2719 4469 2930 4560 Verbis,
2954 4470 3256 4560 Ρτωρίριιθ
3289 4489 3434 4530 vero
3465 4464 3758 4528 Ambros“-

350 4562 440 4614 est
465 4561 776 4634 baptisma,
811 4563 951 4636 quia
980 4581 1136 4621 unus
1164 4569 1256 4621 cst
1297 4565 1473 4632 Dcus,
1507 4565 1683 4622 unius
1728 4566 1998 4624 videlicet
2046 4559 2058 4560 ί
2103 4565 2160 4614 et
2207 4559 2541 4633 Augustini.
2579 4559 2808 4627 Leonis,
2840 4563 3017 4632 atque
3065 4559 3372 4634 Gregorii,
3407 4563 3484 4618 de
3535 4569 3759 4633 quorum

349 4647 638 4716 essentia,
671 4651 848 4708 unius
879 4653 1134 4723 deitatis,
1170 4653 1348 4711 unius
1379 4659 1621 4724 naturae,
1655 4672 1722 4712 ac
1751 4673 1856 4728 per
1884 4657 1992 4714 hoc

347 4735 526 4794 unius
553 4737 830 4811 nominis,
859 4742 1016 4814 quod
1041 4747 1134 4798 est
1162 4743 1339 4812 Deus,
1370 4749 1574 4800 saneta
1603 4744 1990 4817 Trinitas,Pa-

344 4827 434 4880 ter
459 4829 518 4882 et
548 4825 730 4884 Filius
755 4833 812 4885 et
839 4829 1094 4902 Spiritus
1135 4836 1394 4900 sanctus,
1427 4831 1487 4887 in
1536 4833 1708 4904 cujus
1754 4832 1990 4890 nomine

341 4914 732 4988 baptizamur,
760 4921 818 4974 et
849 4918 954 4974 ﬁlii
984 4919 1086 4975 Dei
1116 4921 1426 4988 efﬁcimur,
1451 4921 1640 4994 gratia
1666 4921 1870 4992 renati,
1888 4921 1988 4994 qui

337 5020 576 5062 eramus
607 5005 713 5061 ﬁlii
735 5006 949 5064 diaboli
973 5024 1076 5080 per
1096 5009 1401 5065 traducem
1424 5009 1720 5065 maledicti
1741 5011 1986 5067 seminis

335 5095 620 5167 generati.
653 5097 722 5152 Et
753 5095 907 5152 sicut
935 5097 1181 5154 interior
1211 5098 1384 5156 homo
1407 5100 1466 5154 in
1487 5099 1600 5155 ﬁde
1621 5104 1834 5156 sanetae
1857 5100 1983 5156 Tri-

335 5183 538 5241 nitatis
559 5185 632 5242 ad
651 5184 969 5258 imaginem
989 5187 1079 5243 sui
1099 5187 1414 5244 conditoris
1433 5189 1840 5244 reformandus
1859 5193 1948 5246 est
1965 5205 1979 5244 :

332 5271 417 5328 ita
435 5277 493 5330 et
510 5273 760 5330 exterior
779 5274 933 5330 trina
954 5276 1243 5332 mersiono
1265 5276 1593 5333 abluendus
1615 5281 1722 5345 est,
1740 5280 1805 5333 ut
1826 5277 1982 5349 quod

334 5360 704 5420 invisibiliter
733 5363 986 5436 Spiritus
1006 5369 1282 5438 operatur
1301 5364 1360 5420 in
1384 5364 1600 5432 anima,
1613 5364 1723 5421 hoc
1741 5365 1984 5422 visibili-

331 5453 422 5506 ter
448 5453 721 5510 sacerdos
749 5454 1014 5512 imitetur
1041 5455 1100 5510 in
1123 5473 1296 5528 aqua.
1315 5455 1462 5511 Nam
1483 5453 1763 5528 originale
1784 5472 1981 5528 pecca-

333 5541 463 5605 tum
492 5540 682 5602 tribus
713 5543 906 5626 modis
935 5547 1131 5606 aetum
1157 5547 1264 5617 est,
1297 5543 1638 5618 delectione,
1663 5559 1974 5617 consensu,

2103 4649 2275 4706 dictis
2305 4649 2424 4705 hmo
2455 4667 2584 4722 quas
2632 4653 2961 4722 sequuntur
3005 4650 3458 4723 excerpsimus,
3491 4649 3762 4708 evidenter

2099 4739 2446 4806 ostenditur,
2462 4756 2577 4795 non
2597 4755 2730 4794 vere
2749 4737 2966 4794 dixisse
2988 4737 3464 4796 Gothescalcum
3489 4745 3608 4796 tres
3629 4751 3761 4792 mer-

2099 4827 2293 4884 siones
2309 4845 2488 4884 unam
2505 4826 2852 4900 generaliter
2867 4843 2996 4883 esse
3011 4827 3396 4886 mersionem
3414 4848 3430 4900 ;
3451 4829 3556 4886 sed
3577 4837 3763 4883 verum

2097 4933 2246 4986 esse,
2279 4917 2558 4989 quoniam
2591 4917 2744 4972 sicut
2770 4915 2830 4970 in
2862 4919 3068 4972 saneta
3103 4916 3420 4975 Trinitate
3471 4921 3615 4975 sunt
3659 4918 3763 4970 tres

2096 5023 2205 5062 sua
2223 5005 2575 5080 proprietate
2603 5004 2992 5062 subsistentes
3019 5003 3475 5077 inseparabiles
3493 5018 3762 5081 personae,

2092 5101 2150 5153 et
2178 5113 2296 5152 una
2325 5096 2512 5152 deitas
2557 5099 2732 5168 atque
2786 5097 3015 5163 natura,
3045 5092 3366 5166 voluntas,
3401 5100 3686 5170 potestas,
3715 5094 3765 5146 et

2092 5185 2371 5258 operatio,
2401 5190 2460 5240 et
2487 5185 2546 5240 in
2573 5183 2818 5240 Domino
2848 5183 2988 5240 Jesu
3022 5181 3268 5239 Christo
3302 5189 3459 5242 sunt
3490 5201 3524 5240 e
3553 5183 3761 5240 diverso

2091 5275 2220 5330 dum
2253 5279 2474 5330 naturae
2507 5273 2830 5329 divinitatis
2859 5276 2918 5328 et
2948 5270 3387 5341 humanitatis,
3413 5279 3477 5332 et
3507 5290 3629 5331 una
3656 5287 3765 5346 per-

2089 5381 2252 5434 sona,
2286 5363 2407 5436 qui,
2441 5368 2506 5420 ut
2551 5363 2693 5420 dicit
2738 5361 2994 5420 Joannes
3049 5361 3418 5434 Apostolus,
3466 5363 3629 5421 venit
3665 5372 3764 5433 per

2087 5467 2300 5525 aquam
2327 5457 2384 5508 et
2401 5468 2550 5524 sang
2558 5451 2889 5522 uinem,nou
2908 5449 2972 5506 in
2991 5464 3144 5522 aqua
3163 5465 3237 5504 so
3247 5448 3521 5526 lum,sed
3541 5457 3607 5511 in
3623 5463 3766 5526 aqua

2085 5547 2141 5602 et
2171 5540 2460 5621 sanguine
2480 5541 2528 5621 (Ι
2541 5545 2774 5613 Joan.v,
2805 5539 2882 5616 6),
2916 5543 2981 5597 ut
3008 5537 3231 5613 Corpus
3285 5542 3456 5616 ejus,
3490 5542 3651 5619 quod
3686 5541 3766 5596 est
