  <div class='ocr_page' id='page_1' title='image "/cluster/home/n/w/nwhite01/storage/ocr_20150623/125/hvd.32044054759873/284.png"; bbox 0 0 3962 6178; ppageno 0'>
   <div class='ocr_carea' id='block_1_1' title="bbox 291 312 404 371">
    <p class='ocr_par' dir='ltr' id='par_1_1' title="bbox 291 312 404 371">
     <span class='ocr_line' id='line_1_1' title="bbox 291 312 404 371; baseline -0.018 0"><span class='ocrx_word' id='word_1_1' title='bbox 291 312 404 371; x_wconf 79' lang='lat'>557</span> 
     </span>
    </p>
   </div>
   <div class='ocr_carea' id='block_1_2' title="bbox 1330 311 2673 380">
    <p class='ocr_par' dir='ltr' id='par_1_2' title="bbox 1330 311 2673 380">
     <span class='ocr_line' id='line_1_2' title="bbox 1330 311 2673 380; baseline -0.002 -2"><span class='ocrx_word' id='word_1_2' title='bbox 1330 318 1432 378; x_wconf 89' lang='lat' dir='ltr'><strong>DE</strong></span> <span class='ocrx_word' id='word_1_3' title='bbox 1476 318 1640 380; x_wconf 79' lang='lat' dir='ltr'>UNA</span> <span class='ocrx_word' id='word_1_4' title='bbox 1681 315 1784 376; x_wconf 90' lang='lat' dir='ltr'><strong>ET</strong></span> <span class='ocrx_word' id='word_1_5' title='bbox 1828 312 1985 374; x_wconf 84' lang='lat' dir='ltr'><strong>NON</strong></span> <span class='ocrx_word' id='word_1_6' title='bbox 2031 311 2270 372; x_wconf 79' lang='lat' dir='ltr'><strong>TRINA</strong></span> <span class='ocrx_word' id='word_1_7' title='bbox 2313 312 2673 376; x_wconf 84' lang='lat' dir='ltr'>DEITATE.</span> 
     </span>
    </p>
   </div>
   <div class='ocr_carea' id='block_1_3' title="bbox 3584 323 3702 382">
    <p class='ocr_par' dir='ltr' id='par_1_3' title="bbox 3584 323 3702 382">
     <span class='ocr_line' id='line_1_3' title="bbox 3584 323 3702 382; baseline 0 -1"><span class='ocrx_word' id='word_1_8' title='bbox 3584 323 3702 382; x_wconf 85' lang='lat'>558</span> 
     </span>
    </p>
   </div>
   <div class='ocr_carea' id='block_1_4' title="bbox 290 441 3702 520">
    <p class='ocr_par' dir='ltr' id='par_1_4' title="bbox 290 441 3702 520">
     <span class='ocr_line' id='line_1_4' title="bbox 290 441 3702 520; baseline 0.003 -22"><span class='ocrx_word' id='word_1_9' title='bbox 290 441 570 512; x_wconf 84' lang='lat' dir='ltr'>Ecclesia,</span> <span class='ocrx_word' id='word_1_10' title='bbox 595 443 822 500; x_wconf 90' lang='lat' dir='ltr'>lavacro</span> <span class='ocrx_word' id='word_1_11' title='bbox 872 446 1161 519; x_wconf 88' lang='lat' dir='ltr'>rigaretur</span> <span class='ocrx_word' id='word_1_12' title='bbox 1191 451 1249 502; x_wconf 91' lang='lat' dir='ltr'>et</span> <span class='ocrx_word' id='word_1_13' title='bbox 1299 448 1508 520; x_wconf 88' lang='lat' dir='ltr'>poculo</span> <span class='ocrx_word' id='word_1_14' title='bbox 1541 466 1554 504; x_wconf 93' lang='lat'><strong>:</strong></span> <span class='ocrx_word' id='word_1_15' title='bbox 1589 448 1670 503; x_wconf 90' lang='lat' dir='ltr'>ita</span> <span class='ocrx_word' id='word_1_16' title='bbox 1719 447 1776 502; x_wconf 91' lang='lat' dir='ltr'>in</span> <span class='ocrx_word' id='word_1_17' title='bbox 1827 462 1946 502; x_wconf 92' lang='lat' dir='ltr'>uno</span> <span class='ocrx_word' id='word_1_18' title='bbox 1973 443 2028 510; x_wconf 83' lang='grc' dir='ltr'><strong>Α</strong></span> <span class='ocrx_word' id='word_1_19' title='bbox 2057 442 2370 516; x_wconf 80' lang='lat' dir='ltr'>sepulturae</span> <span class='ocrx_word' id='word_1_20' title='bbox 2402 449 2768 501; x_wconf 88' lang='lat' dir='ltr'>sacramenta</span> <span class='ocrx_word' id='word_1_21' title='bbox 2803 447 3129 519; x_wconf 87' lang='lat' dir='ltr'>signamus,</span> <span class='ocrx_word' id='word_1_22' title='bbox 3164 451 3397 520; x_wconf 87' lang='lat' dir='ltr'>ut_dum</span> <span class='ocrx_word' id='word_1_23' title='bbox 3429 451 3598 507; x_wconf 87' lang='lat' dir='ltr'>tertio</span> <span class='ocrx_word' id='word_1_24' title='bbox 3631 453 3702 506; x_wconf 82' lang='lat' dir='ltr'>ab</span> 
     </span>
    </p>
   </div>
   <div class='ocr_carea' id='block_1_5' title="bbox 291 530 1948 609">
    <p class='ocr_par' dir='ltr' id='par_1_5' title="bbox 291 530 1948 609">
     <span class='ocr_line' id='line_1_5' title="bbox 291 530 1948 609; baseline 0.002 -23"><span class='ocrx_word' id='word_1_25' title='bbox 291 530 827 606; x_wconf 87' lang='lat' dir='ltr'>baptismate,quod</span> <span class='ocrx_word' id='word_1_26' title='bbox 847 535 906 590; x_wconf 89' lang='lat' dir='ltr'>in</span> <span class='ocrx_word' id='word_1_27' title='bbox 926 536 1331 592; x_wconf 81' lang='lat' dir='ltr'>remissionem</span> <span class='ocrx_word' id='word_1_28' title='bbox 1352 544 1724 609; x_wconf 77' lang='lat' dir='ltr'>peccatorum</span> <span class='ocrx_word' id='word_1_29' title='bbox 1745 535 1804 590; x_wconf 88' lang='lat' dir='ltr'>in</span> <span class='ocrx_word' id='word_1_30' title='bbox 1823 535 1948 591; x_wconf 90' lang='lat' dir='ltr'>sola</span> 
     </span>
    </p>
   </div>
   <div class='ocr_carea' id='block_1_6' title="bbox 291 619 1946 682">
    <p class='ocr_par' dir='ltr' id='par_1_6' title="bbox 291 619 1946 682">
     <span class='ocr_line' id='line_1_6' title="bbox 291 619 1946 682; baseline 0.002 -6"><span class='ocrx_word' id='word_1_31' title='bbox 291 619 580 677; x_wconf 86' lang='lat' dir='ltr'>catholica</span> <span class='ocrx_word' id='word_1_32' title='bbox 618 623 730 678; x_wconf 90' lang='lat' dir='ltr'>sub</span> <span class='ocrx_word' id='word_1_33' title='bbox 763 623 956 680; x_wconf 88' lang='lat' dir='ltr'>tribus</span> <span class='ocrx_word' id='word_1_34' title='bbox 1003 625 1402 682; x_wconf 89' lang='lat' dir='ltr'>mersionibus</span> <span class='ocrx_word' id='word_1_35' title='bbox 1431 630 1633 682; x_wconf 89' lang='lat' dir='ltr'>contra</span> <span class='ocrx_word' id='word_1_36' title='bbox 1681 624 1946 680; x_wconf 88' lang='lat' dir='ltr'>fraudem</span> 
     </span>
    </p>
   </div>
   <div class='ocr_carea' id='block_1_7' title="bbox 289 707 1946 787">
    <p class='ocr_par' dir='ltr' id='par_1_7' title="bbox 289 707 1946 787">
     <span class='ocr_line' id='line_1_7' title="bbox 289 707 1946 787; baseline 0.001 -23"><span class='ocrx_word' id='word_1_37' title='bbox 289 707 780 779; x_wconf 86' lang='lat' dir='ltr'>Sabellianorum,</span> <span class='ocrx_word' id='word_1_38' title='bbox 805 712 958 768; x_wconf 89' lang='lat' dir='ltr'>sicut</span> <span class='ocrx_word' id='word_1_39' title='bbox 1006 713 1066 768; x_wconf 92' lang='lat' dir='ltr'>in</span> <span class='ocrx_word' id='word_1_40' title='bbox 1119 714 1476 786; x_wconf 82' lang='lat' dir='ltr'>quibusdam</span> <span class='ocrx_word' id='word_1_41' title='bbox 1525 713 1840 787; x_wconf 84' lang='lat' dir='ltr'>provinciis</span> <span class='ocrx_word' id='word_1_42' title='bbox 1885 713 1946 767; x_wconf 91' lang='lat' dir='ltr'>in</span> 
     </span>
    </p>
   </div>
   <div class='ocr_carea' id='block_1_8' title="bbox 291 797 1950 859">
    <p class='ocr_par' dir='ltr' id='par_1_8' title="bbox 291 797 1950 859">
     <span class='ocr_line' id='line_1_8' title="bbox 291 797 1950 859; baseline 0.002 -7"><span class='ocrx_word' id='word_1_43' title='bbox 291 797 531 854; x_wconf 86' lang='lat' dir='ltr'>nomine</span> <span class='ocrx_word' id='word_1_44' title='bbox 563 805 778 856; x_wconf 80' lang='lat' dir='ltr'>sanctae</span> <span class='ocrx_word' id='word_1_45' title='bbox 799 801 1099 859; x_wconf 82' lang='lat' dir='ltr'>Trinitatis</span> <span class='ocrx_word' id='word_1_46' title='bbox 1135 805 1244 859; x_wconf 89' lang='lat' dir='ltr'>sub</span> <span class='ocrx_word' id='word_1_47' title='bbox 1277 821 1396 859; x_wconf 88' lang='lat' dir='ltr'>una</span> <span class='ocrx_word' id='word_1_48' title='bbox 1425 804 1717 859; x_wconf 88' lang='lat' dir='ltr'>mersione</span> <span class='ocrx_word' id='word_1_49' title='bbox 1747 806 1950 858; x_wconf 85' lang='lat' dir='ltr'>contra</span> 
     </span>
    </p>
   </div>
   <div class='ocr_carea' id='block_1_9' title="bbox 288 886 1948 949">
    <p class='ocr_par' dir='ltr' id='par_1_9' title="bbox 288 886 1948 949">
     <span class='ocr_line' id='line_1_9' title="bbox 288 886 1948 949; baseline 0.002 -7"><span class='ocrx_word' id='word_1_50' title='bbox 288 886 562 944; x_wconf 83' lang='lat' dir='ltr'>fraudem</span> <span class='ocrx_word' id='word_1_51' title='bbox 584 889 935 946; x_wconf 80' lang='lat' dir='ltr'>Arianorum</span> <span class='ocrx_word' id='word_1_52' title='bbox 961 891 1289 948; x_wconf 78' lang='lat' dir='ltr'>celebratur</span> <span class='ocrx_word' id='word_1_53' title='bbox 1309 894 1382 948; x_wconf 91' lang='lat' dir='ltr'>ab</span> <span class='ocrx_word' id='word_1_54' title='bbox 1405 892 1665 949; x_wconf 84' lang='lat' dir='ltr'>Ecclesia</span> <span class='ocrx_word' id='word_1_55' title='bbox 1685 891 1948 948; x_wconf 87' lang='lat' dir='ltr'>traditio-</span> 
     </span>
    </p>
   </div>
   <div class='ocr_carea' id='block_1_10' title="bbox 289 976 1949 1051">
    <p class='ocr_par' dir='ltr' id='par_1_10' title="bbox 289 976 1949 1051">
     <span class='ocr_line' id='line_1_10' title="bbox 289 976 1949 1051; baseline 0.001 -19"><span class='ocrx_word' id='word_1_56' title='bbox 289 992 355 1032; x_wconf 87' lang='lat' dir='ltr'>ne</span> <span class='ocrx_word' id='word_1_57' title='bbox 395 976 587 1044; x_wconf 89' lang='lat' dir='ltr'>ﬁdeli,</span> <span class='ocrx_word' id='word_1_58' title='bbox 611 979 888 1051; x_wconf 89' lang='lat' dir='ltr'>quoniam</span> <span class='ocrx_word' id='word_1_59' title='bbox 921 980 981 1036; x_wconf 91' lang='lat' dir='ltr'>in</span> <span class='ocrx_word' id='word_1_60' title='bbox 1017 997 1133 1036; x_wconf 89' lang='lat' dir='ltr'>una</span> <span class='ocrx_word' id='word_1_61' title='bbox 1164 981 1279 1037; x_wconf 88' lang='lat' dir='ltr'>ﬁde</span> <span class='ocrx_word' id='word_1_62' title='bbox 1327 981 1473 1037; x_wconf 85' lang='lat' dir='ltr'>nihil</span> <span class='ocrx_word' id='word_1_63' title='bbox 1506 981 1689 1037; x_wconf 87' lang='lat' dir='ltr'>ofﬁcit</span> <span class='ocrx_word' id='word_1_64' title='bbox 1735 984 1949 1036; x_wconf 71' lang='lat' dir='ltr'>sanctae</span> 
     </span>
    </p>
   </div>
   <div class='ocr_carea' id='block_1_11' title="bbox 285 1063 1950 1143">
    <p class='ocr_par' dir='ltr' id='par_1_11' title="bbox 285 1063 1950 1143">
     <span class='ocr_line' id='line_1_11' title="bbox 285 1063 1950 1143; baseline 0.002 -23"><span class='ocrx_word' id='word_1_65' title='bbox 285 1063 562 1122; x_wconf 65' lang='lat' dir='ltr'>Ecclesia</span> <span class='ocrx_word' id='word_1_66' title='bbox 590 1069 952 1124; x_wconf 85' lang='lat' dir='ltr'>consuetudo</span> <span class='ocrx_word' id='word_1_67' title='bbox 975 1069 1225 1139; x_wconf 89' lang='lat' dir='ltr'>diversa,</span> <span class='ocrx_word' id='word_1_68' title='bbox 1250 1073 1370 1126; x_wconf 89' lang='lat' dir='ltr'>tres</span> <span class='ocrx_word' id='word_1_69' title='bbox 1401 1074 1540 1126; x_wconf 90' lang='lat' dir='ltr'>sunt</span> <span class='ocrx_word' id='word_1_70' title='bbox 1560 1069 1659 1143; x_wconf 90' lang='lat' dir='ltr'>qui</span> <span class='ocrx_word' id='word_1_71' title='bbox 1689 1069 1950 1126; x_wconf 89' lang='lat' dir='ltr'>testimo-</span> 
     </span>
    </p>
   </div>
   <div class='ocr_carea' id='block_1_12' title="bbox 285 1153 1951 1232">
    <p class='ocr_par' dir='ltr' id='par_1_12' title="bbox 285 1153 1951 1232">
     <span class='ocr_line' id='line_1_12' title="bbox 285 1153 1951 1232; baseline 0.002 -22"><span class='ocrx_word' id='word_1_72' title='bbox 285 1153 452 1210; x_wconf 87' lang='lat' dir='ltr'>nium</span> <span class='ocrx_word' id='word_1_73' title='bbox 485 1155 654 1223; x_wconf 87' lang='lat' dir='ltr'>dant,</span> <span class='ocrx_word' id='word_1_74' title='bbox 675 1154 946 1230; x_wconf 82' lang='lat' dir='ltr'>spiritus,</span> <span class='ocrx_word' id='word_1_75' title='bbox 971 1175 1126 1231; x_wconf 89' lang='lat' dir='ltr'>aqua</span> <span class='ocrx_word' id='word_1_76' title='bbox 1154 1163 1210 1215; x_wconf 90' lang='lat' dir='ltr'>et</span> <span class='ocrx_word' id='word_1_77' title='bbox 1241 1160 1504 1232; x_wconf 83' lang='lat' dir='ltr'>sanguis,</span> <span class='ocrx_word' id='word_1_78' title='bbox 1529 1163 1586 1216; x_wconf 88' lang='lat' dir='ltr'>et</span> <span class='ocrx_word' id='word_1_79' title='bbox 1613 1163 1732 1216; x_wconf 89' lang='lat' dir='ltr'>tres</span> <span class='ocrx_word' id='word_1_80' title='bbox 1765 1175 1951 1214; x_wconf 89' lang='lat' dir='ltr'>unum</span> 
     </span>
    </p>
   </div>
   <div class='ocr_carea' id='block_1_13' title="bbox 282 1247 1952 1321">
    <p class='ocr_par' dir='ltr' id='par_1_13' title="bbox 282 1247 1952 1321">
     <span class='ocr_line' id='line_1_13' title="bbox 282 1247 1952 1321; baseline 0.001 -21"><span class='ocrx_word' id='word_1_81' title='bbox 282 1247 444 1310; x_wconf 85' lang='lat' dir='ltr'>sunt,</span> <span class='ocrx_word' id='word_1_82' title='bbox 469 1261 591 1300; x_wconf 90' lang='lat' dir='ltr'>non</span> <span class='ocrx_word' id='word_1_83' title='bbox 640 1249 869 1316; x_wconf 90' lang='lat' dir='ltr'>natura,</span> <span class='ocrx_word' id='word_1_84' title='bbox 896 1248 996 1304; x_wconf 89' lang='lat' dir='ltr'>sed</span> <span class='ocrx_word' id='word_1_85' title='bbox 1030 1248 1306 1321; x_wconf 83' lang='lat' dir='ltr'>mysterio</span> <span class='ocrx_word' id='word_1_86' title='bbox 1334 1252 1392 1305; x_wconf 92' lang='lat' dir='ltr'>et</span> <span class='ocrx_word' id='word_1_87' title='bbox 1429 1249 1728 1304; x_wconf 88' lang='lat' dir='ltr'>individuo</span> <span class='ocrx_word' id='word_1_88' title='bbox 1759 1265 1952 1304; x_wconf 37' lang='lat' dir='ltr'>sacras</span> 
     </span>
    </p>
   </div>
   <div class='ocr_carea' id='block_1_14' title="bbox 282 1333 1950 1409">
    <p class='ocr_par' dir='ltr' id='par_1_14' title="bbox 282 1333 1950 1409">
     <span class='ocr_line' id='line_1_14' title="bbox 282 1333 1950 1409; baseline 0.001 -21"><span class='ocrx_word' id='word_1_89' title='bbox 282 1337 508 1401; x_wconf 88' lang='lat' dir='ltr'>mento,</span> <span class='ocrx_word' id='word_1_90' title='bbox 536 1333 805 1407; x_wconf 89' lang='lat' dir='ltr'>nihilque</span> <span class='ocrx_word' id='word_1_91' title='bbox 829 1351 1030 1392; x_wconf 89' lang='lat' dir='ltr'>eorum</span> <span class='ocrx_word' id='word_1_92' title='bbox 1054 1353 1088 1392; x_wconf 89' lang='lat' dir='ltr'>a</span> <span class='ocrx_word' id='word_1_93' title='bbox 1107 1336 1198 1393; x_wconf 93' lang='lat' dir='ltr'>sui</span> <span class='ocrx_word' id='word_1_94' title='bbox 1223 1337 1580 1393; x_wconf 85' lang='lat' dir='ltr'>connexione</span> <span class='ocrx_word' id='word_1_95' title='bbox 1599 1335 1950 1409; x_wconf 85' lang='lat' dir='ltr'>sejungitur_</span> 
     </span>
    </p>
   </div>
   <div class='ocr_carea' id='block_1_15' title="bbox 283 1422 1952 1498">
    <p class='ocr_par' dir='ltr' id='par_1_15' title="bbox 283 1422 1952 1498">
     <span class='ocr_line' id='line_1_15' title="bbox 283 1422 1952 1498; baseline 0.002 -21"><span class='ocrx_word' id='word_1_96' title='bbox 283 1422 347 1478; x_wconf 88' lang='lat' dir='ltr'>Et</span> <span class='ocrx_word' id='word_1_97' title='bbox 364 1422 534 1478; x_wconf 83' lang='lat' dir='ltr'>sicut</span> <span class='ocrx_word' id='word_1_98' title='bbox 556 1423 845 1497; x_wconf 87' lang='lat' dir='ltr'>quidquid</span> <span class='ocrx_word' id='word_1_99' title='bbox 867 1441 902 1480; x_wconf 87' lang='lat' dir='ltr'>a</span> <span class='ocrx_word' id='word_1_100' title='bbox 921 1424 1172 1497; x_wconf 84' lang='lat' dir='ltr'>singulis</span> <span class='ocrx_word' id='word_1_101' title='bbox 1195 1431 1410 1484; x_wconf 74' lang='lat' dir='ltr'>sanctae</span> <span class='ocrx_word' id='word_1_102' title='bbox 1433 1425 1738 1482; x_wconf 84' lang='lat' dir='ltr'>Trinitatis</span> <span class='ocrx_word' id='word_1_103' title='bbox 1760 1442 1952 1498; x_wconf 85' lang='lat' dir='ltr'>perso-</span> 
     </span>
    </p>
   </div>
   <div class='ocr_carea' id='block_1_16' title="bbox 285 1510 1957 1586">
    <p class='ocr_par' dir='ltr' id='par_1_16' title="bbox 285 1510 1957 1586">
     <span class='ocr_line' id='line_1_16' title="bbox 285 1510 1957 1586; baseline 0.002 -20"><span class='ocrx_word' id='word_1_104' title='bbox 285 1510 372 1568; x_wconf 89' lang='lat' dir='ltr'>nis</span> <span class='ocrx_word' id='word_1_105' title='bbox 397 1511 626 1585; x_wconf 82' lang='lat' dir='ltr'>legitur</span> <span class='ocrx_word' id='word_1_106' title='bbox 645 1517 974 1586; x_wconf 87' lang='lat' dir='ltr'>operatum,</span> <span class='ocrx_word' id='word_1_107' title='bbox 999 1514 1400 1571; x_wconf 85' lang='lat' dir='ltr'>indubitanter</span> <span class='ocrx_word' id='word_1_108' title='bbox 1421 1516 1654 1572; x_wconf 86' lang='lat' dir='ltr'>credere</span> <span class='ocrx_word' id='word_1_109' title='bbox 1675 1516 1957 1572; x_wconf 87' lang='lat' dir='ltr'>debemus</span> 
     </span>
    </p>
   </div>
   <div class='ocr_carea' id='block_1_17' title="bbox 285 1599 1956 1676">
    <p class='ocr_par' dir='ltr' id='par_1_17' title="bbox 285 1599 1956 1676">
     <span class='ocr_line' id='line_1_17' title="bbox 285 1599 1956 1676; baseline 0.002 -22"><span class='ocrx_word' id='word_1_110' title='bbox 285 1599 482 1670; x_wconf 88' lang='lat' dir='ltr'>ipsam</span> <span class='ocrx_word' id='word_1_111' title='bbox 509 1605 776 1657; x_wconf 89' lang='lat' dir='ltr'>sanctam</span> <span class='ocrx_word' id='word_1_112' title='bbox 801 1601 1152 1659; x_wconf 83' lang='lat' dir='ltr'>Trinitatem</span> <span class='ocrx_word' id='word_1_113' title='bbox 1176 1603 1588 1676; x_wconf 86' lang='lat' dir='ltr'>inseparabilis</span> <span class='ocrx_word' id='word_1_114' title='bbox 1611 1602 1956 1660; x_wconf 64' lang='lat' dir='ltr'>substantiae</span> 
     </span>
    </p>
   </div>
   <div class='ocr_carea' id='block_1_18' title="bbox 286 1687 1958 1766">
    <p class='ocr_par' dir='ltr' id='par_1_18' title="bbox 286 1687 1958 1766">
     <span class='ocr_line' id='line_1_18' title="bbox 286 1687 1958 1766; baseline 0.002 -23"><span class='ocrx_word' id='word_1_115' title='bbox 286 1692 340 1744; x_wconf 89' lang='lat' dir='ltr'>et</span> <span class='ocrx_word' id='word_1_116' title='bbox 366 1687 620 1746; x_wconf 89' lang='lat' dir='ltr'>deitatis</span> <span class='ocrx_word' id='word_1_117' title='bbox 647 1689 1118 1763; x_wconf 86' lang='lat' dir='ltr'>inseparabiliter</span> <span class='ocrx_word' id='word_1_118' title='bbox 1142 1693 1390 1766; x_wconf 85' lang='lat' dir='ltr'>Operari,</span> <span class='ocrx_word' id='word_1_119' title='bbox 1407 1693 1676 1765; x_wconf 85' lang='lat' dir='ltr'>quamvis</span> <span class='ocrx_word' id='word_1_120' title='bbox 1705 1690 1958 1748; x_wconf 89' lang='lat' dir='ltr'>certissi-</span> 
     </span>
    </p>
   </div>
   <div class='ocr_carea' id='block_1_19' title="bbox 263 1779 2033 1882">
    <p class='ocr_par' dir='ltr' id='par_1_19' title="bbox 263 1779 2033 1882">
     <span class='ocr_line' id='line_1_19' title="bbox 263 1779 2033 1882; baseline 0 -45"><span class='ocrx_word' id='word_1_121' title='bbox 263 1793 458 1837; x_wconf 63' lang='lat' dir='ltr'>amum</span> <span class='ocrx_word' id='word_1_122' title='bbox 591 1779 818 1882; x_wconf 79' lang='lat' dir='ltr'>Patrem</span> <span class='ocrx_word' id='word_1_123' title='bbox 841 1797 970 1837; x_wconf 90' lang='lat' dir='ltr'>esse</span> <span class='ocrx_word' id='word_1_124' title='bbox 991 1781 1181 1882; x_wconf 77' lang='lat' dir='ltr'>solum</span> <span class='ocrx_word' id='word_1_125' title='bbox 1205 1782 1302 1854; x_wconf 88' lang='lat' dir='ltr'>qui</span> <span class='ocrx_word' id='word_1_126' title='bbox 1337 1781 1478 1838; x_wconf 86' lang='lat' dir='ltr'>dicit</span> <span class='ocrx_word' id='word_1_127' title='bbox 1501 1783 1658 1882; x_wconf 39' lang='lat' dir='ltr'>z-{lic-</span> <span class='ocrx_word' id='word_1_128' title='bbox 1675 1789 1756 1838; x_wconf 82' lang='lat' dir='ltr'>est</span> <span class='ocrx_word' id='word_1_129' title='bbox 1780 1781 1956 1882; x_wconf 64' lang='lat' dir='ltr'>Filias</span> <span class='ocrx_word' id='word_1_130' title='bbox 1986 1815 2033 1882; x_wconf 73' lang='grc' dir='ltr'><strong>Β</strong></span> 
     </span>
    </p>
   </div>
   <div class='ocr_carea' id='block_1_20' title="bbox 281 1867 1952 1944">
    <p class='ocr_par' dir='ltr' id='par_1_20' title="bbox 281 1867 1952 1944">
     <span class='ocr_line' id='line_1_20' title="bbox 281 1867 1952 1944; baseline 0.002 -20"><span class='ocrx_word' id='word_1_131' title='bbox 281 1884 438 1924; x_wconf 65' lang='lat' dir='ltr'>meus</span> <span class='ocrx_word' id='word_1_132' title='bbox 468 1867 728 1936; x_wconf 73' lang='lat' dir='ltr'>dilectus,</span> <span class='ocrx_word' id='word_1_133' title='bbox 751 1870 811 1925; x_wconf 83' lang='lat' dir='ltr'>in</span> <span class='ocrx_word' id='word_1_134' title='bbox 846 1885 952 1942; x_wconf 79' lang='lat' dir='ltr'>quo</span> <span class='ocrx_word' id='word_1_135' title='bbox 977 1870 1121 1927; x_wconf 82' lang='lat' dir='ltr'>mihi</span> <span class='ocrx_word' id='word_1_136' title='bbox 1159 1872 1460 1944; x_wconf 64' lang='grc' dir='ltr'>συνηριαωί</span> <span class='ocrx_word' id='word_1_137' title='bbox 1488 1871 1693 1941; x_wconf 80' lang='lat' dir='ltr'>(Matth.</span> <span class='ocrx_word' id='word_1_138' title='bbox 1719 1869 1912 1944; x_wconf 83' lang='grc'>111,17)</span> <span class='ocrx_word' id='word_1_139' title='bbox 1939 1887 1952 1927; x_wconf 92' lang='lat'><strong>:</strong></span> 
     </span>
    </p>
   </div>
   <div class='ocr_carea' id='block_1_21' title="bbox 296 1955 1957 2033">
    <p class='ocr_par' dir='ltr' id='par_1_21' title="bbox 296 1955 1957 2033">
     <span class='ocr_line' id='line_1_21' title="bbox 296 1955 1957 2033; baseline 0.002 -21"><span class='ocrx_word' id='word_1_140' title='bbox 296 1960 351 2012; x_wconf 89' lang='lat' dir='ltr'>et</span> <span class='ocrx_word' id='word_1_141' title='bbox 395 1955 621 2014; x_wconf 85' lang='lat' dir='ltr'>Filium</span> <span class='ocrx_word' id='word_1_142' title='bbox 651 1975 779 2015; x_wconf 90' lang='lat' dir='ltr'>esse</span> <span class='ocrx_word' id='word_1_143' title='bbox 822 1958 1035 2028; x_wconf 88' lang='lat' dir='ltr'>solum,</span> <span class='ocrx_word' id='word_1_144' title='bbox 1069 1976 1247 2032; x_wconf 88' lang='lat' dir='ltr'>super</span> <span class='ocrx_word' id='word_1_145' title='bbox 1273 1977 1449 2033; x_wconf 90' lang='lat' dir='ltr'>quem</span> <span class='ocrx_word' id='word_1_146' title='bbox 1489 1959 1588 2017; x_wconf 91' lang='lat' dir='ltr'>illo</span> <span class='ocrx_word' id='word_1_147' title='bbox 1617 1977 1726 2016; x_wconf 82' lang='lat' dir='ltr'>vox</span> <span class='ocrx_word' id='word_1_148' title='bbox 1772 1960 1957 2016; x_wconf 89' lang='lat' dir='ltr'>solius</span> 
     </span>
    </p>
   </div>
   <div class='ocr_carea' id='block_1_22' title="bbox 297 2044 1959 2122">
    <p class='ocr_par' dir='ltr' id='par_1_22' title="bbox 297 2044 1959 2122">
     <span class='ocr_line' id='line_1_22' title="bbox 297 2044 1959 2122; baseline 0.002 -22"><span class='ocrx_word' id='word_1_149' title='bbox 297 2044 491 2102; x_wconf 84' lang='lat' dir='ltr'>Patris</span> <span class='ocrx_word' id='word_1_150' title='bbox 523 2046 744 2115; x_wconf 81' lang='lat' dir='ltr'>sonuit,</span> <span class='ocrx_word' id='word_1_151' title='bbox 775 2049 1012 2122; x_wconf 87' lang='lat' dir='ltr'>quando</span> <span class='ocrx_word' id='word_1_152' title='bbox 1043 2048 1103 2104; x_wconf 93' lang='lat' dir='ltr'>in</span> <span class='ocrx_word' id='word_1_153' title='bbox 1133 2049 1386 2106; x_wconf 85' lang='lat' dir='ltr'>Jordane</span> <span class='ocrx_word' id='word_1_154' title='bbox 1418 2049 1743 2106; x_wconf 89' lang='lat' dir='ltr'>secundum</span> <span class='ocrx_word' id='word_1_155' title='bbox 1773 2048 1959 2104; x_wconf 92' lang='lat' dir='ltr'>homi-</span> 
     </span>
    </p>
   </div>
   <div class='ocr_carea' id='block_1_23' title="bbox 298 2135 1957 2213">
    <p class='ocr_par' dir='ltr' id='par_1_23' title="bbox 298 2135 1957 2213">
     <span class='ocr_line' id='line_1_23' title="bbox 298 2135 1957 2213; baseline 0.003 -24"><span class='ocrx_word' id='word_1_156' title='bbox 298 2151 432 2190; x_wconf 89' lang='lat' dir='ltr'>nem</span> <span class='ocrx_word' id='word_1_157' title='bbox 468 2135 804 2208; x_wconf 86' lang='lat' dir='ltr'>baptizatus</span> <span class='ocrx_word' id='word_1_158' title='bbox 834 2141 924 2195; x_wconf 90' lang='lat' dir='ltr'>est</span> <span class='ocrx_word' id='word_1_159' title='bbox 955 2137 1108 2194; x_wconf 88' lang='lat' dir='ltr'>idem</span> <span class='ocrx_word' id='word_1_160' title='bbox 1149 2138 1488 2213; x_wconf 89' lang='lat' dir='ltr'>unigenitus</span> <span class='ocrx_word' id='word_1_161' title='bbox 1517 2140 1670 2196; x_wconf 88' lang='lat' dir='ltr'>Deus</span> <span class='ocrx_word' id='word_1_162' title='bbox 1699 2137 1800 2211; x_wconf 90' lang='lat' dir='ltr'>qui</span> <span class='ocrx_word' id='word_1_163' title='bbox 1831 2156 1957 2195; x_wconf 92' lang='lat' dir='ltr'>car-</span> 
     </span>
    </p>
   </div>
   <div class='ocr_carea' id='block_1_24' title="bbox 298 2223 1960 2300">
    <p class='ocr_par' dir='ltr' id='par_1_24' title="bbox 298 2223 1960 2300">
     <span class='ocr_line' id='line_1_24' title="bbox 298 2223 1960 2300; baseline 0.004 -22"><span class='ocrx_word' id='word_1_164' title='bbox 298 2239 432 2279; x_wconf 88' lang='lat' dir='ltr'>nem</span> <span class='ocrx_word' id='word_1_165' title='bbox 467 2223 634 2280; x_wconf 88' lang='lat' dir='ltr'>solus</span> <span class='ocrx_word' id='word_1_166' title='bbox 663 2226 890 2300; x_wconf 88' lang='lat' dir='ltr'>accepit</span> <span class='ocrx_word' id='word_1_167' title='bbox 921 2243 935 2282; x_wconf 88' lang='lat'><strong>:</strong></span> <span class='ocrx_word' id='word_1_168' title='bbox 969 2231 1028 2284; x_wconf 90' lang='lat' dir='ltr'>et</span> <span class='ocrx_word' id='word_1_169' title='bbox 1057 2227 1341 2300; x_wconf 89' lang='lat' dir='ltr'>Spiritum</span> <span class='ocrx_word' id='word_1_170' title='bbox 1383 2232 1652 2284; x_wconf 89' lang='lat' dir='ltr'>sanetum</span> <span class='ocrx_word' id='word_1_171' title='bbox 1685 2227 1872 2284; x_wconf 88' lang='lat' dir='ltr'>Patris</span> <span class='ocrx_word' id='word_1_172' title='bbox 1902 2231 1960 2284; x_wconf 88' lang='lat' dir='ltr'>et</span> 
     </span>
    </p>
   </div>
   <div class='ocr_carea' id='block_1_25' title="bbox 298 2312 1960 2389">
    <p class='ocr_par' dir='ltr' id='par_1_25' title="bbox 298 2312 1960 2389">
     <span class='ocr_line' id='line_1_25' title="bbox 298 2312 1960 2389; baseline 0.002 -21"><span class='ocrx_word' id='word_1_173' title='bbox 298 2312 438 2369; x_wconf 82' lang='lat' dir='ltr'>Filii</span> <span class='ocrx_word' id='word_1_174' title='bbox 462 2313 659 2370; x_wconf 89' lang='lat' dir='ltr'>solum</span> <span class='ocrx_word' id='word_1_175' title='bbox 690 2331 840 2384; x_wconf 88' lang='lat' dir='ltr'>esse,</span> <span class='ocrx_word' id='word_1_176' title='bbox 863 2317 964 2388; x_wconf 91' lang='lat' dir='ltr'>qui</span> <span class='ocrx_word' id='word_1_177' title='bbox 995 2315 1055 2372; x_wconf 91' lang='lat' dir='ltr'>in</span> <span class='ocrx_word' id='word_1_178' title='bbox 1086 2316 1279 2389; x_wconf 86' lang='lat' dir='ltr'>specie</span> <span class='ocrx_word' id='word_1_179' title='bbox 1300 2315 1582 2373; x_wconf 70' lang='lat' dir='ltr'>columbae</span> <span class='ocrx_word' id='word_1_180' title='bbox 1605 2333 1782 2388; x_wconf 90' lang='lat' dir='ltr'>super</span> <span class='ocrx_word' id='word_1_181' title='bbox 1800 2333 1960 2372; x_wconf 88' lang='lat' dir='ltr'>eum-</span> 
     </span>
    </p>
   </div>
   <div class='ocr_carea' id='block_1_26' title="bbox 297 2402 1956 2478">
    <p class='ocr_par' dir='ltr' id='par_1_26' title="bbox 297 2402 1956 2478">
     <span class='ocr_line' id='line_1_26' title="bbox 297 2402 1956 2478; baseline 0.002 -20"><span class='ocrx_word' id='word_1_182' title='bbox 297 2402 430 2458; x_wconf 89' lang='lat' dir='ltr'>dem</span> <span class='ocrx_word' id='word_1_183' title='bbox 465 2403 828 2476; x_wconf 88' lang='lat' dir='ltr'>baptizatum</span> <span class='ocrx_word' id='word_1_184' title='bbox 878 2407 1288 2462; x_wconf 88' lang='lat' dir='ltr'>ascendentem</span> <span class='ocrx_word' id='word_1_185' title='bbox 1323 2406 1394 2462; x_wconf 92' lang='lat' dir='ltr'>de</span> <span class='ocrx_word' id='word_1_186' title='bbox 1435 2422 1588 2478; x_wconf 90' lang='lat' dir='ltr'>aqua</span> <span class='ocrx_word' id='word_1_187' title='bbox 1633 2406 1956 2475; x_wconf 88' lang='lat' dir='ltr'>descendit,</span> 
     </span>
    </p>
   </div>
   <div class='ocr_carea' id='block_1_27' title="bbox 297 2491 1958 2566">
    <p class='ocr_par' dir='ltr' id='par_1_27' title="bbox 297 2491 1958 2566">
     <span class='ocr_line' id='line_1_27' title="bbox 297 2491 1958 2566; baseline -0.001 -18"><span class='ocrx_word' id='word_1_188' title='bbox 297 2491 458 2548; x_wconf 67' lang='lat'>495</span> <span class='ocrx_word' id='word_1_189' title='bbox 507 2496 568 2547; x_wconf 92' lang='lat' dir='ltr'>et</span> <span class='ocrx_word' id='word_1_190' title='bbox 595 2491 1087 2566; x_wconf 88' lang='lat' dir='ltr'>quinquagesimo</span> <span class='ocrx_word' id='word_1_191' title='bbox 1137 2493 1230 2548; x_wconf 91' lang='lat' dir='ltr'>die</span> <span class='ocrx_word' id='word_1_192' title='bbox 1287 2497 1421 2565; x_wconf 90' lang='lat' dir='ltr'>post</span> <span class='ocrx_word' id='word_1_193' title='bbox 1475 2491 1958 2550; x_wconf 86' lang='lat' dir='ltr'>resurrectionem</span> 
     </span>
    </p>
   </div>
   <div class='ocr_carea' id='block_1_28' title="bbox 297 2579 1960 2655">
    <p class='ocr_par' dir='ltr' id='par_1_28' title="bbox 297 2579 1960 2655">
     <span class='ocr_line' id='line_1_28' title="bbox 297 2579 1960 2655; baseline 0.001 -21"><span class='ocrx_word' id='word_1_194' title='bbox 297 2579 520 2636; x_wconf 84' lang='lat' dir='ltr'>Christi</span> <span class='ocrx_word' id='word_1_195' title='bbox 577 2581 778 2638; x_wconf 89' lang='lat' dir='ltr'>ﬁdeles</span> <span class='ocrx_word' id='word_1_196' title='bbox 807 2581 866 2638; x_wconf 90' lang='lat' dir='ltr'>in</span> <span class='ocrx_word' id='word_1_197' title='bbox 899 2599 1016 2638; x_wconf 90' lang='lat' dir='ltr'>uno</span> <span class='ocrx_word' id='word_1_198' title='bbox 1064 2581 1193 2639; x_wconf 92' lang='lat' dir='ltr'>loco</span> <span class='ocrx_word' id='word_1_199' title='bbox 1241 2581 1464 2655; x_wconf 89' lang='lat' dir='ltr'>positos</span> <span class='ocrx_word' id='word_1_200' title='bbox 1512 2581 1571 2636; x_wconf 91' lang='lat' dir='ltr'>in</span> <span class='ocrx_word' id='word_1_201' title='bbox 1622 2581 1960 2654; x_wconf 83' lang='lat' dir='ltr'>linguarum</span> 
     </span>
    </p>
   </div>
   <div class='ocr_carea' id='block_1_29' title="bbox 299 2667 1959 2744">
    <p class='ocr_par' dir='ltr' id='par_1_29' title="bbox 299 2667 1959 2744">
     <span class='ocr_line' id='line_1_29' title="bbox 299 2667 1959 2744; baseline 0.001 -22"><span class='ocrx_word' id='word_1_202' title='bbox 299 2667 619 2742; x_wconf 86' lang='lat' dir='ltr'>ignearum</span> <span class='ocrx_word' id='word_1_203' title='bbox 645 2669 868 2727; x_wconf 87' lang='lat' dir='ltr'>visione</span> <span class='ocrx_word' id='word_1_204' title='bbox 907 2669 1224 2728; x_wconf 87' lang='lat' dir='ltr'>adveniens</span> <span class='ocrx_word' id='word_1_205' title='bbox 1261 2670 1520 2744; x_wconf 86' lang='lat' dir='ltr'>replevit.</span> <span class='ocrx_word' id='word_1_206' title='bbox 1554 2669 1717 2726; x_wconf 87' lang='lat' dir='ltr'>Illam</span> <span class='ocrx_word' id='word_1_207' title='bbox 1763 2676 1959 2726; x_wconf 88' lang='lat' dir='ltr'>tamen</span> 
     </span>
    </p>
   </div>
   <div class='ocr_carea' id='block_1_30' title="bbox 301 2757 1960 2833">
    <p class='ocr_par' dir='ltr' id='par_1_30' title="bbox 301 2757 1960 2833">
     <span class='ocr_line' id='line_1_30' title="bbox 301 2757 1960 2833; baseline 0.002 -21"><span class='ocrx_word' id='word_1_208' title='bbox 301 2757 613 2814; x_wconf 70' lang='lat' dir='ltr'>verissime</span> <span class='ocrx_word' id='word_1_209' title='bbox 651 2775 874 2828; x_wconf 88' lang='lat' dir='ltr'>vocem,</span> <span class='ocrx_word' id='word_1_210' title='bbox 906 2777 1024 2833; x_wconf 88' lang='lat' dir='ltr'>qua</span> <span class='ocrx_word' id='word_1_211' title='bbox 1070 2759 1233 2816; x_wconf 89' lang='lat' dir='ltr'>solus</span> <span class='ocrx_word' id='word_1_212' title='bbox 1273 2759 1505 2816; x_wconf 89' lang='lat' dir='ltr'>locutus</span> <span class='ocrx_word' id='word_1_213' title='bbox 1544 2763 1636 2816; x_wconf 90' lang='lat' dir='ltr'>est</span> <span class='ocrx_word' id='word_1_214' title='bbox 1671 2759 1827 2816; x_wconf 88' lang='lat' dir='ltr'>Deus</span> <span class='ocrx_word' id='word_1_215' title='bbox 1856 2759 1960 2815; x_wconf 86' lang='lat' dir='ltr'>Pa-</span> 
     </span>
    </p>
   </div>
   <div class='ocr_carea' id='block_1_31' title="bbox 299 2847 1964 2922">
    <p class='ocr_par' dir='ltr' id='par_1_31' title="bbox 299 2847 1964 2922">
     <span class='ocr_line' id='line_1_31' title="bbox 299 2847 1964 2922; baseline -0.001 -17"><span class='ocrx_word' id='word_1_216' title='bbox 299 2850 410 2912; x_wconf 82' lang='lat' dir='ltr'>ter,</span> <span class='ocrx_word' id='word_1_217' title='bbox 443 2851 506 2902; x_wconf 93' lang='lat' dir='ltr'>et</span> <span class='ocrx_word' id='word_1_218' title='bbox 557 2847 722 2904; x_wconf 89' lang='lat' dir='ltr'>illam</span> <span class='ocrx_word' id='word_1_219' title='bbox 753 2865 988 2906; x_wconf 90' lang='lat' dir='ltr'>carnem</span> <span class='ocrx_word' id='word_1_220' title='bbox 1039 2866 1157 2922; x_wconf 90' lang='lat' dir='ltr'>qua</span> <span class='ocrx_word' id='word_1_221' title='bbox 1203 2848 1366 2905; x_wconf 89' lang='lat' dir='ltr'>solus</span> <span class='ocrx_word' id='word_1_222' title='bbox 1414 2847 1589 2904; x_wconf 91' lang='lat' dir='ltr'>homo</span> <span class='ocrx_word' id='word_1_223' title='bbox 1638 2848 1827 2904; x_wconf 87' lang='lat' dir='ltr'>factus</span> <span class='ocrx_word' id='word_1_224' title='bbox 1875 2851 1964 2904; x_wconf 89' lang='lat' dir='ltr'>est</span> 
     </span>
    </p>
   </div>
   <div class='ocr_carea' id='block_1_32' title="bbox 300 2935 1962 3010">
    <p class='ocr_par' dir='ltr' id='par_1_32' title="bbox 300 2935 1962 3010">
     <span class='ocr_line' id='line_1_32' title="bbox 300 2935 1962 3010; baseline 0.001 -20"><span class='ocrx_word' id='word_1_225' title='bbox 300 2935 650 3008; x_wconf 90' lang='lat' dir='ltr'>unigenitus</span> <span class='ocrx_word' id='word_1_226' title='bbox 670 2937 846 3006; x_wconf 89' lang='lat' dir='ltr'>Deus,</span> <span class='ocrx_word' id='word_1_227' title='bbox 868 2941 927 2994; x_wconf 90' lang='lat' dir='ltr'>et</span> <span class='ocrx_word' id='word_1_228' title='bbox 955 2937 1118 2994; x_wconf 90' lang='lat' dir='ltr'>illam</span> <span class='ocrx_word' id='word_1_229' title='bbox 1140 2937 1475 2995; x_wconf 89' lang='lat' dir='ltr'>columbam</span> <span class='ocrx_word' id='word_1_230' title='bbox 1497 2937 1558 2993; x_wconf 90' lang='lat' dir='ltr'>in</span> <span class='ocrx_word' id='word_1_231' title='bbox 1581 2939 1750 3009; x_wconf 89' lang='lat' dir='ltr'>cujus</span> <span class='ocrx_word' id='word_1_232' title='bbox 1770 2937 1962 3010; x_wconf 87' lang='lat' dir='ltr'>specie</span> 
     </span>
    </p>
   </div>
   <div class='ocr_carea' id='block_1_33' title="bbox 303 3023 1962 3100">
    <p class='ocr_par' dir='ltr' id='par_1_33' title="bbox 303 3023 1962 3100">
     <span class='ocr_line' id='line_1_33' title="bbox 303 3023 1962 3100; baseline 0.001 -20"><span class='ocrx_word' id='word_1_233' title='bbox 303 3023 568 3096; x_wconf 86' lang='lat' dir='ltr'>Spiritus</span> <span class='ocrx_word' id='word_1_234' title='bbox 587 3029 830 3083; x_wconf 90' lang='lat' dir='ltr'>sanctus</span> <span class='ocrx_word' id='word_1_235' title='bbox 850 3043 1028 3100; x_wconf 88' lang='lat' dir='ltr'>super</span> <span class='ocrx_word' id='word_1_236' title='bbox 1047 3026 1345 3083; x_wconf 86' lang='lat' dir='ltr'>Christum</span> <span class='ocrx_word' id='word_1_237' title='bbox 1369 3027 1690 3094; x_wconf 87' lang='lat' dir='ltr'>descendit,</span> <span class='ocrx_word' id='word_1_238' title='bbox 1714 3025 1962 3098; x_wconf 88' lang='lat' dir='ltr'>illasque</span> 
     </span>
    </p>
   </div>
   <div class='ocr_carea' id='block_1_34' title="bbox 299 3111 1962 3189">
    <p class='ocr_par' dir='ltr' id='par_1_34' title="bbox 299 3111 1962 3189">
     <span class='ocr_line' id='line_1_34' title="bbox 299 3111 1962 3189; baseline 0.002 -21"><span class='ocrx_word' id='word_1_239' title='bbox 299 3111 542 3187; x_wconf 88' lang='lat' dir='ltr'>linguas</span> <span class='ocrx_word' id='word_1_240' title='bbox 571 3114 795 3188; x_wconf 88' lang='lat' dir='ltr'>igneas,</span> <span class='ocrx_word' id='word_1_241' title='bbox 829 3115 888 3172; x_wconf 92' lang='lat' dir='ltr'>in</span> <span class='ocrx_word' id='word_1_242' title='bbox 921 3133 1170 3189; x_wconf 87' lang='lat' dir='ltr'>quarum</span> <span class='ocrx_word' id='word_1_243' title='bbox 1199 3115 1422 3173; x_wconf 91' lang='lat' dir='ltr'>visione</span> <span class='ocrx_word' id='word_1_244' title='bbox 1453 3114 1656 3172; x_wconf 89' lang='lat' dir='ltr'>ﬁdeles</span> <span class='ocrx_word' id='word_1_245' title='bbox 1687 3132 1804 3171; x_wconf 92' lang='lat' dir='ltr'>uno</span> <span class='ocrx_word' id='word_1_246' title='bbox 1837 3115 1962 3171; x_wconf 93' lang='lat' dir='ltr'>loco</span> 
     </span>
    </p>
   </div>
   <div class='ocr_carea' id='block_1_35' title="bbox 2055 532 3705 613">
    <p class='ocr_par' dir='ltr' id='par_1_35' title="bbox 2055 532 3705 613">
     <span class='ocr_line' id='line_1_35' title="bbox 2055 532 3705 613; baseline 0.005 -27"><span class='ocrx_word' id='word_1_247' title='bbox 2055 532 2225 604; x_wconf 82' lang='lat' dir='ltr'>aquis</span> <span class='ocrx_word' id='word_1_248' title='bbox 2251 533 2442 587; x_wconf 78' lang='lat' dir='ltr'>infans</span> <span class='ocrx_word' id='word_1_249' title='bbox 2463 533 2751 600; x_wconf 85' lang='lat' dir='ltr'>educitur,</span> <span class='ocrx_word' id='word_1_250' title='bbox 2776 536 3119 591; x_wconf 82' lang='lat' dir='ltr'>resurrectio</span> <span class='ocrx_word' id='word_1_251' title='bbox 3143 538 3397 594; x_wconf 87' lang='lat' dir='ltr'>triduani</span> <span class='ocrx_word' id='word_1_252' title='bbox 3425 540 3705 613; x_wconf 87' lang='lat' dir='ltr'>temporis</span> 
     </span>
    </p>
   </div>
   <div class='ocr_carea' id='block_1_36' title="bbox 2056 621 3704 698">
    <p class='ocr_par' dir='ltr' id='par_1_36' title="bbox 2056 621 3704 698">
     <span class='ocr_line' id='line_1_36' title="bbox 2056 621 3704 698; baseline 0.005 -24"><span class='ocrx_word' id='word_1_253' title='bbox 2056 621 2437 692; x_wconf 78' lang='lat' dir='ltr'>exprimatur.</span> <span class='ocrx_word' id='word_1_254' title='bbox 2472 623 2634 688; x_wconf 88' lang='lat' dir='ltr'>Quod</span> <span class='ocrx_word' id='word_1_255' title='bbox 2680 622 2730 677; x_wconf 91' lang='lat' dir='ltr'>si</span> <span class='ocrx_word' id='word_1_256' title='bbox 2761 622 2896 694; x_wconf 91' lang='lat' dir='ltr'>quis</span> <span class='ocrx_word' id='word_1_257' title='bbox 2929 623 3071 679; x_wconf 88' lang='lat' dir='ltr'>forte</span> <span class='ocrx_word' id='word_1_258' title='bbox 3101 623 3276 680; x_wconf 87' lang='lat' dir='ltr'>etiam</span> <span class='ocrx_word' id='word_1_259' title='bbox 3306 644 3410 698; x_wconf 84' lang='lat' dir='ltr'>pro</span> <span class='ocrx_word' id='word_1_260' title='bbox 3458 645 3704 683; x_wconf 68' lang='lat' dir='ltr'>summa:</span> 
     </span>
    </p>
   </div>
   <div class='ocr_carea' id='block_1_37' title="bbox 2057 709 3706 785">
    <p class='ocr_par' dir='ltr' id='par_1_37' title="bbox 2057 709 3706 785">
     <span class='ocr_line' id='line_1_37' title="bbox 2057 709 3706 785; baseline 0.005 -21"><span class='ocrx_word' id='word_1_261' title='bbox 2057 709 2364 766; x_wconf 88' lang='lat' dir='ltr'>Trinitatis</span> <span class='ocrx_word' id='word_1_262' title='bbox 2385 709 2752 770; x_wconf 87' lang='lat' dir='ltr'>veneratione</span> <span class='ocrx_word' id='word_1_263' title='bbox 2785 711 3078 768; x_wconf 83' lang='lat' dir='ltr'>existimet</span> <span class='ocrx_word' id='word_1_264' title='bbox 3106 713 3256 782; x_wconf 86' lang='lat' dir='ltr'>ﬁeri,</span> <span class='ocrx_word' id='word_1_265' title='bbox 3276 731 3465 785; x_wconf 82' lang='lat' dir='ltr'>neque</span> <span class='ocrx_word' id='word_1_266' title='bbox 3493 718 3566 772; x_wconf 90' lang='lat' dir='ltr'>ad</span> <span class='ocrx_word' id='word_1_267' title='bbox 3597 717 3706 772; x_wconf 92' lang='lat' dir='ltr'>hoc</span> 
     </span>
    </p>
   </div>
   <div class='ocr_carea' id='block_1_38' title="bbox 2059 797 3707 878">
    <p class='ocr_par' dir='ltr' id='par_1_38' title="bbox 2059 797 3707 878">
     <span class='ocr_line' id='line_1_38' title="bbox 2059 797 3707 878; baseline 0.004 -24"><span class='ocrx_word' id='word_1_268' title='bbox 2059 797 2279 871; x_wconf 88' lang='lat' dir='ltr'>aliquid</span> <span class='ocrx_word' id='word_1_269' title='bbox 2295 799 2528 854; x_wconf 87' lang='lat' dir='ltr'>obsistit</span> <span class='ocrx_word' id='word_1_270' title='bbox 2547 799 2963 873; x_wconf 88' lang='lat' dir='ltr'>baptizandum</span> <span class='ocrx_word' id='word_1_271' title='bbox 2979 801 3154 857; x_wconf 90' lang='lat' dir='ltr'>semel</span> <span class='ocrx_word' id='word_1_272' title='bbox 3174 802 3233 857; x_wconf 91' lang='lat' dir='ltr'>in</span> <span class='ocrx_word' id='word_1_273' title='bbox 3247 820 3430 875; x_wconf 86' lang='lat' dir='ltr'>aquas</span> <span class='ocrx_word' id='word_1_274' title='bbox 3451 821 3707 878; x_wconf 89' lang='lat' dir='ltr'>mergere</span> 
     </span>
    </p>
   </div>
   <div class='ocr_carea' id='block_1_39' title="bbox 2060 885 3707 964">
    <p class='ocr_par' dir='ltr' id='par_1_39' title="bbox 2060 885 3707 964">
     <span class='ocr_line' id='line_1_39' title="bbox 2060 885 3707 964; baseline 0.003 -23"><span class='ocrx_word' id='word_1_275' title='bbox 2060 885 2198 960; x_wconf 90' lang='lat' dir='ltr'>quia</span> <span class='ocrx_word' id='word_1_276' title='bbox 2214 888 2354 942; x_wconf 89' lang='lat' dir='ltr'>dum</span> <span class='ocrx_word' id='word_1_277' title='bbox 2381 888 2436 942; x_wconf 91' lang='lat' dir='ltr'>in</span> <span class='ocrx_word' id='word_1_278' title='bbox 2462 889 2655 944; x_wconf 91' lang='lat' dir='ltr'>tribus</span> <span class='ocrx_word' id='word_1_279' title='bbox 2681 889 3083 946; x_wconf 88' lang='lat' dir='ltr'>subsistentiis</span> <span class='ocrx_word' id='word_1_280' title='bbox 3104 908 3224 946; x_wconf 92' lang='lat' dir='ltr'>una</span> <span class='ocrx_word' id='word_1_281' title='bbox 3248 891 3579 947; x_wconf 87' lang='lat' dir='ltr'>substantia</span> <span class='ocrx_word' id='word_1_282' title='bbox 3599 897 3707 964; x_wconf 87' lang='lat' dir='ltr'>est,</span> 
     </span>
    </p>
   </div>
   <div class='ocr_carea' id='block_1_40' title="bbox 2060 976 3707 1052">
    <p class='ocr_par' dir='ltr' id='par_1_40' title="bbox 2060 976 3707 1052">
     <span class='ocr_line' id='line_1_40' title="bbox 2060 976 3707 1052; baseline 0.003 -21"><span class='ocrx_word' id='word_1_283' title='bbox 2060 976 2515 1049; x_wconf 87' lang='lat' dir='ltr'>reprehensibile</span> <span class='ocrx_word' id='word_1_284' title='bbox 2555 995 2683 1034; x_wconf 86' lang='lat' dir='ltr'>esse</span> <span class='ocrx_word' id='word_1_285' title='bbox 2733 978 3069 1035; x_wconf 86' lang='lat' dir='ltr'>nullatenus</span> <span class='ocrx_word' id='word_1_286' title='bbox 3110 983 3300 1052; x_wconf 85' lang='lat' dir='ltr'>potest</span> <span class='ocrx_word' id='word_1_287' title='bbox 3337 980 3616 1036; x_wconf 86' lang='lat' dir='ltr'>infantem</span> <span class='ocrx_word' id='word_1_288' title='bbox 3649 981 3707 1036; x_wconf 93' lang='lat' dir='ltr'>in</span> 
     </span>
    </p>
   </div>
   <div class='ocr_carea' id='block_1_41' title="bbox 2060 1065 3708 1143">
    <p class='ocr_par' dir='ltr' id='par_1_41' title="bbox 2060 1065 3708 1143">
     <span class='ocr_line' id='line_1_41' title="bbox 2060 1065 3708 1143; baseline 0.002 -23"><span class='ocrx_word' id='word_1_289' title='bbox 2060 1065 2413 1139; x_wconf 88' lang='lat' dir='ltr'>baptismate</span> <span class='ocrx_word' id='word_1_290' title='bbox 2442 1067 2502 1122; x_wconf 91' lang='lat' dir='ltr'>in</span> <span class='ocrx_word' id='word_1_291' title='bbox 2534 1084 2750 1139; x_wconf 90' lang='lat' dir='ltr'>aquam</span> <span class='ocrx_word' id='word_1_292' title='bbox 2775 1067 2864 1123; x_wconf 89' lang='lat' dir='ltr'>vel</span> <span class='ocrx_word' id='word_1_293' title='bbox 2897 1073 2984 1124; x_wconf 89' lang='lat' dir='ltr'>ter</span> <span class='ocrx_word' id='word_1_294' title='bbox 3011 1067 3100 1123; x_wconf 90' lang='lat' dir='ltr'>vel</span> <span class='ocrx_word' id='word_1_295' title='bbox 3131 1069 3310 1125; x_wconf 89' lang='lat' dir='ltr'>semel</span> <span class='ocrx_word' id='word_1_296' title='bbox 3343 1069 3708 1143; x_wconf 83' lang='lat' dir='ltr'>immergere,</span> 
     </span>
    </p>
   </div>
   <div class='ocr_carea' id='block_1_42' title="bbox 2061 1155 3708 1230">
    <p class='ocr_par' dir='ltr' id='par_1_42' title="bbox 2061 1155 3708 1230">
     <span class='ocr_line' id='line_1_42' title="bbox 2061 1155 3708 1230; baseline 0.001 -20"><span class='ocrx_word' id='word_1_297' title='bbox 2061 1155 2296 1227; x_wconf 88' lang='lat' dir='ltr'>quando</span> <span class='ocrx_word' id='word_1_298' title='bbox 2311 1155 2436 1211; x_wconf 90' lang='lat' dir='ltr'>etin</span> <span class='ocrx_word' id='word_1_299' title='bbox 2451 1155 2640 1213; x_wconf 90' lang='lat' dir='ltr'>tribus</span> <span class='ocrx_word' id='word_1_300' title='bbox 2653 1157 3048 1214; x_wconf 89' lang='lat' dir='ltr'>mersionibus</span> <span class='ocrx_word' id='word_1_301' title='bbox 3062 1175 3443 1230; x_wconf 89' lang='lat' dir='ltr'>personarum</span> <span class='ocrx_word' id='word_1_302' title='bbox 3455 1157 3708 1224; x_wconf 88' lang='lat' dir='ltr'>trinitas,</span> 
     </span>
    </p>
   </div>
   <div class='ocr_carea' id='block_1_43' title="bbox 2061 1245 3709 1321">
    <p class='ocr_par' dir='ltr' id='par_1_43' title="bbox 2061 1245 3709 1321">
     <span class='ocr_line' id='line_1_43' title="bbox 2061 1245 3709 1321; baseline 0.002 -21"><span class='ocrx_word' id='word_1_303' title='bbox 2061 1248 2118 1300; x_wconf 88' lang='lat' dir='ltr'>et</span> <span class='ocrx_word' id='word_1_304' title='bbox 2139 1245 2198 1300; x_wconf 91' lang='lat' dir='ltr'>in</span> <span class='ocrx_word' id='word_1_305' title='bbox 2217 1262 2334 1300; x_wconf 90' lang='lat' dir='ltr'>una</span> <span class='ocrx_word' id='word_1_306' title='bbox 2350 1245 2872 1318; x_wconf 87' lang='lat' dir='ltr'>potestdivinitatis</span> <span class='ocrx_word' id='word_1_307' title='bbox 2889 1245 3264 1320; x_wconf 89' lang='lat' dir='ltr'>singuleritas</span> <span class='ocrx_word' id='word_1_308' title='bbox 3277 1247 3709 1321; x_wconf 86' lang='lat' dir='ltr'>designari.Sed</span> 
     </span>
    </p>
   </div>
   <div class='ocr_carea' id='block_1_44' title="bbox 2063 1327 3713 1410">
    <p class='ocr_par' dir='ltr' id='par_1_44' title="bbox 2063 1327 3713 1410">
     <span class='ocr_line' id='line_1_44' title="bbox 2063 1327 3713 1410; baseline 0.002 -22"><span class='ocrx_word' id='word_1_309' title='bbox 2063 1332 2112 1388; x_wconf 89' lang='lat' dir='ltr'>si</span> <span class='ocrx_word' id='word_1_310' title='bbox 2137 1350 2292 1390; x_wconf 90' lang='lat' dir='ltr'>nunc</span> <span class='ocrx_word' id='word_1_311' title='bbox 2314 1351 2501 1406; x_wconf 89' lang='lat' dir='ltr'>usque</span> <span class='ocrx_word' id='word_1_312' title='bbox 2523 1335 2595 1390; x_wconf 92' lang='lat' dir='ltr'>ab</span> <span class='ocrx_word' id='word_1_313' title='bbox 2617 1334 2906 1391; x_wconf 79' lang='lat' dir='ltr'>haereticis</span> <span class='ocrx_word' id='word_1_314' title='bbox 2927 1335 3122 1392; x_wconf 84' lang='lat' dir='ltr'>infans</span> <span class='ocrx_word' id='word_1_315' title='bbox 3141 1335 3200 1392; x_wconf 90' lang='lat' dir='ltr'>in</span> <span class='ocrx_word' id='word_1_316' title='bbox 3223 1327 3713 1410; x_wconf 23' lang='lat' dir='ltr'>baptismate-ter-</span> 
     </span>
    </p>
   </div>
   <div class='ocr_carea' id='block_1_45' title="bbox 2061 1421 3708 1496">
    <p class='ocr_par' dir='ltr' id='par_1_45' title="bbox 2061 1421 3708 1496">
     <span class='ocr_line' id='line_1_45' title="bbox 2061 1421 3708 1496; baseline 0.002 -19"><span class='ocrx_word' id='word_1_317' title='bbox 2061 1421 2141 1477; x_wconf 90' lang='lat' dir='ltr'>tio</span> <span class='ocrx_word' id='word_1_318' title='bbox 2164 1423 2554 1496; x_wconf 88' lang='lat' dir='ltr'>mergebatur,</span> <span class='ocrx_word' id='word_1_319' title='bbox 2579 1423 2836 1479; x_wconf 89' lang='lat' dir='ltr'>ﬁendum</span> <span class='ocrx_word' id='word_1_320' title='bbox 2859 1425 3014 1496; x_wconf 87' lang='lat' dir='ltr'>apud</span> <span class='ocrx_word' id='word_1_321' title='bbox 3036 1442 3137 1480; x_wconf 91' lang='lat' dir='ltr'>vos</span> <span class='ocrx_word' id='word_1_322' title='bbox 3163 1442 3291 1480; x_wconf 84' lang='lat' dir='ltr'>esse</span> <span class='ocrx_word' id='word_1_323' title='bbox 3323 1442 3436 1482; x_wconf 92' lang='lat' dir='ltr'>non</span> <span class='ocrx_word' id='word_1_324' title='bbox 3461 1441 3668 1482; x_wconf 90' lang='lat' dir='ltr'>censeo</span> <span class='ocrx_word' id='word_1_325' title='bbox 3695 1443 3708 1480; x_wconf 90' lang='lat'><strong>:</strong></span> 
     </span>
    </p>
   </div>
   <div class='ocr_carea' id='block_1_46' title="bbox 2063 1511 3710 1582">
    <p class='ocr_par' dir='ltr' id='par_1_46' title="bbox 2063 1511 3710 1582">
     <span class='ocr_line' id='line_1_46' title="bbox 2063 1511 3710 1582; baseline 0.001 -15"><span class='ocrx_word' id='word_1_326' title='bbox 2063 1527 2136 1567; x_wconf 89' lang='lat' dir='ltr'>ne</span> <span class='ocrx_word' id='word_1_327' title='bbox 2144 1553 2163 1582; x_wconf 89' lang='lat'>,</span> <span class='ocrx_word' id='word_1_328' title='bbox 2181 1513 2323 1567; x_wconf 92' lang='lat' dir='ltr'>dum</span> <span class='ocrx_word' id='word_1_329' title='bbox 2347 1511 2670 1568; x_wconf 88' lang='lat' dir='ltr'>mersiones</span> <span class='ocrx_word' id='word_1_330' title='bbox 2690 1517 3020 1581; x_wconf 89' lang='lat' dir='ltr'>numerant,</span> <span class='ocrx_word' id='word_1_331' title='bbox 3041 1513 3406 1570; x_wconf 84' lang='lat' dir='ltr'>divinitatem</span> <span class='ocrx_word' id='word_1_332' title='bbox 3429 1515 3710 1582; x_wconf 89' lang='lat' dir='ltr'>dividant,</span> 
     </span>
    </p>
   </div>
   <div class='ocr_carea' id='block_1_47' title="bbox 2065 1600 3714 1674">
    <p class='ocr_par' dir='ltr' id='par_1_47' title="bbox 2065 1600 3714 1674">
     <span class='ocr_line' id='line_1_47' title="bbox 2065 1600 3714 1674; baseline 0.001 -18"><span class='ocrx_word' id='word_1_333' title='bbox 2065 1601 2324 1674; x_wconf 88' lang='lat' dir='ltr'>dumque</span> <span class='ocrx_word' id='word_1_334' title='bbox 2355 1602 2514 1673; x_wconf 89' lang='lat' dir='ltr'>quod</span> <span class='ocrx_word' id='word_1_335' title='bbox 2548 1600 2834 1656; x_wconf 87' lang='lat' dir='ltr'>faciebant</span> <span class='ocrx_word' id='word_1_336' title='bbox 2865 1601 3076 1669; x_wconf 88' lang='lat' dir='ltr'>facitis,</span> <span class='ocrx_word' id='word_1_337' title='bbox 3101 1618 3322 1658; x_wconf 89' lang='lat' dir='ltr'>morem</span> <span class='ocrx_word' id='word_1_338' title='bbox 3369 1606 3629 1658; x_wconf 87' lang='lat' dir='ltr'>vestrum</span> <span class='ocrx_word' id='word_1_339' title='bbox 3652 1619 3714 1658; x_wconf 87' lang='lat' dir='ltr'>se</span> 
     </span>
    </p>
   </div>
   <div class='ocr_carea' id='block_1_48' title="bbox 2065 1689 3715 1763">
    <p class='ocr_par' dir='ltr' id='par_1_48' title="bbox 2065 1689 3715 1763">
     <span class='ocr_line' id='line_1_48' title="bbox 2065 1689 3715 1763; baseline 0.001 -19"><span class='ocrx_word' id='word_1_340' title='bbox 2065 1689 2272 1746; x_wconf 90' lang='lat' dir='ltr'>vicisse</span> <span class='ocrx_word' id='word_1_341' title='bbox 2287 1689 2630 1763; x_wconf 87' lang='lat' dir='ltr'>glorientur.</span> <span class='ocrx_word' id='word_1_342' title='bbox 2643 1712 2669 1738; x_wconf 83' lang='lat'>»</span> <span class='ocrx_word' id='word_1_343' title='bbox 2683 1689 2828 1756; x_wconf 84' lang='lat' dir='ltr'>Quia</span> <span class='ocrx_word' id='word_1_344' title='bbox 2843 1689 3126 1746; x_wconf 90' lang='lat' dir='ltr'>Dominus</span> <span class='ocrx_word' id='word_1_345' title='bbox 3135 1690 3158 1762; x_wconf 87' lang='lat' dir='ltr'>j</span> <span class='ocrx_word' id='word_1_346' title='bbox 3171 1691 3549 1747; x_wconf 87' lang='lat' dir='ltr'>usseratdisci</span> <span class='ocrx_word' id='word_1_347' title='bbox 3557 1691 3715 1763; x_wconf 89' lang='lat' dir='ltr'>pulis</span> 
     </span>
    </p>
   </div>
   <div class='ocr_carea' id='block_1_49' title="bbox 2065 1779 3718 1852">
    <p class='ocr_par' dir='ltr' id='par_1_49' title="bbox 2065 1779 3718 1852">
     <span class='ocr_line' id='line_1_49' title="bbox 2065 1779 3718 1852; baseline -0.002 -15"><span class='ocrx_word' id='word_1_348' title='bbox 2065 1779 2189 1837; x_wconf 89' lang='lat' dir='ltr'>suis</span> <span class='ocrx_word' id='word_1_349' title='bbox 2215 1797 2228 1836; x_wconf 91' lang='lat'><strong>:</strong></span> <span class='ocrx_word' id='word_1_350' title='bbox 2250 1784 2350 1849; x_wconf 85' lang='lat' dir='ltr'>Ite,</span> <span class='ocrx_word' id='word_1_351' title='bbox 2381 1780 2649 1852; x_wconf 60' lang='lat' dir='ltr'>baptizata</span> <span class='ocrx_word' id='word_1_352' title='bbox 2675 1796 2860 1837; x_wconf 77' lang='lat' dir='ltr'>omnes</span> <span class='ocrx_word' id='word_1_353' title='bbox 2889 1781 3068 1852; x_wconf 68' lang='lat' dir='ltr'>gentes</span> <span class='ocrx_word' id='word_1_354' title='bbox 3099 1783 3159 1836; x_wconf 84' lang='lat' dir='ltr'>in</span> <span class='ocrx_word' id='word_1_355' title='bbox 3188 1783 3409 1838; x_wconf 81' lang='lat' dir='ltr'>nomine</span> <span class='ocrx_word' id='word_1_356' title='bbox 3449 1782 3638 1838; x_wconf 83' lang='lat' dir='ltr'>Patris</span> <span class='ocrx_word' id='word_1_357' title='bbox 3667 1787 3718 1835; x_wconf 86' lang='lat' dir='ltr'>et</span> 
     </span>
    </p>
   </div>
   <div class='ocr_carea' id='block_1_50' title="bbox 2066 1869 3718 1943">
    <p class='ocr_par' dir='ltr' id='par_1_50' title="bbox 2066 1869 3718 1943">
     <span class='ocr_line' id='line_1_50' title="bbox 2066 1869 3718 1943; baseline -0.001 -18"><span class='ocrx_word' id='word_1_358' title='bbox 2066 1871 2202 1925; x_wconf 82' lang='lat' dir='ltr'>Filii</span> <span class='ocrx_word' id='word_1_359' title='bbox 2218 1876 2268 1926; x_wconf 89' lang='lat' dir='ltr'>et</span> <span class='ocrx_word' id='word_1_360' title='bbox 2287 1869 2526 1943; x_wconf 75' lang='lat' dir='ltr'>Spiritus</span> <span class='ocrx_word' id='word_1_361' title='bbox 2544 1871 2723 1926; x_wconf 75' lang='lat' dir='ltr'>sancti</span> <span class='ocrx_word' id='word_1_362' title='bbox 2745 1869 2948 1939; x_wconf 81' lang='lat' dir='ltr'>(Matth.</span> <span class='ocrx_word' id='word_1_363' title='bbox 2969 1887 3164 1936; x_wconf 83' lang='lat' dir='ltr'>xxvm,</span> <span class='ocrx_word' id='word_1_364' title='bbox 3187 1869 3302 1942; x_wconf 83' lang='lat'>19);</span> <span class='ocrx_word' id='word_1_365' title='bbox 3327 1869 3478 1926; x_wconf 89' lang='lat' dir='ltr'>hanc</span> <span class='ocrx_word' id='word_1_366' title='bbox 3499 1869 3557 1924; x_wconf 91' lang='lat' dir='ltr'>in</span> <span class='ocrx_word' id='word_1_367' title='bbox 3580 1870 3718 1941; x_wconf 85' lang='lat' dir='ltr'>bap-</span> 
     </span>
    </p>
   </div>
   <div class='ocr_carea' id='block_1_51' title="bbox 2065 1958 3818 2030">
    <p class='ocr_par' dir='ltr' id='par_1_51' title="bbox 2065 1958 3818 2030">
     <span class='ocr_line' id='line_1_51' title="bbox 2065 1958 3818 2030; baseline -0.002 -16"><span class='ocrx_word' id='word_1_368' title='bbox 2065 1959 2302 2015; x_wconf 89' lang='lat' dir='ltr'>tismate</span> <span class='ocrx_word' id='word_1_369' title='bbox 2321 1959 2585 2014; x_wconf 91' lang='lat' dir='ltr'>fraudem</span> <span class='ocrx_word' id='word_1_370' title='bbox 2604 1962 2746 2014; x_wconf 90' lang='lat' dir='ltr'>tunc</span> <span class='ocrx_word' id='word_1_371' title='bbox 2761 1958 3042 2030; x_wconf 88' lang='lat' dir='ltr'>temporis</span> <span class='ocrx_word' id='word_1_372' title='bbox 3059 1958 3460 2014; x_wconf 67' lang='lat' dir='ltr'>haereticorum</span> <span class='ocrx_word' id='word_1_373' title='bbox 3475 1961 3716 2014; x_wconf 88' lang='lat' dir='ltr'>sanctus</span> <span class='ocrx_word' id='word_1_374' title='bbox 3810 1968 3818 1975; x_wconf 87' lang='lat'><strong>&#39;</strong></span> 
     </span>
    </p>
   </div>
   <div class='ocr_carea' id='block_1_52' title="bbox 2065 2045 3715 2119">
    <p class='ocr_par' dir='ltr' id='par_1_52' title="bbox 2065 2045 3715 2119">
     <span class='ocr_line' id='line_1_52' title="bbox 2065 2045 3715 2119; baseline -0.002 -17"><span class='ocrx_word' id='word_1_375' title='bbox 2065 2046 2423 2102; x_wconf 87' lang='lat' dir='ltr'>Athanasius</span> <span class='ocrx_word' id='word_1_376' title='bbox 2439 2046 2498 2101; x_wconf 92' lang='lat' dir='ltr'>in</span> <span class='ocrx_word' id='word_1_377' title='bbox 2522 2046 2672 2101; x_wconf 90' lang='lat' dir='ltr'>libro</span> <span class='ocrx_word' id='word_1_378' title='bbox 2689 2045 2936 2119; x_wconf 90' lang='lat' dir='ltr'>septimo</span> <span class='ocrx_word' id='word_1_379' title='bbox 2958 2047 3191 2112; x_wconf 74' lang='lat' dir='ltr'>detexit,</span> <span class='ocrx_word' id='word_1_380' title='bbox 3211 2046 3412 2102; x_wconf 90' lang='lat' dir='ltr'>dicens</span> <span class='ocrx_word' id='word_1_381' title='bbox 3431 2063 3479 2102; x_wconf 86' lang='lat'>:«</span> <span class='ocrx_word' id='word_1_382' title='bbox 3495 2046 3611 2101; x_wconf 90' lang='lat' dir='ltr'>Cur</span> <span class='ocrx_word' id='word_1_383' title='bbox 3628 2049 3715 2112; x_wconf 92' lang='lat' dir='ltr'>tu,</span> 
     </span>
    </p>
   </div>
   <div class='ocr_carea' id='block_1_53' title="bbox 2066 2132 3717 2206">
    <p class='ocr_par' dir='ltr' id='par_1_53' title="bbox 2066 2132 3717 2206">
     <span class='ocr_line' id='line_1_53' title="bbox 2066 2132 3717 2206; baseline -0.002 -17"><span class='ocrx_word' id='word_1_384' title='bbox 2066 2133 2178 2189; x_wconf 91' lang='lat' dir='ltr'>hoc</span> <span class='ocrx_word' id='word_1_385' title='bbox 2208 2133 2444 2189; x_wconf 90' lang='lat' dir='ltr'>nomine</span> <span class='ocrx_word' id='word_1_386' title='bbox 2476 2133 2710 2188; x_wconf 87' lang='lat' dir='ltr'>deitatis</span> <span class='ocrx_word' id='word_1_387' title='bbox 2741 2132 2972 2188; x_wconf 89' lang='lat' dir='ltr'>sublato</span> <span class='ocrx_word' id='word_1_388' title='bbox 3005 2134 3194 2188; x_wconf 90' lang='lat' dir='ltr'>Patris</span> <span class='ocrx_word' id='word_1_389' title='bbox 3213 2139 3272 2190; x_wconf 90' lang='lat' dir='ltr'>et</span> <span class='ocrx_word' id='word_1_390' title='bbox 3294 2133 3420 2189; x_wconf 89' lang='lat' dir='ltr'>Filii</span> <span class='ocrx_word' id='word_1_391' title='bbox 3450 2137 3507 2189; x_wconf 91' lang='lat' dir='ltr'>et</span> <span class='ocrx_word' id='word_1_392' title='bbox 3536 2132 3717 2206; x_wconf 85' lang='lat' dir='ltr'>Spiri-</span> 
     </span>
    </p>
   </div>
   <div class='ocr_carea' id='block_1_54' title="bbox 2067 2222 3721 2295">
    <p class='ocr_par' dir='ltr' id='par_1_54' title="bbox 2067 2222 3721 2295">
     <span class='ocr_line' id='line_1_54' title="bbox 2067 2222 3721 2295; baseline -0.002 -16"><span class='ocrx_word' id='word_1_393' title='bbox 2067 2227 2166 2279; x_wconf 89' lang='lat' dir='ltr'>tus</span> <span class='ocrx_word' id='word_1_394' title='bbox 2197 2223 2405 2292; x_wconf 87' lang='lat' dir='ltr'>sancti,</span> <span class='ocrx_word' id='word_1_395' title='bbox 2430 2223 2692 2294; x_wconf 88' lang='lat' dir='ltr'>baptizas</span> <span class='ocrx_word' id='word_1_396' title='bbox 2715 2222 2960 2278; x_wconf 88' lang='lat' dir='ltr'>dicendo</span> <span class='ocrx_word' id='word_1_397' title='bbox 2984 2239 3037 2278; x_wconf 73' lang='grc' dir='ltr'>ια</span> <span class='ocrx_word' id='word_1_398' title='bbox 3063 2223 3296 2295; x_wconf 90' lang='lat' dir='ltr'>Baptizo</span> <span class='ocrx_word' id='word_1_399' title='bbox 3316 2228 3372 2279; x_wconf 88' lang='lat' dir='ltr'>te</span> <span class='ocrx_word' id='word_1_400' title='bbox 3394 2223 3454 2277; x_wconf 91' lang='lat' dir='ltr'>in</span> <span class='ocrx_word' id='word_1_401' title='bbox 3474 2223 3640 2278; x_wconf 88' lang='lat' dir='ltr'>Patre</span> <span class='ocrx_word' id='word_1_402' title='bbox 3663 2226 3721 2277; x_wconf 91' lang='lat' dir='ltr'>et</span> 
     </span>
    </p>
   </div>
   <div class='ocr_carea' id='block_1_55' title="bbox 2071 2311 3720 2383">
    <p class='ocr_par' dir='ltr' id='par_1_55' title="bbox 2071 2311 3720 2383">
     <span class='ocr_line' id='line_1_55' title="bbox 2071 2311 3720 2383; baseline -0.002 -16"><span class='ocrx_word' id='word_1_403' title='bbox 2071 2311 2212 2368; x_wconf 89' lang='lat' dir='ltr'>Filio</span> <span class='ocrx_word' id='word_1_404' title='bbox 2243 2317 2301 2367; x_wconf 93' lang='lat' dir='ltr'>et</span> <span class='ocrx_word' id='word_1_405' title='bbox 2353 2311 2571 2383; x_wconf 89' lang='lat' dir='ltr'>Spiritu</span> <span class='ocrx_word' id='word_1_406' title='bbox 2621 2316 2843 2382; x_wconf 87' lang='lat' dir='ltr'>sancto,</span> <span class='ocrx_word' id='word_1_407' title='bbox 2877 2316 2933 2366; x_wconf 89' lang='lat' dir='ltr'>et</span> <span class='ocrx_word' id='word_1_408' title='bbox 2963 2329 3078 2367; x_wconf 91' lang='lat' dir='ltr'>non</span> <span class='ocrx_word' id='word_1_409' title='bbox 3110 2312 3169 2366; x_wconf 91' lang='lat' dir='ltr'>in</span> <span class='ocrx_word' id='word_1_410' title='bbox 3201 2328 3316 2367; x_wconf 92' lang='lat' dir='ltr'>uno</span> <span class='ocrx_word' id='word_1_411' title='bbox 3365 2311 3630 2378; x_wconf 83' lang='lat' dir='ltr'>nomine,</span> <span class='ocrx_word' id='word_1_412' title='bbox 3656 2315 3720 2366; x_wconf 92' lang='lat' dir='ltr'>ut</span> 
     </span>
    </p>
   </div>
   <div class='ocr_carea' id='block_1_56' title="bbox 2071 2399 3720 2474">
    <p class='ocr_par' dir='ltr' id='par_1_56' title="bbox 2071 2399 3720 2474">
     <span class='ocr_line' id='line_1_56' title="bbox 2071 2399 3720 2474; baseline -0.001 -18"><span class='ocrx_word' id='word_1_413' title='bbox 2071 2401 2178 2456; x_wconf 89' lang='lat' dir='ltr'>hoc</span> <span class='ocrx_word' id='word_1_414' title='bbox 2211 2401 2382 2456; x_wconf 92' lang='lat' dir='ltr'>modo</span> <span class='ocrx_word' id='word_1_415' title='bbox 2421 2399 2731 2456; x_wconf 87' lang='lat' dir='ltr'>artiﬁciose</span> <span class='ocrx_word' id='word_1_416' title='bbox 2777 2399 2970 2474; x_wconf 89' lang='lat' dir='ltr'>possis</span> <span class='ocrx_word' id='word_1_417' title='bbox 3016 2399 3252 2456; x_wconf 90' lang='lat' dir='ltr'>unitum</span> <span class='ocrx_word' id='word_1_418' title='bbox 3303 2417 3514 2457; x_wconf 90' lang='lat' dir='ltr'>nomen</span> <span class='ocrx_word' id='word_1_419' title='bbox 3547 2399 3720 2470; x_wconf 79' lang='lat' dir='ltr'>tacite</span> 
     </span>
    </p>
   </div>
   <div class='ocr_carea' id='block_1_57' title="bbox 2070 2488 3721 2563">
    <p class='ocr_par' dir='ltr' id='par_1_57' title="bbox 2070 2488 3721 2563">
     <span class='ocr_line' id='line_1_57' title="bbox 2070 2488 3721 2563; baseline -0.001 -17"><span class='ocrx_word' id='word_1_420' title='bbox 2070 2491 2226 2546; x_wconf 73' lang='lat'>496</span> <span class='ocrx_word' id='word_1_421' title='bbox 2257 2489 2316 2544; x_wconf 90' lang='lat' dir='ltr'>in</span> <span class='ocrx_word' id='word_1_422' title='bbox 2345 2489 2558 2546; x_wconf 88' lang='lat' dir='ltr'>deitate</span> <span class='ocrx_word' id='word_1_423' title='bbox 2587 2507 2705 2545; x_wconf 91' lang='lat' dir='ltr'>non</span> <span class='ocrx_word' id='word_1_424' title='bbox 2751 2490 3054 2545; x_wconf 89' lang='lat' dir='ltr'>nominare</span> <span class='ocrx_word' id='word_1_425' title='bbox 3075 2488 3164 2546; x_wconf 89' lang='lat' dir='ltr'>vel</span> <span class='ocrx_word' id='word_1_426' title='bbox 3200 2491 3510 2563; x_wconf 88' lang='lat' dir='ltr'>abnegare,</span> <span class='ocrx_word' id='word_1_427' title='bbox 3533 2491 3632 2546; x_wconf 87' lang='lat' dir='ltr'>sed</span> <span class='ocrx_word' id='word_1_428' title='bbox 3665 2493 3721 2544; x_wconf 88' lang='lat' dir='ltr'>et</span> 
     </span>
    </p>
   </div>
   <div class='ocr_carea' id='block_1_58' title="bbox 2071 2577 3722 2653">
    <p class='ocr_par' dir='ltr' id='par_1_58' title="bbox 2071 2577 3722 2653">
     <span class='ocr_line' id='line_1_58' title="bbox 2071 2577 3722 2653; baseline 0 -19"><span class='ocrx_word' id='word_1_429' title='bbox 2071 2577 2312 2634; x_wconf 88' lang='lat' dir='ltr'>nomina</span> <span class='ocrx_word' id='word_1_430' title='bbox 2339 2578 2399 2634; x_wconf 91' lang='lat' dir='ltr'>in</span> <span class='ocrx_word' id='word_1_431' title='bbox 2432 2579 2697 2650; x_wconf 90' lang='lat' dir='ltr'>personis</span> <span class='ocrx_word' id='word_1_432' title='bbox 2729 2583 2956 2635; x_wconf 90' lang='lat' dir='ltr'>tantum</span> <span class='ocrx_word' id='word_1_433' title='bbox 3001 2579 3172 2634; x_wconf 90' lang='lat' dir='ltr'>modo</span> <span class='ocrx_word' id='word_1_434' title='bbox 3201 2579 3346 2636; x_wconf 90' lang='lat' dir='ltr'>velis</span> <span class='ocrx_word' id='word_1_435' title='bbox 3376 2579 3722 2653; x_wconf 83' lang='lat' dir='ltr'>assignare?</span> 
     </span>
    </p>
   </div>
   <div class='ocr_carea' id='block_1_59' title="bbox 2071 2667 3720 2740">
    <p class='ocr_par' dir='ltr' id='par_1_59' title="bbox 2071 2667 3720 2740">
     <span class='ocr_line' id='line_1_59' title="bbox 2071 2667 3720 2740; baseline 0.001 -18"><span class='ocrx_word' id='word_1_436' title='bbox 2071 2669 2218 2735; x_wconf 85' lang='lat' dir='ltr'>Quia</span> <span class='ocrx_word' id='word_1_437' title='bbox 2249 2667 2298 2724; x_wconf 89' lang='lat' dir='ltr'>si</span> <span class='ocrx_word' id='word_1_438' title='bbox 2328 2667 2412 2723; x_wconf 87' lang='lat' dir='ltr'>sic</span> <span class='ocrx_word' id='word_1_439' title='bbox 2442 2672 2566 2723; x_wconf 89' lang='lat' dir='ltr'>erat</span> <span class='ocrx_word' id='word_1_440' title='bbox 2602 2667 3018 2724; x_wconf 88' lang='lat' dir='ltr'>celebrandum</span> <span class='ocrx_word' id='word_1_441' title='bbox 3050 2668 3364 2740; x_wconf 88' lang='lat' dir='ltr'>baptisma,</span> <span class='ocrx_word' id='word_1_442' title='bbox 3388 2668 3720 2724; x_wconf 89' lang='lat' dir='ltr'>obtinuerat</span> 
     </span>
    </p>
   </div>
   <div class='ocr_carea' id='block_1_60' title="bbox 2069 2756 3723 2828">
    <p class='ocr_par' dir='ltr' id='par_1_60' title="bbox 2069 2756 3723 2828">
     <span class='ocr_line' id='line_1_60' title="bbox 2069 2756 3723 2828; baseline 0.001 -17"><span class='ocrx_word' id='word_1_443' title='bbox 2069 2756 2419 2812; x_wconf 87' lang='lat' dir='ltr'>Arianorum</span> <span class='ocrx_word' id='word_1_444' title='bbox 2441 2757 2709 2827; x_wconf 87' lang='lat' dir='ltr'>assertio,</span> <span class='ocrx_word' id='word_1_445' title='bbox 2734 2757 2834 2828; x_wconf 92' lang='lat' dir='ltr'>qui</span> <span class='ocrx_word' id='word_1_446' title='bbox 2858 2757 2942 2812; x_wconf 90' lang='lat' dir='ltr'>sic</span> <span class='ocrx_word' id='word_1_447' title='bbox 2963 2757 3248 2824; x_wconf 89' lang='lat' dir='ltr'>sentiunt,</span> <span class='ocrx_word' id='word_1_448' title='bbox 3271 2761 3336 2812; x_wconf 90' lang='lat' dir='ltr'>ut</span> <span class='ocrx_word' id='word_1_449' title='bbox 3357 2757 3458 2812; x_wconf 90' lang='lat' dir='ltr'>ubi</span> <span class='ocrx_word' id='word_1_450' title='bbox 3485 2757 3723 2812; x_wconf 90' lang='lat' dir='ltr'>nomina</span> 
     </span>
    </p>
   </div>
   <div class='ocr_carea' id='block_1_61' title="bbox 2072 2844 3722 2917">
    <p class='ocr_par' dir='ltr' id='par_1_61' title="bbox 2072 2844 3722 2917">
     <span class='ocr_line' id='line_1_61' title="bbox 2072 2844 3722 2917; baseline 0 -17"><span class='ocrx_word' id='word_1_451' title='bbox 2072 2846 2130 2900; x_wconf 91' lang='lat' dir='ltr'>in</span> <span class='ocrx_word' id='word_1_452' title='bbox 2164 2845 2428 2916; x_wconf 90' lang='lat' dir='ltr'>personis</span> <span class='ocrx_word' id='word_1_453' title='bbox 2449 2845 2734 2913; x_wconf 90' lang='lat' dir='ltr'>indicant,</span> <span class='ocrx_word' id='word_1_454' title='bbox 2753 2844 2832 2900; x_wconf 93' lang='lat' dir='ltr'>ibi</span> <span class='ocrx_word' id='word_1_455' title='bbox 2854 2845 3030 2900; x_wconf 90' lang='lat' dir='ltr'>simul</span> <span class='ocrx_word' id='word_1_456' title='bbox 3055 2845 3114 2900; x_wconf 92' lang='lat' dir='ltr'>in</span> <span class='ocrx_word' id='word_1_457' title='bbox 3135 2845 3282 2917; x_wconf 90' lang='lat' dir='ltr'>ipsis</span> <span class='ocrx_word' id='word_1_458' title='bbox 3303 2845 3644 2902; x_wconf 89' lang='lat' dir='ltr'>nominibus</span> <span class='ocrx_word' id='word_1_459' title='bbox 3665 2850 3722 2901; x_wconf 91' lang='lat' dir='ltr'>et</span> 
     </span>
    </p>
   </div>
   <div class='ocr_carea' id='block_1_62' title="bbox 2072 2933 3716 3008">
    <p class='ocr_par' dir='ltr' id='par_1_62' title="bbox 2072 2933 3716 3008">
     <span class='ocr_line' id='line_1_62' title="bbox 2072 2933 3716 3008; baseline -0.001 -17"><span class='ocrx_word' id='word_1_460' title='bbox 2072 2934 2338 3008; x_wconf 87' lang='lat' dir='ltr'>singulas</span> <span class='ocrx_word' id='word_1_461' title='bbox 2356 2933 2444 2989; x_wconf 88' lang='lat' dir='ltr'>vel</span> <span class='ocrx_word' id='word_1_462' title='bbox 2467 2934 2725 2989; x_wconf 87' lang='lat' dir='ltr'>diversas</span> <span class='ocrx_word' id='word_1_463' title='bbox 2751 2933 3114 2989; x_wconf 85' lang='lat' dir='ltr'>substantias</span> <span class='ocrx_word' id='word_1_464' title='bbox 3143 2951 3271 2990; x_wconf 89' lang='lat' dir='ltr'>esse</span> <span class='ocrx_word' id='word_1_465' title='bbox 3301 2935 3681 3006; x_wconf 87' lang='lat' dir='ltr'>pronuntient</span> <span class='ocrx_word' id='word_1_466' title='bbox 3704 2951 3716 2989; x_wconf 92' lang='lat'><strong>:</strong></span> 
     </span>
    </p>
   </div>
   <div class='ocr_carea' id='block_1_63' title="bbox 2071 3021 3803 3080">
    <p class='ocr_par' dir='ltr' id='par_1_63' title="bbox 2071 3021 3803 3080">
     <span class='ocr_line' id='line_1_63' title="bbox 2071 3021 3803 3080; baseline -0.001 0"><span class='ocrx_word' id='word_1_467' title='bbox 2071 3029 2138 3080; x_wconf 92' lang='lat' dir='ltr'>ut</span> <span class='ocrx_word' id='word_1_468' title='bbox 2157 3023 2443 3080; x_wconf 91' lang='lat' dir='ltr'>unitatem</span> <span class='ocrx_word' id='word_1_469' title='bbox 2468 3023 2525 3078; x_wconf 90' lang='lat' dir='ltr'>in</span> <span class='ocrx_word' id='word_1_470' title='bbox 2543 3021 2854 3079; x_wconf 91' lang='lat' dir='ltr'>concordia</span> <span class='ocrx_word' id='word_1_471' title='bbox 2868 3027 3096 3078; x_wconf 90' lang='lat' dir='ltr'>tantum</span> <span class='ocrx_word' id='word_1_472' title='bbox 3113 3023 3181 3078; x_wconf 90' lang='lat' dir='ltr'>ch</span> <span class='ocrx_word' id='word_1_473' title='bbox 3191 3023 3418 3078; x_wconf 86' lang='lat' dir='ltr'>aritatis</span> <span class='ocrx_word' id='word_1_474' title='bbox 3436 3039 3564 3079; x_wconf 89' lang='lat' dir='ltr'>esse</span> <span class='ocrx_word' id='word_1_475' title='bbox 3581 3023 3718 3079; x_wconf 88' lang='lat' dir='ltr'>assi-</span> <span class='ocrx_word' id='word_1_476' title='bbox 3799 3075 3803 3078; x_wconf 30' lang='grc' dir='ltr'>λ</span> 
     </span>
    </p>
   </div>
   <div class='ocr_carea' id='block_1_64' title="bbox 2071 3111 3716 3188">
    <p class='ocr_par' dir='ltr' id='par_1_64' title="bbox 2071 3111 3716 3188">
     <span class='ocr_line' id='line_1_64' title="bbox 2071 3111 3716 3188; baseline -0.001 -20"><span class='ocrx_word' id='word_1_477' title='bbox 2071 3117 2344 3188; x_wconf 88' lang='lat' dir='ltr'>gnent,et</span> <span class='ocrx_word' id='word_1_478' title='bbox 2365 3130 2478 3168; x_wconf 91' lang='lat' dir='ltr'>non</span> <span class='ocrx_word' id='word_1_479' title='bbox 2510 3111 2706 3186; x_wconf 88' lang='lat' dir='ltr'>potius</span> <span class='ocrx_word' id='word_1_480' title='bbox 2728 3113 2786 3168; x_wconf 91' lang='lat' dir='ltr'>in</span> <span class='ocrx_word' id='word_1_481' title='bbox 2809 3113 2974 3168; x_wconf 89' lang='lat' dir='ltr'>unita</span> <span class='ocrx_word' id='word_1_482' title='bbox 2996 3111 3358 3185; x_wconf 90' lang='lat' dir='ltr'>plenitudine</span> <span class='ocrx_word' id='word_1_483' title='bbox 3377 3111 3716 3168; x_wconf 79' lang='lat' dir='ltr'>divinitatis.</span> 
     </span>
    </p>
   </div>
   <div class='ocr_carea' id='block_1_65' title="bbox 297 3185 3718 3278">
    <p class='ocr_par' dir='ltr' id='par_1_65' title="bbox 297 3185 3718 3278">
     <span class='ocr_line' id='line_1_65' title="bbox 297 3185 3718 3278; baseline -0.001 -20"><span class='ocrx_word' id='word_1_484' title='bbox 297 3185 660 3260; x_wconf 80' lang='lat' dir='ltr'>constitutos</span> <span class='ocrx_word' id='word_1_485' title='bbox 684 3185 957 3278; x_wconf 52' lang='lat' dir='ltr'>replevit,</span> <span class='ocrx_word' id='word_1_486' title='bbox 967 3221 1142 3278; x_wconf 89' lang='lat' dir='ltr'>opera</span> <span class='ocrx_word' id='word_1_487' title='bbox 1163 3222 1290 3262; x_wconf 89' lang='lat' dir='ltr'>esse</span> <span class='ocrx_word' id='word_1_488' title='bbox 1321 3205 1502 3260; x_wconf 89' lang='lat' dir='ltr'>totius</span> <span class='ocrx_word' id='word_1_489' title='bbox 1533 3207 1746 3260; x_wconf 67' lang='lat' dir='ltr'>sanctae</span> <span class='ocrx_word' id='word_1_490' title='bbox 1769 3203 1959 3260; x_wconf 87' lang='lat' dir='ltr'>Trini-</span> <span class='ocrx_word' id='word_1_491' title='bbox 1992 3185 2035 3253; x_wconf 84' lang='lat' dir='ltr'><strong>C</strong></span> <span class='ocrx_word' id='word_1_492' title='bbox 2069 3185 2140 3260; x_wconf 76' lang='lat' dir='ltr'>Et</span> <span class='ocrx_word' id='word_1_493' title='bbox 2161 3202 2302 3276; x_wconf 91' lang='lat' dir='ltr'>quid</span> <span class='ocrx_word' id='word_1_494' title='bbox 2325 3185 2581 3274; x_wconf 89' lang='lat' dir='ltr'>amplius</span> <span class='ocrx_word' id='word_1_495' title='bbox 2611 3203 2681 3257; x_wconf 90' lang='lat' dir='ltr'>ad</span> <span class='ocrx_word' id='word_1_496' title='bbox 2714 3201 2874 3258; x_wconf 81' lang='lat' dir='ltr'>haec?</span> <span class='ocrx_word' id='word_1_497' title='bbox 2895 3201 2967 3258; x_wconf 88' lang='lat' dir='ltr'>Ut</span> <span class='ocrx_word' id='word_1_498' title='bbox 2988 3201 3232 3258; x_wconf 90' lang='lat' dir='ltr'>unitatis</span> <span class='ocrx_word' id='word_1_499' title='bbox 3262 3201 3362 3258; x_wconf 93' lang='lat' dir='ltr'>Dei</span> <span class='ocrx_word' id='word_1_500' title='bbox 3391 3201 3579 3257; x_wconf 89' lang='lat' dir='ltr'>Patris</span> <span class='ocrx_word' id='word_1_501' title='bbox 3610 3218 3718 3256; x_wconf 92' lang='lat' dir='ltr'>no-</span> 
     </span>
    </p>
   </div>
   <div class='ocr_carea' id='block_1_66' title="bbox 297 3291 1961 3366">
    <p class='ocr_par' dir='ltr' id='par_1_66' title="bbox 297 3291 1961 3366">
     <span class='ocr_line' id='line_1_66' title="bbox 297 3291 1961 3366; baseline 0.001 -20"><span class='ocrx_word' id='word_1_502' title='bbox 297 3291 465 3360; x_wconf 83' lang='lat' dir='ltr'>tatis,</span> <span class='ocrx_word' id='word_1_503' title='bbox 489 3291 548 3347; x_wconf 91' lang='lat' dir='ltr'>id</span> <span class='ocrx_word' id='word_1_504' title='bbox 581 3295 672 3348; x_wconf 90' lang='lat' dir='ltr'>est</span> <span class='ocrx_word' id='word_1_505' title='bbox 701 3292 879 3349; x_wconf 89' lang='lat' dir='ltr'>unius</span> <span class='ocrx_word' id='word_1_506' title='bbox 914 3293 1153 3366; x_wconf 89' lang='lat' dir='ltr'>Dei,qui</span> <span class='ocrx_word' id='word_1_507' title='bbox 1185 3294 1318 3350; x_wconf 88' lang='lat' dir='ltr'>fecit</span> <span class='ocrx_word' id='word_1_508' title='bbox 1346 3293 1404 3349; x_wconf 90' lang='lat' dir='ltr'>in</span> <span class='ocrx_word' id='word_1_509' title='bbox 1438 3292 1598 3350; x_wconf 84' lang='lat' dir='ltr'>caelis</span> <span class='ocrx_word' id='word_1_510' title='bbox 1629 3296 1686 3349; x_wconf 89' lang='lat' dir='ltr'>et</span> <span class='ocrx_word' id='word_1_511' title='bbox 1713 3291 1773 3348; x_wconf 91' lang='lat' dir='ltr'>in</span> <span class='ocrx_word' id='word_1_512' title='bbox 1806 3297 1961 3349; x_wconf 89' lang='lat' dir='ltr'>terra</span> 
     </span>
    </p>
   </div>
   <div class='ocr_carea' id='block_1_67' title="bbox 299 3380 1962 3452">
    <p class='ocr_par' dir='ltr' id='par_1_67' title="bbox 299 3380 1962 3452">
     <span class='ocr_line' id='line_1_67' title="bbox 299 3380 1962 3452; baseline 0.002 -18"><span class='ocrx_word' id='word_1_513' title='bbox 299 3380 564 3438; x_wconf 88' lang='lat' dir='ltr'>visibilia</span> <span class='ocrx_word' id='word_1_514' title='bbox 593 3386 650 3438; x_wconf 91' lang='lat' dir='ltr'>et</span> <span class='ocrx_word' id='word_1_515' title='bbox 677 3382 1015 3452; x_wconf 88' lang='lat' dir='ltr'>invisibilia,</span> <span class='ocrx_word' id='word_1_516' title='bbox 1036 3383 1341 3440; x_wconf 87' lang='lat' dir='ltr'>verissime</span> <span class='ocrx_word' id='word_1_517' title='bbox 1361 3382 1717 3440; x_wconf 89' lang='lat' dir='ltr'>credendum</span> <span class='ocrx_word' id='word_1_518' title='bbox 1740 3387 1848 3438; x_wconf 87' lang='lat' dir='ltr'>est.</span> <span class='ocrx_word' id='word_1_519' title='bbox 1875 3381 1962 3438; x_wconf 90' lang='lat' dir='ltr'>Ita</span> 
     </span>
    </p>
   </div>
   <div class='ocr_carea' id='block_1_68' title="bbox 301 3469 1962 3545">
    <p class='ocr_par' dir='ltr' id='par_1_68' title="bbox 301 3469 1962 3545">
     <span class='ocr_line' id='line_1_68' title="bbox 301 3469 1962 3545; baseline 0.001 -20"><span class='ocrx_word' id='word_1_520' title='bbox 301 3469 362 3525; x_wconf 91' lang='lat' dir='ltr'>in</span> <span class='ocrx_word' id='word_1_521' title='bbox 397 3487 518 3526; x_wconf 92' lang='lat' dir='ltr'>uno</span> <span class='ocrx_word' id='word_1_522' title='bbox 546 3469 832 3528; x_wconf 88' lang='lat' dir='ltr'>catholico</span> <span class='ocrx_word' id='word_1_523' title='bbox 862 3471 1517 3545; x_wconf 87' lang='lat' dir='ltr'>baptismate,quamvis</span> <span class='ocrx_word' id='word_1_524' title='bbox 1539 3470 1781 3544; x_wconf 88' lang='lat' dir='ltr'>spiritus</span> <span class='ocrx_word' id='word_1_525' title='bbox 1803 3487 1962 3527; x_wconf 84' lang='lat' dir='ltr'>men-</span> 
     </span>
    </p>
   </div>
   <div class='ocr_carea' id='block_1_69' title="bbox 301 3558 1957 3634">
    <p class='ocr_par' dir='ltr' id='par_1_69' title="bbox 301 3558 1957 3634">
     <span class='ocr_line' id='line_1_69' title="bbox 301 3558 1957 3634; baseline 0.001 -20"><span class='ocrx_word' id='word_1_526' title='bbox 301 3562 421 3615; x_wconf 88' lang='lat' dir='ltr'>tem</span> <span class='ocrx_word' id='word_1_527' title='bbox 454 3558 717 3616; x_wconf 88' lang='lat' dir='ltr'>hominis</span> <span class='ocrx_word' id='word_1_528' title='bbox 748 3564 1000 3627; x_wconf 85' lang='lat' dir='ltr'>renovet,</span> <span class='ocrx_word' id='word_1_529' title='bbox 1034 3561 1276 3634; x_wconf 89' lang='lat' dir='ltr'>sanguis</span> <span class='ocrx_word' id='word_1_530' title='bbox 1315 3563 1538 3632; x_wconf 89' lang='lat' dir='ltr'>spectet</span> <span class='ocrx_word' id='word_1_531' title='bbox 1567 3560 1640 3616; x_wconf 90' lang='lat' dir='ltr'>ad</span> <span class='ocrx_word' id='word_1_532' title='bbox 1680 3560 1957 3632; x_wconf 90' lang='lat' dir='ltr'>pretium,</span> 
     </span>
    </p>
   </div>
   <div class='ocr_carea' id='block_1_70' title="bbox 300 3647 1958 3722">
    <p class='ocr_par' dir='ltr' id='par_1_70' title="bbox 300 3647 1958 3722">
     <span class='ocr_line' id='line_1_70' title="bbox 300 3647 1958 3722; baseline 0.001 -19"><span class='ocrx_word' id='word_1_533' title='bbox 300 3664 456 3720; x_wconf 86' lang='lat' dir='ltr'>aqua</span> <span class='ocrx_word' id='word_1_534' title='bbox 477 3647 746 3720; x_wconf 88' lang='lat' dir='ltr'>proﬁciat</span> <span class='ocrx_word' id='word_1_535' title='bbox 765 3649 834 3704; x_wconf 89' lang='lat' dir='ltr'>ad</span> <span class='ocrx_word' id='word_1_536' title='bbox 859 3648 1311 3722; x_wconf 73' lang='lat' dir='ltr'>lavacrum,quze</span> <span class='ocrx_word' id='word_1_537' title='bbox 1333 3666 1450 3704; x_wconf 92' lang='lat' dir='ltr'>non</span> <span class='ocrx_word' id='word_1_538' title='bbox 1469 3651 1700 3704; x_wconf 89' lang='lat' dir='ltr'>tantum</span> <span class='ocrx_word' id='word_1_539' title='bbox 1723 3666 1958 3706; x_wconf 89' lang='lat' dir='ltr'>carnem</span> 
     </span>
    </p>
   </div>
   <div class='ocr_carea' id='block_1_71' title="bbox 301 3735 1958 3808">
    <p class='ocr_par' dir='ltr' id='par_1_71' title="bbox 301 3735 1958 3808">
     <span class='ocr_line' id='line_1_71' title="bbox 301 3735 1958 3808; baseline 0.001 -18"><span class='ocrx_word' id='word_1_540' title='bbox 301 3735 670 3808; x_wconf 87' lang='lat' dir='ltr'>depositione</span> <span class='ocrx_word' id='word_1_541' title='bbox 691 3737 957 3793; x_wconf 90' lang='lat' dir='ltr'>sordium</span> <span class='ocrx_word' id='word_1_542' title='bbox 982 3737 1248 3806; x_wconf 90' lang='lat' dir='ltr'>mundat,</span> <span class='ocrx_word' id='word_1_543' title='bbox 1273 3739 1375 3794; x_wconf 89' lang='lat' dir='ltr'>sed</span> <span class='ocrx_word' id='word_1_544' title='bbox 1408 3737 1522 3793; x_wconf 89' lang='lat' dir='ltr'>ﬁde</span> <span class='ocrx_word' id='word_1_545' title='bbox 1551 3741 1609 3793; x_wconf 91' lang='lat' dir='ltr'>et</span> <span class='ocrx_word' id='word_1_546' title='bbox 1637 3737 1801 3793; x_wconf 68' lang='lat' dir='ltr'>bona:</span> <span class='ocrx_word' id='word_1_547' title='bbox 1823 3754 1958 3793; x_wconf 91' lang='lat' dir='ltr'>con-</span> 
     </span>
    </p>
   </div>
   <div class='ocr_carea' id='block_1_72' title="bbox 302 3824 1958 3900">
    <p class='ocr_par' dir='ltr' id='par_1_72' title="bbox 302 3824 1958 3900">
     <span class='ocr_line' id='line_1_72' title="bbox 302 3824 1958 3900; baseline 0.002 -21"><span class='ocrx_word' id='word_1_548' title='bbox 302 3824 561 3880; x_wconf 66' lang='lat' dir='ltr'>scientiae</span> <span class='ocrx_word' id='word_1_549' title='bbox 584 3825 1040 3900; x_wconf 84' lang='lat' dir='ltr'>interrogatione</span> <span class='ocrx_word' id='word_1_550' title='bbox 1069 3825 1126 3880; x_wconf 90' lang='lat' dir='ltr'>in</span> <span class='ocrx_word' id='word_1_551' title='bbox 1151 3826 1336 3881; x_wconf 88' lang='lat' dir='ltr'>Deum</span> <span class='ocrx_word' id='word_1_552' title='bbox 1359 3826 1561 3881; x_wconf 90' lang='lat' dir='ltr'>sordes</span> <span class='ocrx_word' id='word_1_553' title='bbox 1584 3829 1958 3899; x_wconf 89' lang='lat' dir='ltr'>peccatorum</span> 
     </span>
    </p>
   </div>
   <div class='ocr_carea' id='block_1_73' title="bbox 301 3913 1962 3989">
    <p class='ocr_par' dir='ltr' id='par_1_73' title="bbox 301 3913 1962 3989">
     <span class='ocr_line' id='line_1_73' title="bbox 301 3913 1962 3989; baseline 0.001 -21"><span class='ocrx_word' id='word_1_554' title='bbox 301 3913 569 3969; x_wconf 88' lang='lat' dir='ltr'>omnium</span> <span class='ocrx_word' id='word_1_555' title='bbox 593 3919 805 3987; x_wconf 89' lang='lat' dir='ltr'>purgat</span> <span class='ocrx_word' id='word_1_556' title='bbox 829 3933 842 3971; x_wconf 93' lang='lat'>:</span> <span class='ocrx_word' id='word_1_557' title='bbox 866 3917 1060 3970; x_wconf 90' lang='lat' dir='ltr'>tamen</span> <span class='ocrx_word' id='word_1_558' title='bbox 1088 3931 1191 3970; x_wconf 89' lang='lat' dir='ltr'>nec</span> <span class='ocrx_word' id='word_1_559' title='bbox 1214 3914 1535 3987; x_wconf 89' lang='lat' dir='ltr'>redemptio</span> <span class='ocrx_word' id='word_1_560' title='bbox 1559 3915 1864 3989; x_wconf 89' lang='lat' dir='ltr'>sanguinis</span> <span class='ocrx_word' id='word_1_561' title='bbox 1897 3917 1962 3970; x_wconf 88' lang='lat' dir='ltr'>ﬁt</span> 
     </span>
    </p>
   </div>
   <div class='ocr_carea' id='block_1_74' title="bbox 299 4000 1961 4077">
    <p class='ocr_par' dir='ltr' id='par_1_74' title="bbox 299 4000 1961 4077">
     <span class='ocr_line' id='line_1_74' title="bbox 299 4000 1961 4077; baseline 0.003 -21"><span class='ocrx_word' id='word_1_562' title='bbox 299 4000 430 4058; x_wconf 87' lang='lat' dir='ltr'>sine</span> <span class='ocrx_word' id='word_1_563' title='bbox 477 4002 938 4060; x_wconf 88' lang='lat' dir='ltr'>sanctiﬁcatione</span> <span class='ocrx_word' id='word_1_564' title='bbox 988 4003 1262 4077; x_wconf 89' lang='lat' dir='ltr'>Spiritus,</span> <span class='ocrx_word' id='word_1_565' title='bbox 1295 4003 1383 4059; x_wconf 90' lang='lat' dir='ltr'>vel</span> <span class='ocrx_word' id='word_1_566' title='bbox 1433 4003 1732 4060; x_wconf 81' lang='lat' dir='ltr'>ablatione</span> <span class='ocrx_word' id='word_1_567' title='bbox 1767 4003 1961 4061; x_wconf 90' lang='lat' dir='ltr'>vitalis</span> 
     </span>
    </p>
   </div>
   <div class='ocr_carea' id='block_1_75' title="bbox 301 4090 1959 4166">
    <p class='ocr_par' dir='ltr' id='par_1_75' title="bbox 301 4090 1959 4166">
     <span class='ocr_line' id='line_1_75' title="bbox 301 4090 1959 4166; baseline 0.003 -21"><span class='ocrx_word' id='word_1_568' title='bbox 301 4090 506 4159; x_wconf 82' lang='lat' dir='ltr'>fontis,</span> <span class='ocrx_word' id='word_1_569' title='bbox 527 4108 634 4148; x_wconf 89' lang='lat' dir='ltr'>nec</span> <span class='ocrx_word' id='word_1_570' title='bbox 678 4092 1064 4149; x_wconf 88' lang='lat' dir='ltr'>sanctiﬁcatio</span> <span class='ocrx_word' id='word_1_571' title='bbox 1099 4092 1344 4166; x_wconf 89' lang='lat' dir='ltr'>spiritus</span> <span class='ocrx_word' id='word_1_572' title='bbox 1384 4092 1512 4148; x_wconf 91' lang='lat' dir='ltr'>sine</span> <span class='ocrx_word' id='word_1_573' title='bbox 1561 4093 1959 4165; x_wconf 88' lang='lat' dir='ltr'>redemptione</span> 
     </span>
    </p>
   </div>
   <div class='ocr_carea' id='block_1_76' title="bbox 297 4179 1958 4254">
    <p class='ocr_par' dir='ltr' id='par_1_76' title="bbox 297 4179 1958 4254">
     <span class='ocr_line' id='line_1_76' title="bbox 297 4179 1958 4254; baseline -0.001 -17"><span class='ocrx_word' id='word_1_574' title='bbox 297 4179 514 4237; x_wconf 83' lang='lat' dir='ltr'>viviﬁci</span> <span class='ocrx_word' id='word_1_575' title='bbox 535 4180 864 4254; x_wconf 84' lang='lat' dir='ltr'>sanguinis,</span> <span class='ocrx_word' id='word_1_576' title='bbox 878 4183 936 4238; x_wconf 90' lang='lat' dir='ltr'>et</span> <span class='ocrx_word' id='word_1_577' title='bbox 953 4181 1368 4238; x_wconf 87' lang='lat' dir='ltr'>emundatione</span> <span class='ocrx_word' id='word_1_578' title='bbox 1389 4197 1554 4253; x_wconf 67' lang='lat' dir='ltr'>aquae</span> <span class='ocrx_word' id='word_1_579' title='bbox 1575 4182 1958 4253; x_wconf 88' lang='lat' dir='ltr'>regeneratri-</span> 
     </span>
    </p>
   </div>
   <div class='ocr_carea' id='block_1_77' title="bbox 301 4269 1958 4344">
    <p class='ocr_par' dir='ltr' id='par_1_77' title="bbox 301 4269 1958 4344">
     <span class='ocr_line' id='line_1_77' title="bbox 301 4269 1958 4344; baseline 0.003 -21"><span class='ocrx_word' id='word_1_580' title='bbox 301 4269 409 4337; x_wconf 89' lang='lat' dir='ltr'>cis,</span> <span class='ocrx_word' id='word_1_581' title='bbox 432 4286 544 4326; x_wconf 88' lang='lat' dir='ltr'>nec</span> <span class='ocrx_word' id='word_1_582' title='bbox 565 4269 789 4327; x_wconf 80' lang='lat' dir='ltr'>ablatio</span> <span class='ocrx_word' id='word_1_583' title='bbox 809 4287 973 4344; x_wconf 69' lang='lat' dir='ltr'>aqua:</span> <span class='ocrx_word' id='word_1_584' title='bbox 996 4269 1372 4327; x_wconf 68' lang='lat' dir='ltr'>sanctiﬁcata:</span> <span class='ocrx_word' id='word_1_585' title='bbox 1395 4270 1454 4325; x_wconf 91' lang='lat' dir='ltr'>in</span> <span class='ocrx_word' id='word_1_586' title='bbox 1474 4271 1668 4336; x_wconf 90' lang='lat' dir='ltr'>verbo,</span> <span class='ocrx_word' id='word_1_587' title='bbox 1683 4271 1753 4326; x_wconf 89' lang='lat' dir='ltr'>ad</span> <span class='ocrx_word' id='word_1_588' title='bbox 1779 4287 1958 4344; x_wconf 88' lang='lat' dir='ltr'>quam</span> 
     </span>
    </p>
   </div>
   <div class='ocr_carea' id='block_1_78' title="bbox 301 4358 1961 4426">
    <p class='ocr_par' dir='ltr' id='par_1_78' title="bbox 301 4358 1961 4426">
     <span class='ocr_line' id='line_1_78' title="bbox 301 4358 1961 4426; baseline 0.002 -12"><span class='ocrx_word' id='word_1_589' title='bbox 301 4375 438 4414; x_wconf 88' lang='lat' dir='ltr'>cum</span> <span class='ocrx_word' id='word_1_590' title='bbox 469 4358 698 4416; x_wconf 88' lang='lat' dir='ltr'>accedit</span> <span class='ocrx_word' id='word_1_591' title='bbox 723 4359 968 4417; x_wconf 89' lang='lat' dir='ltr'>verbum</span> <span class='ocrx_word' id='word_1_592' title='bbox 1008 4360 1165 4418; x_wconf 88' lang='lat' dir='ltr'>sicut</span> <span class='ocrx_word' id='word_1_593' title='bbox 1195 4359 1267 4416; x_wconf 88' lang='lat' dir='ltr'>ad</span> <span class='ocrx_word' id='word_1_594' title='bbox 1307 4359 1686 4426; x_wconf 88' lang='lat' dir='ltr'>elementum,</span> <span class='ocrx_word' id='word_1_595' title='bbox 1709 4360 1961 4416; x_wconf 77' lang='lat' dir='ltr'>efﬁcitur</span> 
     </span>
    </p>
   </div>
   <div class='ocr_carea' id='block_1_79' title="bbox 302 4449 1961 4523">
    <p class='ocr_par' dir='ltr' id='par_1_79' title="bbox 302 4449 1961 4523">
     <span class='ocr_line' id='line_1_79' title="bbox 302 4449 1961 4523; baseline 0.001 -18"><span class='ocrx_word' id='word_1_596' title='bbox 302 4451 764 4518; x_wconf 84' lang='lat' dir='ltr'>sacramentum,</span> <span class='ocrx_word' id='word_1_597' title='bbox 804 4449 872 4506; x_wconf 89' lang='lat' dir='ltr'>ﬁt</span> <span class='ocrx_word' id='word_1_598' title='bbox 921 4449 1049 4507; x_wconf 90' lang='lat' dir='ltr'>sine</span> <span class='ocrx_word' id='word_1_599' title='bbox 1095 4449 1402 4523; x_wconf 87' lang='lat' dir='ltr'>sanguinis</span> <span class='ocrx_word' id='word_1_600' title='bbox 1449 4449 1868 4522; x_wconf 88' lang='lat' dir='ltr'>redemptione,</span> <span class='ocrx_word' id='word_1_601' title='bbox 1903 4455 1961 4507; x_wconf 91' lang='lat' dir='ltr'>et</span> 
     </span>
    </p>
   </div>
   <div class='ocr_carea' id='block_1_80' title="bbox 2068 3289 3721 3364">
    <p class='ocr_par' dir='ltr' id='par_1_80' title="bbox 2068 3289 3721 3364">
     <span class='ocr_line' id='line_1_80' title="bbox 2068 3289 3721 3364; baseline -0.002 -15"><span class='ocrx_word' id='word_1_602' title='bbox 2068 3309 2203 3349; x_wconf 89' lang='lat' dir='ltr'>men</span> <span class='ocrx_word' id='word_1_603' title='bbox 2217 3297 2273 3348; x_wconf 88' lang='lat' dir='ltr'>et</span> <span class='ocrx_word' id='word_1_604' title='bbox 2285 3291 2412 3348; x_wconf 89' lang='lat' dir='ltr'>Filii</span> <span class='ocrx_word' id='word_1_605' title='bbox 2429 3295 2486 3346; x_wconf 87' lang='lat' dir='ltr'>et</span> <span class='ocrx_word' id='word_1_606' title='bbox 2503 3291 2688 3347; x_wconf 88' lang='lat' dir='ltr'>sancti</span> <span class='ocrx_word' id='word_1_607' title='bbox 2703 3289 3158 3364; x_wconf 88' lang='lat' dir='ltr'>Spiritus,quasi</span> <span class='ocrx_word' id='word_1_608' title='bbox 3177 3291 3514 3364; x_wconf 87' lang='lat' dir='ltr'>adoptivum</span> <span class='ocrx_word' id='word_1_609' title='bbox 3533 3307 3721 3364; x_wconf 89' lang='lat' dir='ltr'>nuper</span> 
     </span>
    </p>
   </div>
   <div class='ocr_carea' id='block_1_81' title="bbox 2069 3379 3719 3454">
    <p class='ocr_par' dir='ltr' id='par_1_81' title="bbox 2069 3379 3719 3454">
     <span class='ocr_line' id='line_1_81' title="bbox 2069 3379 3719 3454; baseline -0.002 -16"><span class='ocrx_word' id='word_1_610' title='bbox 2069 3380 2362 3453; x_wconf 89' lang='lat' dir='ltr'>accepisse</span> <span class='ocrx_word' id='word_1_611' title='bbox 2393 3380 2800 3454; x_wconf 88' lang='lat' dir='ltr'>proﬁteantur,</span> <span class='ocrx_word' id='word_1_612' title='bbox 2819 3384 2888 3436; x_wconf 90' lang='lat' dir='ltr'>ut</span> <span class='ocrx_word' id='word_1_613' title='bbox 2916 3379 3025 3436; x_wconf 89' lang='lat' dir='ltr'>hoc</span> <span class='ocrx_word' id='word_1_614' title='bbox 3056 3397 3270 3436; x_wconf 91' lang='lat' dir='ltr'>nomen</span> <span class='ocrx_word' id='word_1_615' title='bbox 3298 3380 3564 3436; x_wconf 88' lang='lat' dir='ltr'>videatur</span> <span class='ocrx_word' id='word_1_616' title='bbox 3591 3397 3719 3436; x_wconf 90' lang='lat' dir='ltr'>esse</span> 
     </span>
    </p>
   </div>
   <div class='ocr_carea' id='block_1_82' title="bbox 2067 3467 3718 3542">
    <p class='ocr_par' dir='ltr' id='par_1_82' title="bbox 2067 3467 3718 3542">
     <span class='ocr_line' id='line_1_82' title="bbox 2067 3467 3718 3542; baseline -0.002 -15"><span class='ocrx_word' id='word_1_617' title='bbox 2067 3487 2136 3527; x_wconf 85' lang='lat' dir='ltr'>ex</span> <span class='ocrx_word' id='word_1_618' title='bbox 2156 3469 2362 3541; x_wconf 84' lang='lat' dir='ltr'>nihilo,</span> <span class='ocrx_word' id='word_1_619' title='bbox 2377 3474 2479 3526; x_wconf 88' lang='lat' dir='ltr'>aut</span> <span class='ocrx_word' id='word_1_620' title='bbox 2499 3487 2567 3525; x_wconf 87' lang='lat' dir='ltr'>ex</span> <span class='ocrx_word' id='word_1_621' title='bbox 2587 3467 2770 3526; x_wconf 89' lang='lat' dir='ltr'>altero</span> <span class='ocrx_word' id='word_1_622' title='bbox 2791 3468 2878 3526; x_wconf 90' lang='lat' dir='ltr'>vel</span> <span class='ocrx_word' id='word_1_623' title='bbox 2899 3473 3182 3542; x_wconf 89' lang='lat' dir='ltr'>tempore,</span> <span class='ocrx_word' id='word_1_624' title='bbox 3197 3470 3354 3542; x_wconf 91' lang='lat' dir='ltr'>quod</span> <span class='ocrx_word' id='word_1_625' title='bbox 3377 3469 3548 3524; x_wconf 89' lang='lat' dir='ltr'>absit.</span> <span class='ocrx_word' id='word_1_626' title='bbox 3571 3469 3718 3524; x_wconf 86' lang='lat' dir='ltr'>Nam</span> 
     </span>
    </p>
   </div>
   <div class='ocr_carea' id='block_1_83' title="bbox 2066 3557 3716 3626">
    <p class='ocr_par' dir='ltr' id='par_1_83' title="bbox 2066 3557 3716 3626">
     <span class='ocr_line' id='line_1_83' title="bbox 2066 3557 3716 3626; baseline -0.001 -11"><span class='ocrx_word' id='word_1_627' title='bbox 2066 3576 2268 3617; x_wconf 90' lang='lat' dir='ltr'>verum</span> <span class='ocrx_word' id='word_1_628' title='bbox 2297 3575 2509 3615; x_wconf 91' lang='lat' dir='ltr'>nomen</span> <span class='ocrx_word' id='word_1_629' title='bbox 2536 3557 2770 3615; x_wconf 89' lang='lat' dir='ltr'>deitatis</span> <span class='ocrx_word' id='word_1_630' title='bbox 2802 3557 2902 3614; x_wconf 91' lang='lat' dir='ltr'>ubi</span> <span class='ocrx_word' id='word_1_631' title='bbox 2927 3558 3255 3626; x_wconf 87' lang='lat' dir='ltr'>nominant,</span> <span class='ocrx_word' id='word_1_632' title='bbox 3280 3559 3351 3615; x_wconf 90' lang='lat' dir='ltr'>ad</span> <span class='ocrx_word' id='word_1_633' title='bbox 3381 3574 3559 3614; x_wconf 90' lang='lat' dir='ltr'>unam</span> <span class='ocrx_word' id='word_1_634' title='bbox 3590 3561 3716 3614; x_wconf 88' lang='lat' dir='ltr'>tan-</span> 
     </span>
    </p>
   </div>
   <div class='ocr_carea' id='block_1_84' title="bbox 2069 3647 3721 3720">
    <p class='ocr_par' dir='ltr' id='par_1_84' title="bbox 2069 3647 3721 3720">
     <span class='ocr_line' id='line_1_84' title="bbox 2069 3647 3721 3720; baseline -0.004 -15"><span class='ocrx_word' id='word_1_635' title='bbox 2069 3649 2375 3705; x_wconf 90' lang='lat' dir='ltr'>tummodo</span> <span class='ocrx_word' id='word_1_636' title='bbox 2391 3664 2702 3720; x_wconf 88' lang='lat' dir='ltr'>personam</span> <span class='ocrx_word' id='word_1_637' title='bbox 2721 3647 2908 3702; x_wconf 88' lang='lat' dir='ltr'>Patris</span> <span class='ocrx_word' id='word_1_638' title='bbox 2925 3647 3046 3702; x_wconf 68' lang='lat' dir='ltr'>haac</span> <span class='ocrx_word' id='word_1_639' title='bbox 3064 3647 3308 3703; x_wconf 90' lang='lat' dir='ltr'>dicendo</span> <span class='ocrx_word' id='word_1_640' title='bbox 3327 3647 3721 3711; x_wconf 90' lang='lat' dir='ltr'>ascribunt,ut</span> 
     </span>
    </p>
   </div>
   <div class='ocr_carea' id='block_1_85' title="bbox 2066 3735 3720 3803">
    <p class='ocr_par' dir='ltr' id='par_1_85' title="bbox 2066 3735 3720 3803">
     <span class='ocr_line' id='line_1_85' title="bbox 2066 3735 3720 3803; baseline -0.002 -9"><span class='ocrx_word' id='word_1_641' title='bbox 2066 3755 2264 3794; x_wconf 89' lang='lat' dir='ltr'>veram</span> <span class='ocrx_word' id='word_1_642' title='bbox 2283 3737 2568 3793; x_wconf 90' lang='lat' dir='ltr'>unitatem</span> <span class='ocrx_word' id='word_1_643' title='bbox 2591 3735 2918 3792; x_wconf 88' lang='lat' dir='ltr'>divinitatis</span> <span class='ocrx_word' id='word_1_644' title='bbox 2939 3735 3334 3803; x_wconf 86' lang='lat' dir='ltr'>dividant.Qui</span> <span class='ocrx_word' id='word_1_645' title='bbox 3352 3737 3453 3792; x_wconf 90' lang='lat' dir='ltr'>ubi</span> <span class='ocrx_word' id='word_1_646' title='bbox 3479 3735 3720 3792; x_wconf 90' lang='lat' dir='ltr'>nomina</span> 
     </span>
    </p>
   </div>
   <div class='ocr_carea' id='block_1_86' title="bbox 2067 3824 3716 3898">
    <p class='ocr_par' dir='ltr' id='par_1_86' title="bbox 2067 3824 3716 3898">
     <span class='ocr_line' id='line_1_86' title="bbox 2067 3824 3716 3898; baseline -0.002 -16"><span class='ocrx_word' id='word_1_647' title='bbox 2067 3833 2164 3883; x_wconf 89' lang='lat' dir='ltr'>tan</span> <span class='ocrx_word' id='word_1_648' title='bbox 2175 3831 2300 3882; x_wconf 92' lang='lat' dir='ltr'>tum</span> <span class='ocrx_word' id='word_1_649' title='bbox 2314 3826 2372 3880; x_wconf 90' lang='lat' dir='ltr'>in</span> <span class='ocrx_word' id='word_1_650' title='bbox 2387 3826 2654 3898; x_wconf 91' lang='lat' dir='ltr'>personis</span> <span class='ocrx_word' id='word_1_651' title='bbox 2667 3825 3374 3897; x_wconf 56' lang='lat' dir='ltr'>deberentdiscernerelibi</span> <span class='ocrx_word' id='word_1_652' title='bbox 3390 3824 3569 3880; x_wconf 88' lang='lat' dir='ltr'>simul</span> <span class='ocrx_word' id='word_1_653' title='bbox 3583 3841 3716 3880; x_wconf 90' lang='lat' dir='ltr'>cum</span> 
     </span>
    </p>
   </div>
   <div class='ocr_carea' id='block_1_87' title="bbox 2067 3913 3717 3990">
    <p class='ocr_par' dir='ltr' id='par_1_87' title="bbox 2067 3913 3717 3990">
     <span class='ocr_line' id='line_1_87' title="bbox 2067 3913 3717 3990; baseline -0.002 -19"><span class='ocrx_word' id='word_1_654' title='bbox 2067 3916 2214 3990; x_wconf 89' lang='lat' dir='ltr'>ipsis</span> <span class='ocrx_word' id='word_1_655' title='bbox 2251 3914 2592 3971; x_wconf 90' lang='lat' dir='ltr'>nominibus</span> <span class='ocrx_word' id='word_1_656' title='bbox 2621 3919 2678 3970; x_wconf 91' lang='lat' dir='ltr'>et</span> <span class='ocrx_word' id='word_1_657' title='bbox 2706 3919 2826 3970; x_wconf 88' lang='lat' dir='ltr'>tres</span> <span class='ocrx_word' id='word_1_658' title='bbox 2856 3918 3097 3970; x_wconf 89' lang='lat' dir='ltr'>naturas</span> <span class='ocrx_word' id='word_1_659' title='bbox 3125 3913 3526 3988; x_wconf 86' lang='lat' dir='ltr'>distinguunt;</span> <span class='ocrx_word' id='word_1_660' title='bbox 3561 3913 3717 3986; x_wconf 88' lang='lat' dir='ltr'>quod</span> 
     </span>
    </p>
   </div>
   <div class='ocr_carea' id='block_1_88' title="bbox 2067 4003 3715 4075">
    <p class='ocr_par' dir='ltr' id='par_1_88' title="bbox 2067 4003 3715 4075">
     <span class='ocr_line' id='line_1_88' title="bbox 2067 4003 3715 4075; baseline -0.002 -13"><span class='ocrx_word' id='word_1_661' title='bbox 2067 4005 2220 4062; x_wconf 89' lang='lat' dir='ltr'>absit</span> <span class='ocrx_word' id='word_1_662' title='bbox 2243 4023 2278 4060; x_wconf 90' lang='lat' dir='ltr'>a</span> <span class='ocrx_word' id='word_1_663' title='bbox 2309 4005 2480 4060; x_wconf 91' lang='lat' dir='ltr'>nobis</span> <span class='ocrx_word' id='word_1_664' title='bbox 2500 4004 2584 4074; x_wconf 57' lang='lat' dir='ltr'>fne</span> <span class='ocrx_word' id='word_1_665' title='bbox 2623 4004 2798 4060; x_wconf 90' lang='lat' dir='ltr'>istam</span> <span class='ocrx_word' id='word_1_666' title='bbox 2838 4003 3265 4075; x_wconf 88' lang='lat' dir='ltr'>blasphemiam</span> <span class='ocrx_word' id='word_1_667' title='bbox 3297 4003 3715 4059; x_wconf 87' lang='lat' dir='ltr'>admittamus:</span> 
     </span>
    </p>
   </div>
   <div class='ocr_carea' id='block_1_89' title="bbox 2069 4091 3717 4152">
    <p class='ocr_par' dir='ltr' id='par_1_89' title="bbox 2069 4091 3717 4152">
     <span class='ocr_line' id='line_1_89' title="bbox 2069 4091 3717 4152; baseline -0.003 -1"><span class='ocrx_word' id='word_1_668' title='bbox 2069 4113 2202 4152; x_wconf 90' lang='lat' dir='ltr'>cum</span> <span class='ocrx_word' id='word_1_669' title='bbox 2225 4111 2410 4150; x_wconf 91' lang='lat' dir='ltr'>unum</span> <span class='ocrx_word' id='word_1_670' title='bbox 2433 4111 2646 4150; x_wconf 87' lang='lat' dir='ltr'>nomen</span> <span class='ocrx_word' id='word_1_671' title='bbox 2661 4091 2897 4148; x_wconf 90' lang='lat' dir='ltr'>deitatis</span> <span class='ocrx_word' id='word_1_672' title='bbox 2913 4091 2972 4147; x_wconf 92' lang='lat' dir='ltr'>in</span> <span class='ocrx_word' id='word_1_673' title='bbox 2986 4092 3271 4148; x_wconf 88' lang='lat' dir='ltr'>Trinitate</span> <span class='ocrx_word' id='word_1_674' title='bbox 3288 4092 3483 4147; x_wconf 88' lang='lat' dir='ltr'>uniter</span> <span class='ocrx_word' id='word_1_675' title='bbox 3497 4091 3717 4147; x_wconf 92' lang='lat' dir='ltr'>dictum</span> 
     </span>
    </p>
   </div>
   <div class='ocr_carea' id='block_1_90' title="bbox 2069 4180 3715 4256">
    <p class='ocr_par' dir='ltr' id='par_1_90' title="bbox 2069 4180 3715 4256">
     <span class='ocr_line' id='line_1_90' title="bbox 2069 4180 3715 4256; baseline -0.003 -15"><span class='ocrx_word' id='word_1_676' title='bbox 2069 4184 2449 4256; x_wconf 87' lang='lat' dir='ltr'>accipiamus,</span> <span class='ocrx_word' id='word_1_677' title='bbox 2465 4200 2569 4256; x_wconf 87' lang='lat' dir='ltr'>per</span> <span class='ocrx_word' id='word_1_678' title='bbox 2589 4183 2745 4254; x_wconf 92' lang='lat' dir='ltr'>quod</span> <span class='ocrx_word' id='word_1_679' title='bbox 2761 4185 2817 4237; x_wconf 90' lang='lat' dir='ltr'>et</span> <span class='ocrx_word' id='word_1_680' title='bbox 2836 4180 3082 4238; x_wconf 89' lang='lat' dir='ltr'>remissa</span> <span class='ocrx_word' id='word_1_681' title='bbox 3103 4184 3474 4254; x_wconf 87' lang='lat' dir='ltr'>peccatorum</span> <span class='ocrx_word' id='word_1_682' title='bbox 3496 4180 3715 4253; x_wconf 89' lang='lat' dir='ltr'>baptis-</span> 
     </span>
    </p>
   </div>
   <div class='ocr_carea' id='block_1_91' title="bbox 2068 4269 3716 4346">
    <p class='ocr_par' dir='ltr' id='par_1_91' title="bbox 2068 4269 3716 4346">
     <span class='ocr_line' id='line_1_91' title="bbox 2068 4269 3716 4346; baseline -0.004 -16"><span class='ocrx_word' id='word_1_683' title='bbox 2068 4291 2164 4330; x_wconf 91' lang='lat' dir='ltr'>mo</span> <span class='ocrx_word' id='word_1_684' title='bbox 2185 4276 2463 4346; x_wconf 90' lang='lat' dir='ltr'>operante</span> <span class='ocrx_word' id='word_1_685' title='bbox 2491 4269 3128 4344; x_wconf 88' lang='lat' dir='ltr'>suscipimus,nomina</span> <span class='ocrx_word' id='word_1_686' title='bbox 3145 4287 3278 4326; x_wconf 86' lang='lat' dir='ltr'>vero</span> <span class='ocrx_word' id='word_1_687' title='bbox 3311 4269 3716 4326; x_wconf 89' lang='lat' dir='ltr'>tantummodo</span> 
     </span>
    </p>
   </div>
   <div class='ocr_carea' id='block_1_92' title="bbox 2067 4357 3714 4436">
    <p class='ocr_par' dir='ltr' id='par_1_92' title="bbox 2067 4357 3714 4436">
     <span class='ocr_line' id='line_1_92' title="bbox 2067 4357 3714 4436; baseline -0.005 -16"><span class='ocrx_word' id='word_1_688' title='bbox 2067 4361 2303 4436; x_wconf 88' lang='lat' dir='ltr'>singula</span> <span class='ocrx_word' id='word_1_689' title='bbox 2319 4361 2378 4416; x_wconf 91' lang='lat' dir='ltr'>in</span> <span class='ocrx_word' id='word_1_690' title='bbox 2401 4359 2668 4434; x_wconf 89' lang='lat' dir='ltr'>personis</span> <span class='ocrx_word' id='word_1_691' title='bbox 2687 4358 2939 4432; x_wconf 85' lang='lat' dir='ltr'>perfecte</span> <span class='ocrx_word' id='word_1_692' title='bbox 2955 4357 3392 4431; x_wconf 89' lang='lat' dir='ltr'>distinguamus</span> <span class='ocrx_word' id='word_1_693' title='bbox 3421 4357 3714 4430; x_wconf 84' lang='lat' dir='ltr'>Rogo,ubi</span> 
     </span>
    </p>
   </div>
   <div class='ocr_carea' id='block_1_93' title="bbox 2065 4446 3718 4521">
    <p class='ocr_par' dir='ltr' id='par_1_93' title="bbox 2065 4446 3718 4521">
     <span class='ocr_line' id='line_1_93' title="bbox 2065 4446 3718 4521; baseline -0.004 -12"><span class='ocrx_word' id='word_1_694' title='bbox 2065 4451 2368 4509; x_wconf 90' lang='lat' dir='ltr'>vinculum</span> <span class='ocrx_word' id='word_1_695' title='bbox 2389 4450 2525 4506; x_wconf 85' lang='lat' dir='ltr'>fidei</span> <span class='ocrx_word' id='word_1_696' title='bbox 2547 4447 2841 4505; x_wconf 90' lang='lat' dir='ltr'>invenitur</span> <span class='ocrx_word' id='word_1_697' title='bbox 2857 4448 3012 4521; x_wconf 92' lang='lat' dir='ltr'>apud</span> <span class='ocrx_word' id='word_1_698' title='bbox 3028 4447 3204 4515; x_wconf 90' lang='lat' dir='ltr'>eos,si</span> <span class='ocrx_word' id='word_1_699' title='bbox 3227 4447 3568 4503; x_wconf 66' lang='lat' dir='ltr'>substantiae</span> <span class='ocrx_word' id='word_1_700' title='bbox 3593 4446 3718 4502; x_wconf 85' lang='lat' dir='ltr'>uni-</span> 
     </span>
    </p>
   </div>
   <div class='ocr_carea' id='block_1_94' title="bbox 301 4535 3718 4621">
    <p class='ocr_par' dir='ltr' id='par_1_94' title="bbox 301 4535 3718 4621">
     <span class='ocr_line' id='line_1_94' title="bbox 301 4535 3718 4621; baseline 0 -29"><span class='ocrx_word' id='word_1_701' title='bbox 301 4536 548 4608; x_wconf 85' lang='lat' dir='ltr'>spiritus</span> <span class='ocrx_word' id='word_1_702' title='bbox 574 4538 974 4612; x_wconf 87' lang='lat' dir='ltr'>regenerantis</span> <span class='ocrx_word' id='word_1_703' title='bbox 992 4537 1476 4596; x_wconf 86' lang='lat' dir='ltr'>sanctiﬁcatione.</span> <span class='ocrx_word' id='word_1_704' title='bbox 1491 4539 1562 4594; x_wconf 88' lang='lat' dir='ltr'>Et</span> <span class='ocrx_word' id='word_1_705' title='bbox 1581 4539 1692 4595; x_wconf 91' lang='lat' dir='ltr'>Leo</span> <span class='ocrx_word' id='word_1_706' title='bbox 1713 4556 1865 4612; x_wconf 85' lang='lat' dir='ltr'>papa</span> <span class='ocrx_word' id='word_1_707' title='bbox 1885 4540 1956 4596; x_wconf 90' lang='lat' dir='ltr'>ad</span> <span class='ocrx_word' id='word_1_708' title='bbox 1983 4557 2032 4621; x_wconf 79' lang='grc' dir='ltr'>ι)</span> <span class='ocrx_word' id='word_1_709' title='bbox 2065 4541 2204 4598; x_wconf 89' lang='lat' dir='ltr'>tatis</span> <span class='ocrx_word' id='word_1_710' title='bbox 2219 4556 2432 4596; x_wconf 89' lang='lat' dir='ltr'>nomen</span> <span class='ocrx_word' id='word_1_711' title='bbox 2449 4538 2509 4594; x_wconf 88' lang='lat' dir='ltr'>in</span> <span class='ocrx_word' id='word_1_712' title='bbox 2525 4536 2808 4594; x_wconf 89' lang='lat' dir='ltr'>Trinitate</span> <span class='ocrx_word' id='word_1_713' title='bbox 2825 4553 2941 4592; x_wconf 91' lang='lat' dir='ltr'>non</span> <span class='ocrx_word' id='word_1_714' title='bbox 2957 4535 3226 4592; x_wconf 81' lang='lat' dir='ltr'>tenetur?</span> <span class='ocrx_word' id='word_1_715' title='bbox 3239 4535 3718 4609; x_wconf 79' lang='lat' dir='ltr'>Rogo,quomodo</span> 
     </span>
    </p>
   </div>
   <div class='ocr_carea' id='block_1_95' title="bbox 299 4625 1964 4712">
    <p class='ocr_par' dir='ltr' id='par_1_95' title="bbox 299 4625 1964 4712">
     <span class='ocr_line' id='line_1_95' title="bbox 299 4625 1964 4712; baseline 0.002 -32"><span class='ocrx_word' id='word_1_716' title='bbox 299 4625 607 4683; x_wconf 86' lang='lat' dir='ltr'>universos</span> <span class='ocrx_word' id='word_1_717' title='bbox 631 4626 938 4700; x_wconf 87' lang='lat' dir='ltr'>episcopos</span> <span class='ocrx_word' id='word_1_718' title='bbox 960 4643 1064 4700; x_wconf 90' lang='lat' dir='ltr'>per</span> <span class='ocrx_word' id='word_1_719' title='bbox 1079 4627 1340 4684; x_wconf 88' lang='lat' dir='ltr'>Siciliam</span> <span class='ocrx_word' id='word_1_720' title='bbox 1359 4627 1712 4684; x_wconf 89' lang='lat' dir='ltr'>constitutos</span> <span class='ocrx_word' id='word_1_721' title='bbox 1727 4629 1964 4712; x_wconf 57' lang='lat' dir='ltr'>(epist.5,</span> 
     </span>
    </p>
   </div>
   <div class='ocr_carea' id='block_1_96' title="bbox 303 4714 1966 4803">
    <p class='ocr_par' dir='ltr' id='par_1_96' title="bbox 303 4714 1966 4803">
     <span class='ocr_line' id='line_1_96' title="bbox 303 4714 1966 4803; baseline 0.002 -33"><span class='ocrx_word' id='word_1_722' title='bbox 303 4730 360 4770; x_wconf 89' lang='lat' dir='ltr'>c.</span> <span class='ocrx_word' id='word_1_723' title='bbox 389 4715 446 4784; x_wconf 84' lang='lat'>3)</span> <span class='ocrx_word' id='word_1_724' title='bbox 476 4716 550 4772; x_wconf 89' lang='lat' dir='ltr'>de</span> <span class='ocrx_word' id='word_1_725' title='bbox 587 4715 741 4772; x_wconf 88' lang='lat' dir='ltr'>trina</span> <span class='ocrx_word' id='word_1_726' title='bbox 790 4716 1082 4773; x_wconf 89' lang='lat' dir='ltr'>mersione</span> <span class='ocrx_word' id='word_1_727' title='bbox 1131 4719 1189 4773; x_wconf 89' lang='lat' dir='ltr'>et</span> <span class='ocrx_word' id='word_1_728' title='bbox 1236 4733 1353 4773; x_wconf 92' lang='lat' dir='ltr'>uno</span> <span class='ocrx_word' id='word_1_729' title='bbox 1403 4714 1755 4788; x_wconf 86' lang='lat' dir='ltr'>baptismate</span> <span class='ocrx_word' id='word_1_730' title='bbox 1803 4717 1966 4803; x_wconf 53' lang='lat' dir='ltr'>dicit,</span> 
     </span>
    </p>
   </div>
   <div class='ocr_carea' id='block_1_97' title="bbox 303 4803 1965 4880">
    <p class='ocr_par' dir='ltr' id='par_1_97' title="bbox 303 4803 1965 4880">
     <span class='ocr_line' id='line_1_97' title="bbox 303 4803 1965 4880; baseline 0.003 -22"><span class='ocrx_word' id='word_1_731' title='bbox 303 4805 463 4875; x_wconf 90' lang='lat' dir='ltr'>quod</span> <span class='ocrx_word' id='word_1_732' title='bbox 494 4804 554 4859; x_wconf 92' lang='lat' dir='ltr'>in</span> <span class='ocrx_word' id='word_1_733' title='bbox 586 4821 692 4860; x_wconf 92' lang='lat' dir='ltr'>suo</span> <span class='ocrx_word' id='word_1_734' title='bbox 722 4803 850 4861; x_wconf 91' lang='lat' dir='ltr'>loco</span> <span class='ocrx_word' id='word_1_735' title='bbox 879 4805 1113 4879; x_wconf 88' lang='lat' dir='ltr'>plenius</span> <span class='ocrx_word' id='word_1_736' title='bbox 1157 4805 1338 4862; x_wconf 89' lang='lat' dir='ltr'>lector</span> <span class='ocrx_word' id='word_1_737' title='bbox 1379 4804 1652 4861; x_wconf 90' lang='lat' dir='ltr'>inveniet.</span> <span class='ocrx_word' id='word_1_738' title='bbox 1681 4827 1710 4858; x_wconf 84' lang='grc'>‹‹</span> <span class='ocrx_word' id='word_1_739' title='bbox 1737 4807 1965 4880; x_wconf 89' lang='lat' dir='ltr'>Baptis-</span> 
     </span>
    </p>
   </div>
   <div class='ocr_carea' id='block_1_98' title="bbox 305 4893 1966 4968">
    <p class='ocr_par' dir='ltr' id='par_1_98' title="bbox 305 4893 1966 4968">
     <span class='ocr_line' id='line_1_98' title="bbox 305 4893 1966 4968; baseline 0.004 -22"><span class='ocrx_word' id='word_1_740' title='bbox 305 4893 502 4960; x_wconf 88' lang='lat' dir='ltr'>matis,</span> <span class='ocrx_word' id='word_1_741' title='bbox 522 4893 736 4967; x_wconf 88' lang='lat' dir='ltr'>inquit,</span> <span class='ocrx_word' id='word_1_742' title='bbox 759 4894 963 4968; x_wconf 87' lang='lat' dir='ltr'>regula</span> <span class='ocrx_word' id='word_1_743' title='bbox 981 4899 1040 4952; x_wconf 92' lang='lat' dir='ltr'>et</span> <span class='ocrx_word' id='word_1_744' title='bbox 1058 4912 1216 4952; x_wconf 89' lang='lat' dir='ltr'>mors</span> <span class='ocrx_word' id='word_1_745' title='bbox 1238 4893 1545 4950; x_wconf 88' lang='lat' dir='ltr'>intervenit</span> <span class='ocrx_word' id='word_1_746' title='bbox 1566 4893 1966 4953; x_wconf 88' lang='lat' dir='ltr'>interfectione</span> 
     </span>
    </p>
   </div>
   <div class='ocr_carea' id='block_1_99' title="bbox 302 4982 1962 5056">
    <p class='ocr_par' dir='ltr' id='par_1_99' title="bbox 302 4982 1962 5056">
     <span class='ocr_line' id='line_1_99' title="bbox 302 4982 1962 5056; baseline 0.004 -20"><span class='ocrx_word' id='word_1_747' title='bbox 302 4982 548 5052; x_wconf 86' lang='lat' dir='ltr'>peccati,</span> <span class='ocrx_word' id='word_1_748' title='bbox 573 4988 630 5040; x_wconf 90' lang='lat' dir='ltr'>et</span> <span class='ocrx_word' id='word_1_749' title='bbox 650 4983 1018 5056; x_wconf 88' lang='lat' dir='ltr'>sepulturam</span> <span class='ocrx_word' id='word_1_750' title='bbox 1040 4985 1376 5040; x_wconf 77' lang='lat' dir='ltr'>triduanum</span> <span class='ocrx_word' id='word_1_751' title='bbox 1399 4982 1666 5038; x_wconf 88' lang='lat' dir='ltr'>imitatur</span> <span class='ocrx_word' id='word_1_752' title='bbox 1696 4985 1850 5041; x_wconf 88' lang='lat' dir='ltr'>trina</span> <span class='ocrx_word' id='word_1_753' title='bbox 1869 4987 1962 5042; x_wconf 50' lang='lat' dir='ltr'>de-</span> 
     </span>
    </p>
   </div>
   <div class='ocr_carea' id='block_1_100' title="bbox 307 5069 1961 5146">
    <p class='ocr_par' dir='ltr' id='par_1_100' title="bbox 307 5069 1961 5146">
     <span class='ocr_line' id='line_1_100' title="bbox 307 5069 1961 5146; baseline 0.004 -23"><span class='ocrx_word' id='word_1_754' title='bbox 307 5069 602 5138; x_wconf 88' lang='lat' dir='ltr'>mersio,et</span> <span class='ocrx_word' id='word_1_755' title='bbox 623 5073 696 5127; x_wconf 90' lang='lat' dir='ltr'>ab</span> <span class='ocrx_word' id='word_1_756' title='bbox 716 5073 888 5145; x_wconf 88' lang='lat' dir='ltr'>aquis</span> <span class='ocrx_word' id='word_1_757' title='bbox 907 5073 1148 5128; x_wconf 91' lang='lat' dir='ltr'>elevatio</span> <span class='ocrx_word' id='word_1_758' title='bbox 1178 5073 1538 5146; x_wconf 90' lang='lat' dir='ltr'>resurgentis</span> <span class='ocrx_word' id='word_1_759' title='bbox 1563 5073 1634 5128; x_wconf 90' lang='lat' dir='ltr'>ad</span> <span class='ocrx_word' id='word_1_760' title='bbox 1659 5073 1845 5129; x_wconf 87' lang='lat' dir='ltr'>instar</span> <span class='ocrx_word' id='word_1_761' title='bbox 1872 5080 1961 5130; x_wconf 90' lang='lat' dir='ltr'>est</span> 
     </span>
    </p>
   </div>
   <div class='ocr_carea' id='block_1_101' title="bbox 305 5155 1955 5234">
    <p class='ocr_par' dir='ltr' id='par_1_101' title="bbox 305 5155 1955 5234">
     <span class='ocr_line' id='line_1_101' title="bbox 305 5155 1955 5234; baseline 0.005 -22"><span class='ocrx_word' id='word_1_762' title='bbox 305 5155 386 5212; x_wconf 89' lang='lat' dir='ltr'>de</span> <span class='ocrx_word' id='word_1_763' title='bbox 411 5161 730 5232; x_wconf 82' lang='lat' dir='ltr'>sepulcro.»</span> <span class='ocrx_word' id='word_1_764' title='bbox 756 5161 882 5233; x_wconf 84' lang='lat' dir='ltr'>(tib.</span> <span class='ocrx_word' id='word_1_765' title='bbox 906 5179 950 5231; x_wconf 86' lang='grc' dir='ltr'>ι,</span> <span class='ocrx_word' id='word_1_766' title='bbox 969 5177 1054 5234; x_wconf 79' lang='lat' dir='ltr'>ep.</span> <span class='ocrx_word' id='word_1_767' title='bbox 1077 5161 1189 5234; x_wconf 88' lang='grc'>41.)</span> <span class='ocrx_word' id='word_1_768' title='bbox 1211 5163 1281 5217; x_wconf 90' lang='lat' dir='ltr'>Et</span> <span class='ocrx_word' id='word_1_769' title='bbox 1305 5165 1544 5218; x_wconf 89' lang='lat' dir='ltr'>sanctus</span> <span class='ocrx_word' id='word_1_770' title='bbox 1565 5161 1875 5234; x_wconf 87' lang='lat' dir='ltr'>Gregorius</span> <span class='ocrx_word' id='word_1_771' title='bbox 1894 5163 1955 5220; x_wconf 91' lang='lat' dir='ltr'>in</span> 
     </span>
    </p>
   </div>
   <div class='ocr_carea' id='block_1_102' title="bbox 301 5247 1959 5322">
    <p class='ocr_par' dir='ltr' id='par_1_102' title="bbox 301 5247 1959 5322">
     <span class='ocr_line' id='line_1_102' title="bbox 301 5247 1959 5322; baseline 0.002 -18"><span class='ocrx_word' id='word_1_772' title='bbox 301 5247 551 5318; x_wconf 82' lang='lat' dir='ltr'>epistola</span> <span class='ocrx_word' id='word_1_773' title='bbox 581 5251 656 5306; x_wconf 92' lang='lat' dir='ltr'>ad</span> <span class='ocrx_word' id='word_1_774' title='bbox 701 5250 1032 5307; x_wconf 90' lang='lat' dir='ltr'>Leandrum</span> <span class='ocrx_word' id='word_1_775' title='bbox 1073 5249 1413 5322; x_wconf 87' lang='lat' dir='ltr'>Spalensem</span> <span class='ocrx_word' id='word_1_776' title='bbox 1445 5250 1788 5322; x_wconf 91' lang='lat' dir='ltr'>episcopum</span> <span class='ocrx_word' id='word_1_777' title='bbox 1818 5253 1959 5307; x_wconf 89' lang='lat' dir='ltr'>scri-</span> 
     </span>
    </p>
   </div>
   <div class='ocr_carea' id='block_1_103' title="bbox 305 5335 1962 5412">
    <p class='ocr_par' dir='ltr' id='par_1_103' title="bbox 305 5335 1962 5412">
     <span class='ocr_line' id='line_1_103' title="bbox 305 5335 1962 5412; baseline 0.002 -20"><span class='ocrx_word' id='word_1_778' title='bbox 305 5335 401 5392; x_wconf 84' lang='lat' dir='ltr'>bit</span> <span class='ocrx_word' id='word_1_779' title='bbox 430 5353 476 5392; x_wconf 83' lang='lat'><strong>:«</strong></span> <span class='ocrx_word' id='word_1_780' title='bbox 501 5338 580 5395; x_wconf 88' lang='lat' dir='ltr'>De</span> <span class='ocrx_word' id='word_1_781' title='bbox 620 5339 798 5406; x_wconf 90' lang='lat' dir='ltr'>trina,</span> <span class='ocrx_word' id='word_1_782' title='bbox 832 5338 1048 5412; x_wconf 86' lang='lat' dir='ltr'>inquit,</span> <span class='ocrx_word' id='word_1_783' title='bbox 1079 5338 1368 5395; x_wconf 89' lang='lat' dir='ltr'>mersione</span> <span class='ocrx_word' id='word_1_784' title='bbox 1398 5337 1768 5410; x_wconf 87' lang='lat' dir='ltr'>baptismatis</span> <span class='ocrx_word' id='word_1_785' title='bbox 1817 5340 1962 5396; x_wconf 91' lang='lat' dir='ltr'>nihil</span> 
     </span>
    </p>
   </div>
   <div class='ocr_carea' id='block_1_104' title="bbox 309 5427 1964 5512">
    <p class='ocr_par' dir='ltr' id='par_1_104' title="bbox 309 5427 1964 5512">
     <span class='ocr_line' id='line_1_104' title="bbox 309 5427 1964 5512; baseline 0.004 -32"><span class='ocrx_word' id='word_1_786' title='bbox 309 5428 646 5498; x_wconf 83' lang='lat' dir='ltr'>responderi</span> <span class='ocrx_word' id='word_1_787' title='bbox 663 5429 860 5512; x_wconf 81' lang='lat' dir='ltr'>verius</span> <span class='ocrx_word' id='word_1_788' title='bbox 882 5431 1094 5501; x_wconf 87' lang='lat' dir='ltr'>potest,</span> <span class='ocrx_word' id='word_1_789' title='bbox 1110 5443 1288 5500; x_wconf 90' lang='lat' dir='ltr'>quam</span> <span class='ocrx_word' id='word_1_790' title='bbox 1310 5427 1422 5500; x_wconf 90' lang='lat' dir='ltr'>ipsi</span> <span class='ocrx_word' id='word_1_791' title='bbox 1447 5427 1884 5501; x_wconf 86' lang='lat' dir='ltr'>sensistis,quia</span> <span class='ocrx_word' id='word_1_792' title='bbox 1903 5431 1964 5486; x_wconf 90' lang='lat' dir='ltr'>in</span> 
     </span>
    </p>
   </div>
   <div class='ocr_carea' id='block_1_105' title="bbox 2077 4623 3724 4697">
    <p class='ocr_par' dir='ltr' id='par_1_105' title="bbox 2077 4623 3724 4697">
     <span class='ocr_line' id='line_1_105' title="bbox 2077 4623 3724 4697; baseline -0.001 -11"><span class='ocrx_word' id='word_1_793' title='bbox 2077 4636 2196 4686; x_wconf 89' lang='lat' dir='ltr'>tres</span> <span class='ocrx_word' id='word_1_794' title='bbox 2213 4645 2398 4684; x_wconf 90' lang='lat' dir='ltr'>unum</span> <span class='ocrx_word' id='word_1_795' title='bbox 2415 4626 2629 4696; x_wconf 91' lang='lat' dir='ltr'>sunt,si</span> <span class='ocrx_word' id='word_1_796' title='bbox 2648 4625 2878 4682; x_wconf 89' lang='lat' dir='ltr'>diversa</span> <span class='ocrx_word' id='word_1_797' title='bbox 2892 4624 2952 4680; x_wconf 92' lang='lat' dir='ltr'>in</span> <span class='ocrx_word' id='word_1_798' title='bbox 2971 4623 3238 4697; x_wconf 90' lang='lat' dir='ltr'>utrisque</span> <span class='ocrx_word' id='word_1_799' title='bbox 3254 4627 3343 4681; x_wconf 88' lang='lat' dir='ltr'>est</span> <span class='ocrx_word' id='word_1_800' title='bbox 3357 4629 3569 4682; x_wconf 90' lang='lat' dir='ltr'>natura</span> <span class='ocrx_word' id='word_1_801' title='bbox 3585 4625 3724 4684; x_wconf 83' lang='lat' dir='ltr'>divi-</span> 
     </span>
    </p>
   </div>
   <div class='ocr_carea' id='block_1_106' title="bbox 2080 4712 3723 4790">
    <p class='ocr_par' dir='ltr' id='par_1_106' title="bbox 2080 4712 3723 4790">
     <span class='ocr_line' id='line_1_106' title="bbox 2080 4712 3723 4790; baseline -0.002 -16"><span class='ocrx_word' id='word_1_802' title='bbox 2080 4714 3012 4790; x_wconf 83' lang='lat' dir='ltr'>nitatis?Rogo,quemadmodum</span> <span class='ocrx_word' id='word_1_803' title='bbox 3027 4712 3427 4786; x_wconf 85' lang='lat' dir='ltr'>septiformem</span> <span class='ocrx_word' id='word_1_804' title='bbox 3440 4715 3598 4772; x_wconf 92' lang='lat' dir='ltr'>hunc</span> <span class='ocrx_word' id='word_1_805' title='bbox 3611 4716 3723 4788; x_wconf 86' lang='lat' dir='ltr'>spi-</span> 
     </span>
    </p>
   </div>
   <div class='ocr_carea' id='block_1_107' title="bbox 2075 4803 3722 4880">
    <p class='ocr_par' dir='ltr' id='par_1_107' title="bbox 2075 4803 3722 4880">
     <span class='ocr_line' id='line_1_107' title="bbox 2075 4803 3722 4880; baseline -0.003 -15"><span class='ocrx_word' id='word_1_806' title='bbox 2075 4809 2253 4865; x_wconf 90' lang='lat' dir='ltr'>ritum</span> <span class='ocrx_word' id='word_1_807' title='bbox 2267 4804 2564 4880; x_wconf 67' lang='lat' dir='ltr'>sapientiee</span> <span class='ocrx_word' id='word_1_808' title='bbox 2577 4803 2992 4874; x_wconf 88' lang='lat' dir='ltr'>etintellectus,</span> <span class='ocrx_word' id='word_1_809' title='bbox 3005 4803 3283 4875; x_wconf 90' lang='lat' dir='ltr'>spiritum</span> <span class='ocrx_word' id='word_1_810' title='bbox 3294 4804 3524 4860; x_wconf 89' lang='lat' dir='ltr'>consilii</span> <span class='ocrx_word' id='word_1_811' title='bbox 3536 4810 3594 4861; x_wconf 90' lang='lat' dir='ltr'>et</span> <span class='ocrx_word' id='word_1_812' title='bbox 3609 4806 3722 4860; x_wconf 88' lang='lat' dir='ltr'>vir-</span> 
     </span>
    </p>
   </div>
   <div class='ocr_carea' id='block_1_108' title="bbox 2076 4892 3723 4968">
    <p class='ocr_par' dir='ltr' id='par_1_108' title="bbox 2076 4892 3723 4968">
     <span class='ocr_line' id='line_1_108' title="bbox 2076 4892 3723 4968; baseline -0.002 -15"><span class='ocrx_word' id='word_1_813' title='bbox 2076 4898 2240 4963; x_wconf 89' lang='lat' dir='ltr'>tutis,</span> <span class='ocrx_word' id='word_1_814' title='bbox 2255 4895 2528 4968; x_wconf 88' lang='lat' dir='ltr'>spiritum</span> <span class='ocrx_word' id='word_1_815' title='bbox 2561 4892 2816 4950; x_wconf 72' lang='lat' dir='ltr'>scientia:</span> <span class='ocrx_word' id='word_1_816' title='bbox 2847 4897 2904 4948; x_wconf 89' lang='lat' dir='ltr'>et</span> <span class='ocrx_word' id='word_1_817' title='bbox 2924 4893 3178 4965; x_wconf 89' lang='lat' dir='ltr'>pietatis,</span> <span class='ocrx_word' id='word_1_818' title='bbox 3199 4893 3472 4966; x_wconf 90' lang='lat' dir='ltr'>spiritum</span> <span class='ocrx_word' id='word_1_819' title='bbox 3495 4894 3723 4950; x_wconf 90' lang='lat' dir='ltr'>timoris</span> 
     </span>
    </p>
   </div>
   <div class='ocr_carea' id='block_1_109' title="bbox 2071 4982 3725 5055">
    <p class='ocr_par' dir='ltr' id='par_1_109' title="bbox 2071 4982 3725 5055">
     <span class='ocr_line' id='line_1_109' title="bbox 2071 4982 3725 5055; baseline -0.005 -11"><span class='ocrx_word' id='word_1_820' title='bbox 2071 4985 2302 5044; x_wconf 89' lang='lat' dir='ltr'>Domini</span> <span class='ocrx_word' id='word_1_821' title='bbox 2324 4982 2602 5054; x_wconf 87' lang='lat' dir='ltr'>consequi</span> <span class='ocrx_word' id='word_1_822' title='bbox 2621 4987 3125 5055; x_wconf 89' lang='lat' dir='ltr'>merentur,quem</span> <span class='ocrx_word' id='word_1_823' title='bbox 3143 4983 3214 5038; x_wconf 89' lang='lat' dir='ltr'>de</span> <span class='ocrx_word' id='word_1_824' title='bbox 3231 4983 3395 5038; x_wconf 88' lang='lat' dir='ltr'>unita</span> <span class='ocrx_word' id='word_1_825' title='bbox 3416 4982 3725 5054; x_wconf 86' lang='lat' dir='ltr'>plenitudi-</span> 
     </span>
    </p>
   </div>
   <div class='ocr_carea' id='block_1_110' title="bbox 2069 5071 3726 5132">
    <p class='ocr_par' dir='ltr' id='par_1_110' title="bbox 2069 5071 3726 5132">
     <span class='ocr_line' id='line_1_110' title="bbox 2069 5071 3726 5132; baseline -0.005 1"><span class='ocrx_word' id='word_1_826' title='bbox 2069 5095 2140 5132; x_wconf 90' lang='lat' dir='ltr'>ne</span> <span class='ocrx_word' id='word_1_827' title='bbox 2154 5073 2474 5132; x_wconf 88' lang='lat' dir='ltr'>divinitatis</span> <span class='ocrx_word' id='word_1_828' title='bbox 2488 5072 2805 5128; x_wconf 87' lang='lat' dir='ltr'>consistere</span> <span class='ocrx_word' id='word_1_829' title='bbox 2824 5089 2939 5126; x_wconf 91' lang='lat' dir='ltr'>non</span> <span class='ocrx_word' id='word_1_830' title='bbox 2958 5071 3346 5128; x_wconf 85' lang='lat' dir='ltr'>conﬁtentur?</span> <span class='ocrx_word' id='word_1_831' title='bbox 3362 5071 3598 5126; x_wconf 89' lang='lat' dir='ltr'>Dicente</span> <span class='ocrx_word' id='word_1_832' title='bbox 3619 5071 3726 5126; x_wconf 84' lang='lat' dir='ltr'>Do-</span> 
     </span>
    </p>
   </div>
   <div class='ocr_carea' id='block_1_111' title="bbox 2068 5157 3727 5234">
    <p class='ocr_par' dir='ltr' id='par_1_111' title="bbox 2068 5157 3727 5234">
     <span class='ocr_line' id='line_1_111' title="bbox 2068 5157 3727 5234; baseline -0.003 -13"><span class='ocrx_word' id='word_1_833' title='bbox 2068 5165 2227 5222; x_wconf 90' lang='lat' dir='ltr'>mino</span> <span class='ocrx_word' id='word_1_834' title='bbox 2244 5181 2256 5220; x_wconf 93' lang='lat'>:</span> <span class='ocrx_word' id='word_1_835' title='bbox 2274 5165 2470 5218; x_wconf 70' lang='lat' dir='ltr'>Euntes</span> <span class='ocrx_word' id='word_1_836' title='bbox 2491 5162 2755 5234; x_wconf 63' lang='lat' dir='ltr'>baptizata</span> <span class='ocrx_word' id='word_1_837' title='bbox 2771 5177 2954 5217; x_wconf 83' lang='lat' dir='ltr'>omnes</span> <span class='ocrx_word' id='word_1_838' title='bbox 2969 5169 3150 5232; x_wconf 82' lang='lat' dir='ltr'>gentes</span> <span class='ocrx_word' id='word_1_839' title='bbox 3166 5163 3226 5215; x_wconf 80' lang='lat' dir='ltr'>in</span> <span class='ocrx_word' id='word_1_840' title='bbox 3246 5161 3464 5216; x_wconf 80' lang='lat' dir='ltr'>nomine</span> <span class='ocrx_word' id='word_1_841' title='bbox 3475 5160 3659 5214; x_wconf 84' lang='lat' dir='ltr'>Patris</span> <span class='ocrx_word' id='word_1_842' title='bbox 3674 5157 3727 5216; x_wconf 62' lang='lat' dir='ltr'>ei</span> 
     </span>
    </p>
   </div>
   <div class='ocr_carea' id='block_1_112' title="bbox 2069 5247 3723 5325">
    <p class='ocr_par' dir='ltr' id='par_1_112' title="bbox 2069 5247 3723 5325">
     <span class='ocr_line' id='line_1_112' title="bbox 2069 5247 3723 5325; baseline -0.003 -15"><span class='ocrx_word' id='word_1_843' title='bbox 2069 5255 2204 5311; x_wconf 80' lang='lat' dir='ltr'>Filii</span> <span class='ocrx_word' id='word_1_844' title='bbox 2223 5261 2274 5309; x_wconf 86' lang='lat' dir='ltr'>et</span> <span class='ocrx_word' id='word_1_845' title='bbox 2290 5251 2530 5325; x_wconf 82' lang='lat' dir='ltr'>Spiritus</span> <span class='ocrx_word' id='word_1_846' title='bbox 2545 5253 2722 5306; x_wconf 83' lang='lat' dir='ltr'>sancti</span> <span class='ocrx_word' id='word_1_847' title='bbox 2733 5250 2880 5320; x_wconf 86' lang='lat' dir='ltr'>(Mat.</span> <span class='ocrx_word' id='word_1_848' title='bbox 2899 5267 3094 5318; x_wconf 85' lang='lat' dir='ltr'>xxvm,</span> <span class='ocrx_word' id='word_1_849' title='bbox 3113 5249 3358 5322; x_wconf 83' lang='lat' dir='ltr'>19),vere</span> <span class='ocrx_word' id='word_1_850' title='bbox 3375 5247 3434 5302; x_wconf 90' lang='lat' dir='ltr'>in</span> <span class='ocrx_word' id='word_1_851' title='bbox 3455 5247 3566 5303; x_wconf 90' lang='lat' dir='ltr'>hoc</span> <span class='ocrx_word' id='word_1_852' title='bbox 3587 5264 3723 5321; x_wconf 89' lang='lat' dir='ltr'>ergo</span> 
     </span>
    </p>
   </div>
   <div class='ocr_carea' id='block_1_113' title="bbox 2073 5337 3727 5412">
    <p class='ocr_par' dir='ltr' id='par_1_113' title="bbox 2073 5337 3727 5412">
     <span class='ocr_line' id='line_1_113' title="bbox 2073 5337 3727 5412; baseline -0.002 -13"><span class='ocrx_word' id='word_1_853' title='bbox 2073 5342 2216 5399; x_wconf 90' lang='lat' dir='ltr'>satis</span> <span class='ocrx_word' id='word_1_854' title='bbox 2234 5341 2578 5409; x_wconf 86' lang='lat' dir='ltr'>admiror,et</span> <span class='ocrx_word' id='word_1_855' title='bbox 2595 5345 2834 5412; x_wconf 89' lang='lat' dir='ltr'>stupore</span> <span class='ocrx_word' id='word_1_856' title='bbox 2853 5342 3066 5396; x_wconf 88' lang='lat' dir='ltr'>mentis</span> <span class='ocrx_word' id='word_1_857' title='bbox 3087 5339 3313 5394; x_wconf 90' lang='lat' dir='ltr'>diutius</span> <span class='ocrx_word' id='word_1_858' title='bbox 3329 5337 3596 5396; x_wconf 89' lang='lat' dir='ltr'>intentus</span> <span class='ocrx_word' id='word_1_859' title='bbox 3613 5339 3727 5396; x_wconf 91' lang='lat' dir='ltr'>col-</span> 
     </span>
    </p>
   </div>
   <div class='ocr_carea' id='block_1_114' title="bbox 2073 5425 3726 5499">
    <p class='ocr_par' dir='ltr' id='par_1_114' title="bbox 2073 5425 3726 5499">
     <span class='ocr_line' id='line_1_114' title="bbox 2073 5425 3726 5499; baseline -0.001 -13"><span class='ocrx_word' id='word_1_860' title='bbox 2073 5431 2247 5488; x_wconf 89' lang='lat' dir='ltr'>laudo</span> <span class='ocrx_word' id='word_1_861' title='bbox 2259 5434 2487 5486; x_wconf 89' lang='lat' dir='ltr'>tantam</span> <span class='ocrx_word' id='word_1_862' title='bbox 2499 5429 2912 5486; x_wconf 65' lang='lat' dir='ltr'>sacratissima:</span> <span class='ocrx_word' id='word_1_863' title='bbox 2929 5425 3231 5482; x_wconf 79' lang='lat' dir='ltr'>Trinitatis</span> <span class='ocrx_word' id='word_1_864' title='bbox 3246 5426 3494 5499; x_wconf 86' lang='lat' dir='ltr'>gloriam</span> <span class='ocrx_word' id='word_1_865' title='bbox 3512 5427 3574 5482; x_wconf 91' lang='lat' dir='ltr'>in</span> <span class='ocrx_word' id='word_1_866' title='bbox 3587 5429 3726 5486; x_wconf 90' lang='lat' dir='ltr'>duo-</span> 
     </span>
    </p>
   </div>
   <div class='ocr_carea' id='block_1_115' title="bbox 311 5515 3726 5594">
    <p class='ocr_par' dir='ltr' id='par_1_115' title="bbox 311 5515 3726 5594">
     <span class='ocr_line' id='line_1_115' title="bbox 311 5515 3726 5594; baseline 0.002 -27"><span class='ocrx_word' id='word_1_867' title='bbox 311 5529 434 5569; x_wconf 85' lang='lat' dir='ltr'>una</span> <span class='ocrx_word' id='word_1_868' title='bbox 463 5515 574 5572; x_wconf 89' lang='lat' dir='ltr'>ﬁde</span> <span class='ocrx_word' id='word_1_869' title='bbox 620 5516 768 5572; x_wconf 89' lang='lat' dir='ltr'>nihil</span> <span class='ocrx_word' id='word_1_870' title='bbox 799 5517 986 5574; x_wconf 85' lang='lat' dir='ltr'>ofﬁcit</span> <span class='ocrx_word' id='word_1_871' title='bbox 1025 5519 1244 5574; x_wconf 64' lang='lat' dir='ltr'>sanctas</span> <span class='ocrx_word' id='word_1_872' title='bbox 1291 5515 1558 5572; x_wconf 79' lang='lat' dir='ltr'>Ecclesiae</span> <span class='ocrx_word' id='word_1_873' title='bbox 1605 5520 1968 5576; x_wconf 89' lang='lat' dir='ltr'>consuetudo</span> <span class='ocrx_word' id='word_1_874' title='bbox 2076 5521 2265 5578; x_wconf 89' lang='lat' dir='ltr'>decim</span> <span class='ocrx_word' id='word_1_875' title='bbox 2287 5519 2522 5594; x_wconf 87' lang='lat' dir='ltr'>penitus</span> <span class='ocrx_word' id='word_1_876' title='bbox 2540 5517 2731 5574; x_wconf 89' lang='lat' dir='ltr'>verbis</span> <span class='ocrx_word' id='word_1_877' title='bbox 2753 5515 3196 5572; x_wconf 90' lang='lat' dir='ltr'>distinctionum</span> <span class='ocrx_word' id='word_1_878' title='bbox 3217 5515 3308 5572; x_wconf 92' lang='lat' dir='ltr'>vel</span> <span class='ocrx_word' id='word_1_879' title='bbox 3330 5516 3572 5592; x_wconf 82' lang='lat' dir='ltr'>syllabis</span> <span class='ocrx_word' id='word_1_880' title='bbox 3591 5517 3726 5575; x_wconf 85' lang='lat' dir='ltr'>bre-</span> 
     </span>
    </p>
   </div>
   <div class='ocr_carea' id='block_1_116' title="bbox 311 5600 3726 5683">
    <p class='ocr_par' dir='ltr' id='par_1_116' title="bbox 311 5600 3726 5683">
     <span class='ocr_line' id='line_1_116' title="bbox 311 5600 3726 5683; baseline 0.002 -24"><span class='ocrx_word' id='word_1_881' title='bbox 311 5600 557 5664; x_wconf 83' lang='lat' dir='ltr'>diversa.</span> <span class='ocrx_word' id='word_1_882' title='bbox 579 5605 698 5664; x_wconf 86' lang='lat' dir='ltr'>Nos</span> <span class='ocrx_word' id='word_1_883' title='bbox 718 5609 914 5664; x_wconf 87' lang='lat' dir='ltr'>autem</span> <span class='ocrx_word' id='word_1_884' title='bbox 937 5606 1093 5681; x_wconf 88' lang='lat' dir='ltr'>quod</span> <span class='ocrx_word' id='word_1_885' title='bbox 1125 5603 1300 5662; x_wconf 86' lang='lat' dir='ltr'>tertio</span> <span class='ocrx_word' id='word_1_886' title='bbox 1329 5604 1653 5679; x_wconf 85' lang='lat' dir='ltr'>mergimus</span> <span class='ocrx_word' id='word_1_887' title='bbox 1681 5607 1969 5668; x_wconf 66' lang='lat' dir='ltr'>triduanis</span> <span class='ocrx_word' id='word_1_888' title='bbox 2076 5611 2226 5671; x_wconf 89' lang='lat' dir='ltr'>viter</span> <span class='ocrx_word' id='word_1_889' title='bbox 2245 5609 2429 5670; x_wconf 85' lang='lat' dir='ltr'>fuisse</span> <span class='ocrx_word' id='word_1_890' title='bbox 2451 5606 2772 5680; x_wconf 85' lang='lat' dir='ltr'>expositam</span> <span class='ocrx_word' id='word_1_891' title='bbox 2794 5603 3247 5683; x_wconf 71' lang='lat' dir='ltr'>(tib.vm,eodem</span> <span class='ocrx_word' id='word_1_892' title='bbox 3276 5607 3336 5665; x_wconf 82' lang='lat' dir='ltr'>in</span> <span class='ocrx_word' id='word_1_893' title='bbox 3363 5608 3726 5683; x_wconf 81' lang='lat' dir='ltr'>princ.)Vere</span> 
     </span>
    </p>
   </div>
  </div>
