3962 6178
322 329 442 387 559

1257 323 1632 383 HlNCMARl
1678 321 2117 383 RHENENSIS
2163 318 2783 380 ARCHIEPISCOPI.

3598 317 3702 378 560

319 459 379 514 in
411 458 520 513 hoc
549 455 737 511 edicto
768 453 998 510 unitum
1031 454 1266 509 deitatis
1298 469 1507 509 nomen
1541 452 1728 509 Patris
1752 457 1809 508 et
1839 451 1964 508 Filii
1996 454 2050 520 Α
2079 451 2248 519 sisse,
2281 450 2361 506 ita
2392 435 2545 506 idem
2585 449 2942 505 Athanasius
2990 448 3051 502 in
3100 447 3248 502 libro
3297 447 3525 502 decimo
3553 447 3704 505 solvit

320 551 377 602 et
398 545 654 618 Spiritus
685 544 869 600 sancti
904 543 1155 599 missum
1185 548 1292 598 est.
1311 543 1456 598 Vere
1485 543 1543 596 in
1574 541 1682 597 hac
1703 541 1970 597 sacratis-

319 635 472 691 sima
491 631 780 690 Trinitate
808 633 1048 688 nomina
1067 632 1124 687 in
1158 631 1423 704 personis
1442 633 1671 686 tantum
1694 629 1972 684 distincta

319 725 477 780 sunt.
501 722 646 779 Vere
679 739 784 778 nec
813 723 926 790 lex,
956 739 1056 777 nec
1085 721 1396 794 prophetze,
1420 725 1542 775 tam
1574 718 1840 776 absolute
1861 719 1969 774 hoc

317 828 598 869 arcanum
620 811 968 885 mysterium
993 809 1604 880 revelaverunt.Super
1619 824 1853 864 omnem
1875 823 1970 862 cu-

316 899 688 958 stodiendam
711 899 992 956 divinitus
1013 897 1454 971 dispositionem
1473 898 1582 953 hoc
1603 895 1853 960 maxime
1876 913 1971 950 cu-

317 989 694 1046 stodiendum
715 987 975 1045 est.Vere
1001 1004 1177 1059 super
1198 987 1306 1042 hoc
1328 1004 1442 1042 non
1464 991 1552 1042 cst
1571 985 1724 1057 quod
1749 983 1970 1050 addi,et

316 1080 390 1136 ab
412 1079 522 1136 hoc
545 1096 661 1136 non
681 1082 772 1135 est
786 1078 943 1150 quod
965 1076 1400 1132 minuere.Vere
1419 1075 1478 1130 in
1501 1075 1610 1132 hoc
1633 1075 1852 1128 donum
1874 1073 1970 1128 ba-

315 1169 518 1242 ptismi
541 1172 896 1242 praeceptum
918 1165 1131 1222 addere
1153 1165 1241 1220 vel
1262 1165 1524 1220 minuere
1554 1161 1966 1234 blasphemum

315 1259 545 1314 est.Cur
562 1257 859 1314 indicatur
877 1255 1094 1321 unitas,
1110 1254 1159 1308 si
1177 1253 1235 1308 in
1255 1253 1420 1309 Patre
1439 1257 1495 1309 et
1513 1252 1654 1308 Filio
1672 1252 1731 1306 in
1745 1251 1966 1324 Spiritu

317 1350 520 1403 sancto
542 1363 658 1402 non
681 1363 800 1402 una
819 1349 994 1416 atque
1017 1344 1221 1400 eadem
1251 1343 1379 1416 ipsa
1401 1341 1642 1414 aequalis
1664 1339 1965 1414 plenitudo

318 1434 641 1492 divinitatis
651 1435 858 1507 ?»(Lib.
883 1451 944 1501 ιι,
964 1440 1083 1504 post
1099 1431 1240 1489 med.
1264 1447 1450 1488 versus
1469 1430 1677 1502 finem.)
1694 1431 1764 1484 Et
1791 1429 1850 1484 in
1873 1445 1964 1484 se-

320 1525 512 1581 cundo
534 1523 682 1579 libro
703 1522 1000 1596 apostolos
1021 1521 1234 1577 missos
1259 1521 1462 1586 fuisse,
1484 1518 1698 1592 inquit,
1724 1523 1788 1574 ut
1818 1519 1966 1591 bap-

314 1611 560 1679 tizarent
579 1628 783 1668 omnes
804 1616 1006 1682 gentes
1027 1611 1085 1666 in
1109 1611 1273 1666 unite
1297 1609 1384 1665 vel
1411 1607 1708 1664 communi
1731 1607 1966 1663 nomine

311 1699 567 1758 deitatis.
599 1701 693 1770 Ite,
747 1691 1013 1773 baptizata
1069 1716 1250 1756 omnes
1307 1707 1486 1770 gentes
1537 1700 1597 1753 in
1640 1699 1882 1763 nomine,
1909 1701 1966 1752 et

311 1789 396 1846 sic
428 1795 774 1864 prosecutus
805 1793 893 1845 est
922 1807 1026 1862 per
1063 1788 1326 1860 singulas
1359 1805 1658 1860 personas,
1689 1789 1890 1855 Patris,
1915 1793 1965 1842 et
1995 1824 2040 1890 Β

307 1879 463 1946 Filii,
522 1889 576 1937 et
627 1879 868 1952 Spiritus
922 1881 1100 1934 sancti
1144 1878 1286 1950 (Mat.
1330 1895 1524 1946 xxvm,
1571 1877 1677 1945 19).
1721 1901 1748 1926 ‹‹
1799 1877 1965 1932 Nun-

309 1967 451 2040 quid
485 1971 678 2041 potest
706 1972 911 2022 contra
953 1966 1216 2039 regulam
1259 1966 1589 2022 traditionis
1621 1965 1963 2038 evangelica:

309 2069 592 2126 censurae,
627 2055 697 2110 de
747 2056 856 2110 hoc
907 2055 1070 2111 unito
1121 2055 1428 2110 Trinitatis
1483 2054 1719 2110 nomine
1777 2055 1964 2110 sancti

309 2143 565 2216 Spiritus
617 2143 851 2200 sublata
891 2144 980 2200 vel
1031 2144 1210 2200 tacita
1261 2161 1530 2216 persona,
1563 2143 1858 2215 baptisma
1904 2143 1972 2214 in.

309 2230 571 2296 Ecclesia
599 2233 922 2305 perfectum
955 2231 1274 2288 celebrari?
1290 2231 1477 2286 Absit.
1501 2231 1668 2288 Disce
1698 2247 1834 2304 ergo
1855 2231 1962 2286 hoc

225 2302 236 2318 ’
311 2316 544 2392 unitum
575 2337 790 2378 nomen
821 2337 950 2377 esse
986 2319 1409 2392 sempiternum
1442 2320 1500 2374 in
1533 2320 1746 2376 deitate
1778 2319 1964 2376 Patris

305 2409 454 2477 ιη
491 2413 549 2467 et
579 2409 708 2468 Filii
755 2413 812 2466 et
860 2409 1114 2482 Spiritus
1175 2409 1432 2465 sancti.»
1457 2407 1620 2464 Sicut
1671 2425 1854 2464 unum
1903 2407 1961 2464 et

305 2497 600 2571 baptisma
617 2503 708 2556 est
727 2498 886 2570 fidei,
911 2499 1066 2570 quod
1085 2496 1262 2553 vitam
1288 2501 1566 2553 azternam
1589 2497 1960 2555 credentibus

305 2586 693 2660 tribuit,quia
712 2586 865 2643 sicut
894 2587 1126 2642 unitum
1154 2603 1364 2642 nomen
1391 2590 1480 2642 est
1511 2585 1569 2640 in
1601 2590 1812 2642 natura
1833 2587 1958 2642 Tri-

303 2675 630 2748 nitatis,ita
655 2680 712 2733 et
733 2692 919 2731 unum
942 2675 1162 2731 donum
1183 2691 1288 2747 per
1311 2675 1672 2747 baptismum
1695 2675 1962 2732 divinita-

301 2764 402 2820 tis.
424 2763 741 2838 Apostolus
773 2764 856 2820 ait
884 2781 898 2819 ε
926 2765 1041 2822 Una
1069 2763 1224 2836 ﬁdes,
1249 2781 1422 2820 unum
1451 2764 1717 2836 baptisma
1739 2766 1953 2836 (Ephes.

301 2867 377 2924 iv,
399 2854 477 2927 5),
498 2851 716 2911 idcirco
748 2854 906 2927 quod
937 2869 1147 2910 nomen
1179 2853 1368 2910 Patris
1411 2853 1488 2910 sit
1530 2853 1588 2908 in
1631 2853 1952 2924 divinitate,

301 2943 412 3000 hoc
458 2959 672 3000 nomen
723 2943 802 3000 sit
828 2947 888 3000 et
919 2942 1048 3000 Filii
1097 2943 1158 2998 in
1207 2947 1419 2999 natura
1467 2943 1722 3010 deitatis,
1757 2943 1843 3000 sic
1899 2949 1956 3000 et

299 3033 489 3090 sancti
511 3034 766 3108 Spiritus
787 3032 1106 3090 identidem
1129 3033 1240 3089 hoc
1263 3049 1473 3090 nomen
1502 3032 1579 3088 sit
1599 3032 1658 3086 in
1682 3033 1954 3090 substan-

301 3122 384 3179 tia
412 3121 727 3192 claritatis;
750 3139 878 3195 qua:
899 3121 994 3178 hic
1025 3122 1276 3178 breviter
1298 3121 1540 3178 collecta
1568 3121 1750 3178 lector
1771 3121 1949 3178 latius

2080 563 2107 590 ‹‹
2129 539 2252 596 Non
2275 539 2430 595 enim
2449 541 2733 611 scriptum
2752 538 2971 611 est(lib.
2989 554 3063 604 x1,
3073 545 3193 610 post
3210 536 3494 606 mediam),
3510 536 3705 610 inquit,

2078 629 2217 701 quia
2237 627 2677 700 baptizaverunt
2696 627 2755 682 in
2777 627 3011 683 nomine
3034 626 3220 683 Patris
3240 629 3297 682 et
3320 625 3445 681 Filii
3467 631 3524 682 et
3541 626 3708 699 Spiri-

2077 721 2174 773 tus
2197 717 2407 786 sancti,
2423 717 2524 773 sed
2547 719 2780 772 tantum
2804 715 2867 772 in
2890 715 3124 772 nomine
3143 716 3304 782 Jesu,
3321 715 3421 771 sed
3444 731 3557 770 non
3583 721 3708 772 sunt

2077 805 2456 878 prtevaricati,
2489 804 2660 861 absit.
2694 805 2840 860 Nam
2881 803 3018 860 licet
3054 802 3184 860 Filii
3213 819 3426 860 nomen
3457 807 3707 860 tantum-

2077 894 2250 950 modo
2282 893 2529 960 dicatur,
2570 893 2748 950 habet
2793 897 2990 950 tamen
3039 894 3265 949 Patrem
3325 896 3382 949 et
3437 891 3708 966 Spiritum

2076 986 2346 1038 sanctum
2368 982 2834 1055 pronuntiatum,
2849 981 3003 1038 sicut
3017 981 3334 1054 Scripturis
3359 981 3581 1038 sanctis
3598 998 3713 1054 pro-

2075 1072 2309 1128 bamus.
2343 1073 2546 1144 Itaque
2575 1076 2632 1128 et
2657 1071 2909 1144 Spiritus
2939 1075 3179 1128 sanctus
3209 1071 3452 1127 sabaoth
3484 1071 3712 1139 dicitur,

2075 1165 2134 1216 et
2161 1165 2250 1217 est
2279 1177 2414 1216 cum
2446 1161 2562 1216 Deo
2597 1165 2654 1216 et
2691 1176 2825 1217 cum
2867 1159 3011 1217 Filio
3039 1177 3073 1215 a
3097 1157 3381 1232 Seraphin
3423 1159 3712 1228 adoratus,

2075 1253 2311 1322 propter
2342 1250 2500 1323 quod
2532 1250 2655 1306 haec
2701 1255 2788 1306 ter
2834 1249 3105 1305 dicebant
3138 1266 3152 1304 :
3184 1249 3432 1317 Sanctus,
3481 1257 3713 1321 sanctus,

2072 1347 2312 1407 sanctus,
2338 1344 2404 1394 ut
2447 1338 2795 1394 Trinitatem
2845 1337 3310 1411 pronuntiarent.
3340 1362 3368 1390 ιι
3401 1339 3472 1394 Et
3518 1339 3718 1396 beatus

2070 1426 2416 1483 Ambrosius
2446 1427 2506 1482 in
2538 1426 2687 1483 libro
2718 1427 2790 1482 de
2824 1427 3136 1500 Fide,quia
3163 1443 3269 1500 per
3297 1428 3607 1496 unitatem,
3638 1427 3716 1484 in-

2074 1515 2221 1587 quit,
2257 1516 2514 1572 nominis
2557 1515 2866 1589 impletum
2917 1516 3264 1589 mysterium
3313 1517 3410 1574 sit.
3447 1517 3558 1584 Qui
3611 1516 3720 1574 sive

2071 1603 2369 1660 Christum
2403 1604 2584 1672 dicas,
2609 1610 2668 1660 et
2701 1605 2885 1661 Deum
2915 1605 3141 1660 Patrem
3173 1621 3208 1660 a
3237 1621 3352 1676 quo
3391 1609 3612 1662 unctus
3638 1610 3721 1663 est

2075 1691 2280 1760 Filius,
2302 1692 2586 1766 et-ipsum
2607 1693 2708 1764 qui
2731 1697 2946 1748 unctus
2973 1696 3062 1749 est
3092 1691 3326 1760 Filium,
3349 1697 3408 1749 et
3437 1694 3720 1764 Spiritum

2073 1797 2189 1854 quo
2211 1787 2428 1837 unctus
2457 1785 2548 1838 est
2576 1782 2920 1854 designasti.
2947 1782 3247 1854 Scrtptum
3278 1787 3368 1838 est
3398 1783 3560 1838 enim
3599 1801 3612 1839 :
3641 1784 3719 1840 le-

2071 1887 2196 1926 sum
2223 1887 2258 1926 a
2307 1871 2595 1938 Natareth,
2630 1871 2889 1944 quomodo
2936 1872 3102 1927 unxit
3145 1887 3268 1926 cum
3317 1875 3464 1928 Deus
3509 1871 3724 1944 Spiritu

2072 1968 2256 2016 sancto
2286 1961 2420 2029 (Act.
2453 1977 2508 2026 x,
2541 1962 2661 2032 38);
2713 1960 2833 2016 sive
2885 1959 3113 2016 Patrem
3163 1959 3342 2030 dicas,
3397 1964 3456 2017 et
3512 1961 3723 2017 Filium

2072 2050 2201 2120 ejus
2231 2053 2288 2103 et
2319 2048 2600 2120 Spiritum
2633 2047 2749 2104 oris
2786 2049 3004 2122 pariter
3039 2049 3332 2118 indicasti,
3357 2049 3406 2105 si
3437 2054 3640 2107 tamen
3671 2050 3723 2107 id

2071 2137 2246 2192 etiam
2270 2139 2443 2193 corde
2463 2137 2926 2210 comprehendas
2950 2156 2963 2194 :
2989 2155 3115 2210 quae
3145 2138 3324 2195 latius
3347 2139 3407 2195 in
3431 2140 3562 2195 suis
3589 2139 3724 2196 locis

2070 2226 2253 2282 lector
2273 2225 2546 2282 inveniet.
2571 2227 2736 2282 Nunc
2758 2231 2955 2282 autem
2981 2225 3241 2284 Ecclesia
3259 2227 3552 2285 catholica
3573 2227 3726 2286 cuni-

2071 2313 2234 2371 culos
2256 2314 2664 2371 haereticorum
2685 2315 2974 2388 oppilans,
3000 2315 3130 2389 ipsa
3153 2317 3324 2373 verba
3351 2317 3592 2373 Domini
3616 2303 3724 2375 sai-

2068 2404 2304 2472 vatoris,
2320 2404 2391 2460 de
2422 2420 2537 2476 quo
2569 2405 2856 2476 scriptum
2879 2409 2968 2460 est
2995 2422 3008 2460 :
3031 2409 3151 2478 Ipse
3178 2415 3259 2463 est
3284 2408 3433 2463 enim
3454 2408 3558 2480 qui
3578 2405 3722 2464 408

2070 2495 2328 2566 baptizat,
2361 2494 2420 2548 in
2449 2493 2882 2550 consecratione
2931 2495 3079 2550 sacri
3119 2495 3517 2567 baptismatis,
3554 2495 3726 2552 corde

2068 2582 2354 2638 credendo
2377 2583 2450 2638 ad
2469 2581 2789 2652 justitiam,
2813 2586 2870 2638 et
2899 2599 2996 2639 ore
3017 2585 3350 2640 confitendo
3374 2585 3444 2640 ad
3468 2584 3722 2642 salutem

2066 2670 2428 2744 pronuntiat.
2452 2672 2715 2728 Tandem
2736 2671 3152 2730 Gothescalcus
3172 2673 3490 2730 subnectit.

2133 2857 2188 2916 ἐκ
2236 2873 2264 2900 ‹‹
2293 2850 2420 2906 Pari
2443 2849 2621 2906 etiam
2655 2851 2827 2906 modo
2851 2867 2986 2906 cum
3011 2851 3227 2906 dicitur
3255 2850 3411 2908 trina
3433 2851 3524 2909 vel
3559 2857 3724 2910 terna

2064 2962 2091 2990 ‹‹
2129 2939 2294 3008 fides,
2319 2942 2385 2994 ut
2413 2943 2502 2996 est
2531 2937 2678 2995 illud
2710 2939 2931 2995 Sedulii
2964 2938 3154 2996 ﬁdelis
3185 2944 3365 3012 poetae
3396 2940 3483 2996 tui
3519 2959 3533 2997 :

2125 3029 2227 3078 Iste
2257 3027 2418 3078 ﬁdem
2447 3033 2674 3089 ternum,
2705 3031 2786 3079 ast
2813 3027 2899 3078 hic
2927 3041 3038 3078 non
3069 3029 3404 3093 amplectitur
3431 3043 3624 3093 unum,

2065 3139 2093 3169 ‹‹
2123 3117 2250 3174 Νοη
2281 3121 2422 3185 tres,
2455 3119 2610 3190 quod
2640 3118 2812 3186 absit,
2837 3119 3003 3186 ﬁdes,
3031 3119 3130 3174 sed
3167 3136 3282 3175 una
3311 3124 3400 3176 est
3428 3120 3609 3192 fides,
3631 3120 3717 3177 di-

302 3211 362 3266 in
393 3209 520 3267 suis
561 3191 1006 3268 locisinveniet.
1041 3210 1142 3265 His
1183 3209 1602 3266 catholicorum
1642 3210 1945 3266 doctorum
1977 3191 2020 3260 C
2059 3230 2088 3258 «
2123 3211 2289 3263 cente
2315 3207 2590 3279 Apostolo
2625 3225 2638 3264 :
2673 3207 2798 3263 Una
2828 3207 2993 3264 fides.
3020 3230 3050 3257 »

297 3297 494 3354 verbis
524 3302 582 3354 et
606 3297 882 3354 sensibus
902 3297 1316 3370 comprobatur
1337 3315 1450 3353 non
1473 3314 1600 3352 esse
1632 3302 1824 3353 ratum
1849 3299 1954 3354 Go~

301 3384 582 3453 thescalci
611 3384 1040 3457 testimonium,
1063 3386 1220 3458 quod
1242 3387 1312 3440 de
1333 3403 1438 3440 suo
1471 3403 1504 3442 a
1534 3387 1848 3458 semetipso
1873 3387 1950 3444 loo

301 3489 509 3547 quens,
533 3477 591 3530 et
617 3472 863 3547 gloriam
895 3473 1190 3547 propriam
1214 3491 1502 3546 quaerens,
1525 3479 1584 3530 et
1613 3492 1730 3532 non
1763 3476 1833 3533 de
1861 3493 1949 3532 ca-

299 3558 652 3620 tholicorum
685 3563 992 3637 scripturis
1020 3564 1092 3618 ad
1125 3581 1295 3620 suam
1327 3564 1792 3622 conﬁrmandam
1824 3583 1952 3622 sen-

300 3651 542 3708 tentiam
574 3651 837 3726 protulit,
873 3653 1072 3708 dicens
1104 3669 1118 3707 :
1151 3653 1331 3708 Trina
1370 3652 1604 3722 mersio,
1641 3660 1698 3710 et
1725 3655 1948 3710 trinum

299 3739 684 3814 baptismum,
708 3741 766 3796 id
799 3745 888 3798 est
917 3741 1074 3796 trina
1098 3740 1322 3810 tinctio,
1349 3759 1466 3797 una
1484 3747 1574 3798 est
1602 3743 1951 3816 generaliter

300 3829 515 3885 mersio
545 3835 604 3885 et
633 3847 752 3884 una
780 3829 1004 3900 tinctio,
1029 3829 1087 3884 id
1119 3833 1209 3886 est
1239 3847 1424 3886 unum
1455 3831 1779 3903 baptisma;
1813 3850 1949 3905 quo-

298 3917 460 3973 niam
479 3916 834 3973 catholicum
855 3917 1236 3990 baptismum,
1253 3923 1317 3974 ut
1334 3919 1538 3975 beatus
1555 3921 1806 3976 ostendit
1818 3922 1948 3978 Gre-

297 4005 520 4080 gorius.
543 4023 663 4064 una
688 4008 996 4076 mersione,
1023 4008 1123 4063 sed
1157 4009 1216 4063 in
1248 4009 1484 4064 nomine
1516 4014 1729 4066 sanctae
1761 4012 1946 4067 Trinio

297 4095 440 4152 tatis
469 4095 595 4153 fieri
625 4100 837 4170 potest.
871 4097 1032 4154 Unde
1077 4097 1231 4153 idem
1276 4098 1633 4155 Athanasius
1667 4100 1724 4156 in
1755 4101 1944 4173 primo

295 4183 446 4258 libro
499 4184 571 4242 de
627 4185 764 4241 Fide
795 4185 882 4258 (de
933 4187 1086 4242 unito
1140 4187 1362 4242 nomine
1422 4187 1724 4257 Trinitatis)
1754 4188 1941 4246 dicit:

295 4297 324 4326 ι(
345 4273 627 4346 Nunquid
657 4279 880 4348 gentes,
905 4274 1122 4347 quibus
1149 4274 1423 4331 introitus
1441 4276 1636 4347 januae
1659 4278 1942 4333 credenti-

293 4363 406 4422 bus
438 4363 510 4420 ad
537 4364 719 4421 vitam
751 4367 1027 4420 aeternam
1060 4368 1268 4436 patens
1302 4369 1411 4436 est,
1444 4367 1852 4422 tantummodo
1883 4366 1942 4422 in

292 4465 605 4523 personam
636 4451 826 4508 Patris
870 4453 1254 4524 baptizantur,
1281 4455 1338 4508 et
1366 4469 1482 4508 non
1527 4452 1588 4507 in
1625 4457 1764 4522 tres,
1797 4471 1940 4527 quo-

2129 3295 2238 3351 XP.
2275 3296 2390 3351 Hoc
2420 3297 2576 3368 quod
2609 3296 2776 3368 quasi
2806 3296 3049 3365 noviter,
3073 3297 3228 3354 unde
3260 3297 3547 3354 miremur
3567 3298 3720 3354 vide-

2058 3383 2214 3450 licet,
2232 3384 2404 3440 {idem
2427 3401 2670 3440 numero
2691 3383 2903 3457 plurali
2926 3386 3289 3442 enuntiatum
3313 3385 3482 3442 nobis
3504 3403 3716 3460 propo-

2058 3489 2195 3529 nere
2214 3473 2418 3540 voluit,
2441 3479 2684 3531 sanctus
2704 3473 2959 3530 Hilarius
2980 3473 3260 3546 antiquus
3281 3479 3338 3531 et
3357 3475 3718 3532 venerabilis

2059 3561 2228 3618 Pater
2254 3561 2316 3618 in
2347 3562 2496 3620 libro
2535 3565 2606 3620 de
2657 3563 2898 3636 synodis
2929 3563 3098 3620 nobis
3129 3569 3285 3620 recto
3315 3581 3496 3620 sensu
3549 3581 3719 3620 mon-

2057 3651 2280 3720 stravit,
2301 3652 2457 3722 quod
2490 3652 2600 3708 iste
2630 3652 3106 3725 praesumptionis
3135 3669 3311 3708 sensu
3359 3653 3721 3724 pravissimo

2057 3741 2420 3796 monstravit.
2445 3764 2473 3791 ‹‹
2508 3740 2688 3810 Nihil,
2709 3741 2902 3813 inquit
2924 3745 3165 3798 sanctus
3187 3741 3464 3810 Hilarius,
3493 3743 3716 3798 mirum

2053 3828 2235 3884 videri
2255 3829 2418 3886 vobis
2443 3831 2634 3899 debet,
2659 3830 2868 3886 fratres
2891 3829 3413 3902 charissimi,quod
3439 3831 3719 3905 frequen-

2054 3921 2144 3973 ter
2188 3919 2394 3990 exponi
2434 3919 2580 3975 ﬁdes
2625 3922 2825 3991 empta:
2860 3923 3034 3976 .sunt.
3083 3919 3507 3976 Necessitatem
3559 3921 3715 3977 hanc

2053 4007 2215 4062 furor
2241 4005 2548 4064 haereticus
2578 4006 2878 4080 imposuit.
2905 4030 2927 4057 ο
2956 4007 3196 4081 Propter
3223 4007 3405 4082 stylos
3439 4007 3652 4081 plures
3684 4026 3718 4066 ιι

2053 4101 2254 4152 sancto
2283 4095 2498 4152 Hilario
2530 4097 2697 4154 dictis
2742 4100 2882 4152 sunt
2919 4096 3132 4170 plurali
3171 4115 3414 4154 numero
3446 4098 3624 4170 ﬁdes,
3656 4103 3717 4156 et

2050 4189 2288 4258 propter
2315 4185 2713 4259 pluralitatem
2744 4185 3151 4258 scriptionum,
3176 4203 3292 4244 non
3322 4191 3568 4260 propter
3587 4204 3718 4246 cre-

2051 4273 2316 4331 dulitatis
2354 4273 2727 4342 divisionem;
2763 4275 2921 4347 quia,
2955 4279 3021 4330 ut
3065 4275 3452 4349 Hieronymus
3504 4276 3569 4333 in
3622 4294 3718 4334 se-

2050 4365 2243 4419 cundo
2273 4363 2422 4419 libro
2450 4363 2776 4420 Commenti
2808 4363 3078 4436 Epistolas
3119 4363 3282 4420 Pauli
3313 4365 3384 4421 ad
3417 4365 3720 4437 Ephesios

2051 4451 2193 4508 dicit
2224 4469 2238 4507 :
2267 4474 2294 4502 «
2329 4452 2638 4524 Propterea
2664 4456 2722 4508 et
2750 4453 2896 4510 ﬁdes
2939 4470 3058 4508 una
3094 4452 3328 4520 dicitur,
3362 4453 3508 4526 quia
3537 4454 3719 4510 simi-

291 4553 426 4594 rum
448 4539 698 4624 nomina
726 4539 848 4596 haec
881 4541 1097 4596 suntin
1116 4541 1381 4614 personis
1411 4541 1709 4610 distincta,
1734 4541 1941 4612 Patris,
1973 4557 2019 4624 D
2049 4540 2183 4596 liter
2209 4540 2270 4595 in
2301 4541 2532 4596 Patrem
2563 4546 2620 4596 et
2649 4541 2709 4596 in
2759 4540 2972 4596 Filium
3021 4545 3078 4597 et
3128 4541 3188 4596 in
3239 4541 3530 4614 Spiritum
3573 4560 3719 4600 san-

291 4629 350 4696 et
380 4623 530 4692 Filii,
557 4631 616 4682 et
645 4626 896 4698 Spiritus
947 4629 1155 4698 sancti,
1180 4629 1399 4700 quibus
1430 4635 1519 4685 est
1567 4647 1685 4685 una
1730 4635 1942 4688 natura
1976 4623 1991 4624 ί
2051 4634 2213 4685 ctum
2263 4629 2578 4686 credimus.
2606 4653 2624 4680 ι
2654 4630 2724 4684 Et
2762 4629 3132 4704 Augustinus
3163 4629 3224 4686 in
3256 4629 3483 4686 decimo
3535 4631 3720 4688 tertio

291 4712 635 4785 divinitatis,
675 4714 830 4772 sicut
883 4717 1167 4789 scriptum
1218 4723 1308 4774 cst
1359 4736 1372 4774 :
1421 4719 1620 4776 Euntcs
1677 4719 1943 4792 baptizata

279 4815 474 4878 omnes
497 4811 677 4874 gentes
701 4806 761 4859 in
789 4807 1030 4870 nomine,
1053 4793 1213 4860 ctsic
1235 4813 1582 4878 prosccutus
1601 4813 1711 4877 est,
1733 4810 1939 4880 Patris,

287 4899 341 4948 et
364 4891 517 4960 Filii,
549 4900 601 4948 et
624 4892 864 4966 Spiritus
905 4896 1124 4950 sancti?
1153 4895 1299 4964 (Mat.
1323 4913 1520 4963 xxvm,
1547 4897 1655 4966 19).
1684 4898 1846 4954 Unde
1877 4899 1936 4954 in

286 4980 381 5037 his
412 4981 679 5054 personis
709 4999 814 5054 per
855 4983 1054 5039 omnia
1097 4983 1158 5038 in
1208 4983 1419 5040 deitate
1450 4986 1774 5042 divinitatis
1807 4987 1936 5042 uni-

269 5073 412 5148 tum
445 5087 657 5128 nomen
687 5076 796 5139 est,
818 5074 874 5128 et
903 5089 1007 5145 per
1050 5072 1177 5145 ipsa
1208 5073 1450 5130 nomina
1477 5074 1782 5132 Trinitatis
1806 5079 1932 5132 tan-

279 5161 411 5216 tum
443 5175 702 5234 personis
723 5160 1010 5218 distincta-3
1037 5166 1234 5218 sunt.»
1256 5162 1327 5217 Et
1357 5161 1545 5244 paulo.
1562 5168 1696 5234 post
1715 5180 1765 5220 :«
1791 5165 1936 5236 Spes

283 5248 418 5306 fidei
441 5253 652 5307 nostra:
679 5249 801 5306 haec
823 5254 930 5319 est,
954 5254 1020 5306 ut
1051 5250 1109 5306 in
1141 5251 1434 5322 baptismo
1459 5251 1696 5306 unitum
1726 5251 1933 5308 divini-

275 5337 421 5394 tatis
437 5355 650 5395 nomen
668 5338 831 5410 prius
848 5339 1199 5407 conﬁtearis,
1216 5343 1281 5394 ut
1297 5339 1546 5394 remissa
1561 5345 1933 5410 peccatorum

279 5423 341 5482 in
371 5423 465 5506 his
493 5427 760 5500 personis
781 5427 1060 5500 consequi
1087 5427 1424 5482 merearis.»
1447 5429 1610 5492 Quod
1643 5433 1840 5485 autem
1873 5430 1932 5486 in

279 5511 522 5570 historia
538 5531 706 5571 sacra
721 5517 974 5573 Actuum
997 5515 1394 5588 apostolorum
1417 5515 1690 5588 legimus,
1706 5524 1934 5590 aposto-

273 5599 364 5664 los
391 5599 455 5662 in
483 5603 722 5662 nomine
767 5605 908 5665 Jcsu
937 5603 1150 5665 Christi
1193 5602 1440 5680 gentiles
1489 5605 1773 5682 baptizari
1797 5608 1927 5682 jus-

2049 4718 2197 4773 lihro
2228 4718 2365 4791 (cap.
2399 4719 2490 4786 11)
2519 4719 2591 4774 de
2621 4717 2906 4774 Trinitate
2939 4736 2988 4774 :«
3022 4718 3148 4774 Non
3198 4717 3357 4774 enim
3402 4719 3553 4775 fides
3597 4737 3719 4776 nu-

2049 4824 2209 4864 mero
2252 4811 2341 4863 est
2389 4824 2526 4873 una,
2550 4807 2650 4863 sed
2699 4821 2928 4880 genere.
2955 4807 3195 4880 Propter
3246 4806 3718 4866 similitudinem

2047 4899 2264 4966 tamen,
2278 4900 2336 4951 et
2355 4894 2580 4950 nullam
2602 4894 3022 4964 diversitatem,
3035 4895 3225 4968 magis
3245 4911 3426 4951 unam
3443 4896 3718 4954 dicimus

2046 4999 2174 5040 esse
2213 4981 2391 5057 quam
2422 4983 2678 5040 multas:
2707 4988 2764 5039 et
2802 4987 3000 5041 tamen
3041 4983 3142 5056 qui
3177 4984 3320 5041 dicit
3349 5001 3364 5040 :
3401 4984 3442 5040 0
3468 4987 3716 5056 mulier,

2042 5090 2245 5145 magna
2291 5080 2370 5130 est
2412 5073 2544 5144 ﬁdes
2592 5081 2687 5129 tua
2717 5073 2920 5142 (Matth.
2944 5090 3037 5143 xv,
3058 5075 3180 5143 28);
3231 5077 3288 5130 et
3334 5073 3500 5131 alteri
3537 5090 3550 5130 :
3586 5075 3716 5132 Πο-

2043 5161 2184 5219 ἁίσέε
2227 5161 2375 5234 ﬁdei,
2421 5179 2590 5235 quare
2643 5161 2954 5218 dubitasti?
2995 5161 3200 5234 (Matth.
3231 5179 3346 5231 xxv,
3379 5163 3472 5234 31)
3525 5179 3718 5220 suam

2042 5250 2253 5324 cuique
2283 5267 2410 5308 esse
2450 5250 2822 5324 significabat
2847 5267 2860 5305 :
2885 5251 2984 5306 sed
3017 5249 3102 5306 ita
3139 5251 3355 5308 dicitur
3391 5251 3602 5308 eadem
3639 5253 3717 5307 li-

2041 5341 2146 5396 des
2171 5358 2309 5406 una,
2335 5339 2834 5412 quemadmodum
2857 5339 3060 5396 eadem
3081 5338 3400 5396 volentium
3421 5339 3720 5398 voluntas

2043 5446 2179 5484 una.
2209 5451 2236 5480 ››
2268 5429 2340 5486 Et
2368 5432 2610 5485 sanctus
2642 5427 2954 5502 Gregorius
2985 5427 3046 5484 in
3077 5433 3285 5500 quarto
3317 5428 3467 5485 libro
3498 5427 3720 5485 Dialo-

2039 5533 2248 5592 gorum
2276 5518 2413 5591 (cap.
2436 5521 2495 5588 2)
2523 5517 2666 5574 dicit
2721 5517 2860 5590 quia
2917 5517 3044 5574 sine
3098 5518 3214 5574 ﬁde
3272 5533 3376 5574 nec
3434 5515 3718 5576 inﬁdelis

2038 5606 2196 5669 vivit.
2222 5628 2252 5658 »
2275 5605 2444 5665 Fides
2475 5609 2694 5680 autem,
2727 5606 2798 5666 de
2827 5622 2945 5684 qua
2970 5606 3288 5684 Apostolus
3319 5605 3462 5664 dicit
3492 5621 3506 5662 :
3541 5605 3721 5667 Una“
