3962 6178
297 389 408 482 ῧθι

1354 423 1457 484 DE
1503 423 1661 486 UNA
1709 423 1811 484 ET
1859 425 2016 484 NON
2064 423 2303 486 TRlNA
2349 425 2710 486 DEITATE.

3595 423 3716 486 562

295 554 455 620 Deus,
490 569 604 608 una
632 550 783 624 fides,
811 569 984 609 unum
1014 551 1280 626 baptism
1300 555 1514 628 (Ephes.
1541 573 1618 623 IV,
1639 557 1720 625 5),
1747 555 1945 613 catho-
1978 557 2032 626 Α
2062 559 2180 613 tate
2211 556 2436 614 divisus
2464 561 2574 626 est,
2598 562 2826 614 constat
2854 557 2994 631 quia
3025 561 3352 632 proximum
3385 577 3501 618 non
3533 563 3719 626 amat,

296 643 408 699 lica
433 647 546 713 est,
577 660 612 700 a
643 660 761 715 qua
808 661 928 700 una
973 643 1074 699 Dei
1125 643 1419 712 columba,
1452 645 1726 701 videlicet
1757 650 1963 703 sancta

296 731 577 800 Ecclesia,
605 737 983 805 nuncupatur
1028 733 1332 802 catholica,
1359 735 1414 790 id
1449 739 1538 791 est
1584 735 1959 792 universalis.

297 823 430 892 Quae
465 825 558 877 est
588 838 705 876 una
735 821 969 889 domus,
1003 822 1074 878 de
1105 839 1222 894 qua
1251 822 1511 896 prazcipit
1541 824 1828 879 Dominus
1861 841 1963 896 per

297 910 537 983 Moysen
561 909 707 965 nihil
731 911 917 966 eﬁ‘erri
942 911 1013 966 de
1041 911 1302 984 paschali
1328 928 1478 986 agno
1499 913 1694 982 (Exod.
1721 931 1820 980 xu,
1844 915 1958 981 46),

293 1000 391 1056 sed
423 1000 490 1055 in
523 1017 592 1056 ea
621 999 790 1056 illum
820 1000 1047 1056 comedi
1081 1018 1095 1055 :
1128 1005 1185 1056 et
1215 1019 1368 1070 arca,
1393 1007 1554 1058 extra
1585 1019 1766 1075 quam
1808 1001 1960 1056 dilu-

291 1087 362 1171 vii
389 1093 658 1162 tempore
681 1089 929 1162 quisque
951 1095 1214 1163 repertus
1236 1108 1349 1146 non
1372 1092 1562 1164 potuit
1581 1091 1791 1147 vivere.
1807 1092 1957 1159 Haec,

292 1177 568 1250 lnquam,
594 1196 713 1235 una
743 1179 888 1236 ﬁdes
915 1183 1025 1246 est,
1050 1197 1162 1234 non
1197 1197 1464 1248 numero,
1487 1181 1586 1236 sed
1621 1197 1831 1254 genere
1863 1196 1959 1251 ge-

290 1267 517 1323 neralis
537 1267 886 1340 generaliter
905 1269 1170 1324 omnium
1202 1268 1258 1323 in
1284 1269 1508 1325 unitate
1529 1273 1744 1325 sancta:
1767 1269 1959 1325 Eccle-

291 1355 386 1412 sia:
418 1355 896 1412 consistentium.
923 1358 1056 1423 Quae
1088 1357 1318 1412 sicutin
1343 1357 1662 1431 apostolico
1695 1357 1960 1430 symbolo

292 1445 890 1512 eontinetur,sanctis
920 1446 1200 1518 apostolis
1225 1463 1258 1501 a
1277 1447 1505 1502 Christo
1529 1451 1617 1502 est
1645 1447 1880 1514 tradita,
1905 1451 1962 1502 et

289 1535 361 1592 ab
389 1550 608 1590 eorum
657 1535 1274 1604 successoribus,viris
1319 1535 1540 1591 scilicet
1570 1535 1877 1608 apostolis,
1900 1536 1958 1590 in

289 1640 386 1680 sex
421 1621 802 1696 generalibus
826 1623 1156 1696 synodis,id
1181 1629 1270 1680 est
1290 1624 1522 1679 Nictena
1553 1629 1812 1696 tempore
1833 1641 1962 1680 san-

289 1712 364 1769 cti
376 1711 649 1768 Silvestri
663 1729 826 1784 papa:
844 1729 908 1768 ac
925 1712 1286 1768 Constantini
1297 1712 1962 1786 ,Constantinopolitana

291 1801 670 1874 temporibus
689 1801 924 1858 Damasi
953 1806 1008 1857 et
1029 1801 1313 1868 Gratiani,
1337 1802 1590 1874 Ephesia
1611 1803 1720 1858 sub
1743 1802 1960 1858 lees-

293 1891 416 1948 tino
443 1894 504 1948 et
523 1890 870 1960 Theodosio,
885 1891 1341 1947 Chalcedonensi
1367 1890 1733 1964 temporibus
1752 1891 1961 1947 Leonis

292 1985 346 2036 et
375 1979 684 2047 Martiani,
711 1980 850 2036 item
866 1979 1513 2052 Constantinopolitana
1534 1980 1644 2035 sub
1666 1979 1876 2053 Vigilio
1907 1985 1964 2036 et

289 2069 656 2137 Justiniano,
688 2068 948 2141 itemque
969 2067 1620 2142 Constantinopolitano
1657 2069 1767 2124 sub
1807 2070 1962 2142 Aga-

281 2159 476 2216 thone
493 2162 556 2215 et
577 2158 958 2215 Constantino
973 2159 1231 2230 juniore,
1247 2164 1420 2231 atque
1443 2158 1501 2214 in
1525 2159 1751 2214 cazteris
1771 2159 1967 2214 catho-

291 2246 424 2306 licis
458 2247 708 2320 synodis
739 2265 771 2302 a
802 2247 940 2304 sede
970 2247 1292 2320 apostolica
1314 2246 1676 2303 conﬁrmatis
1707 2246 1960 2320 prolata;

296 2354 474 2410 quam
496 2336 617 2393 nisi
640 2335 890 2409 quisque
912 2335 1200 2410 integram
1225 2335 1681 2409 inviolatamque
1703 2353 1959 2393 servave-

293 2425 386 2492 rit
403 2425 614 2483 salvus
633 2443 764 2482 esse
788 2442 902 2481 non
927 2426 1166 2498 poterit,
1186 2426 1288 2482 sed
1321 2425 1381 2480 in
1412 2429 1696 2481 aeternum
1727 2425 1960 2498 peribit.

297 2515 461 2572 Unde
507 2519 754 2572 sanctus
801 2515 1170 2588 Augustinus
1211 2513 1270 2570 in
1303 2515 1644 2571 Commento
1691 2513 1961 2587 Epistolas

296 2605 552 2664 Joannis
574 2605 715 2662 dicit
739 2621 787 2660 :«
814 2605 984 2661 Fides
1014 2621 1151 2659 cum
1174 2603 1484 2660 dilectione
1517 2605 1660 2660 ﬁdes
1686 2611 1775 2660 est
1795 2603 1961 2658 Chri-

299 2695 506 2764 stiani,
531 2697 688 2752 499
709 2695 854 2750 ﬁdes
882 2695 1008 2751 sine
1038 2693 1348 2749 dilectione
1373 2694 1514 2749 ﬁdes
1539 2699 1628 2749 est
1657 2693 1959 2749 dmmonis-

299 2783 407 2851 Qui
424 2788 630 2840 autem
647 2800 762 2839 non
781 2784 1026 2839 credunt
1051 2783 1278 2855 pejores
1294 2786 1433 2838 sunt
1448 2799 1626 2854 quam
1646 2782 1960 2838 daemones-

293 2871 503 2928 Nescio
537 2871 674 2944 quis
714 2889 829 2928 non
861 2871 986 2926 vult
1023 2872 1256 2927 credere
1293 2871 1353 2925 in
1398 2870 1738 2927 Christum:
1770 2871 1963 2926 adhuc

296 2977 397 3016 nec
440 2961 742 3016 daamones
791 2960 1078 3016 imitatur.
1111 2961 1243 3015 Jam
1293 2961 1478 3015 credit
1508 2959 1826 3040 Christum,
1861 2960 1960 3015 sed

294 3049 414 3108 odit
447 3049 775 3108 Christum.
801 3049 988 3105 Habet
1019 3049 1448 3105 confessionem
1483 3049 1615 3104 ﬁdei
1657 3049 1714 3103 in
1754 3049 1964 3104 timore

296 3157 508 3212 ptente,
529 3157 644 3195 non
675 3140 734 3194 in
769 3157 966 3196 amore
1009 3156 1255 3195 coronae.
1279 3140 1441 3194 Adde
1480 3138 1625 3210 huic,
1658 3138 1790 3193 ﬁdei
1822 3137 1963 3193 dile-

297 3229 587 3294 ctionem,
602 3233 666 3284 ut
684 3229 786 3284 ﬁat
808 3229 952 3284 fides
975 3229 1046 3284 de
1068 3245 1185 3300 qua
1205 3225 1350 3282 dicit
1369 3226 1670 3300 apostolus
1705 3225 1921 3283 Paulus
1947 3243 1960 3281 :

297 3318 452 3374 Fides
496 3332 624 3391 quae
661 3333 759 3390 per
796 3299 1139 3374 dilectionem
1177 3299 1432 3388 operatur
1453 3316 1592 3388 (Gal.
1617 3333 1669 3383 v,
1694 3317 1772 3385 6),
1800 3315 1959 3370 inve-
1993 3299 2036 3366 Ε

302 3407 443 3463 nisti
465 3405 896 3473 Christianum,
918 3404 1192 3461 invenisti
1223 3405 1409 3460 civem
1445 3403 1826 3460 llierusalem.
1844 3426 1870 3454 »
1894 3404 1964 3459 Et

298 3495 357 3551 in
387 3493 707 3567 Evangelio
735 3494 981 3551 Joannis
1015 3511 1028 3549 :
1057 3516 1084 3543 «
1113 3493 1256 3560 Quis
1287 3493 1601 3549 salubriter
1628 3497 1718 3550 est
1747 3492 1960 3558 ﬁdelis,

297 3583 414 3642 nisi
458 3599 534 3640 ea
577 3582 692 3639 ﬁde
741 3599 868 3656 quae
913 3599 1018 3655 per
1065 3581 1439 3638 dilectionem
1489 3583 1861 3654 operatur?»
1892 3583 1963 3637 Et

287 3673 547 3746 Prosper
575 3688 644 3726 ex
671 3671 982 3745 Augustini
1011 3671 1206 3727 verbis
1238 3687 1286 3724 ;‹‹
1318 3671 1443 3726 Non
1475 3674 1614 3725 sunt
1643 3671 1795 3727 bona
1824 3687 1962 3742 ope-

293 3779 378 3830 ra,
403 3761 524 3818 nisi
554 3778 684 3834 quze
715 3777 818 3834 per
849 3761 1022 3816 ﬁdem
1051 3765 1108 3816 et
1125 3759 1496 3816 dilectionem
1523 3759 1693 3827 ﬁunt,
1725 3759 1864 3832 quia
1887 3759 1963 3816 a1-

296 3856 486 3910 terum
516 3850 643 3908 sine
665 3850 846 3907 altero
867 3849 1093 3906 nullius
1115 3849 1352 3906 virtutis
1373 3850 1629 3905 fructum
1653 3849 1858 3921 parit.»
1883 3851 1964 3906 Ea

297 3945 540 4012 propter
570 3939 989 3998 Gothescalcus
1048 3939 1378 4006 haereticus,
1404 3937 1504 4010 qui
1558 3955 1735 3994 unam
1785 3939 1961 3994 ﬁdem

293 4029 629 4084 secundum
650 4027 993 4100 Apostolum
1017 4029 1368 4084 verbotenus
1390 4027 1685 4100 praedicat,
1702 4043 1765 4082 se
1786 4027 1962 4082 ﬁdem

295 4133 498 4172 veram
520 4115 581 4170 in
605 4116 928 4186 prmmissis
949 4117 1076 4173 suis
1096 4116 1332 4189 scriptis
1356 4134 1471 4170 non
1493 4115 1707 4171 habere
1728 4116 1966 4171 demon'

295 4209 451 4264 strat
475 4221 489 4260 :
517 4203 658 4276 quia
695 4204 838 4260 dicit
885 4205 1098 4261 Paulus
1129 4204 1430 4278 apostolus
1465 4221 1477 4258 :
1509 4203 1666 4260 Fides
1697 4220 1823 4275 qua:
1865 4221 1966 4276 per

297 4293 648 4350 dilectionem
672 4301 947 4365 operatur.
972 4293 1291 4350 Dilectione
1312 4297 1507 4349 autem
1534 4291 1755 4358 Latine,
1780 4293 1964 4348 charis

297 4386 390 4439 tas
420 4383 622 4440 Graece
668 4382 884 4439 dicitur
917 4399 929 4438 :
965 4383 1036 4438 de
1075 4399 1193 4454 qua
1243 4381 1386 4437 dicit
1445 4381 1600 4436 idem
1658 4381 1962 4454 apostolus

295 4470 523 4528 Paulus
548 4487 560 4524 :
584 4471 646 4527 Si
673 4471 947 4527 tradidero
971 4487 1164 4542 corpus
1187 4487 1370 4526 meum
1400 4479 1458 4526 ut
1484 4470 1691 4539 ardeat,
1723 4471 1964 4527 charito-

294 4563 410 4616 ἰείη
439 4577 550 4616 non
600 4559 848 4628 habeam,
890 4558 1038 4615 nihil
1084 4559 1226 4615 mihi
1269 4559 1486 4630 prodest
1513 4560 1560 4627 (ι
1589 4559 1711 4616 Cor.
1734 4577 1857 4625 xm,
1881 4561 1956 4632 3).

301 4647 470 4704 Unde
517 4653 761 4704 sanctus
806 4647 1120 4722 Gregorius
1169 4647 1227 4704 in
1279 4647 1425 4703 libro
1485 4648 1710 4704 decimo
1761 4653 1960 4704 octavo
1989 4669 2035 4733 Ι)

299 4741 447 4810 (cap.
475 4738 560 4810 14)
585 4736 896 4793 Moralium
929 4737 1072 4794 dicit
1091 4754 1140 4792 :«
1162 4735 1275 4792 Alii
1298 4737 1516 4809 quippe
1548 4754 1723 4808 prava
1743 4737 1815 4792 de
1842 4737 1958 4794 Deo

293 4825 590 4892 sentiunt,
609 4824 708 4881 alii
743 4829 901 4881 recta
931 4826 1000 4881 de
1031 4829 1266 4881 auctore
1296 4828 1517 4891 tenent,
1542 4823 1643 4880 sed
1675 4824 1960 4880 unitatem

298 4930 444 4969 cum
478 4913 756 4970 fratribus
789 4931 904 4970 non
937 4918 1156 4970 tenent.
1185 4911 1274 4968 Illi
1303 4930 1494 4968 errore
1523 4912 1679 4979 ﬁdei,
1703 4913 1799 4969 isti
1831 4931 1961 4970 vero

301 5001 648 5060 schismatis
668 5003 1098 5075 perpetratione
1117 5001 1286 5058 divisi
1315 5005 1472 5057 sunt.
1491 5001 1655 5057 Unde
1676 5007 1734 5058 et
1754 5001 1812 5058 in
1834 5002 1964 5074 ipsa

303 5091 501 5162 prima
529 5095 694 5164 parte
725 5091 992 5165 Decalogi
1041 5096 1425 5162 utrarumque
1473 5090 1728 5162 partium
1779 5091 1960 5164 culpae

303 5180 733 5252 reprimuntur,
767 5198 902 5238 cum
933 5180 1128 5236 divina
1153 5197 1292 5236 voce
1323 5179 1572 5236 dicitur:
1612 5181 1821 5251 Diliges
1849 5185 1960 5238 Do-

303 5271 528 5324 minum
554 5270 728 5327 Deum
765 5278 921 5325 tuum
950 5287 1020 5326 ea:
1049 5277 1151 5326 toto
1174 5268 1334 5325 corde
1360 5275 1470 5336 tuo,
1503 5276 1556 5324 et
1581 5284 1650 5324 ea:
1689 5275 1795 5324 tota
1831 5271 1964 5325 ani-

301 5375 404 5412 ma
436 5363 546 5427 tua,
569 5365 620 5414 et
649 5374 721 5413 ex
749 5365 858 5414 tota
885 5361 1086 5414 virtute
1113 5365 1208 5414 tua
1229 5359 1402 5430 (Deut.
1427 5374 1503 5424 v1,
1525 5356 1603 5426 5),
1627 5360 1802 5430 atque
1833 5375 1968 5416 mox

306 5445 589 5502 subditur
636 5463 650 5501 :
702 5447 906 5518 Diliges
956 5449 1274 5520 proximum
1327 5453 1484 5501 tuum
1540 5447 1683 5501 sicut
1735 5449 1964 5520 teipsum

303 5533 468 5604 (ιιαι.
498 5552 637 5606 xxxi,
658 5537 758 5604 36;
780 5553 977 5602 xxvm,
1002 5536 1112 5607 39).
1136 5535 1242 5602 Qui
1265 5535 1424 5590 enim
1451 5534 1520 5589 de
1552 5535 1666 5590 Deo
1700 5553 1969 5608 perversa

307 5620 514 5689 sentit,
545 5623 730 5696 liquet
770 5625 1028 5698 profecto
1058 5625 1198 5696 quia
1237 5624 1422 5679 Deum
1471 5640 1584 5678 non
1617 5623 1828 5698 diligit.
1861 5630 1967 5694 Qui

310 5726 458 5767 vero
485 5711 554 5768 de
583 5712 700 5770 Deo
732 5718 887 5770 recta
926 5713 1182 5772 sentiens
1223 5730 1258 5768 a
1295 5715 1510 5768 sancta:
1541 5712 1808 5772 Ecclesia:
1841 5719 1968 5772 uni-

2072 663 2244 718 quem
2278 647 2492 702 habere
2519 647 2744 702 socium
2777 651 3024 702 recusat.
3047 647 3322 720 Quisquis
3343 665 3479 721 ergo
3509 648 3584 705 ab
3609 647 3719 706 hac

2071 735 2297 791 unitate
2329 734 2535 791 matris
2567 735 2834 791 Ecclesiae
2884 753 3023 800 sure,
3057 753 3161 808 per
3202 735 3470 792 haeresim
3501 735 3572 792 de
3602 737 3718 792 Deo

2072 839 2341 896 perversa
2390 825 2715 895 sentiendo,
2749 841 2850 879 seu
2895 840 3087 878 errore
3144 823 3482 879 schismatis
3527 822 3718 896 proxi-

2070 928 2232 967 mum
2267 930 2381 968 non
2413 912 2706 985 diligendo
2737 912 3035 983 dividitur,
3059 912 3360 968 charitatis
3388 912 3568 985 hujus
3598 929 3720 984 gra-

2071 1001 2153 1056 tia
2200 1002 2480 1074 privatur.
2509 1025 2536 1051 ››
2558 1002 2627 1056 Et
2665 1003 2804 1056 item
2857 1003 3135 1073 prmfatus
3179 999 3494 1073 Apostolus
3535 999 3718 1056 dicit:

2069 1093 2222 1146 Finis
2251 1092 2400 1146 enim
2449 1092 2582 1163 legis
2611 1099 2693 1146 est
2723 1090 2970 1146 Christus
2999 1091 3069 1145 ad
3087 1092 3367 1162 justitiam
3411 1091 3562 1146 omni
3606 1103 3723 1145 ere-

2068 1180 2220 1236 denti
2255 1181 2430 1249 (Rom.
2463 1199 2518 1248 x,
2555 1182 2628 1248 4).
2662 1179 2827 1236 Unde
2871 1181 3236 1252 Augustinus
3270 1196 3336 1237 ;‹‹
3369 1180 3439 1234 Et
3485 1178 3721 1252 quidem

2069 1267 2224 1337 ﬁnis,
2261 1269 2472 1340 inquit,
2496 1267 2784 1336 Christus,
2812 1268 2950 1340 quia
2979 1268 3246 1324 Christus
3285 1269 3440 1325 Deus
3469 1271 3560 1324 est
3588 1267 3724 1323 ﬁnis

2072 1357 2342 1430 przecepti
2375 1357 2696 1425 charitatis,
2721 1362 2778 1414 et
2819 1357 2974 1412 Deus
3005 1357 3283 1424 charitas,
3307 1374 3424 1430 qua
3459 1361 3518 1412 et
3555 1357 3726 1413 Pater

2069 1450 2127 1502 et
2159 1445 2340 1502 Filius
2373 1451 2430 1502 et
2451 1446 2705 1519 Spiritus
2738 1451 2978 1503 sanctus
3012 1463 3196 1502 unum
3220 1450 3416 1502 sunt.»
3440 1443 3726 1501 Miramur

2069 1534 2268 1604 etiam,
2293 1536 2528 1608 quando
2551 1536 2712 1591 misit
2734 1537 2803 1591 de
2826 1535 3064 1592 Sedulio
3087 1540 3314 1591 ternam
3340 1535 3724 1606 ﬁdem,quarp

2071 1641 2284 1696 ponere
2315 1625 2577 1682 omiserit
2607 1626 2679 1680 de
2709 1627 2946 1681 Aratore
2981 1625 3194 1680 trinam
3229 1625 3424 1692 ﬁdem,
3450 1622 3550 1696 qui
3581 1623 3724 1695 ﬁgu-

2069 1718 2192 1770 rate
2220 1713 2466 1787 loquens
2496 1714 2556 1768 in
2587 1713 2736 1770 libro
2767 1714 2957 1786 primo
2992 1713 3152 1779 dicit,

2160 1820 2318 1870 Trina
2347 1819 2477 1870 ﬂdes
2497 1823 2653 1870 vocat
2673 1821 2835 1882 hunc,
2859 1835 2964 1884 quo
2987 1821 3204 1870 nomine
3227 1821 3372 1869 fonte
3400 1819 3625 1868 lavatur.

1991 1933 2038 1997 Β
2070 1917 2139 1972 Et
2169 1918 2239 1974 de
2271 1917 2507 1974 nomine
2534 1917 2686 1973 trino
2719 1918 2776 1974 in
2809 1919 3066 1974 secundo
3098 1918 3246 1974 libro
3273 1917 3436 1985 dicit,

2167 2063 2178 2074 .
2250 2061 2264 2074 .
2334 2061 2347 2074 .
2666 2063 2677 2074 .
2749 2061 2762 2075 .
2829 2026 3210 2089 Noncogitad
3243 2026 3440 2074 undam

2165 2089 2355 2138 Nostra
2385 2088 2516 2138 ﬁdes
2544 2088 2689 2138 hunc
2720 2089 2797 2138 ire
2828 2087 3159 2152 iteruquui
3189 2089 3407 2138 nomine
3435 2087 3595 2137 trino.

2071 2195 2140 2249 Et
2171 2195 2240 2251 de
2270 2196 2402 2252 ﬁdei
2437 2200 2626 2252 terum
2664 2195 2720 2250 in
2756 2195 2944 2268 primo
2976 2194 3122 2250 libro
3153 2195 3400 2268 ﬁgurate
3429 2193 3695 2265 loquens,

2165 2305 2317 2354 Nona
2347 2303 2448 2353 fuit
2476 2306 2606 2353 tunc.
2633 2303 2768 2351 hora
2797 2303 2982 2365 magis,
3015 2316 3122 2364 qua
3151 2301 3348 2365 rectius
3375 2300 3508 2350 hora

2165 2367 2407 2416 Prodiret
2429 2366 2543 2430 jam
2575 2366 2713 2414 trina
2741 2365 2873 2414 ﬁdes
2893 2364 2955 2414 et
2983 2365 3139 2414 tertia
3167 2364 3403 2426 simplex.

2071 2478 2213 2529 Cum
2239 2473 2308 2528 ad
2333 2489 2499 2528 suam
2525 2471 2988 2527 conﬁrmandam
3008 2469 3361 2526 sententiam
3378 2468 3449 2524 ad
3473 2466 3728 2525 testimo-

2073 2563 2238 2618 nium
2267 2559 2630 2617 devocaverit
2659 2559 2875 2615 dixisse
2907 2559 3075 2614 illum
3106 2557 3321 2612 trinam
3353 2559 3725 2630 potestatem,

2073 2651 2228 2708 sicut
2257 2654 2314 2705 et
2345 2649 2724 2706 Prudentium
2756 2648 2969 2703 trinam
3003 2648 3155 2704 500
3187 2647 3482 2718 pietatem,
3507 2645 3577 2701 de
3609 2662 3726 2718 quo

2073 2739 2355 2812 quiddam
2380 2756 2559 2810 supra
2592 2737 3023 2809 respondimus,
3041 2735 3138 2791 ubi
3162 2740 3220 2790 et
3238 2735 3359 2790 haec
3381 2751 3508 2807 quae
3528 2733 3599 2790 de
3622 2734 3722 2790 Se-

2072 2827 2251 2896 dulio,
2274 2829 2606 2892 Aratore,et
2627 2826 2906 2897 Prospero
2939 2825 3368 2896 subjungemus
3398 2837 3722 2896 congruen-

2073 2917 2195 2972 tius
2227 2933 2598 2989 poneremus,
2624 2913 2736 2970 nisi
2773 2915 2883 2969 hoe
2923 2911 3231 2967 sollicitius
3263 2911 3720 2976 attenderemus,

2076 3009 2141 3060 ut
2171 3005 2242 3060 ad
2277 3003 2540 3077 singulas
2569 3020 2708 3060 suas
2734 3000 3262 3075 tergiversationes,
3285 3002 3342 3054 et
3360 2996 3722 3054 inordinatus

2073 3092 2443 3165 repetitiones
2465 3091 2664 3148 obvias
2696 3091 2780 3146 illi
2809 3089 3131 3144 sententias
3153 3105 3222 3144 ex
3241 3083 3528 3159 simplicis
3548 3088 3608 3141 et
3629 3103 3725 3141 ca-

2072 3180 2299 3236 tholicae
2324 3180 2454 3236 ﬁdei
2481 3181 2785 3236 doctorum
2805 3177 2978 3234 dictis
2996 3191 3444 3250 opponeremus.
3467 3171 3730 3246 Denique

2074 3269 2146 3325 ad
2180 3269 2288 3325 hoc
2325 3269 2481 3340 quod
2534 3267 2679 3324 dixit
2723 3269 2948 3333 Arator,
2983 3264 3223 3322 metrica
3251 3261 3600 3320 necessitate
3629 3278 3725 3318 co-

2076 3363 2264 3426 actus,

2163 3466 2325 3516 Trina
2355 3465 2483 3515 ﬁdes
2504 3469 2660 3515 vocat
2677 3465 2822 3514 hunc
2843 3477 2950 3528 quo
2971 3462 3186 3512 nomine
3213 3461 3360 3510 fonte
3379 3459 3610 3510 lavatur.

2073 3573 2187 3628 Et:

2169 3707 2180 3718 .
2249 3706 2261 3716 .
2333 3706 2345 3718 .
2415 3705 2427 3717 .
2655 3670 2776 3732 Non
2803 3668 2945 3732 cogit
2971 3667 3036 3716 ad
3069 3665 3270 3732 undam

2166 3733 2356 3782 Nostra
2383 3732 2514 3780 ﬁdes
2542 3730 2686 3779 hunc
2716 3731 2791 3779 ire
2823 3726 3032 3788 iterum,
3057 3729 3181 3793 quia
3209 3727 3424 3778 nomine
3453 3726 3600 3776 trino

2167 3795 2426 3858 Dogmata
2453 3807 2615 3857 prava
2643 3793 2881 3843 trahunt.

2073 3899 2582 3956 Sufﬁcientissime
2605 3897 2870 3953 catholici
2893 3899 3158 3953 doctores
3185 3899 3244 3951 et
3272 3894 3332 3950 in
3356 3893 3726 3968 praecedenti-

2073 3991 2185 4045 bus
2214 3993 2272 4044 et
2303 3989 2358 4044 in
2383 3987 2882 4059 subsequentibus
2912 3988 3189 4053 ret'erunt,
3215 4001 3331 4039 non
3351 3983 3596 4049 trinum,
3620 3983 3724 4038 sed

2074 4095 2259 4133 unum
2291 4078 2468 4132 unius
2501 4076 2601 4132 Dei
2633 4092 2846 4131 nomen
2876 4091 3028 4138 esse,
3052 4074 3109 4126 in
3135 4089 3252 4144 quo
3283 4071 3343 4126 in
3376 4070 3598 4126 unitate
3627 4085 3724 4124 ca-

2074 4164 2301 4221 tholica:
2335 4164 2466 4220 ﬁdei
2499 4182 2533 4220 a
2562 4164 2808 4219 Domino
2855 4160 3135 4234 baptizari
3174 4160 3483 4231 jubentur,
3508 4161 3566 4213 et
3595 4173 3724 4213 cre-

2072 4255 2276 4309 dentes
2299 4271 2413 4308 uno
2431 4251 2648 4308 Christi
2671 4251 3039 4323 baptismate,
3060 4249 3118 4302 in
3145 4264 3260 4316 quo
3283 4245 3407 4301 solo
3429 4246 3496 4300 ﬁt
3517 4243 3723 4301 remis-

2072 4343 2159 4398 sio
2191 4342 2455 4397 omnium
2502 4346 2893 4412 peccatorum,
2927 4356 2961 4393 a
2991 4335 3294 4392 catholicis
3325 4333 3720 4406 baptizantur.

2074 4430 2236 4487 Unde
2253 4429 2600 4486 Ambrosius
2620 4429 2678 4484 in
2705 4427 2850 4483 libro
2873 4445 2890 4482 ι
2913 4427 2983 4482 de
3008 4425 3142 4480 Fide
3165 4425 3330 4496 (libro
3350 4439 3390 4489 ι,
3411 4439 3463 4477 e.
3490 4421 3542 4493 1)
3562 4437 3610 4476 :a
3637 4421 3724 4488 Si,

2071 4517 2281 4591 inquit,
2306 4536 2461 4574 unus
2493 4518 2667 4586 Deus,
2693 4533 2877 4571 unum
2905 4531 3140 4580 nomen,
3162 4528 3280 4568 una
3301 4513 3582 4584 potestas,
3606 4526 3727 4566 una

2071 4613 2161 4664 est
2189 4606 2470 4662 Trinitas.
2511 4607 2771 4678 Denique
2801 4605 2979 4661 dicit:
3011 4609 3108 4672 tte,
3145 4602 3413 4674 baptizate
3452 4606 3634 4672 gentes
3664 4599 3728 4654 in

2066 4703 2291 4752 nomtne
2348 4695 2552 4758 Patris,
2601 4701 2653 4749 et
2708 4694 2862 4761 Filii,
2903 4700 2954 4748 et
3008 4691 3254 4764 Spiritus
3309 4689 3488 4745 sancti
3515 4685 3722 4756 (Matth.

2069 4800 2262 4848 XXVIII,
2289 4784 2360 4854 1).
2389 4783 2451 4838 In
2483 4781 2718 4838 nomine
2751 4782 2954 4853 utique
2985 4780 3088 4850 ait,
3121 4796 3237 4835 non
3269 4777 3330 4833 in
3360 4774 3724 4832 nominibus.

2072 4873 2200 4946 Ipse
2229 4871 2403 4927 etiam
2439 4871 2581 4926 dicit
2605 4889 2616 4925 :
2643 4873 2748 4942 Ego
2778 4879 2830 4926 et
2856 4873 3018 4925 Pater
3049 4886 3223 4924 unum
3248 4883 3440 4924 sumus
3467 4865 3646 4938 (Joan.
3667 4881 3723 4930 x,

2069 4963 2182 5032 30).
2209 4963 2386 5018 Unum
2409 4961 2576 5025 dixit,
2600 4978 2671 5016 ne
2703 4963 2804 5014 ﬁat
2841 4958 3114 5016 discretio
3155 4953 3462 5030 potestatis
3490 4970 3503 5008 :
3533 4967 3725 5008 sumus

2070 5049 2316 5116 addidit,
2346 5055 2412 5105 ut
2444 5050 2672 5106 Patrem
2702 5047 3031 5120 Filiumque
3061 5062 3400 5118 cognoscas,
3423 5039 3581 5113 quod
3602 5055 3727 5111 per-

2071 5140 2256 5194 fectus
2289 5139 2457 5194 Pater
2497 5139 2819 5211 perfectum
2867 5137 3076 5193 Filium
3126 5133 3398 5206 genuisse
3429 5129 3721 5195 credatur,

2073 5234 2132 5286 et
2162 5230 2327 5285 Pater
2357 5246 2424 5284 ac
2457 5229 2639 5285 Filius
2673 5245 2852 5284 unum
2896 5228 3035 5294 sint,
3067 5241 3182 5279 non
3223 5218 3562 5276 confusione
3593 5231 3722 5289 per-

2075 5336 2231 5374 sonae
2281 5319 2382 5376 scd
2415 5318 2694 5374 unitate.»
2720 5318 2882 5385 Quod
2933 5314 3076 5373 dixit
3105 5313 3310 5367 Arator
3355 5307 3416 5362 in
3463 5306 3724 5364 secundo

2077 5408 2251 5476 libro,

2141 5552 2158 5599 1
2167 5564 2256 5614 pse
2275 5551 2426 5614 (quin
2445 5551 2679 5610 Joannes)
2701 5549 2838 5598 viam
2859 5557 3181 5602 memorans,
3197 5540 3401 5591 cunctis

3483 5617 3516 5652 u

3483 5617 3722 5652 uturum.

2141 5675 2265 5738 Post
2282 5676 2444 5732 aliud,
2465 5675 2604 5738 quod
2622 5673 2743 5736 jure
2765 5671 2935 5732 datur,
2950 5668 3091 5735 quod
3115 5668 3256 5719 trina
3276 5669 3509 5731 potestas

2143 5737 2408 5788 lllustrare
2438 5737 2586 5787 selet.
2626 5772 2636 5782 .
2673 5771 2683 5782 .
