  <div class='ocr_page' id='page_1' title='image "/cluster/home/n/w/nwhite01/storage/ocr_20150623/125/hvd.32044054759873/287.png"; bbox 0 0 3962 6178; ppageno 0'>
   <div class='ocr_carea' id='block_1_1' title="bbox 253 443 368 502">
    <p class='ocr_par' dir='ltr' id='par_1_1' title="bbox 253 443 368 502">
     <span class='ocr_line' id='line_1_1' title="bbox 253 443 368 502; baseline 0 0"><span class='ocrx_word' id='word_1_1' title='bbox 253 443 368 502; x_wconf 82' lang='grc'>563</span> 
     </span>
    </p>
   </div>
   <div class='ocr_carea' id='block_1_2' title="bbox 1190 433 2725 500">
    <p class='ocr_par' dir='ltr' id='par_1_2' title="bbox 1190 433 2725 500">
     <span class='ocr_line' id='line_1_2' title="bbox 1190 433 2725 500; baseline -0.001 -2"><span class='ocrx_word' id='word_1_2' title='bbox 1190 436 1572 500; x_wconf 79' lang='lat' dir='ltr'>HINCMARI</span> <span class='ocrx_word' id='word_1_3' title='bbox 1619 433 2064 497; x_wconf 75' lang='lat' dir='ltr'>RHEMENSIS</span> <span class='ocrx_word' id='word_1_4' title='bbox 2110 433 2725 498; x_wconf 70' lang='lat' dir='ltr'>AltGllIEPISCOPl.</span> 
     </span>
    </p>
   </div>
   <div class='ocr_carea' id='block_1_3' title="bbox 3537 435 3654 496">
    <p class='ocr_par' dir='ltr' id='par_1_3' title="bbox 3537 435 3654 496">
     <span class='ocr_line' id='line_1_3' title="bbox 3537 435 3654 496; baseline 0 0"><span class='ocrx_word' id='word_1_5' title='bbox 3537 435 3654 496; x_wconf 71' lang='grc'>564</span> 
     </span>
    </p>
   </div>
   <div class='ocr_carea' id='block_1_4' title="bbox 251 565 3656 646">
    <p class='ocr_par' dir='ltr' id='par_1_4' title="bbox 251 565 3656 646">
     <span class='ocr_line' id='line_1_4' title="bbox 251 565 3656 646; baseline -0.002 -16"><span class='ocrx_word' id='word_1_6' title='bbox 251 579 310 631; x_wconf 90' lang='lat' dir='ltr'>et</span> <span class='ocrx_word' id='word_1_7' title='bbox 329 573 387 629; x_wconf 90' lang='lat' dir='ltr'>in</span> <span class='ocrx_word' id='word_1_8' title='bbox 413 571 600 646; x_wconf 88' lang='lat' dir='ltr'>primo</span> <span class='ocrx_word' id='word_1_9' title='bbox 626 571 872 645; x_wconf 83' lang='lat' dir='ltr'>ﬁgurate</span> <span class='ocrx_word' id='word_1_10' title='bbox 903 571 1170 644; x_wconf 89' lang='lat' dir='ltr'>loquens,</span> <span class='ocrx_word' id='word_1_11' title='bbox 1194 571 1466 628; x_wconf 83' lang='lat' dir='ltr'>similiter</span> <span class='ocrx_word' id='word_1_12' title='bbox 1495 569 1665 627; x_wconf 89' lang='lat' dir='ltr'>metri</span> <span class='ocrx_word' id='word_1_13' title='bbox 1699 585 1898 626; x_wconf 89' lang='lat' dir='ltr'>neces-</span> <span class='ocrx_word' id='word_1_14' title='bbox 1927 570 1982 636; x_wconf 82' lang='grc' dir='ltr'>Α</span> <span class='ocrx_word' id='word_1_15' title='bbox 2011 571 2153 624; x_wconf 89' lang='lat' dir='ltr'>sunt</span> <span class='ocrx_word' id='word_1_16' title='bbox 2183 567 2360 636; x_wconf 87' lang='lat' dir='ltr'>Deus,</span> <span class='ocrx_word' id='word_1_17' title='bbox 2391 568 2600 624; x_wconf 88' lang='lat' dir='ltr'>horum</span> <span class='ocrx_word' id='word_1_18' title='bbox 2633 573 2725 626; x_wconf 91' lang='lat' dir='ltr'>est</span> <span class='ocrx_word' id='word_1_19' title='bbox 2753 571 2811 624; x_wconf 90' lang='lat' dir='ltr'>et</span> <span class='ocrx_word' id='word_1_20' title='bbox 2845 584 2961 624; x_wconf 91' lang='lat' dir='ltr'>una</span> <span class='ocrx_word' id='word_1_21' title='bbox 2992 567 3290 640; x_wconf 68' lang='lat' dir='ltr'>maiestas,</span> <span class='ocrx_word' id='word_1_22' title='bbox 3324 565 3477 624; x_wconf 82' lang='lat' dir='ltr'>sicut</span> <span class='ocrx_word' id='word_1_23' title='bbox 3503 567 3656 624; x_wconf 89' lang='lat' dir='ltr'>idem</span> 
     </span>
    </p>
   </div>
   <div class='ocr_carea' id='block_1_5' title="bbox 253 663 445 732">
    <p class='ocr_par' dir='ltr' id='par_1_5' title="bbox 253 663 445 732">
     <span class='ocr_line' id='line_1_5' title="bbox 253 663 445 732; baseline -0.01 -12"><span class='ocrx_word' id='word_1_24' title='bbox 253 663 445 732; x_wconf 88' lang='lat' dir='ltr'>sitate,</span> 
     </span>
    </p>
   </div>
   <div class='ocr_carea' id='block_1_6' title="bbox 809 751 1376 814">
    <p class='ocr_par' dir='ltr' id='par_1_6' title="bbox 809 751 1376 814">
     <span class='ocr_line' id='line_1_6' title="bbox 809 751 1376 814; baseline 0 -14"><span class='ocrx_word' id='word_1_25' title='bbox 809 753 941 800; x_wconf 89' lang='lat' dir='ltr'>Nam</span> <span class='ocrx_word' id='word_1_26' title='bbox 970 751 1111 801; x_wconf 85' lang='lat' dir='ltr'>trina</span> <span class='ocrx_word' id='word_1_27' title='bbox 1139 755 1376 814; x_wconf 78' lang='lat' dir='ltr'>potestas</span> 
     </span>
    </p>
   </div>
   <div class='ocr_carea' id='block_1_7' title="bbox 313 813 1823 879">
    <p class='ocr_par' dir='ltr' id='par_1_7' title="bbox 313 813 1823 879">
     <span class='ocr_line' id='line_1_7' title="bbox 313 813 1823 879; baseline -0.002 -16"><span class='ocrx_word' id='word_1_28' title='bbox 313 814 522 879; x_wconf 81' lang='lat' dir='ltr'>Colligit</span> <span class='ocrx_word' id='word_1_29' title='bbox 537 814 676 863; x_wconf 84' lang='lat' dir='ltr'>hanc</span> <span class='ocrx_word' id='word_1_30' title='bbox 697 813 918 876; x_wconf 90' lang='lat' dir='ltr'>prolem,</span> <span class='ocrx_word' id='word_1_31' title='bbox 943 813 1222 862; x_wconf 85' lang='lat' dir='ltr'>numerum</span> <span class='ocrx_word' id='word_1_32' title='bbox 1255 815 1448 877; x_wconf 87' lang='lat' dir='ltr'>partita</span> <span class='ocrx_word' id='word_1_33' title='bbox 1469 828 1566 877; x_wconf 85' lang='lat' dir='ltr'>per</span> <span class='ocrx_word' id='word_1_34' title='bbox 1587 826 1823 876; x_wconf 67' lang='lat' dir='ltr'>aequum.</span> 
     </span>
    </p>
   </div>
   <div class='ocr_carea' id='block_1_8' title="bbox 252 890 1906 966">
    <p class='ocr_par' dir='ltr' id='par_1_8' title="bbox 252 890 1906 966">
     <span class='ocr_line' id='line_1_8' title="bbox 252 890 1906 966; baseline -0.002 -15"><span class='ocrx_word' id='word_1_35' title='bbox 252 897 324 952; x_wconf 89' lang='lat' dir='ltr'>Et</span> <span class='ocrx_word' id='word_1_36' title='bbox 353 911 558 951; x_wconf 90' lang='lat' dir='ltr'>omnes</span> <span class='ocrx_word' id='word_1_37' title='bbox 591 892 862 949; x_wconf 82' lang='lat' dir='ltr'>catholici</span> <span class='ocrx_word' id='word_1_38' title='bbox 895 893 1264 966; x_wconf 89' lang='lat' dir='ltr'>apertissime</span> <span class='ocrx_word' id='word_1_39' title='bbox 1287 894 1358 949; x_wconf 91' lang='lat' dir='ltr'>de</span> <span class='ocrx_word' id='word_1_40' title='bbox 1381 892 1700 965; x_wconf 88' lang='lat' dir='ltr'>Scripturis</span> <span class='ocrx_word' id='word_1_41' title='bbox 1723 890 1906 948; x_wconf 89' lang='lat' dir='ltr'>sacris</span> 
     </span>
    </p>
   </div>
   <div class='ocr_carea' id='block_1_9' title="bbox 253 981 1905 1054">
    <p class='ocr_par' dir='ltr' id='par_1_9' title="bbox 253 981 1905 1054">
     <span class='ocr_line' id='line_1_9' title="bbox 253 981 1905 1054; baseline -0.002 -14"><span class='ocrx_word' id='word_1_42' title='bbox 253 984 590 1051; x_wconf 91' lang='lat' dir='ltr'>ostendunt,</span> <span class='ocrx_word' id='word_1_43' title='bbox 627 1000 742 1037; x_wconf 90' lang='lat' dir='ltr'>non</span> <span class='ocrx_word' id='word_1_44' title='bbox 775 981 1070 1054; x_wconf 82' lang='lat' dir='ltr'>partitam,</span> <span class='ocrx_word' id='word_1_45' title='bbox 1104 983 1204 1037; x_wconf 91' lang='lat' dir='ltr'>sed</span> <span class='ocrx_word' id='word_1_46' title='bbox 1237 999 1416 1037; x_wconf 82' lang='lat' dir='ltr'>unam</span> <span class='ocrx_word' id='word_1_47' title='bbox 1448 986 1505 1038; x_wconf 86' lang='lat' dir='ltr'>et</span> <span class='ocrx_word' id='word_1_48' title='bbox 1545 981 1905 1036; x_wconf 85' lang='lat' dir='ltr'>individuam</span> 
     </span>
    </p>
   </div>
   <div class='ocr_carea' id='block_1_10' title="bbox 254 1070 1906 1145">
    <p class='ocr_par' dir='ltr' id='par_1_10' title="bbox 254 1070 1906 1145">
     <span class='ocr_line' id='line_1_10' title="bbox 254 1070 1906 1145; baseline -0.002 -16"><span class='ocrx_word' id='word_1_49' title='bbox 254 1091 383 1129; x_wconf 89' lang='lat' dir='ltr'>esse</span> <span class='ocrx_word' id='word_1_50' title='bbox 414 1073 832 1145; x_wconf 78' lang='lat' dir='ltr'>operationem,</span> <span class='ocrx_word' id='word_1_51' title='bbox 866 1088 1044 1126; x_wconf 91' lang='lat' dir='ltr'>unam</span> <span class='ocrx_word' id='word_1_52' title='bbox 1077 1076 1135 1126; x_wconf 91' lang='lat' dir='ltr'>et</span> <span class='ocrx_word' id='word_1_53' title='bbox 1174 1070 1622 1142; x_wconf 88' lang='lat' dir='ltr'>inseparabilem</span> <span class='ocrx_word' id='word_1_54' title='bbox 1656 1075 1906 1144; x_wconf 88' lang='lat' dir='ltr'>potesta-</span> 
     </span>
    </p>
   </div>
   <div class='ocr_carea' id='block_1_11' title="bbox 254 1159 1906 1232">
    <p class='ocr_par' dir='ltr' id='par_1_11' title="bbox 254 1159 1906 1232">
     <span class='ocr_line' id='line_1_11' title="bbox 254 1159 1906 1232; baseline -0.002 -14"><span class='ocrx_word' id='word_1_55' title='bbox 254 1167 371 1218; x_wconf 89' lang='lat' dir='ltr'>tem</span> <span class='ocrx_word' id='word_1_56' title='bbox 397 1166 630 1229; x_wconf 74' lang='lat' dir='ltr'>sanctae,</span> <span class='ocrx_word' id='word_1_57' title='bbox 645 1165 702 1216; x_wconf 89' lang='lat' dir='ltr'>et</span> <span class='ocrx_word' id='word_1_58' title='bbox 724 1159 1133 1232; x_wconf 81' lang='lat' dir='ltr'>inseparabilis</span> <span class='ocrx_word' id='word_1_59' title='bbox 1155 1159 1479 1226; x_wconf 79' lang='lat' dir='ltr'>Trinitatis,</span> <span class='ocrx_word' id='word_1_60' title='bbox 1496 1159 1682 1229; x_wconf 79' lang='lat' dir='ltr'>Patris</span> <span class='ocrx_word' id='word_1_61' title='bbox 1697 1164 1756 1215; x_wconf 90' lang='lat' dir='ltr'>et</span> <span class='ocrx_word' id='word_1_62' title='bbox 1779 1159 1906 1214; x_wconf 83' lang='lat' dir='ltr'>Filii</span> 
     </span>
    </p>
   </div>
   <div class='ocr_carea' id='block_1_12' title="bbox 255 1249 1909 1324">
    <p class='ocr_par' dir='ltr' id='par_1_12' title="bbox 255 1249 1909 1324">
     <span class='ocr_line' id='line_1_12' title="bbox 255 1249 1909 1324; baseline -0.001 -19"><span class='ocrx_word' id='word_1_63' title='bbox 255 1255 316 1305; x_wconf 89' lang='lat' dir='ltr'>et</span> <span class='ocrx_word' id='word_1_64' title='bbox 344 1250 598 1324; x_wconf 80' lang='lat' dir='ltr'>Spiritus</span> <span class='ocrx_word' id='word_1_65' title='bbox 627 1251 848 1317; x_wconf 88' lang='lat' dir='ltr'>sancti;</span> <span class='ocrx_word' id='word_1_66' title='bbox 875 1255 938 1304; x_wconf 89' lang='lat' dir='ltr'>ut</span> <span class='ocrx_word' id='word_1_67' title='bbox 955 1249 1302 1305; x_wconf 84' lang='lat' dir='ltr'>Ambrosius</span> <span class='ocrx_word' id='word_1_68' title='bbox 1326 1251 1384 1304; x_wconf 89' lang='lat' dir='ltr'>in</span> <span class='ocrx_word' id='word_1_69' title='bbox 1410 1249 1558 1305; x_wconf 89' lang='lat' dir='ltr'>libro</span> <span class='ocrx_word' id='word_1_70' title='bbox 1591 1250 1778 1321; x_wconf 90' lang='lat' dir='ltr'>primo</span> <span class='ocrx_word' id='word_1_71' title='bbox 1809 1266 1909 1304; x_wconf 92' lang='lat' dir='ltr'>ca-</span> 
     </span>
    </p>
   </div>
   <div class='ocr_carea' id='block_1_13' title="bbox 257 1337 1908 1412">
    <p class='ocr_par' dir='ltr' id='par_1_13' title="bbox 257 1337 1908 1412">
     <span class='ocr_line' id='line_1_13' title="bbox 257 1337 1908 1412; baseline -0.001 -18"><span class='ocrx_word' id='word_1_72' title='bbox 257 1339 373 1412; x_wconf 90' lang='lat' dir='ltr'>pite</span> <span class='ocrx_word' id='word_1_73' title='bbox 395 1343 555 1394; x_wconf 82' lang='lat' dir='ltr'>sexto</span> <span class='ocrx_word' id='word_1_74' title='bbox 579 1339 699 1412; x_wconf 80' lang='lat' dir='ltr'>(lib.</span> <span class='ocrx_word' id='word_1_75' title='bbox 725 1358 763 1405; x_wconf 86' lang='grc' dir='ltr'>ι,</span> <span class='ocrx_word' id='word_1_76' title='bbox 787 1356 837 1394; x_wconf 94' lang='lat' dir='ltr'>c.</span> <span class='ocrx_word' id='word_1_77' title='bbox 860 1341 917 1408; x_wconf 88' lang='lat'>6)</span> <span class='ocrx_word' id='word_1_78' title='bbox 943 1357 988 1394; x_wconf 79' lang='lat' dir='ltr'>:u</span> <span class='ocrx_word' id='word_1_79' title='bbox 1017 1339 1161 1394; x_wconf 88' lang='lat' dir='ltr'>Cum</span> <span class='ocrx_word' id='word_1_80' title='bbox 1184 1339 1365 1404; x_wconf 88' lang='lat' dir='ltr'>enim,</span> <span class='ocrx_word' id='word_1_81' title='bbox 1386 1337 1681 1410; x_wconf 88' lang='lat' dir='ltr'>inquiens,</span> <span class='ocrx_word' id='word_1_82' title='bbox 1703 1339 1908 1394; x_wconf 85' lang='lat' dir='ltr'>eadem</span> 
     </span>
    </p>
   </div>
   <div class='ocr_carea' id='block_1_14' title="bbox 256 1427 1912 1500">
    <p class='ocr_par' dir='ltr' id='par_1_14' title="bbox 256 1427 1912 1500">
     <span class='ocr_line' id='line_1_14' title="bbox 256 1427 1912 1500; baseline 0 -18"><span class='ocrx_word' id='word_1_83' title='bbox 256 1427 434 1483; x_wconf 78' lang='lat' dir='ltr'>faciat</span> <span class='ocrx_word' id='word_1_84' title='bbox 465 1427 647 1484; x_wconf 85' lang='lat' dir='ltr'>Filius</span> <span class='ocrx_word' id='word_1_85' title='bbox 694 1445 864 1500; x_wconf 90' lang='lat' dir='ltr'>opera</span> <span class='ocrx_word' id='word_1_86' title='bbox 917 1445 1042 1500; x_wconf 63' lang='lat' dir='ltr'>quae</span> <span class='ocrx_word' id='word_1_87' title='bbox 1103 1429 1272 1484; x_wconf 88' lang='lat' dir='ltr'>Pater</span> <span class='ocrx_word' id='word_1_88' title='bbox 1301 1427 1460 1494; x_wconf 83' lang='lat' dir='ltr'>facit,</span> <span class='ocrx_word' id='word_1_89' title='bbox 1493 1432 1550 1482; x_wconf 86' lang='lat' dir='ltr'>et</span> <span class='ocrx_word' id='word_1_90' title='bbox 1593 1445 1741 1499; x_wconf 90' lang='lat' dir='ltr'>quos</span> <span class='ocrx_word' id='word_1_91' title='bbox 1789 1427 1912 1482; x_wconf 85' lang='lat' dir='ltr'>vult</span> 
     </span>
    </p>
   </div>
   <div class='ocr_carea' id='block_1_15' title="bbox 255 1515 1913 1590">
    <p class='ocr_par' dir='ltr' id='par_1_15' title="bbox 255 1515 1913 1590">
     <span class='ocr_line' id='line_1_15' title="bbox 255 1515 1913 1590; baseline -0.001 -18"><span class='ocrx_word' id='word_1_92' title='bbox 255 1515 505 1572; x_wconf 83' lang='lat' dir='ltr'>vivificet</span> <span class='ocrx_word' id='word_1_93' title='bbox 565 1517 767 1586; x_wconf 87' lang='lat' dir='ltr'>Filius,</span> <span class='ocrx_word' id='word_1_94' title='bbox 803 1517 956 1573; x_wconf 88' lang='lat' dir='ltr'>sicut</span> <span class='ocrx_word' id='word_1_95' title='bbox 1003 1518 1289 1590; x_wconf 90' lang='lat' dir='ltr'>scriptum</span> <span class='ocrx_word' id='word_1_96' title='bbox 1340 1523 1450 1583; x_wconf 90' lang='lat' dir='ltr'>est,</span> <span class='ocrx_word' id='word_1_97' title='bbox 1482 1535 1586 1573; x_wconf 92' lang='lat' dir='ltr'>nec</span> <span class='ocrx_word' id='word_1_98' title='bbox 1637 1517 1913 1572; x_wconf 73' lang='lat' dir='ltr'>differens</span> 
     </span>
    </p>
   </div>
   <div class='ocr_carea' id='block_1_16' title="bbox 255 1606 1912 1676">
    <p class='ocr_par' dir='ltr' id='par_1_16' title="bbox 255 1606 1912 1676">
     <span class='ocr_line' id='line_1_16' title="bbox 255 1606 1912 1676; baseline 0.001 -18"><span class='ocrx_word' id='word_1_99' title='bbox 255 1609 636 1676; x_wconf 88' lang='lat' dir='ltr'>potestate,et</span> <span class='ocrx_word' id='word_1_100' title='bbox 665 1606 814 1663; x_wconf 90' lang='lat' dir='ltr'>liber</span> <span class='ocrx_word' id='word_1_101' title='bbox 841 1610 932 1663; x_wconf 90' lang='lat' dir='ltr'>est</span> <span class='ocrx_word' id='word_1_102' title='bbox 953 1607 1284 1662; x_wconf 81' lang='lat' dir='ltr'>voluntate:</span> <span class='ocrx_word' id='word_1_103' title='bbox 1310 1607 1392 1662; x_wconf 93' lang='lat' dir='ltr'>ita</span> <span class='ocrx_word' id='word_1_104' title='bbox 1412 1611 1470 1662; x_wconf 91' lang='lat' dir='ltr'>et</span> <span class='ocrx_word' id='word_1_105' title='bbox 1491 1606 1688 1662; x_wconf 91' lang='lat' dir='ltr'>unitas</span> <span class='ocrx_word' id='word_1_106' title='bbox 1717 1621 1912 1663; x_wconf 78' lang='lat' dir='ltr'>serva-</span> 
     </span>
    </p>
   </div>
   <div class='ocr_carea' id='block_1_17' title="bbox 255 1695 1917 1770">
    <p class='ocr_par' dir='ltr' id='par_1_17' title="bbox 255 1695 1917 1770">
     <span class='ocr_line' id='line_1_17' title="bbox 255 1695 1917 1770; baseline 0.002 -23"><span class='ocrx_word' id='word_1_107' title='bbox 255 1697 372 1760; x_wconf 89' lang='lat' dir='ltr'>tur,</span> <span class='ocrx_word' id='word_1_108' title='bbox 397 1695 538 1767; x_wconf 91' lang='lat' dir='ltr'>quia</span> <span class='ocrx_word' id='word_1_109' title='bbox 586 1700 643 1752; x_wconf 91' lang='lat' dir='ltr'>et</span> <span class='ocrx_word' id='word_1_110' title='bbox 687 1697 875 1752; x_wconf 85' lang='lat' dir='ltr'>virtus</span> <span class='ocrx_word' id='word_1_111' title='bbox 918 1696 1018 1752; x_wconf 88' lang='lat' dir='ltr'>Dei</span> <span class='ocrx_word' id='word_1_112' title='bbox 1070 1697 1128 1751; x_wconf 91' lang='lat' dir='ltr'>in</span> <span class='ocrx_word' id='word_1_113' title='bbox 1182 1695 1504 1752; x_wconf 83' lang='lat' dir='ltr'>divinitatis</span> <span class='ocrx_word' id='word_1_114' title='bbox 1561 1695 1917 1770; x_wconf 78' lang='lat' dir='ltr'>proprietate</span> 
     </span>
    </p>
   </div>
   <div class='ocr_carea' id='block_1_18' title="bbox 256 1783 1920 1857">
    <p class='ocr_par' dir='ltr' id='par_1_18' title="bbox 256 1783 1920 1857">
     <span class='ocr_line' id='line_1_18' title="bbox 256 1783 1920 1857; baseline 0 -17"><span class='ocrx_word' id='word_1_115' title='bbox 256 1790 366 1843; x_wconf 88' lang='lat' dir='ltr'>est.</span> <span class='ocrx_word' id='word_1_116' title='bbox 391 1791 448 1841; x_wconf 88' lang='lat' dir='ltr'>et</span> <span class='ocrx_word' id='word_1_117' title='bbox 473 1785 714 1841; x_wconf 86' lang='lat' dir='ltr'>libertas</span> <span class='ocrx_word' id='word_1_118' title='bbox 743 1803 858 1842; x_wconf 93' lang='lat' dir='ltr'>non</span> <span class='ocrx_word' id='word_1_119' title='bbox 891 1787 950 1840; x_wconf 89' lang='lat' dir='ltr'>in</span> <span class='ocrx_word' id='word_1_120' title='bbox 975 1783 1175 1857; x_wconf 90' lang='lat' dir='ltr'>aliqua</span> <span class='ocrx_word' id='word_1_121' title='bbox 1203 1785 1551 1852; x_wconf 70' lang='lat' dir='ltr'>differentia,</span> <span class='ocrx_word' id='word_1_122' title='bbox 1576 1785 1676 1841; x_wconf 88' lang='lat' dir='ltr'>sed</span> <span class='ocrx_word' id='word_1_123' title='bbox 1713 1785 1766 1840; x_wconf 92' lang='lat' dir='ltr'>in</span> <span class='ocrx_word' id='word_1_124' title='bbox 1795 1784 1920 1841; x_wconf 70' lang='lat' dir='ltr'>uni‘</span> 
     </span>
    </p>
   </div>
   <div class='ocr_carea' id='block_1_19' title="bbox 257 1875 1914 1948">
    <p class='ocr_par' dir='ltr' id='par_1_19' title="bbox 257 1875 1914 1948">
     <span class='ocr_line' id='line_1_19' title="bbox 257 1875 1914 1948; baseline 0 -18"><span class='ocrx_word' id='word_1_125' title='bbox 257 1879 375 1932; x_wconf 91' lang='lat' dir='ltr'>tate</span> <span class='ocrx_word' id='word_1_126' title='bbox 405 1881 494 1932; x_wconf 89' lang='lat' dir='ltr'>est</span> <span class='ocrx_word' id='word_1_127' title='bbox 541 1875 906 1932; x_wconf 78' lang='lat' dir='ltr'>Trinitatis.»</span> <span class='ocrx_word' id='word_1_128' title='bbox 929 1877 998 1932; x_wconf 86' lang='lat' dir='ltr'>Et</span> <span class='ocrx_word' id='word_1_129' title='bbox 1029 1875 1167 1930; x_wconf 89' lang='lat' dir='ltr'>item</span> <span class='ocrx_word' id='word_1_130' title='bbox 1211 1876 1466 1932; x_wconf 89' lang='lat' dir='ltr'>secundo</span> <span class='ocrx_word' id='word_1_131' title='bbox 1519 1875 1668 1932; x_wconf 90' lang='lat' dir='ltr'>libro</span> <span class='ocrx_word' id='word_1_132' title='bbox 1726 1877 1914 1948; x_wconf 87' lang='lat' dir='ltr'>capite</span> 
     </span>
    </p>
   </div>
   <div class='ocr_carea' id='block_1_20' title="bbox 258 1945 1988 2036">
    <p class='ocr_par' dir='ltr' id='par_1_20' title="bbox 258 1945 1988 2036">
     <span class='ocr_line' id='line_1_20' title="bbox 258 1945 1988 2036; baseline 0.002 -18"><span class='ocrx_word' id='word_1_133' title='bbox 258 1968 467 2036; x_wconf 90' lang='lat' dir='ltr'>quarto</span> <span class='ocrx_word' id='word_1_134' title='bbox 493 1982 542 2020; x_wconf 87' lang='lat'>:«</span> <span class='ocrx_word' id='word_1_135' title='bbox 571 1963 898 2020; x_wconf 90' lang='lat' dir='ltr'>Didicimus</span> <span class='ocrx_word' id='word_1_136' title='bbox 928 1982 1107 2019; x_wconf 89' lang='lat' dir='ltr'>unam</span> <span class='ocrx_word' id='word_1_137' title='bbox 1143 1965 1328 2021; x_wconf 88' lang='lat' dir='ltr'>Patris</span> <span class='ocrx_word' id='word_1_138' title='bbox 1357 1970 1416 2021; x_wconf 92' lang='lat' dir='ltr'>et</span> <span class='ocrx_word' id='word_1_139' title='bbox 1447 1965 1574 2021; x_wconf 81' lang='lat' dir='ltr'>Filii</span> <span class='ocrx_word' id='word_1_140' title='bbox 1607 1983 1736 2022; x_wconf 89' lang='lat' dir='ltr'>esse</span> <span class='ocrx_word' id='word_1_141' title='bbox 1765 1965 1912 2021; x_wconf 89' lang='lat' dir='ltr'>ima-</span> <span class='ocrx_word' id='word_1_142' title='bbox 1942 1945 1988 2010; x_wconf 80' lang='grc' dir='ltr'><strong>Β</strong></span> 
     </span>
    </p>
   </div>
   <div class='ocr_carea' id='block_1_21' title="bbox 258 2053 1908 2127">
    <p class='ocr_par' dir='ltr' id='par_1_21' title="bbox 258 2053 1908 2127">
     <span class='ocr_line' id='line_1_21' title="bbox 258 2053 1908 2127; baseline 0.001 -19"><span class='ocrx_word' id='word_1_143' title='bbox 258 2055 474 2127; x_wconf 84' lang='lat' dir='ltr'>ginem,</span> <span class='ocrx_word' id='word_1_144' title='bbox 518 2071 696 2109; x_wconf 91' lang='lat' dir='ltr'>unam</span> <span class='ocrx_word' id='word_1_145' title='bbox 746 2053 1216 2122; x_wconf 85' lang='lat' dir='ltr'>similitudinem,</span> <span class='ocrx_word' id='word_1_146' title='bbox 1264 2072 1444 2110; x_wconf 89' lang='lat' dir='ltr'>unam</span> <span class='ocrx_word' id='word_1_147' title='bbox 1498 2053 1908 2111; x_wconf 81' lang='lat' dir='ltr'>sanctiﬁcatio-</span> 
     </span>
    </p>
   </div>
   <div class='ocr_carea' id='block_1_22' title="bbox 260 2143 1908 2217">
    <p class='ocr_par' dir='ltr' id='par_1_22' title="bbox 260 2143 1908 2217">
     <span class='ocr_line' id='line_1_22' title="bbox 260 2143 1908 2217; baseline 0 -18"><span class='ocrx_word' id='word_1_148' title='bbox 260 2162 392 2199; x_wconf 90' lang='lat' dir='ltr'>nem</span> <span class='ocrx_word' id='word_1_149' title='bbox 430 2160 443 2198; x_wconf 89' lang='lat'><strong>:</strong></span> <span class='ocrx_word' id='word_1_150' title='bbox 478 2143 796 2200; x_wconf 86' lang='lat' dir='ltr'>didicimus</span> <span class='ocrx_word' id='word_1_151' title='bbox 853 2161 1035 2200; x_wconf 91' lang='lat' dir='ltr'>unam</span> <span class='ocrx_word' id='word_1_152' title='bbox 1087 2144 1504 2216; x_wconf 87' lang='lat' dir='ltr'>operationem,</span> <span class='ocrx_word' id='word_1_153' title='bbox 1557 2161 1735 2199; x_wconf 90' lang='lat' dir='ltr'>unam</span> <span class='ocrx_word' id='word_1_154' title='bbox 1784 2143 1908 2217; x_wconf 83' lang='lat' dir='ltr'>glo-</span> 
     </span>
    </p>
   </div>
   <div class='ocr_carea' id='block_1_23' title="bbox 260 2230 1910 2305">
    <p class='ocr_par' dir='ltr' id='par_1_23' title="bbox 260 2230 1910 2305">
     <span class='ocr_line' id='line_1_23' title="bbox 260 2230 1910 2305; baseline 0.001 -17"><span class='ocrx_word' id='word_1_155' title='bbox 260 2233 428 2301; x_wconf 85' lang='lat' dir='ltr'>riam,</span> <span class='ocrx_word' id='word_1_156' title='bbox 486 2250 665 2288; x_wconf 88' lang='lat' dir='ltr'>unam</span> <span class='ocrx_word' id='word_1_157' title='bbox 725 2250 955 2305; x_wconf 89' lang='lat' dir='ltr'>quoque</span> <span class='ocrx_word' id='word_1_158' title='bbox 1007 2232 1390 2288; x_wconf 88' lang='lat' dir='ltr'>divinitatem.</span> <span class='ocrx_word' id='word_1_159' title='bbox 1441 2230 1604 2288; x_wconf 93' lang='lat' dir='ltr'>Unus</span> <span class='ocrx_word' id='word_1_160' title='bbox 1659 2249 1794 2305; x_wconf 89' lang='lat' dir='ltr'>ergo</span> <span class='ocrx_word' id='word_1_161' title='bbox 1852 2237 1910 2289; x_wconf 91' lang='lat' dir='ltr'>et</span> 
     </span>
    </p>
   </div>
   <div class='ocr_carea' id='block_1_24' title="bbox 259 2321 1910 2395">
    <p class='ocr_par' dir='ltr' id='par_1_24' title="bbox 259 2321 1910 2395">
     <span class='ocr_line' id='line_1_24' title="bbox 259 2321 1910 2395; baseline 0.001 -18"><span class='ocrx_word' id='word_1_162' title='bbox 259 2322 420 2378; x_wconf 90' lang='lat' dir='ltr'>solus</span> <span class='ocrx_word' id='word_1_163' title='bbox 451 2323 626 2393; x_wconf 90' lang='lat' dir='ltr'>Deus,</span> <span class='ocrx_word' id='word_1_164' title='bbox 683 2321 821 2395; x_wconf 87' lang='lat' dir='ltr'>quia</span> <span class='ocrx_word' id='word_1_165' title='bbox 867 2322 1152 2394; x_wconf 88' lang='lat' dir='ltr'>scriptum</span> <span class='ocrx_word' id='word_1_166' title='bbox 1202 2326 1292 2378; x_wconf 89' lang='lat' dir='ltr'>est</span> <span class='ocrx_word' id='word_1_167' title='bbox 1337 2338 1349 2378; x_wconf 91' lang='lat'><strong>:</strong></span> <span class='ocrx_word' id='word_1_168' title='bbox 1398 2323 1688 2380; x_wconf 79' lang='lat' dir='ltr'>Dominum</span> <span class='ocrx_word' id='word_1_169' title='bbox 1740 2325 1910 2379; x_wconf 83' lang='lat' dir='ltr'>Deum</span> 
     </span>
    </p>
   </div>
   <div class='ocr_carea' id='block_1_25' title="bbox 259 2411 1910 2484">
    <p class='ocr_par' dir='ltr' id='par_1_25' title="bbox 259 2411 1910 2484">
     <span class='ocr_line' id='line_1_25' title="bbox 259 2411 1910 2484; baseline 0.001 -16"><span class='ocrx_word' id='word_1_170' title='bbox 259 2419 415 2468; x_wconf 81' lang='lat' dir='ltr'>tuum</span> <span class='ocrx_word' id='word_1_171' title='bbox 470 2411 750 2479; x_wconf 80' lang='lat' dir='ltr'>adorabis,</span> <span class='ocrx_word' id='word_1_172' title='bbox 805 2419 856 2468; x_wconf 82' lang='lat' dir='ltr'>et</span> <span class='ocrx_word' id='word_1_173' title='bbox 909 2412 1000 2467; x_wconf 81' lang='lat' dir='ltr'>illi</span> <span class='ocrx_word' id='word_1_174' title='bbox 1054 2412 1161 2468; x_wconf 83' lang='lat' dir='ltr'>soli</span> <span class='ocrx_word' id='word_1_175' title='bbox 1203 2413 1404 2468; x_wconf 82' lang='lat' dir='ltr'>servies</span> <span class='ocrx_word' id='word_1_176' title='bbox 1435 2413 1578 2484; x_wconf 82' lang='lat' dir='ltr'>(Mat.</span> <span class='ocrx_word' id='word_1_177' title='bbox 1614 2415 1713 2481; x_wconf 83' lang='grc' dir='ltr'>ιν).</span> <span class='ocrx_word' id='word_1_178' title='bbox 1747 2411 1910 2469; x_wconf 90' lang='lat' dir='ltr'>Unus</span> 
     </span>
    </p>
   </div>
   <div class='ocr_carea' id='block_1_26' title="bbox 261 2499 1909 2573">
    <p class='ocr_par' dir='ltr' id='par_1_26' title="bbox 261 2499 1909 2573">
     <span class='ocr_line' id='line_1_26' title="bbox 261 2499 1909 2573; baseline 0 -17"><span class='ocrx_word' id='word_1_179' title='bbox 261 2501 440 2568; x_wconf 89' lang='lat' dir='ltr'>Deus,</span> <span class='ocrx_word' id='word_1_180' title='bbox 463 2518 578 2556; x_wconf 90' lang='lat' dir='ltr'>non</span> <span class='ocrx_word' id='word_1_181' title='bbox 610 2504 672 2555; x_wconf 88' lang='lat' dir='ltr'>ut</span> <span class='ocrx_word' id='word_1_182' title='bbox 702 2499 827 2572; x_wconf 89' lang='lat' dir='ltr'>ipse</span> <span class='ocrx_word' id='word_1_183' title='bbox 871 2499 947 2556; x_wconf 92' lang='lat' dir='ltr'>sit</span> <span class='ocrx_word' id='word_1_184' title='bbox 976 2501 1144 2555; x_wconf 85' lang='lat' dir='ltr'>Pater</span> <span class='ocrx_word' id='word_1_185' title='bbox 1169 2504 1226 2556; x_wconf 92' lang='lat' dir='ltr'>et</span> <span class='ocrx_word' id='word_1_186' title='bbox 1258 2500 1459 2566; x_wconf 88' lang='lat' dir='ltr'>Filius,</span> <span class='ocrx_word' id='word_1_187' title='bbox 1495 2500 1648 2556; x_wconf 87' lang='lat' dir='ltr'>sicut</span> <span class='ocrx_word' id='word_1_188' title='bbox 1690 2500 1909 2573; x_wconf 91' lang='lat' dir='ltr'>impius</span> 
     </span>
    </p>
   </div>
   <div class='ocr_carea' id='block_1_27' title="bbox 261 2589 1910 2663">
    <p class='ocr_par' dir='ltr' id='par_1_27' title="bbox 261 2589 1910 2663">
     <span class='ocr_line' id='line_1_27' title="bbox 261 2589 1910 2663; baseline 0 -17"><span class='ocrx_word' id='word_1_189' title='bbox 261 2589 554 2646; x_wconf 88' lang='lat' dir='ltr'>Sabellius</span> <span class='ocrx_word' id='word_1_190' title='bbox 585 2589 812 2655; x_wconf 86' lang='lat' dir='ltr'>asserit,</span> <span class='ocrx_word' id='word_1_191' title='bbox 848 2591 946 2644; x_wconf 88' lang='lat' dir='ltr'>sed</span> <span class='ocrx_word' id='word_1_192' title='bbox 981 2589 1118 2661; x_wconf 92' lang='lat' dir='ltr'>quia</span> <span class='ocrx_word' id='word_1_193' title='bbox 1158 2589 1346 2644; x_wconf 81' lang='lat' dir='ltr'>Patris</span> <span class='ocrx_word' id='word_1_194' title='bbox 1377 2593 1433 2646; x_wconf 89' lang='lat' dir='ltr'>et</span> <span class='ocrx_word' id='word_1_195' title='bbox 1464 2589 1591 2645; x_wconf 87' lang='lat' dir='ltr'>Filii</span> <span class='ocrx_word' id='word_1_196' title='bbox 1623 2589 1910 2663; x_wconf 80' lang='lat' dir='ltr'>Spiritus-</span> 
     </span>
    </p>
   </div>
   <div class='ocr_carea' id='block_1_28' title="bbox 261 2677 1909 2752">
    <p class='ocr_par' dir='ltr' id='par_1_28' title="bbox 261 2677 1909 2752">
     <span class='ocr_line' id='line_1_28' title="bbox 261 2677 1909 2752; baseline 0 -18"><span class='ocrx_word' id='word_1_197' title='bbox 261 2697 373 2752; x_wconf 83' lang='lat' dir='ltr'>que</span> <span class='ocrx_word' id='word_1_198' title='bbox 401 2680 588 2735; x_wconf 84' lang='lat' dir='ltr'>sancti</span> <span class='ocrx_word' id='word_1_199' title='bbox 623 2697 738 2734; x_wconf 91' lang='lat' dir='ltr'>una</span> <span class='ocrx_word' id='word_1_200' title='bbox 781 2678 1056 2733; x_wconf 79' lang='lat' dir='ltr'>divinitas</span> <span class='ocrx_word' id='word_1_201' title='bbox 1087 2677 1164 2734; x_wconf 90' lang='lat' dir='ltr'>sit</span> <span class='ocrx_word' id='word_1_202' title='bbox 1197 2695 1209 2733; x_wconf 94' lang='lat'>:</span> <span class='ocrx_word' id='word_1_203' title='bbox 1246 2679 1341 2733; x_wconf 87' lang='lat' dir='ltr'>ubi</span> <span class='ocrx_word' id='word_1_204' title='bbox 1376 2683 1572 2734; x_wconf 85' lang='lat' dir='ltr'>autem</span> <span class='ocrx_word' id='word_1_205' title='bbox 1620 2697 1737 2735; x_wconf 90' lang='lat' dir='ltr'>una</span> <span class='ocrx_word' id='word_1_206' title='bbox 1766 2679 1909 2734; x_wconf 89' lang='lat' dir='ltr'>divi-</span> 
     </span>
    </p>
   </div>
   <div class='ocr_carea' id='block_1_29' title="bbox 262 2767 1904 2840">
    <p class='ocr_par' dir='ltr' id='par_1_29' title="bbox 262 2767 1904 2840">
     <span class='ocr_line' id='line_1_29' title="bbox 262 2767 1904 2840; baseline 0.001 -17"><span class='ocrx_word' id='word_1_207' title='bbox 262 2769 437 2836; x_wconf 89' lang='lat' dir='ltr'>nitas,</span> <span class='ocrx_word' id='word_1_208' title='bbox 463 2786 580 2823; x_wconf 91' lang='lat' dir='ltr'>una</span> <span class='ocrx_word' id='word_1_209' title='bbox 599 2767 870 2823; x_wconf 84' lang='lat' dir='ltr'>voluntas</span> <span class='ocrx_word' id='word_1_210' title='bbox 895 2773 952 2822; x_wconf 92' lang='lat' dir='ltr'>et</span> <span class='ocrx_word' id='word_1_211' title='bbox 978 2785 1094 2822; x_wconf 92' lang='lat' dir='ltr'>una</span> <span class='ocrx_word' id='word_1_212' title='bbox 1115 2767 1440 2839; x_wconf 65' lang='lat' dir='ltr'>praeceptio.</span> <span class='ocrx_word' id='word_1_213' title='bbox 1470 2767 1728 2840; x_wconf 90' lang='lat' dir='ltr'>Denique</span> <span class='ocrx_word' id='word_1_214' title='bbox 1759 2768 1904 2824; x_wconf 70' lang='grc' dir='ltr'>ὅθι</span> 
     </span>
    </p>
   </div>
   <div class='ocr_carea' id='block_1_30' title="bbox 262 2855 1910 2927">
    <p class='ocr_par' dir='ltr' id='par_1_30' title="bbox 262 2855 1910 2927">
     <span class='ocr_line' id='line_1_30' title="bbox 262 2855 1910 2927; baseline -0.001 -14"><span class='ocrx_word' id='word_1_215' title='bbox 262 2862 328 2913; x_wconf 94' lang='lat' dir='ltr'>ut</span> <span class='ocrx_word' id='word_1_216' title='bbox 359 2857 512 2913; x_wconf 89' lang='lat' dir='ltr'>scias</span> <span class='ocrx_word' id='word_1_217' title='bbox 561 2862 619 2912; x_wconf 91' lang='lat' dir='ltr'>et</span> <span class='ocrx_word' id='word_1_218' title='bbox 668 2857 896 2913; x_wconf 89' lang='lat' dir='ltr'>Patrem</span> <span class='ocrx_word' id='word_1_219' title='bbox 929 2873 1076 2923; x_wconf 86' lang='lat' dir='ltr'>esse,</span> <span class='ocrx_word' id='word_1_220' title='bbox 1110 2861 1166 2911; x_wconf 90' lang='lat' dir='ltr'>et</span> <span class='ocrx_word' id='word_1_221' title='bbox 1198 2855 1409 2912; x_wconf 87' lang='lat' dir='ltr'>Filium</span> <span class='ocrx_word' id='word_1_222' title='bbox 1457 2875 1605 2927; x_wconf 89' lang='lat' dir='ltr'>esse,</span> <span class='ocrx_word' id='word_1_223' title='bbox 1637 2862 1696 2913; x_wconf 90' lang='lat' dir='ltr'>et</span> <span class='ocrx_word' id='word_1_224' title='bbox 1725 2875 1910 2913; x_wconf 90' lang='lat' dir='ltr'>unum</span> 
     </span>
    </p>
   </div>
   <div class='ocr_carea' id='block_1_31' title="bbox 263 2945 1909 3019">
    <p class='ocr_par' dir='ltr' id='par_1_31' title="bbox 263 2945 1909 3019">
     <span class='ocr_line' id='line_1_31' title="bbox 263 2945 1909 3019; baseline 0 -17"><span class='ocrx_word' id='word_1_225' title='bbox 263 2963 410 3018; x_wconf 89' lang='lat' dir='ltr'>opus</span> <span class='ocrx_word' id='word_1_226' title='bbox 452 2945 638 3002; x_wconf 88' lang='lat' dir='ltr'>Patris</span> <span class='ocrx_word' id='word_1_227' title='bbox 686 2949 742 3000; x_wconf 87' lang='lat' dir='ltr'>et</span> <span class='ocrx_word' id='word_1_228' title='bbox 789 2945 915 3000; x_wconf 90' lang='lat' dir='ltr'>Filii</span> <span class='ocrx_word' id='word_1_229' title='bbox 965 2962 1114 3010; x_wconf 89' lang='lat' dir='ltr'>esse,</span> <span class='ocrx_word' id='word_1_230' title='bbox 1143 2947 1486 3018; x_wconf 86' lang='lat' dir='ltr'>Apostolum</span> <span class='ocrx_word' id='word_1_231' title='bbox 1536 2964 1778 3019; x_wconf 89' lang='lat' dir='ltr'>sequere</span> <span class='ocrx_word' id='word_1_232' title='bbox 1809 2947 1909 3019; x_wconf 90' lang='lat' dir='ltr'>qui</span> 
     </span>
    </p>
   </div>
   <div class='ocr_carea' id='block_1_32' title="bbox 263 3035 1910 3108">
    <p class='ocr_par' dir='ltr' id='par_1_32' title="bbox 263 3035 1910 3108">
     <span class='ocr_line' id='line_1_32' title="bbox 263 3035 1910 3108; baseline 0.002 -19"><span class='ocrx_word' id='word_1_233' title='bbox 263 3035 404 3090; x_wconf 89' lang='lat' dir='ltr'>dixit</span> <span class='ocrx_word' id='word_1_234' title='bbox 429 3053 442 3091; x_wconf 91' lang='lat'>:</span> <span class='ocrx_word' id='word_1_235' title='bbox 465 3037 491 3090; x_wconf 89' lang='grc'><em>1</em></span> <span class='ocrx_word' id='word_1_236' title='bbox 489 3052 584 3108; x_wconf 81' lang='lat' dir='ltr'>pse</span> <span class='ocrx_word' id='word_1_237' title='bbox 611 3044 792 3092; x_wconf 81' lang='lat' dir='ltr'>autem</span> <span class='ocrx_word' id='word_1_238' title='bbox 812 3037 951 3092; x_wconf 84' lang='lat' dir='ltr'>Deus</span> <span class='ocrx_word' id='word_1_239' title='bbox 971 3043 1021 3092; x_wconf 84' lang='lat' dir='ltr'>et</span> <span class='ocrx_word' id='word_1_240' title='bbox 1051 3037 1211 3092; x_wconf 84' lang='lat' dir='ltr'>Pater</span> <span class='ocrx_word' id='word_1_241' title='bbox 1237 3043 1437 3102; x_wconf 77' lang='lat' dir='ltr'>noster,</span> <span class='ocrx_word' id='word_1_242' title='bbox 1461 3043 1511 3092; x_wconf 83' lang='lat' dir='ltr'>et</span> <span class='ocrx_word' id='word_1_243' title='bbox 1539 3037 1799 3091; x_wconf 79' lang='lat' dir='ltr'>Dominus</span> <span class='ocrx_word' id='word_1_244' title='bbox 1816 3040 1910 3092; x_wconf 87' lang='lat' dir='ltr'>Je-</span> 
     </span>
    </p>
   </div>
   <div class='ocr_carea' id='block_1_33' title="bbox 260 3124 1912 3196">
    <p class='ocr_par' dir='ltr' id='par_1_33' title="bbox 260 3124 1912 3196">
     <span class='ocr_line' id='line_1_33' title="bbox 260 3124 1912 3196; baseline -0.001 -15"><span class='ocrx_word' id='word_1_245' title='bbox 260 3141 354 3182; x_wconf 86' lang='lat' dir='ltr'>sus</span> <span class='ocrx_word' id='word_1_246' title='bbox 383 3124 588 3196; x_wconf 82' lang='lat' dir='ltr'>dirigat</span> <span class='ocrx_word' id='word_1_247' title='bbox 629 3127 778 3180; x_wconf 79' lang='lat' dir='ltr'>viam</span> <span class='ocrx_word' id='word_1_248' title='bbox 811 3132 1054 3180; x_wconf 74' lang='lat' dir='ltr'>nostram</span> <span class='ocrx_word' id='word_1_249' title='bbox 1081 3124 1152 3180; x_wconf 87' lang='lat' dir='ltr'>ad</span> <span class='ocrx_word' id='word_1_250' title='bbox 1190 3143 1280 3181; x_wconf 85' lang='lat' dir='ltr'>vos</span> <span class='ocrx_word' id='word_1_251' title='bbox 1311 3126 1361 3192; x_wconf 88' lang='lat' dir='ltr'>(I</span> <span class='ocrx_word' id='word_1_252' title='bbox 1392 3127 1566 3180; x_wconf 69' lang='lat' dir='ltr'>Thess.</span> <span class='ocrx_word' id='word_1_253' title='bbox 1596 3142 1678 3188; x_wconf 69' lang='grc' dir='ltr'>ιιι,</span> <span class='ocrx_word' id='word_1_254' title='bbox 1711 3125 1819 3192; x_wconf 84' lang='grc'>11),</span> <span class='ocrx_word' id='word_1_255' title='bbox 1853 3129 1912 3180; x_wconf 92' lang='lat' dir='ltr'>et</span> 
     </span>
    </p>
   </div>
   <div class='ocr_carea' id='block_1_34' title="bbox 263 3212 1910 3285">
    <p class='ocr_par' dir='ltr' id='par_1_34' title="bbox 263 3212 1910 3285">
     <span class='ocr_line' id='line_1_34' title="bbox 263 3212 1910 3285; baseline -0.002 -13"><span class='ocrx_word' id='word_1_256' title='bbox 263 3213 490 3273; x_wconf 84' lang='lat' dir='ltr'>Patrem</span> <span class='ocrx_word' id='word_1_257' title='bbox 521 3212 800 3285; x_wconf 89' lang='lat' dir='ltr'>loquitur,</span> <span class='ocrx_word' id='word_1_258' title='bbox 824 3218 880 3269; x_wconf 91' lang='lat' dir='ltr'>et</span> <span class='ocrx_word' id='word_1_259' title='bbox 912 3213 1122 3270; x_wconf 89' lang='lat' dir='ltr'>Filium</span> <span class='ocrx_word' id='word_1_260' title='bbox 1154 3213 1416 3285; x_wconf 92' lang='lat' dir='ltr'>loquitur</span> <span class='ocrx_word' id='word_1_261' title='bbox 1440 3230 1453 3268; x_wconf 89' lang='lat'>:</span> <span class='ocrx_word' id='word_1_262' title='bbox 1476 3213 1577 3268; x_wconf 91' lang='lat' dir='ltr'>sed</span> <span class='ocrx_word' id='word_1_263' title='bbox 1607 3213 1801 3268; x_wconf 88' lang='lat' dir='ltr'>unitas</span> <span class='ocrx_word' id='word_1_264' title='bbox 1823 3213 1910 3268; x_wconf 91' lang='lat' dir='ltr'>di-</span> 
     </span>
    </p>
   </div>
   <div class='ocr_carea' id='block_1_35' title="bbox 261 3301 1980 3376">
    <p class='ocr_par' dir='ltr' id='par_1_35' title="bbox 261 3301 1980 3376">
     <span class='ocr_line' id='line_1_35' title="bbox 261 3301 1980 3376; baseline 0.001 -18"><span class='ocrx_word' id='word_1_265' title='bbox 261 3301 536 3358; x_wconf 89' lang='lat' dir='ltr'>rectionis</span> <span class='ocrx_word' id='word_1_266' title='bbox 567 3306 675 3366; x_wconf 90' lang='lat' dir='ltr'>est,</span> <span class='ocrx_word' id='word_1_267' title='bbox 699 3303 838 3374; x_wconf 88' lang='lat' dir='ltr'>quia</span> <span class='ocrx_word' id='word_1_268' title='bbox 869 3301 1065 3357; x_wconf 89' lang='lat' dir='ltr'>unitas</span> <span class='ocrx_word' id='word_1_269' title='bbox 1097 3301 1400 3374; x_wconf 87' lang='lat' dir='ltr'>potestatis</span> <span class='ocrx_word' id='word_1_270' title='bbox 1431 3305 1538 3356; x_wconf 90' lang='lat' dir='ltr'>est.</span> <span class='ocrx_word' id='word_1_271' title='bbox 1558 3324 1584 3350; x_wconf 84' lang='lat'><strong>»</strong></span> <span class='ocrx_word' id='word_1_272' title='bbox 1605 3301 1819 3356; x_wconf 87' lang='lat' dir='ltr'>Verum</span> <span class='ocrx_word' id='word_1_273' title='bbox 1852 3307 1909 3359; x_wconf 90' lang='lat' dir='ltr'>et</span> <span class='ocrx_word' id='word_1_274' title='bbox 1938 3310 1980 3376; x_wconf 74' lang='grc' dir='ltr'>ρ</span> 
     </span>
    </p>
   </div>
   <div class='ocr_carea' id='block_1_36' title="bbox 257 3389 1904 3464">
    <p class='ocr_par' dir='ltr' id='par_1_36' title="bbox 257 3389 1904 3464">
     <span class='ocr_line' id='line_1_36' title="bbox 257 3389 1904 3464; baseline 0.001 -20"><span class='ocrx_word' id='word_1_275' title='bbox 257 3390 354 3446; x_wconf 90' lang='lat' dir='ltr'>ille</span> <span class='ocrx_word' id='word_1_276' title='bbox 383 3390 506 3463; x_wconf 91' lang='lat' dir='ltr'>ipse</span> <span class='ocrx_word' id='word_1_277' title='bbox 534 3391 742 3446; x_wconf 88' lang='lat' dir='ltr'>Arator</span> <span class='ocrx_word' id='word_1_278' title='bbox 761 3390 1087 3445; x_wconf 89' lang='lat' dir='ltr'>evidentius</span> <span class='ocrx_word' id='word_1_279' title='bbox 1109 3407 1170 3445; x_wconf 88' lang='lat' dir='ltr'>se</span> <span class='ocrx_word' id='word_1_280' title='bbox 1199 3407 1312 3444; x_wconf 90' lang='lat' dir='ltr'>non</span> <span class='ocrx_word' id='word_1_281' title='bbox 1346 3389 1597 3461; x_wconf 87' lang='lat' dir='ltr'>proprie,</span> <span class='ocrx_word' id='word_1_282' title='bbox 1623 3391 1724 3445; x_wconf 89' lang='lat' dir='ltr'>sed</span> <span class='ocrx_word' id='word_1_283' title='bbox 1756 3391 1904 3464; x_wconf 83' lang='lat' dir='ltr'>figu-</span> 
     </span>
    </p>
   </div>
   <div class='ocr_carea' id='block_1_37' title="bbox 256 3477 1905 3552">
    <p class='ocr_par' dir='ltr' id='par_1_37' title="bbox 256 3477 1905 3552">
     <span class='ocr_line' id='line_1_37' title="bbox 256 3477 1905 3552; baseline 0.001 -18"><span class='ocrx_word' id='word_1_284' title='bbox 256 3484 376 3535; x_wconf 88' lang='lat' dir='ltr'>rate</span> <span class='ocrx_word' id='word_1_285' title='bbox 407 3480 464 3534; x_wconf 92' lang='lat' dir='ltr'>in</span> <span class='ocrx_word' id='word_1_286' title='bbox 497 3479 606 3535; x_wconf 90' lang='lat' dir='ltr'>hoc</span> <span class='ocrx_word' id='word_1_287' title='bbox 653 3479 833 3533; x_wconf 83' lang='lat' dir='ltr'>fuisse</span> <span class='ocrx_word' id='word_1_288' title='bbox 885 3477 1166 3545; x_wconf 89' lang='lat' dir='ltr'>locutum,</span> <span class='ocrx_word' id='word_1_289' title='bbox 1193 3477 1252 3532; x_wconf 92' lang='lat' dir='ltr'>in</span> <span class='ocrx_word' id='word_1_290' title='bbox 1283 3478 1485 3533; x_wconf 90' lang='lat' dir='ltr'>eodem</span> <span class='ocrx_word' id='word_1_291' title='bbox 1537 3477 1686 3534; x_wconf 90' lang='lat' dir='ltr'>libro</span> <span class='ocrx_word' id='word_1_292' title='bbox 1717 3481 1905 3552; x_wconf 89' lang='lat' dir='ltr'>capite</span> 
     </span>
    </p>
   </div>
   <div class='ocr_carea' id='block_1_38' title="bbox 255 3564 1498 3631">
    <p class='ocr_par' dir='ltr' id='par_1_38' title="bbox 255 3564 1498 3631">
     <span class='ocr_line' id='line_1_38' title="bbox 255 3564 1498 3631; baseline 0.001 -11"><span class='ocrx_word' id='word_1_293' title='bbox 255 3566 480 3621; x_wconf 91' lang='lat' dir='ltr'>decimo</span> <span class='ocrx_word' id='word_1_294' title='bbox 513 3565 807 3622; x_wconf 89' lang='lat' dir='ltr'>evidenter</span> <span class='ocrx_word' id='word_1_295' title='bbox 835 3564 1110 3631; x_wconf 83' lang='lat' dir='ltr'>ostendit,</span> <span class='ocrx_word' id='word_1_296' title='bbox 1145 3581 1280 3619; x_wconf 91' lang='lat' dir='ltr'>cum</span> <span class='ocrx_word' id='word_1_297' title='bbox 1312 3564 1454 3620; x_wconf 89' lang='lat' dir='ltr'>dicit</span> <span class='ocrx_word' id='word_1_298' title='bbox 1485 3582 1498 3621; x_wconf 91' lang='lat'><strong>:</strong></span> 
     </span>
    </p>
   </div>
   <div class='ocr_carea' id='block_1_39' title="bbox 845 3653 1376 3702">
    <p class='ocr_par' dir='ltr' id='par_1_39' title="bbox 845 3653 1376 3702">
     <span class='ocr_line' id='line_1_39' title="bbox 845 3653 1376 3702; baseline 0 0"><span class='ocrx_word' id='word_1_299' title='bbox 845 3655 983 3702; x_wconf 82' lang='lat' dir='ltr'>Deus</span> <span class='ocrx_word' id='word_1_300' title='bbox 1010 3653 1208 3702; x_wconf 84' lang='lat' dir='ltr'>arbiter</span> <span class='ocrx_word' id='word_1_301' title='bbox 1232 3654 1376 3702; x_wconf 73' lang='lat' dir='ltr'>orbis</span> 
     </span>
    </p>
   </div>
   <div class='ocr_carea' id='block_1_40' title="bbox 353 3715 1745 3780">
    <p class='ocr_par' dir='ltr' id='par_1_40' title="bbox 353 3715 1745 3780">
     <span class='ocr_line' id='line_1_40' title="bbox 353 3715 1745 3780; baseline 0.001 -14"><span class='ocrx_word' id='word_1_302' title='bbox 353 3717 598 3766; x_wconf 86' lang='lat' dir='ltr'>Personis</span> <span class='ocrx_word' id='word_1_303' title='bbox 625 3717 794 3766; x_wconf 87' lang='lat' dir='ltr'>tribus</span> <span class='ocrx_word' id='word_1_304' title='bbox 821 3721 917 3773; x_wconf 89' lang='lat' dir='ltr'>est,</span> <span class='ocrx_word' id='word_1_305' title='bbox 949 3715 1004 3764; x_wconf 91' lang='lat' dir='ltr'>in</span> <span class='ocrx_word' id='word_1_306' title='bbox 1032 3729 1138 3778; x_wconf 85' lang='lat' dir='ltr'>quo</span> <span class='ocrx_word' id='word_1_307' title='bbox 1169 3715 1326 3765; x_wconf 89' lang='lat' dir='ltr'>simul</span> <span class='ocrx_word' id='word_1_308' title='bbox 1357 3729 1462 3766; x_wconf 89' lang='lat' dir='ltr'>una</span> <span class='ocrx_word' id='word_1_309' title='bbox 1491 3720 1745 3780; x_wconf 85' lang='lat' dir='ltr'>potestas.</span> 
     </span>
    </p>
   </div>
   <div class='ocr_carea' id='block_1_41' title="bbox 258 3795 768 3866">
    <p class='ocr_par' dir='ltr' id='par_1_41' title="bbox 258 3795 768 3866">
     <span class='ocr_line' id='line_1_41' title="bbox 258 3795 768 3866; baseline 0 -16"><span class='ocrx_word' id='word_1_310' title='bbox 258 3796 328 3850; x_wconf 86' lang='lat' dir='ltr'>Et</span> <span class='ocrx_word' id='word_1_311' title='bbox 355 3795 542 3866; x_wconf 88' lang='lat' dir='ltr'>capite</span> <span class='ocrx_word' id='word_1_312' title='bbox 571 3813 724 3850; x_wconf 90' lang='lat' dir='ltr'>nono</span> <span class='ocrx_word' id='word_1_313' title='bbox 755 3811 768 3850; x_wconf 92' lang='lat'><strong>:</strong></span> 
     </span>
    </p>
   </div>
   <div class='ocr_carea' id='block_1_42' title="bbox 351 3883 1585 3944">
    <p class='ocr_par' dir='ltr' id='par_1_42' title="bbox 351 3883 1585 3944">
     <span class='ocr_line' id='line_1_42' title="bbox 351 3883 1585 3944; baseline 0.003 -14"><span class='ocrx_word' id='word_1_314' title='bbox 351 3884 589 3931; x_wconf 64' lang='lat' dir='ltr'>Eecetot</span> <span class='ocrx_word' id='word_1_315' title='bbox 617 3883 841 3944; x_wconf 73' lang='lat' dir='ltr'>egregiis</span> <span class='ocrx_word' id='word_1_316' title='bbox 871 3897 1037 3930; x_wconf 91' lang='lat' dir='ltr'>unum</span> <span class='ocrx_word' id='word_1_317' title='bbox 1068 3896 1160 3932; x_wconf 89' lang='lat' dir='ltr'>eor</span> <span class='ocrx_word' id='word_1_318' title='bbox 1191 3884 1365 3933; x_wconf 89' lang='lat' dir='ltr'>vivere</span> <span class='ocrx_word' id='word_1_319' title='bbox 1396 3886 1585 3934; x_wconf 83' lang='lat' dir='ltr'>turmis</span> 
     </span>
    </p>
   </div>
   <div class='ocr_carea' id='block_1_43' title="bbox 355 3945 1828 4008">
    <p class='ocr_par' dir='ltr' id='par_1_43' title="bbox 355 3945 1828 4008">
     <span class='ocr_line' id='line_1_43' title="bbox 355 3945 1828 4008; baseline 0.005 -16"><span class='ocrx_word' id='word_1_320' title='bbox 355 3945 560 4008; x_wconf 73' lang='lat' dir='ltr'>Incipit,</span> <span class='ocrx_word' id='word_1_321' title='bbox 581 3949 740 4008; x_wconf 84' lang='lat' dir='ltr'>atque</span> <span class='ocrx_word' id='word_1_322' title='bbox 775 3946 1004 3994; x_wconf 85' lang='lat' dir='ltr'>animam</span> <span class='ocrx_word' id='word_1_323' title='bbox 1038 3946 1266 4008; x_wconf 86' lang='lat' dir='ltr'>populus</span> <span class='ocrx_word' id='word_1_324' title='bbox 1292 3949 1616 3998; x_wconf 74' lang='lat' dir='ltr'>mmciseitur</span> <span class='ocrx_word' id='word_1_325' title='bbox 1645 3964 1828 4000; x_wconf 87' lang='lat' dir='ltr'>unam.</span> 
     </span>
    </p>
   </div>
   <div class='ocr_carea' id='block_1_44' title="bbox 353 4006 1716 4071">
    <p class='ocr_par' dir='ltr' id='par_1_44' title="bbox 353 4006 1716 4071">
     <span class='ocr_line' id='line_1_44' title="bbox 353 4006 1716 4071; baseline 0.007 -19"><span class='ocrx_word' id='word_1_326' title='bbox 353 4006 481 4071; x_wconf 79' lang='lat' dir='ltr'>Quis</span> <span class='ocrx_word' id='word_1_327' title='bbox 510 4006 752 4055; x_wconf 82' lang='lat' dir='ltr'>dubitare</span> <span class='ocrx_word' id='word_1_328' title='bbox 777 4014 932 4071; x_wconf 86' lang='lat' dir='ltr'>queat</span> <span class='ocrx_word' id='word_1_329' title='bbox 964 4006 1213 4071; x_wconf 64' lang='lat' dir='ltr'>mysteria</span> <span class='ocrx_word' id='word_1_330' title='bbox 1242 4009 1525 4068; x_wconf 71' lang='lat' dir='ltr'>dogmatis,</span> <span class='ocrx_word' id='word_1_331' title='bbox 1551 4027 1716 4061; x_wconf 83' lang='lat' dir='ltr'>unum</span> 
     </span>
    </p>
   </div>
   <div class='ocr_carea' id='block_1_45' title="bbox 358 4069 1624 4131">
    <p class='ocr_par' dir='ltr' id='par_1_45' title="bbox 358 4069 1624 4131">
     <span class='ocr_line' id='line_1_45' title="bbox 358 4069 1624 4131; baseline 0.006 -16"><span class='ocrx_word' id='word_1_332' title='bbox 358 4069 615 4118; x_wconf 87' lang='lat' dir='ltr'>Personas</span> <span class='ocrx_word' id='word_1_333' title='bbox 643 4074 749 4118; x_wconf 89' lang='lat' dir='ltr'>tres</span> <span class='ocrx_word' id='word_1_334' title='bbox 777 4069 891 4119; x_wconf 80' lang='lat' dir='ltr'>esse</span> <span class='ocrx_word' id='word_1_335' title='bbox 924 4069 1110 4127; x_wconf 83' lang='lat' dir='ltr'>Deum,</span> <span class='ocrx_word' id='word_1_336' title='bbox 1138 4085 1257 4120; x_wconf 89' lang='lat' dir='ltr'>cum</span> <span class='ocrx_word' id='word_1_337' title='bbox 1288 4072 1452 4121; x_wconf 85' lang='lat' dir='ltr'>millia</span> <span class='ocrx_word' id='word_1_338' title='bbox 1481 4074 1624 4131; x_wconf 70' lang='lat' dir='ltr'>vulgi</span> 
     </span>
    </p>
   </div>
   <div class='ocr_carea' id='block_1_46' title="bbox 354 4131 1840 4199">
    <p class='ocr_par' dir='ltr' id='par_1_46' title="bbox 354 4131 1840 4199">
     <span class='ocr_line' id='line_1_46' title="bbox 354 4131 1840 4199; baseline 0.005 -20"><span class='ocrx_word' id='word_1_339' title='bbox 354 4131 692 4199; x_wconf 10' lang='lat' dir='ltr'>Qonrveniunt</span> <span class='ocrx_word' id='word_1_340' title='bbox 710 4134 810 4182; x_wconf 87' lang='lat' dir='ltr'>sub</span> <span class='ocrx_word' id='word_1_341' title='bbox 832 4137 1008 4199; x_wconf 77' lang='lat' dir='ltr'>mente</span> <span class='ocrx_word' id='word_1_342' title='bbox 1030 4134 1162 4199; x_wconf 83' lang='lat' dir='ltr'>pari,</span> <span class='ocrx_word' id='word_1_343' title='bbox 1181 4135 1501 4197; x_wconf 75' lang='lat' dir='ltr'>numer-ique</span> <span class='ocrx_word' id='word_1_344' title='bbox 1533 4137 1840 4199; x_wconf 79' lang='lat' dir='ltr'>frequentis,</span> 
     </span>
    </p>
   </div>
   <div class='ocr_carea' id='block_1_47' title="bbox 359 4195 1813 4260">
    <p class='ocr_par' dir='ltr' id='par_1_47' title="bbox 359 4195 1813 4260">
     <span class='ocr_line' id='line_1_47' title="bbox 359 4195 1813 4260; baseline 0.004 -17"><span class='ocrx_word' id='word_1_345' title='bbox 359 4195 631 4244; x_wconf 84' lang='lat' dir='ltr'>Portatura</span> <span class='ocrx_word' id='word_1_346' title='bbox 663 4209 892 4258; x_wconf 84' lang='lat' dir='ltr'>crucem,</span> <span class='ocrx_word' id='word_1_347' title='bbox 930 4195 1320 4260; x_wconf 87' lang='lat' dir='ltr'>Dominumqne</span> <span class='ocrx_word' id='word_1_348' title='bbox 1351 4195 1533 4247; x_wconf 76' lang='lat' dir='ltr'>secuta</span> <span class='ocrx_word' id='word_1_349' title='bbox 1562 4195 1768 4249; x_wconf 43' lang='lat' dir='ltr'>[id-clem</span> <span class='ocrx_word' id='word_1_350' title='bbox 1789 4204 1813 4249; x_wconf 85' lang='lat'><strong>?</strong></span> 
     </span>
    </p>
   </div>
   <div class='ocr_carea' id='block_1_48' title="bbox 259 4273 798 4346">
    <p class='ocr_par' dir='ltr' id='par_1_48' title="bbox 259 4273 798 4346">
     <span class='ocr_line' id='line_1_48' title="bbox 259 4273 798 4346; baseline 0.004 -19"><span class='ocrx_word' id='word_1_351' title='bbox 259 4273 329 4328; x_wconf 84' lang='lat' dir='ltr'>Et</span> <span class='ocrx_word' id='word_1_352' title='bbox 359 4273 550 4346; x_wconf 86' lang='lat' dir='ltr'>capite</span> <span class='ocrx_word' id='word_1_353' title='bbox 581 4275 750 4330; x_wconf 89' lang='lat' dir='ltr'>tertio</span> <span class='ocrx_word' id='word_1_354' title='bbox 785 4291 798 4329; x_wconf 90' lang='lat'><strong>:</strong></span> 
     </span>
    </p>
   </div>
   <div class='ocr_carea' id='block_1_49' title="bbox 351 4347 1485 4428">
    <p class='ocr_par' dir='ltr' id='par_1_49' title="bbox 351 4347 1485 4428">
     <span class='ocr_line' id='line_1_49' title="bbox 351 4347 1485 4428; baseline 0.003 -17"><span class='ocrx_word' id='word_1_355' title='bbox 351 4363 522 4428; x_wconf 60' lang='lat' dir='ltr'>Tertia</span> <span class='ocrx_word' id='word_1_356' title='bbox 550 4363 772 4412; x_wconf 85' lang='lat' dir='ltr'>sidereis</span> <span class='ocrx_word' id='word_1_357' title='bbox 801 4364 1050 4414; x_wconf 84' lang='lat' dir='ltr'>inclaruit</span> <span class='ocrx_word' id='word_1_358' title='bbox 1080 4364 1209 4414; x_wconf 88' lang='lat' dir='ltr'>hora</span> <span class='ocrx_word' id='word_1_359' title='bbox 1236 4347 1485 4428; x_wconf 76' lang='lat' dir='ltr'>loquelis.</span> 
     </span>
    </p>
   </div>
   <div class='ocr_carea' id='block_1_50' title="bbox 355 4425 1904 4495">
    <p class='ocr_par' dir='ltr' id='par_1_50' title="bbox 355 4425 1904 4495">
     <span class='ocr_line' id='line_1_50' title="bbox 355 4425 1904 4495; baseline 0.005 -21"><span class='ocrx_word' id='word_1_360' title='bbox 355 4425 507 4495; x_wconf 56' lang='lat' dir='ltr'>[lane</span> <span class='ocrx_word' id='word_1_361' title='bbox 525 4439 809 4495; x_wconf 76' lang='lat' dir='ltr'>numerum</span> <span class='ocrx_word' id='word_1_362' title='bbox 823 4428 978 4495; x_wconf 69' lang='lat' dir='ltr'>Deus</span> <span class='ocrx_word' id='word_1_363' title='bbox 995 4441 1136 4476; x_wconf 87' lang='lat' dir='ltr'>unus</span> <span class='ocrx_word' id='word_1_364' title='bbox 1163 4425 1340 4485; x_wconf 76' lang='lat' dir='ltr'>habet,</span> <span class='ocrx_word' id='word_1_365' title='bbox 1365 4427 1662 4479; x_wconf 88' lang='lat' dir='ltr'>substantia</span> <span class='ocrx_word' id='word_1_366' title='bbox 1681 4431 1904 4495; x_wconf 83' lang='lat' dir='ltr'>simplex</span> 
     </span>
    </p>
   </div>
   <div class='ocr_carea' id='block_1_51' title="bbox 353 4489 1250 4540">
    <p class='ocr_par' dir='ltr' id='par_1_51' title="bbox 353 4489 1250 4540">
     <span class='ocr_line' id='line_1_51' title="bbox 353 4489 1250 4540; baseline 0.002 -4"><span class='ocrx_word' id='word_1_367' title='bbox 353 4489 597 4538; x_wconf 87' lang='lat' dir='ltr'>Personis</span> <span class='ocrx_word' id='word_1_368' title='bbox 625 4489 870 4538; x_wconf 88' lang='lat' dir='ltr'>distincta</span> <span class='ocrx_word' id='word_1_369' title='bbox 897 4490 1086 4540; x_wconf 89' lang='lat' dir='ltr'>tribur.</span> <span class='ocrx_word' id='word_1_370' title='bbox 1153 4526 1166 4540; x_wconf 95' lang='lat'>.</span> <span class='ocrx_word' id='word_1_371' title='bbox 1237 4525 1250 4538; x_wconf 93' lang='lat'>.</span> 
     </span>
    </p>
   </div>
   <div class='ocr_carea' id='block_1_52' title="bbox 259 4563 1295 4640">
    <p class='ocr_par' dir='ltr' id='par_1_52' title="bbox 259 4563 1295 4640">
     <span class='ocr_line' id='line_1_52' title="bbox 259 4563 1295 4640; baseline 0.006 -22"><span class='ocrx_word' id='word_1_372' title='bbox 259 4563 328 4618; x_wconf 88' lang='lat' dir='ltr'>Et</span> <span class='ocrx_word' id='word_1_373' title='bbox 361 4564 498 4618; x_wconf 89' lang='lat' dir='ltr'>item</span> <span class='ocrx_word' id='word_1_374' title='bbox 531 4565 719 4636; x_wconf 88' lang='lat' dir='ltr'>capite</span> <span class='ocrx_word' id='word_1_375' title='bbox 749 4566 1030 4636; x_wconf 78' lang='lat' dir='ltr'>vigesimo</span> <span class='ocrx_word' id='word_1_376' title='bbox 1061 4568 1248 4640; x_wconf 91' lang='lat' dir='ltr'>primo</span> <span class='ocrx_word' id='word_1_377' title='bbox 1283 4585 1295 4624; x_wconf 92' lang='lat'>:</span> 
     </span>
    </p>
   </div>
   <div class='ocr_carea' id='block_1_53' title="bbox 351 4651 1714 4718">
    <p class='ocr_par' dir='ltr' id='par_1_53' title="bbox 351 4651 1714 4718">
     <span class='ocr_line' id='line_1_53' title="bbox 351 4651 1714 4718; baseline 0.005 -20"><span class='ocrx_word' id='word_1_378' title='bbox 351 4651 450 4718; x_wconf 57' lang='lat' dir='ltr'>&#39;_l:er</span> <span class='ocrx_word' id='word_1_379' title='bbox 478 4653 658 4718; x_wconf 81' lang='lat' dir='ltr'>sonuit</span> <span class='ocrx_word' id='word_1_380' title='bbox 689 4653 895 4702; x_wconf 88' lang='lat' dir='ltr'>Domini</span> <span class='ocrx_word' id='word_1_381' title='bbox 925 4669 1046 4714; x_wconf 83' lang='lat' dir='ltr'>vox,</span> <span class='ocrx_word' id='word_1_382' title='bbox 1069 4670 1187 4718; x_wconf 65' lang='lat' dir='ltr'>qum</span> <span class='ocrx_word' id='word_1_383' title='bbox 1209 4657 1404 4706; x_wconf 81' lang='lat' dir='ltr'>dictata</span> <span class='ocrx_word' id='word_1_384' title='bbox 1433 4658 1589 4708; x_wconf 88' lang='lat' dir='ltr'>saluti</span> <span class='ocrx_word' id='word_1_385' title='bbox 1619 4662 1714 4707; x_wconf 86' lang='lat' dir='ltr'>est.</span> 
     </span>
    </p>
   </div>
   <div class='ocr_carea' id='block_1_54' title="bbox 356 4713 1780 4790">
    <p class='ocr_par' dir='ltr' id='par_1_54' title="bbox 356 4713 1780 4790">
     <span class='ocr_line' id='line_1_54' title="bbox 356 4713 1780 4790; baseline 0.009 -31"><span class='ocrx_word' id='word_1_386' title='bbox 356 4713 702 4790; x_wconf 36' lang='lat' dir='ltr'>l‘loegenitor</span> <span class='ocrx_word' id='word_1_387' title='bbox 729 4719 992 4790; x_wconf 65' lang='lat' dir='ltr'>natusque</span> <span class='ocrx_word' id='word_1_388' title='bbox 1023 4713 1200 4778; x_wconf 78' lang='lat' dir='ltr'>Simul,</span> <span class='ocrx_word' id='word_1_389' title='bbox 1225 4723 1544 4790; x_wconf 67' lang='lat' dir='ltr'>sanctusque</span> <span class='ocrx_word' id='word_1_390' title='bbox 1575 4722 1780 4784; x_wconf 70' lang='lat' dir='ltr'>peregit</span> 
     </span>
    </p>
   </div>
   <div class='ocr_carea' id='block_1_55' title="bbox 356 4775 1743 4842">
    <p class='ocr_par' dir='ltr' id='par_1_55' title="bbox 356 4775 1743 4842">
     <span class='ocr_line' id='line_1_55' title="bbox 356 4775 1743 4842; baseline 0.008 -21"><span class='ocrx_word' id='word_1_391' title='bbox 356 4775 618 4842; x_wconf 76' lang='lat' dir='ltr'>Spiritus:</span> <span class='ocrx_word' id='word_1_392' title='bbox 652 4777 775 4825; x_wconf 85' lang='lat' dir='ltr'>hinc</span> <span class='ocrx_word' id='word_1_393' title='bbox 805 4775 924 4828; x_wconf 71' lang='lat' dir='ltr'>fidei</span> <span class='ocrx_word' id='word_1_394' title='bbox 957 4795 1168 4842; x_wconf 75' lang='lat' dir='ltr'>pugnax</span> <span class='ocrx_word' id='word_1_395' title='bbox 1183 4775 1340 4831; x_wconf 24' lang='lat' dir='ltr'>readit</span> <span class='ocrx_word' id='word_1_396' title='bbox 1369 4775 1544 4835; x_wconf 79' lang='lat' dir='ltr'>Arius.</span> <span class='ocrx_word' id='word_1_397' title='bbox 1575 4775 1743 4832; x_wconf 74' lang='lat' dir='ltr'>unum</span> 
     </span>
    </p>
   </div>
   <div class='ocr_carea' id='block_1_56' title="bbox 356 4837 1650 4904">
    <p class='ocr_par' dir='ltr' id='par_1_56' title="bbox 356 4837 1650 4904">
     <span class='ocr_line' id='line_1_56' title="bbox 356 4837 1650 4904; baseline 0.006 -19"><span class='ocrx_word' id='word_1_398' title='bbox 356 4837 611 4887; x_wconf 85' lang='lat' dir='ltr'>Personas</span> <span class='ocrx_word' id='word_1_399' title='bbox 641 4843 748 4888; x_wconf 87' lang='lat' dir='ltr'>tres</span> <span class='ocrx_word' id='word_1_400' title='bbox 777 4853 891 4889; x_wconf 81' lang='lat' dir='ltr'>esse</span> <span class='ocrx_word' id='word_1_401' title='bbox 922 4837 1142 4904; x_wconf 70' lang='lat' dir='ltr'>negans,</span> <span class='ocrx_word' id='word_1_402' title='bbox 1175 4843 1434 4893; x_wconf 88' lang='lat' dir='ltr'>Sabellius</span> <span class='ocrx_word' id='word_1_403' title='bbox 1463 4858 1650 4894; x_wconf 87' lang='lat' dir='ltr'>unum.</span> 
     </span>
    </p>
   </div>
   <div class='ocr_carea' id='block_1_57' title="bbox 333 4915 1907 4991">
    <p class='ocr_par' dir='ltr' id='par_1_57' title="bbox 333 4915 1907 4991">
     <span class='ocr_line' id='line_1_57' title="bbox 333 4915 1907 4991; baseline 0.006 -21"><span class='ocrx_word' id='word_1_404' title='bbox 333 4915 578 4988; x_wconf 85' lang='lat' dir='ltr'>Prosper</span> <span class='ocrx_word' id='word_1_405' title='bbox 597 4935 828 4991; x_wconf 88' lang='lat' dir='ltr'>quoque</span> <span class='ocrx_word' id='word_1_406' title='bbox 859 4919 916 4975; x_wconf 91' lang='lat' dir='ltr'>in</span> <span class='ocrx_word' id='word_1_407' title='bbox 949 4920 1098 4977; x_wconf 87' lang='lat' dir='ltr'>libro</span> <span class='ocrx_word' id='word_1_408' title='bbox 1127 4922 1586 4980; x_wconf 89' lang='lat' dir='ltr'>Promissionum</span> <span class='ocrx_word' id='word_1_409' title='bbox 1617 4929 1674 4980; x_wconf 93' lang='lat' dir='ltr'>et</span> <span class='ocrx_word' id='word_1_410' title='bbox 1701 4925 1907 4982; x_wconf 76' lang='lat' dir='ltr'>Prmdi-</span> 
     </span>
    </p>
   </div>
   <div class='ocr_carea' id='block_1_58' title="bbox 259 5003 1905 5085">
    <p class='ocr_par' dir='ltr' id='par_1_58' title="bbox 259 5003 1905 5085">
     <span class='ocr_line' id='line_1_58' title="bbox 259 5003 1905 5085; baseline 0.007 -26"><span class='ocrx_word' id='word_1_411' title='bbox 259 5003 522 5060; x_wconf 85' lang='lat' dir='ltr'>ctionum</span> <span class='ocrx_word' id='word_1_412' title='bbox 555 5005 694 5068; x_wconf 81' lang='lat' dir='ltr'>dicit</span> <span class='ocrx_word' id='word_1_413' title='bbox 725 5025 788 5064; x_wconf 87' lang='lat'>:«</span> <span class='ocrx_word' id='word_1_414' title='bbox 815 5009 1171 5065; x_wconf 87' lang='lat' dir='ltr'>Cbaritatem</span> <span class='ocrx_word' id='word_1_415' title='bbox 1212 5011 1333 5084; x_wconf 84' lang='lat' dir='ltr'>Dei,</span> <span class='ocrx_word' id='word_1_416' title='bbox 1368 5011 1532 5066; x_wconf 65' lang='lat' dir='ltr'>trina:</span> <span class='ocrx_word' id='word_1_417' title='bbox 1580 5015 1905 5085; x_wconf 84' lang='lat' dir='ltr'>majestatis</span> 
     </span>
    </p>
   </div>
   <div class='ocr_carea' id='block_1_59' title="bbox 261 5095 1906 5174">
    <p class='ocr_par' dir='ltr' id='par_1_59' title="bbox 261 5095 1906 5174">
     <span class='ocr_line' id='line_1_59' title="bbox 261 5095 1906 5174; baseline 0.007 -26"><span class='ocrx_word' id='word_1_418' title='bbox 261 5095 564 5162; x_wconf 89' lang='lat' dir='ltr'>unitatem,</span> <span class='ocrx_word' id='word_1_419' title='bbox 591 5114 656 5150; x_wconf 91' lang='lat' dir='ltr'>su</span> <span class='ocrx_word' id='word_1_420' title='bbox 668 5097 1119 5168; x_wconf 83' lang='lat' dir='ltr'>pereminentem</span> <span class='ocrx_word' id='word_1_421' title='bbox 1140 5099 1292 5155; x_wconf 89' lang='lat' dir='ltr'>viam</span> <span class='ocrx_word' id='word_1_422' title='bbox 1315 5101 1463 5156; x_wconf 89' lang='lat' dir='ltr'>duce</span> <span class='ocrx_word' id='word_1_423' title='bbox 1489 5103 1677 5173; x_wconf 86' lang='lat' dir='ltr'>gratia</span> <span class='ocrx_word' id='word_1_424' title='bbox 1706 5120 1906 5174; x_wconf 83' lang='lat' dir='ltr'>seque-</span> 
     </span>
    </p>
   </div>
   <div class='ocr_carea' id='block_1_60' title="bbox 259 5185 1902 5261">
    <p class='ocr_par' dir='ltr' id='par_1_60' title="bbox 259 5185 1902 5261">
     <span class='ocr_line' id='line_1_60' title="bbox 259 5185 1902 5261; baseline 0.005 -24"><span class='ocrx_word' id='word_1_425' title='bbox 259 5201 450 5238; x_wconf 83' lang='lat' dir='ltr'>mur.»</span> <span class='ocrx_word' id='word_1_426' title='bbox 465 5185 530 5238; x_wconf 85' lang='lat' dir='ltr'>Et</span> <span class='ocrx_word' id='word_1_427' title='bbox 553 5185 691 5256; x_wconf 82' lang='lat' dir='ltr'>quia</span> <span class='ocrx_word' id='word_1_428' title='bbox 713 5185 1027 5258; x_wconf 88' lang='lat' dir='ltr'>improprie</span> <span class='ocrx_word' id='word_1_429' title='bbox 1044 5187 1253 5243; x_wconf 79' lang='lat' dir='ltr'>dixerit</span> <span class='ocrx_word' id='word_1_430' title='bbox 1273 5189 1488 5245; x_wconf 88' lang='lat' dir='ltr'>trinam</span> <span class='ocrx_word' id='word_1_431' title='bbox 1515 5192 1902 5261; x_wconf 72' lang='lat' dir='ltr'>maiestatem,</span> 
     </span>
    </p>
   </div>
   <div class='ocr_carea' id='block_1_61' title="bbox 257 5271 1905 5350">
    <p class='ocr_par' dir='ltr' id='par_1_61' title="bbox 257 5271 1905 5350">
     <span class='ocr_line' id='line_1_61' title="bbox 257 5271 1905 5350; baseline 0.005 -24"><span class='ocrx_word' id='word_1_432' title='bbox 257 5271 382 5343; x_wconf 86' lang='lat' dir='ltr'>ipse</span> <span class='ocrx_word' id='word_1_433' title='bbox 427 5271 484 5326; x_wconf 89' lang='lat' dir='ltr'>in</span> <span class='ocrx_word' id='word_1_434' title='bbox 516 5275 716 5329; x_wconf 89' lang='lat' dir='ltr'>eodem</span> <span class='ocrx_word' id='word_1_435' title='bbox 769 5275 917 5330; x_wconf 87' lang='lat' dir='ltr'>libro</span> <span class='ocrx_word' id='word_1_436' title='bbox 965 5277 1328 5332; x_wconf 85' lang='lat' dir='ltr'>demonstrat</span> <span class='ocrx_word' id='word_1_437' title='bbox 1357 5279 1558 5334; x_wconf 89' lang='lat' dir='ltr'>dicens</span> <span class='ocrx_word' id='word_1_438' title='bbox 1597 5279 1684 5348; x_wconf 83' lang='lat' dir='ltr'>(de</span> <span class='ocrx_word' id='word_1_439' title='bbox 1730 5281 1905 5350; x_wconf 81' lang='lat' dir='ltr'>gloria</span> 
     </span>
    </p>
   </div>
   <div class='ocr_carea' id='block_1_62' title="bbox 257 5361 1912 5437">
    <p class='ocr_par' dir='ltr' id='par_1_62' title="bbox 257 5361 1912 5437">
     <span class='ocr_line' id='line_1_62' title="bbox 257 5361 1912 5437; baseline 0.007 -25"><span class='ocrx_word' id='word_1_440' title='bbox 257 5361 438 5415; x_wconf 73' lang='lat' dir='ltr'>Sum‘t.</span> <span class='ocrx_word' id='word_1_441' title='bbox 463 5377 510 5415; x_wconf 71' lang='grc' dir='ltr'>ι’.</span> <span class='ocrx_word' id='word_1_442' title='bbox 534 5363 586 5432; x_wconf 82' lang='lat'>8)</span> <span class='ocrx_word' id='word_1_443' title='bbox 613 5379 662 5416; x_wconf 86' lang='grc'>;‹‹</span> <span class='ocrx_word' id='word_1_444' title='bbox 691 5363 903 5418; x_wconf 87' lang='lat' dir='ltr'>Paulus</span> <span class='ocrx_word' id='word_1_445' title='bbox 946 5365 1248 5437; x_wconf 88' lang='lat' dir='ltr'>apostolus</span> <span class='ocrx_word' id='word_1_446' title='bbox 1278 5366 1420 5421; x_wconf 88' lang='lat' dir='ltr'>dicit</span> <span class='ocrx_word' id='word_1_447' title='bbox 1444 5384 1456 5421; x_wconf 90' lang='lat'>:</span> <span class='ocrx_word' id='word_1_448' title='bbox 1486 5367 1734 5423; x_wconf 74' lang='lat' dir='ltr'>Videmus</span> <span class='ocrx_word' id='word_1_449' title='bbox 1763 5385 1912 5424; x_wconf 84' lang='lat' dir='ltr'>nunc</span> 
     </span>
    </p>
   </div>
   <div class='ocr_carea' id='block_1_63' title="bbox 256 5451 1911 5527">
    <p class='ocr_par' dir='ltr' id='par_1_63' title="bbox 256 5451 1911 5527">
     <span class='ocr_line' id='line_1_63' title="bbox 256 5451 1911 5527; baseline 0.007 -25"><span class='ocrx_word' id='word_1_450' title='bbox 256 5466 355 5520; x_wconf 83' lang='lat' dir='ltr'>per</span> <span class='ocrx_word' id='word_1_451' title='bbox 381 5451 658 5520; x_wconf 83' lang='lat' dir='ltr'>speculum</span> <span class='ocrx_word' id='word_1_452' title='bbox 687 5453 744 5506; x_wconf 83' lang='lat' dir='ltr'>in</span> <span class='ocrx_word' id='word_1_453' title='bbox 769 5455 1080 5524; x_wconf 65' lang='lat' dir='ltr'>amigmate,</span> <span class='ocrx_word' id='word_1_454' title='bbox 1103 5461 1230 5509; x_wconf 75' lang='lat' dir='ltr'>tunc</span> <span class='ocrx_word' id='word_1_455' title='bbox 1247 5463 1426 5510; x_wconf 76' lang='lat' dir='ltr'>autem</span> <span class='ocrx_word' id='word_1_456' title='bbox 1445 5457 1589 5526; x_wconf 78' lang='lat' dir='ltr'>facie</span> <span class='ocrx_word' id='word_1_457' title='bbox 1615 5456 1685 5511; x_wconf 82' lang='lat' dir='ltr'>ad</span> <span class='ocrx_word' id='word_1_458' title='bbox 1713 5458 1911 5527; x_wconf 78' lang='lat' dir='ltr'>faciem</span> 
     </span>
    </p>
   </div>
   <div class='ocr_carea' id='block_1_64' title="bbox 261 5537 1906 5610">
    <p class='ocr_par' dir='ltr' id='par_1_64' title="bbox 261 5537 1906 5610">
     <span class='ocr_line' id='line_1_64' title="bbox 261 5537 1906 5610; baseline 0.008 -22"><span class='ocrx_word' id='word_1_459' title='bbox 261 5537 304 5605; x_wconf 91' lang='grc' dir='ltr'>(Ι</span> <span class='ocrx_word' id='word_1_460' title='bbox 329 5538 448 5591; x_wconf 78' lang='lat' dir='ltr'>Cor.</span> <span class='ocrx_word' id='word_1_461' title='bbox 473 5555 595 5608; x_wconf 87' lang='lat' dir='ltr'>xm,</span> <span class='ocrx_word' id='word_1_462' title='bbox 625 5541 730 5606; x_wconf 75' lang='grc'>12),</span> <span class='ocrx_word' id='word_1_463' title='bbox 756 5543 1254 5610; x_wconf 78' lang='lat' dir='ltr'>quemadmmlum</span> <span class='ocrx_word' id='word_1_464' title='bbox 1287 5544 1471 5598; x_wconf 86' lang='lat' dir='ltr'>sancti</span> <span class='ocrx_word' id='word_1_465' title='bbox 1501 5544 1699 5599; x_wconf 84' lang='lat' dir='ltr'>vident</span> <span class='ocrx_word' id='word_1_466' title='bbox 1731 5551 1906 5601; x_wconf 84' lang='lat' dir='ltr'>Deum</span> 
     </span>
    </p>
   </div>
   <div class='ocr_carea' id='block_1_65' title="bbox 264 5623 1906 5704">
    <p class='ocr_par' dir='ltr' id='par_1_65' title="bbox 264 5623 1906 5704">
     <span class='ocr_line' id='line_1_65' title="bbox 264 5623 1906 5704; baseline 0.007 -27"><span class='ocrx_word' id='word_1_467' title='bbox 264 5623 631 5691; x_wconf 84' lang='lat' dir='ltr'>Trinitatem,</span> <span class='ocrx_word' id='word_1_468' title='bbox 658 5628 883 5683; x_wconf 81' lang='lat' dir='ltr'>Patrem</span> <span class='ocrx_word' id='word_1_469' title='bbox 907 5633 963 5684; x_wconf 89' lang='lat' dir='ltr'>et</span> <span class='ocrx_word' id='word_1_470' title='bbox 986 5629 1218 5701; x_wconf 80' lang='lat' dir='ltr'>Filium,</span> <span class='ocrx_word' id='word_1_471' title='bbox 1245 5632 1455 5686; x_wconf 84' lang='lat' dir='ltr'>Filium</span> <span class='ocrx_word' id='word_1_472' title='bbox 1481 5632 1537 5687; x_wconf 92' lang='lat' dir='ltr'>in</span> <span class='ocrx_word' id='word_1_473' title='bbox 1573 5633 1754 5702; x_wconf 82' lang='lat' dir='ltr'>Patre,</span> <span class='ocrx_word' id='word_1_474' title='bbox 1779 5633 1906 5704; x_wconf 83' lang='lat' dir='ltr'>Spi-</span> 
     </span>
    </p>
   </div>
   <div class='ocr_carea' id='block_1_66' title="bbox 264 5710 1907 5795">
    <p class='ocr_par' dir='ltr' id='par_1_66' title="bbox 264 5710 1907 5795">
     <span class='ocr_line' id='line_1_66' title="bbox 264 5710 1907 5795; baseline 0.007 -29"><span class='ocrx_word' id='word_1_475' title='bbox 264 5710 443 5766; x_wconf 87' lang='lat' dir='ltr'>ritum</span> <span class='ocrx_word' id='word_1_476' title='bbox 473 5720 744 5770; x_wconf 87' lang='lat' dir='ltr'>sanctum</span> <span class='ocrx_word' id='word_1_477' title='bbox 779 5718 835 5772; x_wconf 89' lang='lat' dir='ltr'>in</span> <span class='ocrx_word' id='word_1_478' title='bbox 871 5718 1037 5774; x_wconf 85' lang='lat' dir='ltr'>Patre</span> <span class='ocrx_word' id='word_1_479' title='bbox 1067 5724 1122 5774; x_wconf 91' lang='lat' dir='ltr'>et</span> <span class='ocrx_word' id='word_1_480' title='bbox 1156 5719 1357 5776; x_wconf 83' lang='lat' dir='ltr'>Filio.»</span> <span class='ocrx_word' id='word_1_481' title='bbox 1380 5720 1440 5778; x_wconf 90' lang='lat' dir='ltr'>Si</span> <span class='ocrx_word' id='word_1_482' title='bbox 1468 5740 1604 5795; x_wconf 81' lang='lat' dir='ltr'>ergo</span> <span class='ocrx_word' id='word_1_483' title='bbox 1637 5723 1817 5779; x_wconf 88' lang='lat' dir='ltr'>Filius</span> <span class='ocrx_word' id='word_1_484' title='bbox 1850 5723 1907 5778; x_wconf 90' lang='lat' dir='ltr'>in</span> 
     </span>
    </p>
   </div>
   <div class='ocr_carea' id='block_1_67' title="bbox 266 5799 1908 5882">
    <p class='ocr_par' dir='ltr' id='par_1_67' title="bbox 266 5799 1908 5882">
     <span class='ocr_line' id='line_1_67' title="bbox 266 5799 1908 5882; baseline 0.007 -27"><span class='ocrx_word' id='word_1_485' title='bbox 266 5799 455 5871; x_wconf 88' lang='lat' dir='ltr'>Patre,</span> <span class='ocrx_word' id='word_1_486' title='bbox 479 5803 735 5874; x_wconf 79' lang='lat' dir='ltr'>Spiritus</span> <span class='ocrx_word' id='word_1_487' title='bbox 759 5811 998 5863; x_wconf 90' lang='lat' dir='ltr'>sanctus</span> <span class='ocrx_word' id='word_1_488' title='bbox 1029 5805 1086 5863; x_wconf 92' lang='lat' dir='ltr'>in</span> <span class='ocrx_word' id='word_1_489' title='bbox 1123 5808 1287 5866; x_wconf 89' lang='lat' dir='ltr'>Patre</span> <span class='ocrx_word' id='word_1_490' title='bbox 1316 5814 1373 5866; x_wconf 90' lang='lat' dir='ltr'>et</span> <span class='ocrx_word' id='word_1_491' title='bbox 1401 5809 1562 5878; x_wconf 86' lang='lat' dir='ltr'>Filio,</span> <span class='ocrx_word' id='word_1_492' title='bbox 1586 5811 1723 5882; x_wconf 89' lang='lat' dir='ltr'>quia</span> <span class='ocrx_word' id='word_1_493' title='bbox 1755 5829 1908 5867; x_wconf 91' lang='lat' dir='ltr'>unus</span> 
     </span>
    </p>
   </div>
   <div class='ocr_carea' id='block_1_68' title="bbox 2013 655 3654 734">
    <p class='ocr_par' dir='ltr' id='par_1_68' title="bbox 2013 655 3654 734">
     <span class='ocr_line' id='line_1_68' title="bbox 2013 655 3654 734; baseline 0 -22"><span class='ocrx_word' id='word_1_494' title='bbox 2013 656 2261 729; x_wconf 89' lang='lat' dir='ltr'>Prosper</span> <span class='ocrx_word' id='word_1_495' title='bbox 2310 657 2367 712; x_wconf 93' lang='lat' dir='ltr'>in</span> <span class='ocrx_word' id='word_1_496' title='bbox 2428 657 2578 713; x_wconf 92' lang='lat' dir='ltr'>libro</span> <span class='ocrx_word' id='word_1_497' title='bbox 2626 656 3063 714; x_wconf 89' lang='lat' dir='ltr'>Sententiarum</span> <span class='ocrx_word' id='word_1_498' title='bbox 3101 655 3264 734; x_wconf 79' lang='lat' dir='ltr'>dicit</span> <span class='ocrx_word' id='word_1_499' title='bbox 3294 657 3451 728; x_wconf 76' lang='lat' dir='ltr'>(sent.</span> <span class='ocrx_word' id='word_1_500' title='bbox 3483 657 3606 728; x_wconf 66' lang='lat'>324)</span> <span class='ocrx_word' id='word_1_501' title='bbox 3641 673 3654 712; x_wconf 90' lang='lat'><strong>:</strong></span> 
     </span>
    </p>
   </div>
   <div class='ocr_carea' id='block_1_69' title="bbox 2013 744 3662 812">
    <p class='ocr_par' dir='ltr' id='par_1_69' title="bbox 2013 744 3662 812">
     <span class='ocr_line' id='line_1_69' title="bbox 2013 744 3662 812; baseline 0.004 -17"><span class='ocrx_word' id='word_1_502' title='bbox 2013 769 2040 795; x_wconf 82' lang='lat'><strong>«</strong></span> <span class='ocrx_word' id='word_1_503' title='bbox 2076 747 2238 812; x_wconf 89' lang='lat' dir='ltr'>Quod</span> <span class='ocrx_word' id='word_1_504' title='bbox 2272 746 2439 803; x_wconf 88' lang='lat' dir='ltr'>Pater</span> <span class='ocrx_word' id='word_1_505' title='bbox 2481 763 2614 802; x_wconf 92' lang='lat' dir='ltr'>cum</span> <span class='ocrx_word' id='word_1_506' title='bbox 2653 746 2884 803; x_wconf 89' lang='lat' dir='ltr'>Christo</span> <span class='ocrx_word' id='word_1_507' title='bbox 2936 745 3075 802; x_wconf 84' lang='lat' dir='ltr'>facit</span> <span class='ocrx_word' id='word_1_508' title='bbox 3103 745 3369 802; x_wconf 88' lang='lat' dir='ltr'>Christus</span> <span class='ocrx_word' id='word_1_509' title='bbox 3415 744 3572 812; x_wconf 87' lang='lat' dir='ltr'>facit,</span> <span class='ocrx_word' id='word_1_510' title='bbox 3603 749 3662 802; x_wconf 91' lang='lat' dir='ltr'>et</span> 
     </span>
    </p>
   </div>
   <div class='ocr_carea' id='block_1_70' title="bbox 2013 834 3664 906">
    <p class='ocr_par' dir='ltr' id='par_1_70' title="bbox 2013 834 3664 906">
     <span class='ocr_line' id='line_1_70' title="bbox 2013 834 3664 906; baseline 0 -16"><span class='ocrx_word' id='word_1_511' title='bbox 2013 835 2170 906; x_wconf 91' lang='lat' dir='ltr'>quod</span> <span class='ocrx_word' id='word_1_512' title='bbox 2203 835 2471 890; x_wconf 86' lang='lat' dir='ltr'>Christus</span> <span class='ocrx_word' id='word_1_513' title='bbox 2493 852 2626 891; x_wconf 89' lang='lat' dir='ltr'>cum</span> <span class='ocrx_word' id='word_1_514' title='bbox 2661 836 2826 892; x_wconf 89' lang='lat' dir='ltr'>Patre</span> <span class='ocrx_word' id='word_1_515' title='bbox 2857 836 2994 891; x_wconf 77' lang='lat' dir='ltr'>facit</span> <span class='ocrx_word' id='word_1_516' title='bbox 3020 835 3187 891; x_wconf 90' lang='lat' dir='ltr'>Pater</span> <span class='ocrx_word' id='word_1_517' title='bbox 3208 834 3363 899; x_wconf 83' lang='lat' dir='ltr'>facit,</span> <span class='ocrx_word' id='word_1_518' title='bbox 3387 851 3493 890; x_wconf 91' lang='lat' dir='ltr'>nec</span> <span class='ocrx_word' id='word_1_519' title='bbox 3515 851 3664 890; x_wconf 89' lang='lat' dir='ltr'>seor-</span> 
     </span>
    </p>
   </div>
   <div class='ocr_carea' id='block_1_71' title="bbox 2015 923 3661 996">
    <p class='ocr_par' dir='ltr' id='par_1_71' title="bbox 2015 923 3661 996">
     <span class='ocr_line' id='line_1_71' title="bbox 2015 923 3661 996; baseline -0.001 -16"><span class='ocrx_word' id='word_1_520' title='bbox 2015 942 2148 980; x_wconf 89' lang='lat' dir='ltr'>sum</span> <span class='ocrx_word' id='word_1_521' title='bbox 2187 925 2308 996; x_wconf 87' lang='lat' dir='ltr'>agit</span> <span class='ocrx_word' id='word_1_522' title='bbox 2355 924 2576 996; x_wconf 90' lang='lat' dir='ltr'>aliquid</span> <span class='ocrx_word' id='word_1_523' title='bbox 2610 923 3021 996; x_wconf 87' lang='lat' dir='ltr'>inseparabilis</span> <span class='ocrx_word' id='word_1_524' title='bbox 3049 923 3328 990; x_wconf 88' lang='lat' dir='ltr'>charitas,</span> <span class='ocrx_word' id='word_1_525' title='bbox 3361 923 3661 995; x_wconf 86' lang='lat' dir='ltr'>majestas,</span> 
     </span>
    </p>
   </div>
   <div class='ocr_carea' id='block_1_72' title="bbox 2014 1013 3667 1086">
    <p class='ocr_par' dir='ltr' id='par_1_72' title="bbox 2014 1013 3667 1086">
     <span class='ocr_line' id='line_1_72' title="bbox 2014 1013 3667 1086; baseline -0.001 -16"><span class='ocrx_word' id='word_1_526' title='bbox 2014 1018 2297 1086; x_wconf 89' lang='lat' dir='ltr'>potestas,</span> <span class='ocrx_word' id='word_1_527' title='bbox 2325 1013 2477 1070; x_wconf 91' lang='lat' dir='ltr'>sicut</span> <span class='ocrx_word' id='word_1_528' title='bbox 2506 1013 2631 1086; x_wconf 91' lang='lat' dir='ltr'>ipse</span> <span class='ocrx_word' id='word_1_529' title='bbox 2669 1013 2956 1070; x_wconf 91' lang='lat' dir='ltr'>Dominus</span> <span class='ocrx_word' id='word_1_530' title='bbox 3003 1013 3146 1068; x_wconf 91' lang='lat' dir='ltr'>dicit</span> <span class='ocrx_word' id='word_1_531' title='bbox 3177 1029 3191 1068; x_wconf 92' lang='lat'><strong>:</strong></span> <span class='ocrx_word' id='word_1_532' title='bbox 3223 1013 3362 1084; x_wconf 86' lang='lat' dir='ltr'>Ergo</span> <span class='ocrx_word' id='word_1_533' title='bbox 3409 1019 3460 1068; x_wconf 81' lang='lat' dir='ltr'>el</span> <span class='ocrx_word' id='word_1_534' title='bbox 3503 1013 3667 1068; x_wconf 68' lang='lat' dir='ltr'>Pater</span> 
     </span>
    </p>
   </div>
   <div class='ocr_carea' id='block_1_73' title="bbox 2015 1099 3670 1175">
    <p class='ocr_par' dir='ltr' id='par_1_73' title="bbox 2015 1099 3670 1175">
     <span class='ocr_line' id='line_1_73' title="bbox 2015 1099 3670 1175; baseline -0.002 -17"><span class='ocrx_word' id='word_1_535' title='bbox 2015 1119 2191 1158; x_wconf 81' lang='lat' dir='ltr'>unum</span> <span class='ocrx_word' id='word_1_536' title='bbox 2217 1120 2408 1159; x_wconf 84' lang='lat' dir='ltr'>sumus</span> <span class='ocrx_word' id='word_1_537' title='bbox 2438 1104 2626 1175; x_wconf 85' lang='lat' dir='ltr'>(Joan.</span> <span class='ocrx_word' id='word_1_538' title='bbox 2658 1121 2714 1170; x_wconf 88' lang='lat' dir='ltr'>x,</span> <span class='ocrx_word' id='word_1_539' title='bbox 2747 1104 2860 1171; x_wconf 88' lang='lat'>30).</span> <span class='ocrx_word' id='word_1_540' title='bbox 2889 1125 2916 1152; x_wconf 88' lang='lat'>»</span> <span class='ocrx_word' id='word_1_541' title='bbox 2940 1103 3090 1159; x_wconf 89' lang='lat' dir='ltr'>Sunt</span> <span class='ocrx_word' id='word_1_542' title='bbox 3119 1101 3297 1158; x_wconf 88' lang='lat' dir='ltr'>etiam</span> <span class='ocrx_word' id='word_1_543' title='bbox 3332 1099 3530 1172; x_wconf 90' lang='lat' dir='ltr'>plures</span> <span class='ocrx_word' id='word_1_544' title='bbox 3553 1116 3670 1156; x_wconf 52' lang='lat' dir='ltr'>ven</span> 
     </span>
    </p>
   </div>
   <div class='ocr_carea' id='block_1_74' title="bbox 2017 1189 3670 1248">
    <p class='ocr_par' dir='ltr' id='par_1_74' title="bbox 2017 1189 3670 1248">
     <span class='ocr_line' id='line_1_74' title="bbox 2017 1189 3670 1248; baseline -0.001 0"><span class='ocrx_word' id='word_1_545' title='bbox 2017 1209 2120 1248; x_wconf 89' lang='lat' dir='ltr'>sus</span> <span class='ocrx_word' id='word_1_546' title='bbox 2151 1193 2302 1248; x_wconf 88' lang='lat' dir='ltr'>beati</span> <span class='ocrx_word' id='word_1_547' title='bbox 2350 1193 2642 1248; x_wconf 86' lang='lat' dir='ltr'>Ambrosii</span> <span class='ocrx_word' id='word_1_548' title='bbox 2669 1193 2741 1247; x_wconf 90' lang='lat' dir='ltr'>de</span> <span class='ocrx_word' id='word_1_549' title='bbox 2773 1190 3014 1248; x_wconf 88' lang='lat' dir='ltr'>ternarii</span> <span class='ocrx_word' id='word_1_550' title='bbox 3045 1189 3275 1246; x_wconf 90' lang='lat' dir='ltr'>numeri</span> <span class='ocrx_word' id='word_1_551' title='bbox 3327 1189 3670 1246; x_wconf 81' lang='lat' dir='ltr'>excellentia</span> 
     </span>
    </p>
   </div>
   <div class='ocr_carea' id='block_1_75' title="bbox 2019 1280 2953 1354">
    <p class='ocr_par' dir='ltr' id='par_1_75' title="bbox 2019 1280 2953 1354">
     <span class='ocr_line' id='line_1_75' title="bbox 2019 1280 2953 1354; baseline 0.001 -18"><span class='ocrx_word' id='word_1_552' title='bbox 2019 1281 2396 1347; x_wconf 86' lang='lat' dir='ltr'>nobilissimi,</span> <span class='ocrx_word' id='word_1_553' title='bbox 2429 1281 2489 1337; x_wconf 91' lang='lat' dir='ltr'>in</span> <span class='ocrx_word' id='word_1_554' title='bbox 2521 1281 2737 1354; x_wconf 89' lang='lat' dir='ltr'>quibus</span> <span class='ocrx_word' id='word_1_555' title='bbox 2767 1280 2910 1337; x_wconf 90' lang='lat' dir='ltr'>dicit</span> <span class='ocrx_word' id='word_1_556' title='bbox 2939 1298 2953 1337; x_wconf 90' lang='lat'><strong>:</strong></span> 
     </span>
    </p>
   </div>
   <div class='ocr_carea' id='block_1_76' title="bbox 2081 1387 3407 1472">
    <p class='ocr_par' dir='ltr' id='par_1_76' title="bbox 2081 1387 3407 1472">
     <span class='ocr_line' id='line_1_76' title="bbox 2081 1387 3407 1472; baseline 0 0"><span class='ocrx_word' id='word_1_557' title='bbox 2081 1388 3093 1472; x_wconf 48' lang='grc' dir='ltr'>2ἮΞ¹ἮᾹ¹ΪἾ¹⁸ξνΞξΞ¹Ξ¹ἐΕἓΡῙΞῙΡΫᾸΞὲίΕῬΞ</span> <span class='ocrx_word' id='word_1_558' title='bbox 3103 1387 3407 1472; x_wconf 61' lang='grc' dir='ltr'>ῙῨΡὲίὲξῖῗιὲ</span> 
     </span>
    </p>
   </div>
   <div class='ocr_carea' id='block_1_77' title="bbox 2081 1450 3668 1516">
    <p class='ocr_par' dir='ltr' id='par_1_77' title="bbox 2081 1450 3668 1516">
     <span class='ocr_line' id='line_1_77' title="bbox 2081 1450 3668 1516; baseline -0.002 -15"><span class='ocrx_word' id='word_1_559' title='bbox 2081 1453 2208 1501; x_wconf 89' lang='lat' dir='ltr'>Tres</span> <span class='ocrx_word' id='word_1_560' title='bbox 2229 1453 2400 1512; x_wconf 82' lang='lat' dir='ltr'>Pater,</span> <span class='ocrx_word' id='word_1_561' title='bbox 2419 1457 2473 1502; x_wconf 85' lang='lat' dir='ltr'>et</span> <span class='ocrx_word' id='word_1_562' title='bbox 2493 1450 2740 1512; x_wconf 78' lang='lat' dir='ltr'>Verbum,</span> <span class='ocrx_word' id='word_1_563' title='bbox 2755 1450 2972 1501; x_wconf 81' lang='lat' dir='ltr'>sanctus</span> <span class='ocrx_word' id='word_1_564' title='bbox 2989 1464 3206 1516; x_wconf 86' lang='lat' dir='ltr'>quoque</span> <span class='ocrx_word' id='word_1_565' title='bbox 3226 1450 3456 1514; x_wconf 86' lang='lat' dir='ltr'>Spiritus</span> <span class='ocrx_word' id='word_1_566' title='bbox 3479 1463 3668 1500; x_wconf 88' lang='lat' dir='ltr'>unum.</span> 
     </span>
    </p>
   </div>
   <div class='ocr_carea' id='block_1_78' title="bbox 2022 1547 3674 1620">
    <p class='ocr_par' dir='ltr' id='par_1_78' title="bbox 2022 1547 3674 1620">
     <span class='ocr_line' id='line_1_78' title="bbox 2022 1547 3674 1620; baseline -0.002 -15"><span class='ocrx_word' id='word_1_567' title='bbox 2022 1550 2129 1618; x_wconf 89' lang='lat' dir='ltr'>Qui</span> <span class='ocrx_word' id='word_1_568' title='bbox 2163 1549 2221 1605; x_wconf 91' lang='lat' dir='ltr'>in</span> <span class='ocrx_word' id='word_1_569' title='bbox 2244 1549 2448 1605; x_wconf 90' lang='lat' dir='ltr'>multis</span> <span class='ocrx_word' id='word_1_570' title='bbox 2469 1549 2633 1616; x_wconf 90' lang='lat' dir='ltr'>locis,</span> <span class='ocrx_word' id='word_1_571' title='bbox 2657 1550 2776 1605; x_wconf 90' lang='lat' dir='ltr'>imo</span> <span class='ocrx_word' id='word_1_572' title='bbox 2798 1549 2858 1604; x_wconf 91' lang='lat' dir='ltr'>in</span> <span class='ocrx_word' id='word_1_573' title='bbox 2879 1548 3156 1606; x_wconf 91' lang='lat' dir='ltr'>omnibus</span> <span class='ocrx_word' id='word_1_574' title='bbox 3177 1548 3514 1620; x_wconf 89' lang='lat' dir='ltr'>ubicunque</span> <span class='ocrx_word' id='word_1_575' title='bbox 3537 1547 3674 1603; x_wconf 86' lang='lat' dir='ltr'>hinc</span> 
     </span>
    </p>
   </div>
   <div class='ocr_carea' id='block_1_79' title="bbox 2021 1635 3676 1712">
    <p class='ocr_par' dir='ltr' id='par_1_79' title="bbox 2021 1635 3676 1712">
     <span class='ocr_line' id='line_1_79' title="bbox 2021 1635 3676 1712; baseline -0.004 -16"><span class='ocrx_word' id='word_1_576' title='bbox 2021 1638 2302 1712; x_wconf 89' lang='lat' dir='ltr'>loquitur,</span> <span class='ocrx_word' id='word_1_577' title='bbox 2325 1655 2503 1695; x_wconf 89' lang='lat' dir='ltr'>unam</span> <span class='ocrx_word' id='word_1_578' title='bbox 2535 1639 2902 1710; x_wconf 88' lang='lat' dir='ltr'>majestatem</span> <span class='ocrx_word' id='word_1_579' title='bbox 2925 1637 3068 1694; x_wconf 91' lang='lat' dir='ltr'>dicit</span> <span class='ocrx_word' id='word_1_580' title='bbox 3097 1653 3227 1694; x_wconf 90' lang='lat' dir='ltr'>esse</span> <span class='ocrx_word' id='word_1_581' title='bbox 3257 1636 3443 1693; x_wconf 88' lang='lat' dir='ltr'>Patris</span> <span class='ocrx_word' id='word_1_582' title='bbox 3462 1639 3526 1692; x_wconf 90' lang='lat' dir='ltr'>et</span> <span class='ocrx_word' id='word_1_583' title='bbox 3546 1635 3676 1692; x_wconf 84' lang='lat' dir='ltr'>Filii</span> 
     </span>
    </p>
   </div>
   <div class='ocr_carea' id='block_1_80' title="bbox 2023 1724 3678 1802">
    <p class='ocr_par' dir='ltr' id='par_1_80' title="bbox 2023 1724 3678 1802">
     <span class='ocr_line' id='line_1_80' title="bbox 2023 1724 3678 1802; baseline -0.004 -16"><span class='ocrx_word' id='word_1_584' title='bbox 2023 1735 2083 1786; x_wconf 90' lang='lat' dir='ltr'>et</span> <span class='ocrx_word' id='word_1_585' title='bbox 2111 1728 2365 1802; x_wconf 88' lang='lat' dir='ltr'>Spiritus</span> <span class='ocrx_word' id='word_1_586' title='bbox 2395 1728 2603 1785; x_wconf 89' lang='lat' dir='ltr'>sancti.</span> <span class='ocrx_word' id='word_1_587' title='bbox 2637 1727 2799 1784; x_wconf 91' lang='lat' dir='ltr'>Unde</span> <span class='ocrx_word' id='word_1_588' title='bbox 2829 1743 3018 1800; x_wconf 90' lang='lat' dir='ltr'>pauca</span> <span class='ocrx_word' id='word_1_589' title='bbox 3045 1725 3297 1798; x_wconf 84' lang='lat' dir='ltr'>exempli</span> <span class='ocrx_word' id='word_1_590' title='bbox 3341 1724 3534 1799; x_wconf 87' lang='lat' dir='ltr'>gratia</span> <span class='ocrx_word' id='word_1_591' title='bbox 3583 1725 3678 1780; x_wconf 87' lang='lat' dir='ltr'>hic</span> 
     </span>
    </p>
   </div>
   <div class='ocr_carea' id='block_1_81' title="bbox 2025 1813 3680 1892">
    <p class='ocr_par' dir='ltr' id='par_1_81' title="bbox 2025 1813 3680 1892">
     <span class='ocr_line' id='line_1_81' title="bbox 2025 1813 3680 1892; baseline -0.002 -19"><span class='ocrx_word' id='word_1_592' title='bbox 2025 1835 2238 1892; x_wconf 89' lang='lat' dir='ltr'>ponere</span> <span class='ocrx_word' id='word_1_593' title='bbox 2259 1817 2503 1889; x_wconf 86' lang='lat' dir='ltr'>dignum</span> <span class='ocrx_word' id='word_1_594' title='bbox 2527 1815 2822 1872; x_wconf 85' lang='lat' dir='ltr'>duximus.</span> <span class='ocrx_word' id='word_1_595' title='bbox 2841 1815 2940 1870; x_wconf 86' lang='lat' dir='ltr'>Ait</span> <span class='ocrx_word' id='word_1_596' title='bbox 2963 1815 3120 1872; x_wconf 89' lang='lat' dir='ltr'>enim</span> <span class='ocrx_word' id='word_1_597' title='bbox 3149 1815 3210 1870; x_wconf 91' lang='lat' dir='ltr'>in</span> <span class='ocrx_word' id='word_1_598' title='bbox 3239 1813 3387 1870; x_wconf 90' lang='lat' dir='ltr'>libro</span> <span class='ocrx_word' id='word_1_599' title='bbox 3409 1813 3588 1870; x_wconf 88' lang='lat' dir='ltr'>tertio</span> <span class='ocrx_word' id='word_1_600' title='bbox 3609 1813 3680 1870; x_wconf 88' lang='lat' dir='ltr'>de</span> 
     </span>
    </p>
   </div>
   <div class='ocr_carea' id='block_1_82' title="bbox 2027 1899 3682 1978">
    <p class='ocr_par' dir='ltr' id='par_1_82' title="bbox 2027 1899 3682 1978">
     <span class='ocr_line' id='line_1_82' title="bbox 2027 1899 3682 1978; baseline -0.004 -16"><span class='ocrx_word' id='word_1_601' title='bbox 2027 1905 2247 1978; x_wconf 88' lang='lat' dir='ltr'>Spiritu</span> <span class='ocrx_word' id='word_1_602' title='bbox 2269 1909 2469 1961; x_wconf 88' lang='lat' dir='ltr'>sancto</span> <span class='ocrx_word' id='word_1_603' title='bbox 2491 1903 2678 1977; x_wconf 87' lang='lat' dir='ltr'>capite</span> <span class='ocrx_word' id='word_1_604' title='bbox 2697 1903 2978 1975; x_wconf 85' lang='lat' dir='ltr'>vigesimo</span> <span class='ocrx_word' id='word_1_605' title='bbox 2999 1904 3257 1960; x_wconf 91' lang='lat' dir='ltr'>secundo</span> <span class='ocrx_word' id='word_1_606' title='bbox 3279 1919 3328 1958; x_wconf 84' lang='lat'>:«</span> <span class='ocrx_word' id='word_1_607' title='bbox 3352 1901 3523 1958; x_wconf 88' lang='lat' dir='ltr'>Nunc</span> <span class='ocrx_word' id='word_1_608' title='bbox 3555 1899 3682 1956; x_wconf 81' lang='lat' dir='ltr'>uni-</span> 
     </span>
    </p>
   </div>
   <div class='ocr_carea' id='block_1_83' title="bbox 2020 1988 3680 2064">
    <p class='ocr_par' dir='ltr' id='par_1_83' title="bbox 2020 1988 3680 2064">
     <span class='ocr_line' id='line_1_83' title="bbox 2020 1988 3680 2064; baseline -0.003 -14"><span class='ocrx_word' id='word_1_609' title='bbox 2020 1999 2200 2050; x_wconf 88' lang='lat' dir='ltr'>tatem</span> <span class='ocrx_word' id='word_1_610' title='bbox 2232 1993 2558 2064; x_wconf 85' lang='lat' dir='ltr'>majestatis</span> <span class='ocrx_word' id='word_1_611' title='bbox 2592 1993 2744 2050; x_wconf 72' lang='lat'>502</span> <span class='ocrx_word' id='word_1_612' title='bbox 2784 1991 2921 2048; x_wconf 91' lang='lat' dir='ltr'>licet</span> <span class='ocrx_word' id='word_1_613' title='bbox 2969 1989 3030 2046; x_wconf 89' lang='lat' dir='ltr'>in</span> <span class='ocrx_word' id='word_1_614' title='bbox 3081 1991 3266 2057; x_wconf 90' lang='lat' dir='ltr'>Patre,</span> <span class='ocrx_word' id='word_1_615' title='bbox 3302 1988 3593 2062; x_wconf 87' lang='lat' dir='ltr'>Filioque,</span> <span class='ocrx_word' id='word_1_616' title='bbox 3623 1993 3680 2045; x_wconf 91' lang='lat' dir='ltr'>et</span> 
     </span>
    </p>
   </div>
   <div class='ocr_carea' id='block_1_84' title="bbox 2019 2078 3682 2156">
    <p class='ocr_par' dir='ltr' id='par_1_84' title="bbox 2019 2078 3682 2156">
     <span class='ocr_line' id='line_1_84' title="bbox 2019 2078 3682 2156; baseline -0.002 -18"><span class='ocrx_word' id='word_1_617' title='bbox 2019 2083 2236 2156; x_wconf 88' lang='lat' dir='ltr'>Spiritu</span> <span class='ocrx_word' id='word_1_618' title='bbox 2263 2088 2464 2138; x_wconf 89' lang='lat' dir='ltr'>sancto</span> <span class='ocrx_word' id='word_1_619' title='bbox 2486 2097 2886 2155; x_wconf 69' lang='lat' dir='ltr'>cognoscere.»</span> <span class='ocrx_word' id='word_1_620' title='bbox 2903 2081 2974 2136; x_wconf 86' lang='lat' dir='ltr'>Et</span> <span class='ocrx_word' id='word_1_621' title='bbox 2996 2084 3128 2152; x_wconf 91' lang='lat' dir='ltr'>post</span> <span class='ocrx_word' id='word_1_622' title='bbox 3147 2079 3448 2152; x_wconf 88' lang='lat' dir='ltr'>aliquanta</span> <span class='ocrx_word' id='word_1_623' title='bbox 3469 2094 3524 2134; x_wconf 87' lang='lat'>:«</span> <span class='ocrx_word' id='word_1_624' title='bbox 3553 2078 3682 2135; x_wconf 86' lang='lat' dir='ltr'>Una</span> 
     </span>
    </p>
   </div>
   <div class='ocr_carea' id='block_1_85' title="bbox 2018 2166 3684 2244">
    <p class='ocr_par' dir='ltr' id='par_1_85' title="bbox 2018 2166 3684 2244">
     <span class='ocr_line' id='line_1_85' title="bbox 2018 2166 3684 2244; baseline -0.002 -18"><span class='ocrx_word' id='word_1_625' title='bbox 2018 2171 2202 2244; x_wconf 80' lang='lat' dir='ltr'>igitur</span> <span class='ocrx_word' id='word_1_626' title='bbox 2218 2171 2385 2238; x_wconf 80' lang='lat' dir='ltr'>visio,</span> <span class='ocrx_word' id='word_1_627' title='bbox 2411 2187 2529 2226; x_wconf 90' lang='lat' dir='ltr'>una</span> <span class='ocrx_word' id='word_1_628' title='bbox 2551 2167 2878 2242; x_wconf 71' lang='lat' dir='ltr'>praeceptio,</span> <span class='ocrx_word' id='word_1_629' title='bbox 2903 2185 3023 2224; x_wconf 91' lang='lat' dir='ltr'>una</span> <span class='ocrx_word' id='word_1_630' title='bbox 3051 2167 3388 2240; x_wconf 86' lang='lat' dir='ltr'>majestas.»</span> <span class='ocrx_word' id='word_1_631' title='bbox 3410 2167 3481 2222; x_wconf 90' lang='lat' dir='ltr'>Et</span> <span class='ocrx_word' id='word_1_632' title='bbox 3501 2166 3684 2222; x_wconf 82' lang='lat' dir='ltr'>Atha-</span> 
     </span>
    </p>
   </div>
   <div class='ocr_carea' id='block_1_86' title="bbox 2019 2254 3682 2330">
    <p class='ocr_par' dir='ltr' id='par_1_86' title="bbox 2019 2254 3682 2330">
     <span class='ocr_line' id='line_1_86' title="bbox 2019 2254 3682 2330; baseline -0.004 -14"><span class='ocrx_word' id='word_1_633' title='bbox 2019 2261 2221 2316; x_wconf 90' lang='lat' dir='ltr'>nasius</span> <span class='ocrx_word' id='word_1_634' title='bbox 2246 2276 2258 2316; x_wconf 93' lang='lat'>:</span> <span class='ocrx_word' id='word_1_635' title='bbox 2285 2259 2472 2315; x_wconf 89' lang='lat' dir='ltr'>Patris</span> <span class='ocrx_word' id='word_1_636' title='bbox 2495 2265 2552 2314; x_wconf 91' lang='lat' dir='ltr'>et</span> <span class='ocrx_word' id='word_1_637' title='bbox 2572 2257 2700 2314; x_wconf 90' lang='lat' dir='ltr'>Filii</span> <span class='ocrx_word' id='word_1_638' title='bbox 2725 2262 2783 2314; x_wconf 91' lang='lat' dir='ltr'>et</span> <span class='ocrx_word' id='word_1_639' title='bbox 2815 2257 3069 2330; x_wconf 89' lang='lat' dir='ltr'>Spiritus</span> <span class='ocrx_word' id='word_1_640' title='bbox 3100 2255 3289 2312; x_wconf 90' lang='lat' dir='ltr'>sancti</span> <span class='ocrx_word' id='word_1_641' title='bbox 3321 2272 3440 2311; x_wconf 90' lang='lat' dir='ltr'>una</span> <span class='ocrx_word' id='word_1_642' title='bbox 3459 2259 3560 2312; x_wconf 89' lang='lat' dir='ltr'>est</span> <span class='ocrx_word' id='word_1_643' title='bbox 3589 2254 3682 2310; x_wconf 86' lang='lat' dir='ltr'>di-</span> 
     </span>
    </p>
   </div>
   <div class='ocr_carea' id='block_1_87' title="bbox 2015 2344 3676 2421">
    <p class='ocr_par' dir='ltr' id='par_1_87' title="bbox 2015 2344 3676 2421">
     <span class='ocr_line' id='line_1_87' title="bbox 2015 2344 3676 2421; baseline -0.003 -17"><span class='ocrx_word' id='word_1_644' title='bbox 2015 2348 2249 2416; x_wconf 88' lang='lat' dir='ltr'>vinitas,</span> <span class='ocrx_word' id='word_1_645' title='bbox 2275 2347 2516 2420; x_wconf 68' lang='lat' dir='ltr'>aequalis</span> <span class='ocrx_word' id='word_1_646' title='bbox 2545 2346 2751 2421; x_wconf 86' lang='lat' dir='ltr'>gloria,</span> <span class='ocrx_word' id='word_1_647' title='bbox 2774 2351 3058 2403; x_wconf 74' lang='lat' dir='ltr'>coaeterna</span> <span class='ocrx_word' id='word_1_648' title='bbox 3087 2345 3424 2416; x_wconf 84' lang='lat' dir='ltr'>majestas.»</span> <span class='ocrx_word' id='word_1_649' title='bbox 3446 2344 3520 2400; x_wconf 86' lang='lat' dir='ltr'>Et</span> <span class='ocrx_word' id='word_1_650' title='bbox 3551 2345 3676 2400; x_wconf 82' lang='lat' dir='ltr'>Au-</span> 
     </span>
    </p>
   </div>
   <div class='ocr_carea' id='block_1_88' title="bbox 2017 2430 3675 2512">
    <p class='ocr_par' dir='ltr' id='par_1_88' title="bbox 2017 2430 3675 2512">
     <span class='ocr_line' id='line_1_88' title="bbox 2017 2430 3675 2512; baseline -0.003 -19"><span class='ocrx_word' id='word_1_651' title='bbox 2017 2439 2292 2512; x_wconf 87' lang='lat' dir='ltr'>gustinus</span> <span class='ocrx_word' id='word_1_652' title='bbox 2325 2435 2798 2508; x_wconf 81' lang='lat' dir='ltr'>frequentissime</span> <span class='ocrx_word' id='word_1_653' title='bbox 2818 2435 2925 2491; x_wconf 91' lang='lat' dir='ltr'>hoc</span> <span class='ocrx_word' id='word_1_654' title='bbox 2953 2433 3109 2490; x_wconf 91' lang='lat' dir='ltr'>idem</span> <span class='ocrx_word' id='word_1_655' title='bbox 3141 2433 3202 2488; x_wconf 92' lang='lat' dir='ltr'>in</span> <span class='ocrx_word' id='word_1_656' title='bbox 3232 2431 3400 2489; x_wconf 89' lang='lat' dir='ltr'>libris</span> <span class='ocrx_word' id='word_1_657' title='bbox 3429 2432 3503 2488; x_wconf 91' lang='lat' dir='ltr'>de</span> <span class='ocrx_word' id='word_1_658' title='bbox 3540 2430 3675 2488; x_wconf 87' lang='lat' dir='ltr'>Tri-</span> 
     </span>
    </p>
   </div>
   <div class='ocr_carea' id='block_1_89' title="bbox 2021 2519 3674 2598">
    <p class='ocr_par' dir='ltr' id='par_1_89' title="bbox 2021 2519 3674 2598">
     <span class='ocr_line' id='line_1_89' title="bbox 2021 2519 3674 2598; baseline -0.004 -16"><span class='ocrx_word' id='word_1_659' title='bbox 2021 2528 2203 2584; x_wconf 90' lang='lat' dir='ltr'>nitate</span> <span class='ocrx_word' id='word_1_660' title='bbox 2251 2527 2412 2582; x_wconf 91' lang='lat' dir='ltr'>dicit.</span> <span class='ocrx_word' id='word_1_661' title='bbox 2445 2527 2590 2582; x_wconf 90' lang='lat' dir='ltr'>Nam</span> <span class='ocrx_word' id='word_1_662' title='bbox 2650 2529 2707 2582; x_wconf 90' lang='lat' dir='ltr'>et</span> <span class='ocrx_word' id='word_1_663' title='bbox 2760 2524 2914 2598; x_wconf 91' lang='lat' dir='ltr'>quod</span> <span class='ocrx_word' id='word_1_664' title='bbox 2945 2523 3312 2580; x_wconf 89' lang='lat' dir='ltr'>venerandus</span> <span class='ocrx_word' id='word_1_665' title='bbox 3369 2519 3674 2587; x_wconf 90' lang='lat' dir='ltr'>Sedulius,</span> 
     </span>
    </p>
   </div>
   <div class='ocr_carea' id='block_1_90' title="bbox 2020 2608 3675 2680">
    <p class='ocr_par' dir='ltr' id='par_1_90' title="bbox 2020 2608 3675 2680">
     <span class='ocr_line' id='line_1_90' title="bbox 2020 2608 3675 2680; baseline -0.005 -7"><span class='ocrx_word' id='word_1_666' title='bbox 2020 2615 2172 2673; x_wconf 91' lang='lat' dir='ltr'>sicut</span> <span class='ocrx_word' id='word_1_667' title='bbox 2200 2620 2438 2672; x_wconf 93' lang='lat' dir='ltr'>coaetus</span> <span class='ocrx_word' id='word_1_668' title='bbox 2469 2614 2636 2671; x_wconf 89' lang='lat' dir='ltr'>metri</span> <span class='ocrx_word' id='word_1_669' title='bbox 2668 2612 3036 2680; x_wconf 88' lang='lat' dir='ltr'>necessitate,</span> <span class='ocrx_word' id='word_1_670' title='bbox 3068 2610 3284 2668; x_wconf 89' lang='lat' dir='ltr'>trinam</span> <span class='ocrx_word' id='word_1_671' title='bbox 3315 2610 3490 2666; x_wconf 82' lang='lat' dir='ltr'>ﬁdem</span> <span class='ocrx_word' id='word_1_672' title='bbox 3525 2614 3593 2665; x_wconf 89' lang='lat' dir='ltr'>et</span> <span class='ocrx_word' id='word_1_673' title='bbox 3619 2608 3675 2664; x_wconf 90' lang='lat' dir='ltr'>in</span> 
     </span>
    </p>
   </div>
   <div class='ocr_carea' id='block_1_91' title="bbox 2019 2701 3230 2775">
    <p class='ocr_par' dir='ltr' id='par_1_91' title="bbox 2019 2701 3230 2775">
     <span class='ocr_line' id='line_1_91' title="bbox 2019 2701 3230 2775; baseline -0.004 -15"><span class='ocrx_word' id='word_1_674' title='bbox 2019 2705 2222 2761; x_wconf 89' lang='lat' dir='ltr'>eodem</span> <span class='ocrx_word' id='word_1_675' title='bbox 2255 2703 2518 2760; x_wconf 90' lang='lat' dir='ltr'>Paschali</span> <span class='ocrx_word' id='word_1_676' title='bbox 2548 2719 2721 2775; x_wconf 88' lang='lat' dir='ltr'>opere</span> <span class='ocrx_word' id='word_1_677' title='bbox 2751 2702 2969 2775; x_wconf 91' lang='lat' dir='ltr'>posuit,</span> <span class='ocrx_word' id='word_1_678' title='bbox 2989 2701 3230 2756; x_wconf 88' lang='lat' dir='ltr'>dicens:</span> 
     </span>
    </p>
   </div>
   <div class='ocr_carea' id='block_1_92' title="bbox 2049 2786 3647 2858">
    <p class='ocr_par' dir='ltr' id='par_1_92' title="bbox 2049 2786 3647 2858">
     <span class='ocr_line' id='line_1_92' title="bbox 2049 2786 3647 2858; baseline -0.005 -13"><span class='ocrx_word' id='word_1_679' title='bbox 2049 2793 2199 2854; x_wconf 89' lang='lat' dir='ltr'>Quod</span> <span class='ocrx_word' id='word_1_680' title='bbox 2221 2794 2442 2858; x_wconf 81' lang='lat' dir='ltr'>simplex</span> <span class='ocrx_word' id='word_1_681' title='bbox 2462 2790 2962 2857; x_wconf 87' lang='lat' dir='ltr'>triplicet,quodque</span> <span class='ocrx_word' id='word_1_682' title='bbox 2977 2793 3058 2840; x_wconf 85' lang='lat' dir='ltr'>est</span> <span class='ocrx_word' id='word_1_683' title='bbox 3073 2787 3378 2852; x_wconf 86' lang='lat' dir='ltr'>triplioabile</span> <span class='ocrx_word' id='word_1_684' title='bbox 3395 2786 3647 2850; x_wconf 81' lang='lat' dir='ltr'>simplet;</span> 
     </span>
    </p>
   </div>
   <div class='ocr_carea' id='block_1_93' title="bbox 2021 2875 3675 2955">
    <p class='ocr_par' dir='ltr' id='par_1_93' title="bbox 2021 2875 3675 2955">
     <span class='ocr_line' id='line_1_93' title="bbox 2021 2875 3675 2955; baseline -0.005 -15"><span class='ocrx_word' id='word_1_685' title='bbox 2021 2885 2232 2940; x_wconf 90' lang='lat' dir='ltr'>Beatur</span> <span class='ocrx_word' id='word_1_686' title='bbox 2259 2881 2623 2955; x_wconf 80' lang='lat' dir='ltr'>Augustinus</span> <span class='ocrx_word' id='word_1_687' title='bbox 2651 2881 2708 2937; x_wconf 92' lang='lat' dir='ltr'>in</span> <span class='ocrx_word' id='word_1_688' title='bbox 2751 2879 2900 2936; x_wconf 90' lang='lat' dir='ltr'>libro</span> <span class='ocrx_word' id='word_1_689' title='bbox 2929 2883 3091 2936; x_wconf 83' lang='lat' dir='ltr'>sexto</span> <span class='ocrx_word' id='word_1_690' title='bbox 3131 2878 3203 2934; x_wconf 90' lang='lat' dir='ltr'>de</span> <span class='ocrx_word' id='word_1_691' title='bbox 3242 2875 3533 2932; x_wconf 85' lang='lat' dir='ltr'>Trinitate</span> <span class='ocrx_word' id='word_1_692' title='bbox 3565 2876 3675 2932; x_wconf 91' lang='lat' dir='ltr'>im-</span> 
     </span>
    </p>
   </div>
   <div class='ocr_carea' id='block_1_94' title="bbox 2019 2965 3677 3047">
    <p class='ocr_par' dir='ltr' id='par_1_94' title="bbox 2019 2965 3677 3047">
     <span class='ocr_line' id='line_1_94' title="bbox 2019 2965 3677 3047; baseline -0.006 -18"><span class='ocrx_word' id='word_1_693' title='bbox 2019 2974 2230 3047; x_wconf 90' lang='lat' dir='ltr'>probat</span> <span class='ocrx_word' id='word_1_694' title='bbox 2277 2971 2476 3028; x_wconf 92' lang='lat' dir='ltr'>dicens</span> <span class='ocrx_word' id='word_1_695' title='bbox 2508 2971 2646 3044; x_wconf 82' lang='lat' dir='ltr'>(cap.</span> <span class='ocrx_word' id='word_1_696' title='bbox 2677 2972 2712 3025; x_wconf 92' lang='lat'>8</span> <span class='ocrx_word' id='word_1_697' title='bbox 2738 2985 2752 3025; x_wconf 89' lang='lat'>:</span> <span class='ocrx_word' id='word_1_698' title='bbox 2776 2991 2803 3019; x_wconf 91' lang='grc'>‹‹</span> <span class='ocrx_word' id='word_1_699' title='bbox 2840 2969 2904 3024; x_wconf 91' lang='lat' dir='ltr'>In</span> <span class='ocrx_word' id='word_1_700' title='bbox 2960 2967 3088 3040; x_wconf 90' lang='lat' dir='ltr'>ipso</span> <span class='ocrx_word' id='word_1_701' title='bbox 3133 2965 3314 3040; x_wconf 89' lang='lat' dir='ltr'>igitur</span> <span class='ocrx_word' id='word_1_702' title='bbox 3359 2965 3499 3046; x_wconf 86' lang='lat' dir='ltr'>Deo,</span> <span class='ocrx_word' id='word_1_703' title='bbox 3535 2981 3677 3021; x_wconf 90' lang='lat' dir='ltr'>cum</span> 
     </span>
    </p>
   </div>
   <div class='ocr_carea' id='block_1_95' title="bbox 2020 3052 3678 3134">
    <p class='ocr_par' dir='ltr' id='par_1_95' title="bbox 2020 3052 3678 3134">
     <span class='ocr_line' id='line_1_95' title="bbox 2020 3052 3678 3134; baseline -0.005 -16"><span class='ocrx_word' id='word_1_704' title='bbox 2020 3062 2275 3118; x_wconf 73' lang='lat' dir='ltr'>adhmret</span> <span class='ocrx_word' id='word_1_705' title='bbox 2303 3059 2510 3134; x_wconf 83' lang='lat' dir='ltr'>aequali</span> <span class='ocrx_word' id='word_1_706' title='bbox 2556 3057 2710 3114; x_wconf 88' lang='lat' dir='ltr'>Patri</span> <span class='ocrx_word' id='word_1_707' title='bbox 2763 3056 2941 3113; x_wconf 84' lang='lat' dir='ltr'>Filius</span> <span class='ocrx_word' id='word_1_708' title='bbox 2971 3055 3232 3128; x_wconf 65' lang='lat' dir='ltr'>aequalis,</span> <span class='ocrx_word' id='word_1_709' title='bbox 3264 3057 3368 3110; x_wconf 92' lang='lat' dir='ltr'>aut</span> <span class='ocrx_word' id='word_1_710' title='bbox 3411 3052 3678 3126; x_wconf 90' lang='lat' dir='ltr'>Spiritus</span> 
     </span>
    </p>
   </div>
   <div class='ocr_carea' id='block_1_96' title="bbox 2020 3143 3678 3230">
    <p class='ocr_par' dir='ltr' id='par_1_96' title="bbox 2020 3143 3678 3230">
     <span class='ocr_line' id='line_1_96' title="bbox 2020 3143 3678 3230; baseline -0.004 -24"><span class='ocrx_word' id='word_1_711' title='bbox 2020 3157 2260 3208; x_wconf 88' lang='lat' dir='ltr'>sanctus</span> <span class='ocrx_word' id='word_1_712' title='bbox 2291 3151 2444 3207; x_wconf 90' lang='lat' dir='ltr'>Patri</span> <span class='ocrx_word' id='word_1_713' title='bbox 2473 3155 2530 3206; x_wconf 91' lang='lat' dir='ltr'>et</span> <span class='ocrx_word' id='word_1_714' title='bbox 2561 3148 2700 3205; x_wconf 72' lang='lat' dir='ltr'>Filio</span> <span class='ocrx_word' id='word_1_715' title='bbox 2739 3146 3000 3220; x_wconf 62' lang='lat' dir='ltr'>aequalis,</span> <span class='ocrx_word' id='word_1_716' title='bbox 3035 3163 3152 3230; x_wconf 75' lang='lat' dir='ltr'>non</span> <span class='ocrx_word' id='word_1_717' title='bbox 3183 3145 3250 3200; x_wconf 85' lang='lat' dir='ltr'>ﬁt</span> <span class='ocrx_word' id='word_1_718' title='bbox 3295 3144 3486 3216; x_wconf 88' lang='lat' dir='ltr'>major</span> <span class='ocrx_word' id='word_1_719' title='bbox 3515 3143 3678 3200; x_wconf 88' lang='lat' dir='ltr'>Deus</span> 
     </span>
    </p>
   </div>
   <div class='ocr_carea' id='block_1_97' title="bbox 2019 3232 3680 3313">
    <p class='ocr_par' dir='ltr' id='par_1_97' title="bbox 2019 3232 3680 3313">
     <span class='ocr_line' id='line_1_97' title="bbox 2019 3232 3680 3313; baseline -0.005 -17"><span class='ocrx_word' id='word_1_720' title='bbox 2019 3258 2196 3312; x_wconf 89' lang='lat' dir='ltr'>quam</span> <span class='ocrx_word' id='word_1_721' title='bbox 2229 3239 2448 3313; x_wconf 88' lang='lat' dir='ltr'>singuli</span> <span class='ocrx_word' id='word_1_722' title='bbox 2478 3255 2702 3305; x_wconf 89' lang='lat' dir='ltr'>eorum,</span> <span class='ocrx_word' id='word_1_723' title='bbox 2725 3236 2864 3309; x_wconf 90' lang='lat' dir='ltr'>quia</span> <span class='ocrx_word' id='word_1_724' title='bbox 2902 3252 3019 3291; x_wconf 91' lang='lat' dir='ltr'>non</span> <span class='ocrx_word' id='word_1_725' title='bbox 3048 3239 3138 3291; x_wconf 90' lang='lat' dir='ltr'>est</span> <span class='ocrx_word' id='word_1_726' title='bbox 3165 3250 3281 3306; x_wconf 91' lang='lat' dir='ltr'>quo</span> <span class='ocrx_word' id='word_1_727' title='bbox 3312 3236 3546 3289; x_wconf 87' lang='lat' dir='ltr'>crescat</span> <span class='ocrx_word' id='word_1_728' title='bbox 3577 3232 3680 3288; x_wconf 89' lang='lat' dir='ltr'>illa</span> 
     </span>
    </p>
   </div>
   <div class='ocr_carea' id='block_1_98' title="bbox 2020 3321 3678 3401">
    <p class='ocr_par' dir='ltr' id='par_1_98' title="bbox 2020 3321 3678 3401">
     <span class='ocr_line' id='line_1_98' title="bbox 2020 3321 3678 3401; baseline -0.005 -15"><span class='ocrx_word' id='word_1_729' title='bbox 2020 3329 2294 3401; x_wconf 76' lang='lat' dir='ltr'>perfectio</span> <span class='ocrx_word' id='word_1_730' title='bbox 2337 3345 2582 3385; x_wconf 71' lang='lat' dir='ltr'>summa:</span> <span class='ocrx_word' id='word_1_731' title='bbox 2614 3323 2939 3382; x_wconf 89' lang='lat' dir='ltr'>Trinitatis.</span> <span class='ocrx_word' id='word_1_732' title='bbox 2973 3323 3266 3379; x_wconf 78' lang='lat' dir='ltr'>Perfectus</span> <span class='ocrx_word' id='word_1_733' title='bbox 3304 3325 3502 3377; x_wconf 88' lang='lat' dir='ltr'>autem</span> <span class='ocrx_word' id='word_1_734' title='bbox 3551 3321 3678 3378; x_wconf 85' lang='lat' dir='ltr'>sive</span> 
     </span>
    </p>
   </div>
   <div class='ocr_carea' id='block_1_99' title="bbox 2015 3410 3679 3487">
    <p class='ocr_par' dir='ltr' id='par_1_99' title="bbox 2015 3410 3679 3487">
     <span class='ocr_line' id='line_1_99' title="bbox 2015 3410 3679 3487; baseline -0.004 -13"><span class='ocrx_word' id='word_1_735' title='bbox 2015 3418 2200 3484; x_wconf 87' lang='lat' dir='ltr'>Pater,</span> <span class='ocrx_word' id='word_1_736' title='bbox 2225 3417 2342 3474; x_wconf 90' lang='lat' dir='ltr'>sive</span> <span class='ocrx_word' id='word_1_737' title='bbox 2367 3417 2566 3482; x_wconf 88' lang='lat' dir='ltr'>Filius,</span> <span class='ocrx_word' id='word_1_738' title='bbox 2582 3416 2702 3472; x_wconf 90' lang='lat' dir='ltr'>sive</span> <span class='ocrx_word' id='word_1_739' title='bbox 2723 3413 2978 3487; x_wconf 88' lang='lat' dir='ltr'>Spiritus</span> <span class='ocrx_word' id='word_1_740' title='bbox 2998 3415 3258 3479; x_wconf 83' lang='lat' dir='ltr'>sanctus,</span> <span class='ocrx_word' id='word_1_741' title='bbox 3286 3414 3345 3466; x_wconf 91' lang='lat' dir='ltr'>et</span> <span class='ocrx_word' id='word_1_742' title='bbox 3371 3410 3679 3482; x_wconf 86' lang='lat' dir='ltr'>perfectus</span> 
     </span>
    </p>
   </div>
   <div class='ocr_carea' id='block_1_100' title="bbox 2013 3501 3674 3576">
    <p class='ocr_par' dir='ltr' id='par_1_100' title="bbox 2013 3501 3674 3576">
     <span class='ocr_line' id='line_1_100' title="bbox 2013 3501 3674 3576; baseline -0.004 -13"><span class='ocrx_word' id='word_1_743' title='bbox 2013 3509 2169 3564; x_wconf 91' lang='lat' dir='ltr'>Deus</span> <span class='ocrx_word' id='word_1_744' title='bbox 2201 3509 2367 3563; x_wconf 86' lang='lat' dir='ltr'>Pater</span> <span class='ocrx_word' id='word_1_745' title='bbox 2395 3512 2454 3562; x_wconf 92' lang='lat' dir='ltr'>et</span> <span class='ocrx_word' id='word_1_746' title='bbox 2488 3505 2665 3562; x_wconf 86' lang='lat' dir='ltr'>Filius</span> <span class='ocrx_word' id='word_1_747' title='bbox 2709 3508 2768 3561; x_wconf 90' lang='lat' dir='ltr'>et</span> <span class='ocrx_word' id='word_1_748' title='bbox 2817 3501 3072 3576; x_wconf 91' lang='lat' dir='ltr'>Spiritus</span> <span class='ocrx_word' id='word_1_749' title='bbox 3102 3505 3344 3558; x_wconf 88' lang='lat' dir='ltr'>sanctus</span> <span class='ocrx_word' id='word_1_750' title='bbox 3378 3516 3392 3556; x_wconf 89' lang='lat'>:</span> <span class='ocrx_word' id='word_1_751' title='bbox 3425 3504 3486 3555; x_wconf 88' lang='lat' dir='ltr'>et</span> <span class='ocrx_word' id='word_1_752' title='bbox 3538 3501 3674 3556; x_wconf 91' lang='lat' dir='ltr'>ideo</span> 
     </span>
    </p>
   </div>
   <div class='ocr_carea' id='block_1_101' title="bbox 2013 3590 3679 3668">
    <p class='ocr_par' dir='ltr' id='par_1_101' title="bbox 2013 3590 3679 3668">
     <span class='ocr_line' id='line_1_101' title="bbox 2013 3590 3679 3668; baseline -0.004 -16"><span class='ocrx_word' id='word_1_753' title='bbox 2013 3596 2270 3652; x_wconf 85' lang='lat' dir='ltr'>Trinitas</span> <span class='ocrx_word' id='word_1_754' title='bbox 2300 3595 2494 3668; x_wconf 91' lang='lat' dir='ltr'>potius</span> <span class='ocrx_word' id='word_1_755' title='bbox 2523 3611 2702 3666; x_wconf 90' lang='lat' dir='ltr'>quam</span> <span class='ocrx_word' id='word_1_756' title='bbox 2735 3591 2944 3666; x_wconf 82' lang='lat' dir='ltr'>triplex</span> <span class='ocrx_word' id='word_1_757' title='bbox 2963 3591 3210 3648; x_wconf 89' lang='lat' dir='ltr'>dicenda</span> <span class='ocrx_word' id='word_1_758' title='bbox 3228 3593 3335 3646; x_wconf 88' lang='lat' dir='ltr'>est.</span> <span class='ocrx_word' id='word_1_759' title='bbox 3357 3609 3386 3640; x_wconf 83' lang='grc'>››</span> <span class='ocrx_word' id='word_1_760' title='bbox 3412 3590 3679 3661; x_wconf 88' lang='lat' dir='ltr'>Quapro-</span> 
     </span>
    </p>
   </div>
   <div class='ocr_carea' id='block_1_102' title="bbox 2013 3676 3681 3758">
    <p class='ocr_par' dir='ltr' id='par_1_102' title="bbox 2013 3676 3681 3758">
     <span class='ocr_line' id='line_1_102' title="bbox 2013 3676 3681 3758; baseline -0.006 -16"><span class='ocrx_word' id='word_1_761' title='bbox 2013 3690 2142 3758; x_wconf 89' lang='lat' dir='ltr'>pter</span> <span class='ocrx_word' id='word_1_762' title='bbox 2170 3703 2285 3741; x_wconf 92' lang='lat' dir='ltr'>non</span> <span class='ocrx_word' id='word_1_763' title='bbox 2325 3683 2616 3740; x_wconf 89' lang='lat' dir='ltr'>succurrit</span> <span class='ocrx_word' id='word_1_764' title='bbox 2644 3699 2818 3756; x_wconf 89' lang='lat' dir='ltr'>pravo</span> <span class='ocrx_word' id='word_1_765' title='bbox 2850 3679 3048 3737; x_wconf 88' lang='lat' dir='ltr'>sensui</span> <span class='ocrx_word' id='word_1_766' title='bbox 3091 3676 3459 3736; x_wconf 89' lang='lat' dir='ltr'>Gothescalci</span> <span class='ocrx_word' id='word_1_767' title='bbox 3507 3678 3681 3734; x_wconf 85' lang='lat' dir='ltr'>testi-</span> 
     </span>
    </p>
   </div>
   <div class='ocr_carea' id='block_1_103' title="bbox 2013 3765 3676 3844">
    <p class='ocr_par' dir='ltr' id='par_1_103' title="bbox 2013 3765 3676 3844">
     <span class='ocr_line' id='line_1_103' title="bbox 2013 3765 3676 3844; baseline -0.005 -14"><span class='ocrx_word' id='word_1_768' title='bbox 2013 3775 2278 3830; x_wconf 90' lang='lat' dir='ltr'>monium</span> <span class='ocrx_word' id='word_1_769' title='bbox 2311 3773 2499 3830; x_wconf 85' lang='lat' dir='ltr'>ﬁdelis</span> <span class='ocrx_word' id='word_1_770' title='bbox 2520 3778 2700 3844; x_wconf 71' lang='lat' dir='ltr'>poetae</span> <span class='ocrx_word' id='word_1_771' title='bbox 2729 3769 2972 3836; x_wconf 91' lang='lat' dir='ltr'>Sedulii,</span> <span class='ocrx_word' id='word_1_772' title='bbox 2994 3768 3095 3841; x_wconf 91' lang='lat' dir='ltr'>qui</span> <span class='ocrx_word' id='word_1_773' title='bbox 3119 3772 3344 3824; x_wconf 87' lang='lat' dir='ltr'>rectum</span> <span class='ocrx_word' id='word_1_774' title='bbox 3365 3765 3500 3822; x_wconf 86' lang='lat' dir='ltr'>fidei</span> <span class='ocrx_word' id='word_1_775' title='bbox 3535 3783 3676 3824; x_wconf 85' lang='lat' dir='ltr'>sen-</span> 
     </span>
    </p>
   </div>
   <div class='ocr_carea' id='block_1_104' title="bbox 2013 3854 3681 3934">
    <p class='ocr_par' dir='ltr' id='par_1_104' title="bbox 2013 3854 3681 3934">
     <span class='ocr_line' id='line_1_104' title="bbox 2013 3854 3681 3934; baseline -0.004 -17"><span class='ocrx_word' id='word_1_776' title='bbox 2013 3880 2146 3918; x_wconf 90' lang='lat' dir='ltr'>sum</span> <span class='ocrx_word' id='word_1_777' title='bbox 2191 3862 2316 3934; x_wconf 84' lang='lat' dir='ltr'>lege</span> <span class='ocrx_word' id='word_1_778' title='bbox 2364 3861 2533 3918; x_wconf 89' lang='lat' dir='ltr'>metri</span> <span class='ocrx_word' id='word_1_779' title='bbox 2576 3857 2944 3924; x_wconf 82' lang='lat' dir='ltr'>constrinxit,</span> <span class='ocrx_word' id='word_1_780' title='bbox 2968 3874 3096 3930; x_wconf 70' lang='lat' dir='ltr'>quae</span> <span class='ocrx_word' id='word_1_781' title='bbox 3154 3873 3269 3911; x_wconf 91' lang='lat' dir='ltr'>non</span> <span class='ocrx_word' id='word_1_782' title='bbox 3324 3854 3681 3927; x_wconf 67' lang='lat' dir='ltr'>priejudicat</span> 
     </span>
    </p>
   </div>
   <div class='ocr_carea' id='block_1_105' title="bbox 2011 3944 3676 4022">
    <p class='ocr_par' dir='ltr' id='par_1_105' title="bbox 2011 3944 3676 4022">
     <span class='ocr_line' id='line_1_105' title="bbox 2011 3944 3676 4022; baseline -0.004 -16"><span class='ocrx_word' id='word_1_783' title='bbox 2011 3969 2156 4006; x_wconf 66' lang='lat' dir='ltr'>vera:</span> <span class='ocrx_word' id='word_1_784' title='bbox 2187 3950 2320 4006; x_wconf 84' lang='lat' dir='ltr'>ﬁdei</span> <span class='ocrx_word' id='word_1_785' title='bbox 2378 3948 2760 4022; x_wconf 86' lang='lat' dir='ltr'>simplicitati.</span> <span class='ocrx_word' id='word_1_786' title='bbox 2805 3949 2940 4014; x_wconf 67' lang='lat' dir='ltr'>Quae</span> <span class='ocrx_word' id='word_1_787' title='bbox 2995 3944 3264 4001; x_wconf 90' lang='lat' dir='ltr'>videlicet</span> <span class='ocrx_word' id='word_1_788' title='bbox 3319 3944 3487 4007; x_wconf 81' lang='lat' dir='ltr'>tides.</span> <span class='ocrx_word' id='word_1_789' title='bbox 3557 3961 3676 4000; x_wconf 87' lang='lat' dir='ltr'>non</span> 
     </span>
    </p>
   </div>
   <div class='ocr_carea' id='block_1_106' title="bbox 2013 4030 3682 4111">
    <p class='ocr_par' dir='ltr' id='par_1_106' title="bbox 2013 4030 3682 4111">
     <span class='ocr_line' id='line_1_106' title="bbox 2013 4030 3682 4111; baseline -0.004 -17"><span class='ocrx_word' id='word_1_790' title='bbox 2013 4057 2116 4111; x_wconf 89' lang='lat' dir='ltr'>per</span> <span class='ocrx_word' id='word_1_791' title='bbox 2134 4043 2412 4104; x_wconf 89' lang='lat' dir='ltr'>oratores,</span> <span class='ocrx_word' id='word_1_792' title='bbox 2436 4039 2537 4094; x_wconf 90' lang='lat' dir='ltr'>sed</span> <span class='ocrx_word' id='word_1_793' title='bbox 2569 4055 2672 4109; x_wconf 88' lang='lat' dir='ltr'>per</span> <span class='ocrx_word' id='word_1_794' title='bbox 2701 4037 3021 4109; x_wconf 88' lang='lat' dir='ltr'>piscatores</span> <span class='ocrx_word' id='word_1_795' title='bbox 3050 4033 3163 4090; x_wconf 88' lang='lat' dir='ltr'>sibi</span> <span class='ocrx_word' id='word_1_796' title='bbox 3191 4030 3537 4104; x_wconf 87' lang='lat' dir='ltr'>subjugavit</span> <span class='ocrx_word' id='word_1_797' title='bbox 3570 4032 3682 4088; x_wconf 85' lang='lat' dir='ltr'>im-</span> 
     </span>
    </p>
   </div>
   <div class='ocr_carea' id='block_1_107' title="bbox 2012 4119 3684 4200">
    <p class='ocr_par' dir='ltr' id='par_1_107' title="bbox 2012 4119 3684 4200">
     <span class='ocr_line' id='line_1_107' title="bbox 2012 4119 3684 4200; baseline -0.003 -17"><span class='ocrx_word' id='word_1_798' title='bbox 2012 4132 2328 4200; x_wconf 88' lang='lat' dir='ltr'>peratores.</span> <span class='ocrx_word' id='word_1_799' title='bbox 2364 4127 2525 4183; x_wconf 92' lang='lat' dir='ltr'>Unde</span> <span class='ocrx_word' id='word_1_800' title='bbox 2569 4125 2708 4198; x_wconf 90' lang='lat' dir='ltr'>quia</span> <span class='ocrx_word' id='word_1_801' title='bbox 2735 4123 3152 4182; x_wconf 89' lang='lat' dir='ltr'>Gothescaleus</span> <span class='ocrx_word' id='word_1_802' title='bbox 3207 4138 3322 4177; x_wconf 88' lang='lat' dir='ltr'>non</span> <span class='ocrx_word' id='word_1_803' title='bbox 3372 4119 3587 4190; x_wconf 85' lang='lat' dir='ltr'>voluit,</span> <span class='ocrx_word' id='word_1_804' title='bbox 3623 4127 3684 4178; x_wconf 89' lang='lat' dir='ltr'>et</span> 
     </span>
    </p>
   </div>
   <div class='ocr_carea' id='block_1_108' title="bbox 2014 4209 3682 4284">
    <p class='ocr_par' dir='ltr' id='par_1_108' title="bbox 2014 4209 3682 4284">
     <span class='ocr_line' id='line_1_108' title="bbox 2014 4209 3682 4284; baseline -0.002 -14"><span class='ocrx_word' id='word_1_805' title='bbox 2014 4233 2129 4271; x_wconf 91' lang='lat' dir='ltr'>non</span> <span class='ocrx_word' id='word_1_806' title='bbox 2155 4215 2356 4283; x_wconf 90' lang='lat' dir='ltr'>valuit,</span> <span class='ocrx_word' id='word_1_807' title='bbox 2389 4216 2631 4270; x_wconf 86' lang='lat' dir='ltr'>devotus</span> <span class='ocrx_word' id='word_1_808' title='bbox 2675 4213 2856 4269; x_wconf 86' lang='lat' dir='ltr'>lector</span> <span class='ocrx_word' id='word_1_809' title='bbox 2903 4211 3227 4284; x_wconf 87' lang='lat' dir='ltr'>intelligere</span> <span class='ocrx_word' id='word_1_810' title='bbox 3257 4209 3427 4267; x_wconf 86' lang='lat' dir='ltr'>debet</span> <span class='ocrx_word' id='word_1_811' title='bbox 3479 4209 3613 4265; x_wconf 63' lang='lat' dir='ltr'>hac</span> <span class='ocrx_word' id='word_1_812' title='bbox 3646 4228 3682 4266; x_wconf 87' lang='lat' dir='ltr'>a</span> 
     </span>
    </p>
   </div>
   <div class='ocr_carea' id='block_1_109' title="bbox 2013 4300 3679 4375">
    <p class='ocr_par' dir='ltr' id='par_1_109' title="bbox 2013 4300 3679 4375">
     <span class='ocr_line' id='line_1_109' title="bbox 2013 4300 3679 4375; baseline -0.002 -13"><span class='ocrx_word' id='word_1_813' title='bbox 2013 4304 2270 4375; x_wconf 91' lang='lat' dir='ltr'>Sedulio,</span> <span class='ocrx_word' id='word_1_814' title='bbox 2308 4307 2567 4372; x_wconf 88' lang='lat' dir='ltr'>Aratore,</span> <span class='ocrx_word' id='word_1_815' title='bbox 2617 4307 2674 4359; x_wconf 90' lang='lat' dir='ltr'>et</span> <span class='ocrx_word' id='word_1_816' title='bbox 2724 4303 3004 4374; x_wconf 89' lang='lat' dir='ltr'>Prospero</span> <span class='ocrx_word' id='word_1_817' title='bbox 3053 4300 3273 4373; x_wconf 89' lang='lat' dir='ltr'>tropice</span> <span class='ocrx_word' id='word_1_818' title='bbox 3325 4314 3429 4372; x_wconf 86' lang='lat' dir='ltr'>per</span> <span class='ocrx_word' id='word_1_819' title='bbox 3479 4304 3679 4358; x_wconf 84' lang='lat' dir='ltr'>meto-</span> 
     </span>
    </p>
   </div>
   <div class='ocr_carea' id='block_1_110' title="bbox 2013 4388 3678 4468">
    <p class='ocr_par' dir='ltr' id='par_1_110' title="bbox 2013 4388 3678 4468">
     <span class='ocr_line' id='line_1_110' title="bbox 2013 4388 3678 4468; baseline -0.002 -19"><span class='ocrx_word' id='word_1_820' title='bbox 2013 4393 2294 4468; x_wconf 80' lang='lat' dir='ltr'>nymiam,</span> <span class='ocrx_word' id='word_1_821' title='bbox 2328 4392 2386 4450; x_wconf 91' lang='lat' dir='ltr'>id</span> <span class='ocrx_word' id='word_1_822' title='bbox 2415 4399 2505 4449; x_wconf 90' lang='lat' dir='ltr'>est</span> <span class='ocrx_word' id='word_1_823' title='bbox 2534 4410 2637 4465; x_wconf 89' lang='lat' dir='ltr'>per</span> <span class='ocrx_word' id='word_1_824' title='bbox 2667 4389 3297 4448; x_wconf 88' lang='lat' dir='ltr'>transnominationem</span> <span class='ocrx_word' id='word_1_825' title='bbox 3329 4388 3504 4460; x_wconf 87' lang='lat' dir='ltr'>cujus</span> <span class='ocrx_word' id='word_1_826' title='bbox 3535 4406 3678 4462; x_wconf 86' lang='lat' dir='ltr'>spe-</span> 
     </span>
    </p>
   </div>
   <div class='ocr_carea' id='block_1_111' title="bbox 2011 4475 3679 4552">
    <p class='ocr_par' dir='ltr' id='par_1_111' title="bbox 2011 4475 3679 4552">
     <span class='ocr_line' id='line_1_111' title="bbox 2011 4475 3679 4552; baseline -0.002 -14"><span class='ocrx_word' id='word_1_827' title='bbox 2011 4482 2130 4539; x_wconf 89' lang='lat' dir='ltr'>cies</span> <span class='ocrx_word' id='word_1_828' title='bbox 2162 4482 2358 4538; x_wconf 75' lang='lat' dir='ltr'>multa:</span> <span class='ocrx_word' id='word_1_829' title='bbox 2410 4487 2568 4548; x_wconf 90' lang='lat' dir='ltr'>sunt,</span> <span class='ocrx_word' id='word_1_830' title='bbox 2601 4481 2776 4538; x_wconf 90' lang='lat' dir='ltr'>dicta.</span> <span class='ocrx_word' id='word_1_831' title='bbox 2811 4480 2917 4547; x_wconf 87' lang='lat' dir='ltr'>Qui</span> <span class='ocrx_word' id='word_1_832' title='bbox 2960 4484 3164 4552; x_wconf 90' lang='lat' dir='ltr'>tropus</span> <span class='ocrx_word' id='word_1_833' title='bbox 3214 4494 3330 4534; x_wconf 91' lang='lat' dir='ltr'>non</span> <span class='ocrx_word' id='word_1_834' title='bbox 3379 4475 3583 4534; x_wconf 87' lang='lat' dir='ltr'>solum</span> <span class='ocrx_word' id='word_1_835' title='bbox 3617 4478 3679 4534; x_wconf 90' lang='lat' dir='ltr'>in</span> 
     </span>
    </p>
   </div>
   <div class='ocr_carea' id='block_1_112' title="bbox 2013 4565 3676 4640">
    <p class='ocr_par' dir='ltr' id='par_1_112' title="bbox 2013 4565 3676 4640">
     <span class='ocr_line' id='line_1_112' title="bbox 2013 4565 3676 4640; baseline -0.002 -14"><span class='ocrx_word' id='word_1_836' title='bbox 2013 4575 2218 4638; x_wconf 89' lang='lat' dir='ltr'>metro,</span> <span class='ocrx_word' id='word_1_837' title='bbox 2242 4575 2299 4626; x_wconf 88' lang='lat' dir='ltr'>et</span> <span class='ocrx_word' id='word_1_838' title='bbox 2320 4571 2378 4626; x_wconf 83' lang='lat' dir='ltr'>in</span> <span class='ocrx_word' id='word_1_839' title='bbox 2401 4569 2665 4627; x_wconf 56' lang='lat' dir='ltr'>saeculari</span> <span class='ocrx_word' id='word_1_840' title='bbox 2694 4569 3045 4636; x_wconf 90' lang='lat' dir='ltr'>litteratura,</span> <span class='ocrx_word' id='word_1_841' title='bbox 3070 4572 3246 4640; x_wconf 84' lang='lat' dir='ltr'>atque</span> <span class='ocrx_word' id='word_1_842' title='bbox 3273 4565 3331 4622; x_wconf 90' lang='lat' dir='ltr'>in</span> <span class='ocrx_word' id='word_1_843' title='bbox 3363 4567 3676 4623; x_wconf 89' lang='lat' dir='ltr'>communi</span> 
     </span>
    </p>
   </div>
   <div class='ocr_carea' id='block_1_113' title="bbox 1935 4653 3680 4743">
    <p class='ocr_par' dir='ltr' id='par_1_113' title="bbox 1935 4653 3680 4743">
     <span class='ocr_line' id='line_1_113' title="bbox 1935 4653 3680 4743; baseline -0.003 -28"><span class='ocrx_word' id='word_1_844' title='bbox 1935 4681 1980 4743; x_wconf 70' lang='grc' dir='ltr'>Ι)</span> <span class='ocrx_word' id='word_1_845' title='bbox 2012 4659 2325 4725; x_wconf 88' lang='lat' dir='ltr'>locutione,</span> <span class='ocrx_word' id='word_1_846' title='bbox 2349 4661 2449 4715; x_wconf 89' lang='lat' dir='ltr'>sed</span> <span class='ocrx_word' id='word_1_847' title='bbox 2481 4659 2656 4714; x_wconf 89' lang='lat' dir='ltr'>etiam</span> <span class='ocrx_word' id='word_1_848' title='bbox 2687 4658 2746 4713; x_wconf 92' lang='lat' dir='ltr'>in</span> <span class='ocrx_word' id='word_1_849' title='bbox 2777 4655 3115 4713; x_wconf 87' lang='lat' dir='ltr'>authentica</span> <span class='ocrx_word' id='word_1_850' title='bbox 3143 4653 3446 4743; x_wconf 90' lang='lat' dir='ltr'>Scriptura</span> <span class='ocrx_word' id='word_1_851' title='bbox 3477 4671 3680 4724; x_wconf 86' lang='lat' dir='ltr'>sacra,</span> 
     </span>
    </p>
   </div>
   <div class='ocr_carea' id='block_1_114' title="bbox 2009 4741 3680 4817">
    <p class='ocr_par' dir='ltr' id='par_1_114' title="bbox 2009 4741 3680 4817">
     <span class='ocr_line' id='line_1_114' title="bbox 2009 4741 3680 4817; baseline -0.001 -15"><span class='ocrx_word' id='word_1_852' title='bbox 2009 4752 2066 4803; x_wconf 90' lang='lat' dir='ltr'>et</span> <span class='ocrx_word' id='word_1_853' title='bbox 2097 4748 2153 4802; x_wconf 93' lang='lat' dir='ltr'>in</span> <span class='ocrx_word' id='word_1_854' title='bbox 2187 4747 2606 4803; x_wconf 86' lang='lat' dir='ltr'>catholicorum</span> <span class='ocrx_word' id='word_1_855' title='bbox 2631 4747 2804 4802; x_wconf 89' lang='lat' dir='ltr'>dictis</span> <span class='ocrx_word' id='word_1_856' title='bbox 2847 4745 3061 4817; x_wconf 69' lang='lat' dir='ltr'>saepius</span> <span class='ocrx_word' id='word_1_857' title='bbox 3101 4741 3390 4816; x_wconf 89' lang='lat' dir='ltr'>reperitur</span> <span class='ocrx_word' id='word_1_858' title='bbox 3420 4747 3680 4800; x_wconf 82' lang='lat' dir='ltr'>ornatus</span> 
     </span>
    </p>
   </div>
   <div class='ocr_carea' id='block_1_115' title="bbox 2010 4829 3680 4904">
    <p class='ocr_par' dir='ltr' id='par_1_115' title="bbox 2010 4829 3680 4904">
     <span class='ocr_line' id='line_1_115' title="bbox 2010 4829 3680 4904; baseline -0.002 -12"><span class='ocrx_word' id='word_1_859' title='bbox 2010 4841 2112 4892; x_wconf 91' lang='lat' dir='ltr'>aut</span> <span class='ocrx_word' id='word_1_860' title='bbox 2149 4853 2328 4892; x_wconf 89' lang='lat' dir='ltr'>causa</span> <span class='ocrx_word' id='word_1_861' title='bbox 2372 4837 2762 4904; x_wconf 90' lang='lat' dir='ltr'>necessitatis,</span> <span class='ocrx_word' id='word_1_862' title='bbox 2798 4836 2952 4891; x_wconf 91' lang='lat' dir='ltr'>unde</span> <span class='ocrx_word' id='word_1_863' title='bbox 3005 4833 3100 4889; x_wconf 91' lang='lat' dir='ltr'>hic</span> <span class='ocrx_word' id='word_1_864' title='bbox 3151 4833 3224 4888; x_wconf 90' lang='lat' dir='ltr'>de</span> <span class='ocrx_word' id='word_1_865' title='bbox 3271 4829 3528 4904; x_wconf 87' lang='lat' dir='ltr'>singulis</span> <span class='ocrx_word' id='word_1_866' title='bbox 3589 4837 3680 4888; x_wconf 86' lang='lat' dir='ltr'>te-</span> 
     </span>
    </p>
   </div>
   <div class='ocr_carea' id='block_1_116' title="bbox 2011 4919 3683 4998">
    <p class='ocr_par' dir='ltr' id='par_1_116' title="bbox 2011 4919 3683 4998">
     <span class='ocr_line' id='line_1_116' title="bbox 2011 4919 3683 4998; baseline -0.003 -17"><span class='ocrx_word' id='word_1_867' title='bbox 2011 4925 2289 4981; x_wconf 91' lang='lat' dir='ltr'>stimonia</span> <span class='ocrx_word' id='word_1_868' title='bbox 2337 4943 2550 4998; x_wconf 90' lang='lat' dir='ltr'>ponere</span> <span class='ocrx_word' id='word_1_869' title='bbox 2605 4942 2722 4981; x_wconf 91' lang='lat' dir='ltr'>non</span> <span class='ocrx_word' id='word_1_870' title='bbox 2771 4921 3170 4980; x_wconf 88' lang='lat' dir='ltr'>necessarium</span> <span class='ocrx_word' id='word_1_871' title='bbox 3215 4919 3518 4976; x_wconf 88' lang='lat' dir='ltr'>duximus.</span> <span class='ocrx_word' id='word_1_872' title='bbox 3553 4919 3683 4976; x_wconf 80' lang='lat' dir='ltr'>Iloe</span> 
     </span>
    </p>
   </div>
   <div class='ocr_carea' id='block_1_117' title="bbox 2011 5008 3680 5085">
    <p class='ocr_par' dir='ltr' id='par_1_117' title="bbox 2011 5008 3680 5085">
     <span class='ocr_line' id='line_1_117' title="bbox 2011 5008 3680 5085; baseline -0.003 -15"><span class='ocrx_word' id='word_1_873' title='bbox 2011 5018 2240 5070; x_wconf 89' lang='lat' dir='ltr'>tantum</span> <span class='ocrx_word' id='word_1_874' title='bbox 2262 5013 2478 5070; x_wconf 88' lang='lat' dir='ltr'>dixisse</span> <span class='ocrx_word' id='word_1_875' title='bbox 2509 5011 2936 5085; x_wconf 79' lang='lat' dir='ltr'>sufficiat,quia</span> <span class='ocrx_word' id='word_1_876' title='bbox 2963 5011 3176 5068; x_wconf 89' lang='lat' dir='ltr'>trinam</span> <span class='ocrx_word' id='word_1_877' title='bbox 3211 5009 3492 5080; x_wconf 87' lang='lat' dir='ltr'>pietatem</span> <span class='ocrx_word' id='word_1_878' title='bbox 3526 5008 3680 5065; x_wconf 86' lang='lat' dir='ltr'>Pru-</span> 
     </span>
    </p>
   </div>
   <div class='ocr_carea' id='block_1_118' title="bbox 2012 5096 3680 5172">
    <p class='ocr_par' dir='ltr' id='par_1_118' title="bbox 2012 5096 3680 5172">
     <span class='ocr_line' id='line_1_118' title="bbox 2012 5096 3680 5172; baseline -0.002 -16"><span class='ocrx_word' id='word_1_879' title='bbox 2012 5101 2269 5167; x_wconf 89' lang='lat' dir='ltr'>dentius,</span> <span class='ocrx_word' id='word_1_880' title='bbox 2295 5101 2509 5156; x_wconf 89' lang='lat' dir='ltr'>trinam</span> <span class='ocrx_word' id='word_1_881' title='bbox 2535 5105 2876 5172; x_wconf 88' lang='lat' dir='ltr'>potestatem</span> <span class='ocrx_word' id='word_1_882' title='bbox 2899 5102 3126 5164; x_wconf 85' lang='lat' dir='ltr'>Arator,</span> <span class='ocrx_word' id='word_1_883' title='bbox 3141 5096 3358 5152; x_wconf 90' lang='lat' dir='ltr'>trinam</span> <span class='ocrx_word' id='word_1_884' title='bbox 3383 5097 3680 5168; x_wconf 84' lang='lat' dir='ltr'>majesta-</span> 
     </span>
    </p>
   </div>
   <div class='ocr_carea' id='block_1_119' title="bbox 2011 5184 3682 5261">
    <p class='ocr_par' dir='ltr' id='par_1_119' title="bbox 2011 5184 3682 5261">
     <span class='ocr_line' id='line_1_119' title="bbox 2011 5184 3682 5261; baseline -0.001 -17"><span class='ocrx_word' id='word_1_885' title='bbox 2011 5195 2129 5244; x_wconf 91' lang='lat' dir='ltr'>tem</span> <span class='ocrx_word' id='word_1_886' title='bbox 2153 5189 2416 5257; x_wconf 87' lang='lat' dir='ltr'>Prosper,</span> <span class='ocrx_word' id='word_1_887' title='bbox 2442 5207 2544 5261; x_wconf 92' lang='lat' dir='ltr'>pro</span> <span class='ocrx_word' id='word_1_888' title='bbox 2576 5189 2841 5261; x_wconf 90' lang='lat' dir='ltr'>personis</span> <span class='ocrx_word' id='word_1_889' title='bbox 2872 5187 3061 5244; x_wconf 88' lang='lat' dir='ltr'>Patris</span> <span class='ocrx_word' id='word_1_890' title='bbox 3081 5191 3138 5242; x_wconf 92' lang='lat' dir='ltr'>et</span> <span class='ocrx_word' id='word_1_891' title='bbox 3165 5185 3288 5240; x_wconf 84' lang='lat' dir='ltr'>Filii</span> <span class='ocrx_word' id='word_1_892' title='bbox 3317 5188 3376 5240; x_wconf 92' lang='lat' dir='ltr'>et</span> <span class='ocrx_word' id='word_1_893' title='bbox 3406 5184 3682 5256; x_wconf 86' lang='lat' dir='ltr'>Spiritus</span> 
     </span>
    </p>
   </div>
   <div class='ocr_carea' id='block_1_120' title="bbox 2013 5273 3684 5348">
    <p class='ocr_par' dir='ltr' id='par_1_120' title="bbox 2013 5273 3684 5348">
     <span class='ocr_line' id='line_1_120' title="bbox 2013 5273 3684 5348; baseline -0.001 -17"><span class='ocrx_word' id='word_1_894' title='bbox 2013 5277 2220 5341; x_wconf 87' lang='lat' dir='ltr'>sancti,</span> <span class='ocrx_word' id='word_1_895' title='bbox 2247 5277 2342 5348; x_wconf 89' lang='lat' dir='ltr'>qui</span> <span class='ocrx_word' id='word_1_896' title='bbox 2370 5275 2606 5332; x_wconf 88' lang='lat' dir='ltr'>relative</span> <span class='ocrx_word' id='word_1_897' title='bbox 2626 5276 2684 5330; x_wconf 92' lang='lat' dir='ltr'>in</span> <span class='ocrx_word' id='word_1_898' title='bbox 2706 5280 2910 5332; x_wconf 87' lang='lat' dir='ltr'>sancta</span> <span class='ocrx_word' id='word_1_899' title='bbox 2931 5273 3215 5330; x_wconf 88' lang='lat' dir='ltr'>Trinitate</span> <span class='ocrx_word' id='word_1_900' title='bbox 3235 5273 3518 5328; x_wconf 89' lang='lat' dir='ltr'>dicuntur</span> <span class='ocrx_word' id='word_1_901' title='bbox 3537 5274 3684 5330; x_wconf 89' lang='lat' dir='ltr'>sub-</span> 
     </span>
    </p>
   </div>
   <div class='ocr_carea' id='block_1_121' title="bbox 2019 5360 3683 5438">
    <p class='ocr_par' dir='ltr' id='par_1_121' title="bbox 2019 5360 3683 5438">
     <span class='ocr_line' id='line_1_121' title="bbox 2019 5360 3683 5438; baseline -0.001 -18"><span class='ocrx_word' id='word_1_902' title='bbox 2019 5364 2315 5420; x_wconf 87' lang='lat' dir='ltr'>stantialia</span> <span class='ocrx_word' id='word_1_903' title='bbox 2355 5366 2614 5432; x_wconf 89' lang='lat' dir='ltr'>nomina,</span> <span class='ocrx_word' id='word_1_904' title='bbox 2658 5365 2954 5438; x_wconf 89' lang='lat' dir='ltr'>pietatem,</span> <span class='ocrx_word' id='word_1_905' title='bbox 2988 5365 3354 5436; x_wconf 90' lang='lat' dir='ltr'>potestatem,</span> <span class='ocrx_word' id='word_1_906' title='bbox 3391 5360 3683 5430; x_wconf 83' lang='lat' dir='ltr'>majesta-</span> 
     </span>
    </p>
   </div>
   <div class='ocr_carea' id='block_1_122' title="bbox 2019 5449 3685 5525">
    <p class='ocr_par' dir='ltr' id='par_1_122' title="bbox 2019 5449 3685 5525">
     <span class='ocr_line' id='line_1_122' title="bbox 2019 5449 3685 5525; baseline -0.002 -17"><span class='ocrx_word' id='word_1_907' title='bbox 2019 5457 2136 5508; x_wconf 91' lang='lat' dir='ltr'>tem</span> <span class='ocrx_word' id='word_1_908' title='bbox 2169 5459 2508 5524; x_wconf 87' lang='lat' dir='ltr'>posuerunt,</span> <span class='ocrx_word' id='word_1_909' title='bbox 2533 5470 2659 5525; x_wconf 75' lang='lat' dir='ltr'>quae</span> <span class='ocrx_word' id='word_1_910' title='bbox 2693 5471 2807 5508; x_wconf 90' lang='lat' dir='ltr'>non</span> <span class='ocrx_word' id='word_1_911' title='bbox 2837 5451 3072 5523; x_wconf 91' lang='lat' dir='ltr'>plurali,</span> <span class='ocrx_word' id='word_1_912' title='bbox 3097 5451 3196 5506; x_wconf 90' lang='lat' dir='ltr'>sed</span> <span class='ocrx_word' id='word_1_913' title='bbox 3220 5465 3454 5521; x_wconf 89' lang='lat' dir='ltr'>semper</span> <span class='ocrx_word' id='word_1_914' title='bbox 3472 5449 3685 5523; x_wconf 84' lang='lat' dir='ltr'>singu-</span> 
     </span>
    </p>
   </div>
   <div class='ocr_carea' id='block_1_123' title="bbox 2019 5537 3686 5614">
    <p class='ocr_par' dir='ltr' id='par_1_123' title="bbox 2019 5537 3686 5614">
     <span class='ocr_line' id='line_1_123' title="bbox 2019 5537 3686 5614; baseline 0.001 -19"><span class='ocrx_word' id='word_1_915' title='bbox 2019 5541 2122 5595; x_wconf 89' lang='lat' dir='ltr'>lari</span> <span class='ocrx_word' id='word_1_916' title='bbox 2149 5559 2392 5597; x_wconf 88' lang='lat' dir='ltr'>numero</span> <span class='ocrx_word' id='word_1_917' title='bbox 2424 5542 2482 5597; x_wconf 91' lang='lat' dir='ltr'>in</span> <span class='ocrx_word' id='word_1_918' title='bbox 2513 5542 2764 5614; x_wconf 87' lang='lat' dir='ltr'>singulis</span> <span class='ocrx_word' id='word_1_919' title='bbox 2791 5545 2849 5597; x_wconf 88' lang='lat' dir='ltr'>et</span> <span class='ocrx_word' id='word_1_920' title='bbox 2881 5541 2937 5595; x_wconf 90' lang='lat' dir='ltr'>in</span> <span class='ocrx_word' id='word_1_921' title='bbox 2972 5541 3163 5596; x_wconf 89' lang='lat' dir='ltr'>tribus</span> <span class='ocrx_word' id='word_1_922' title='bbox 3194 5537 3373 5594; x_wconf 88' lang='lat' dir='ltr'>simul</span> <span class='ocrx_word' id='word_1_923' title='bbox 3400 5539 3686 5610; x_wconf 87' lang='lat' dir='ltr'>personis</span> 
     </span>
    </p>
   </div>
   <div class='ocr_carea' id='block_1_124' title="bbox 2019 5627 3685 5704">
    <p class='ocr_par' dir='ltr' id='par_1_124' title="bbox 2019 5627 3685 5704">
     <span class='ocr_line' id='line_1_124' title="bbox 2019 5627 3685 5704; baseline -0.001 -18"><span class='ocrx_word' id='word_1_924' title='bbox 2019 5630 2248 5704; x_wconf 90' lang='lat' dir='ltr'>proprie</span> <span class='ocrx_word' id='word_1_925' title='bbox 2279 5632 2573 5700; x_wconf 89' lang='lat' dir='ltr'>dicuntur,</span> <span class='ocrx_word' id='word_1_926' title='bbox 2597 5648 2850 5702; x_wconf 87' lang='lat' dir='ltr'>quorum</span> <span class='ocrx_word' id='word_1_927' title='bbox 2876 5635 2966 5686; x_wconf 89' lang='lat' dir='ltr'>est</span> <span class='ocrx_word' id='word_1_928' title='bbox 2984 5647 3102 5686; x_wconf 90' lang='lat' dir='ltr'>una</span> <span class='ocrx_word' id='word_1_929' title='bbox 3132 5627 3338 5700; x_wconf 83' lang='lat' dir='ltr'>pietas,</span> <span class='ocrx_word' id='word_1_930' title='bbox 3361 5642 3483 5680; x_wconf 91' lang='lat' dir='ltr'>una</span> <span class='ocrx_word' id='word_1_931' title='bbox 3513 5631 3685 5698; x_wconf 75' lang='lat' dir='ltr'>pote-</span> 
     </span>
    </p>
   </div>
   <div class='ocr_carea' id='block_1_125' title="bbox 2019 5713 3679 5792">
    <p class='ocr_par' dir='ltr' id='par_1_125' title="bbox 2019 5713 3679 5792">
     <span class='ocr_line' id='line_1_125' title="bbox 2019 5713 3679 5792; baseline -0.002 -16"><span class='ocrx_word' id='word_1_932' title='bbox 2019 5725 2160 5791; x_wconf 83' lang='lat' dir='ltr'>stas,</span> <span class='ocrx_word' id='word_1_933' title='bbox 2179 5738 2294 5776; x_wconf 90' lang='lat' dir='ltr'>una</span> <span class='ocrx_word' id='word_1_934' title='bbox 2315 5721 2685 5792; x_wconf 88' lang='lat' dir='ltr'>majestas,et</span> <span class='ocrx_word' id='word_1_935' title='bbox 2705 5718 2991 5792; x_wconf 89' lang='lat' dir='ltr'>quidquid</span> <span class='ocrx_word' id='word_1_936' title='bbox 3021 5718 3093 5774; x_wconf 88' lang='lat' dir='ltr'>ad</span> <span class='ocrx_word' id='word_1_937' title='bbox 3126 5734 3209 5784; x_wconf 91' lang='lat' dir='ltr'>se,</span> <span class='ocrx_word' id='word_1_938' title='bbox 3231 5716 3289 5770; x_wconf 91' lang='lat' dir='ltr'>id</span> <span class='ocrx_word' id='word_1_939' title='bbox 3311 5718 3401 5771; x_wconf 87' lang='lat' dir='ltr'>est</span> <span class='ocrx_word' id='word_1_940' title='bbox 3425 5713 3499 5770; x_wconf 90' lang='lat' dir='ltr'>de</span> <span class='ocrx_word' id='word_1_941' title='bbox 3529 5714 3679 5786; x_wconf 89' lang='lat' dir='ltr'>Deo,</span> 
     </span>
    </p>
   </div>
   <div class='ocr_carea' id='block_1_126' title="bbox 2018 5799 3680 5878">
    <p class='ocr_par' dir='ltr' id='par_1_126' title="bbox 2018 5799 3680 5878">
     <span class='ocr_line' id='line_1_126' title="bbox 2018 5799 3680 5878; baseline -0.002 -14"><span class='ocrx_word' id='word_1_942' title='bbox 2018 5809 2482 5865; x_wconf 84' lang='lat' dir='ltr'>substantialiter</span> <span class='ocrx_word' id='word_1_943' title='bbox 2509 5809 2745 5874; x_wconf 90' lang='lat' dir='ltr'>dicitur,</span> <span class='ocrx_word' id='word_1_944' title='bbox 2778 5807 2931 5866; x_wconf 91' lang='lat' dir='ltr'>sicut</span> <span class='ocrx_word' id='word_1_945' title='bbox 2959 5811 3017 5863; x_wconf 91' lang='lat' dir='ltr'>et</span> <span class='ocrx_word' id='word_1_946' title='bbox 3061 5805 3144 5862; x_wconf 89' lang='lat' dir='ltr'>illi</span> <span class='ocrx_word' id='word_1_947' title='bbox 3183 5803 3295 5878; x_wconf 88' lang='lat' dir='ltr'>ipsi</span> <span class='ocrx_word' id='word_1_948' title='bbox 3345 5801 3405 5858; x_wconf 91' lang='lat' dir='ltr'>in</span> <span class='ocrx_word' id='word_1_949' title='bbox 3454 5799 3680 5861; x_wconf 86' lang='lat' dir='ltr'>iisdem</span> 
     </span>
    </p>
   </div>
  </div>
