3962 6178
236 389 340 454 565

1202 395 1216 404 ‘
1252 385 1354 447 DE
1399 386 1558 448 UNA
1605 386 1704 446 ET
1748 387 1906 448 NON
1950 385 2191 448 TRINA
2233 384 2594 447 DEITATE.

3508 378 3627 442 566

245 517 523 598 opusculis
556 518 683 576 suis
711 517 1137 575 ostendunt.De
1167 533 1284 590 qua
1312 515 1660 592 ﬁguratavel
1683 521 1870 576 trans-
1895 520 1952 589 Α
1979 517 2098 578 lam
2128 523 2356 592 partem
2385 517 2559 574 aliam
2592 517 2810 574 habent
2837 515 2953 572 nisi
2984 516 3169 573 solam
3208 517 3516 584 unitatem,
3551 514 3623 572 ab

244 611 398 671 lativa
422 607 718 666 locutione
747 611 990 666 sanctus
1018 607 1378 664 Athanasius
1407 607 1468 662 in
1500 607 1650 663 libro
1679 606 1869 680 primo

243 703 303 758 de
328 699 604 756 Trinitate
641 697 784 754 dicit
826 697 912 770 (de
959 699 1099 754 unit.
1133 713 1284 753 nom.
1321 696 1541 769 Trinit.)
1577 713 1589 751 :
1635 719 1663 746 «
1695 695 1866 768 Ergo,

241 789 515 863 inquiens,
548 786 781 860 postulo
810 803 846 843 a
872 790 950 854 te,
985 785 1087 858 qui
1119 785 1267 858 legis
1298 785 1452 840 hanc
1481 783 1656 840 istius
1685 784 1868 858 scrip~

239 885 363 936 tum
390 893 533 933 meae
578 876 716 932 ﬁdei
765 874 1062 932 catholica;
1105 873 1551 947 professionem,
1604 890 1676 929 ne
1731 872 1867 928 hinc

241 967 516 1041 superﬂua
540 964 632 1022 vel
663 965 902 1038 profusa
919 964 1095 1020 verba
1112 963 1450 1037 perquiras;
1475 963 1576 1020 sed
1615 961 1867 1018 strictim

239 1055 653 1130 capaciter,imo
683 1052 1033 1126 specialiter,
1049 1070 1182 1108 cum
1217 1069 1451 1108 summo
1482 1050 1677 1108 studio
1709 1051 1870 1106 dicta

239 1147 298 1202 ad
324 1144 539 1217 stylum
571 1160 750 1199 sacrae
785 1142 1101 1214 Scripturae
1132 1142 1419 1210 conferas,
1449 1145 1507 1196 et
1538 1141 1864 1196 secundum

238 1232 429 1307 regulae
457 1231 794 1304 aequitatem
815 1231 1054 1303 justitia
1084 1231 1425 1286 moderante
1457 1229 1805 1302 perpendes.
1836 1250 1864 1278 »

241 1323 376 1380 Unde
410 1323 530 1394 iam
563 1321 760 1394 accipe
790 1337 907 1376 non
937 1320 1295 1386 diserta,sed
1327 1319 1520 1383 fortia,
1541 1335 1728 1390 neque
1758 1323 1868 1374 ter-

238 1429 356 1468 rena
383 1412 688 1485 ﬁgmenta,
703 1411 804 1467 sed
833 1425 968 1465 vera
994 1408 1254 1465 cmlestia
1282 1409 1654 1474 documenta,
1675 1424 1864 1480 neque

237 1500 704 1574 pbiIOSOphorum
727 1499 996 1555 haeretica
1010 1515 1187 1571 prava
1202 1497 1662 1564 commenta,sed
1686 1496 1866 1569 perfe-

237 1595 313 1646 cta
321 1589 642 1664 apostolica
651 1605 865 1644 arcana
883 1593 1466 1658 sacramenta,neque
1481 1584 1866 1659 grammatica

236 1697 344 1752 quas
366 1679 671 1751 superﬂua
695 1680 785 1734 est
811 1677 1088 1732 doctrina:
1118 1675 1436 1749 sapientiae,
1469 1676 1572 1732 sed
1603 1691 1670 1730 ex
1699 1691 1863 1730 evan-

235 1768 417 1843 gelicis
451 1767 771 1840 Scripturis
801 1783 978 1840 super
1019 1764 1192 1822 melle
1221 1770 1278 1821 ct
1328 1766 1487 1820 favor
1515 1763 1777 1820 dulciora
1807 1767 1865 1818 et

236 1857 462 1914 meliora
503 1857 701 1913 divina
741 1857 893 1913 503
925 1859 1230 1928 praecepta.
1263 1853 1434 1910 Disce
1480 1854 1677 1926 itaque
1727 1851 1862 1924 quia

235 1947 286 2003 in
309 1947 415 2003 hoc
449 1945 727 2019 sophistae
754 1945 934 2018 hujus
961 1943 1168 2000 mundi
1201 1943 1366 2000 stulti
1395 1942 1484 1999 vel
1533 1941 1681 1998 muti
1724 1941 1861 1997 facti

235 2035 662 2109 sunt,quoniam
693 2034 1041 2108 sapientiam
1065 2051 1262 2089 verum
1295 2049 1408 2088 non
1443 2035 1858 2106 cognoverunt,

234 2125 278 2182 ei
296 2127 418 2183 ideo
443 2125 675 2199 reprobi
688 2125 820 2182 facti
837 2127 1031 2182 sunt.»
1050 2124 1178 2179 Haec
1195 2122 1572 2178 manifestum
1587 2122 1658 2176 de
1673 2119 1862 2192 ipsius

236 2215 454 2288 scriptis
484 2220 576 2271 est
605 2214 819 2288 legisse
849 2213 1185 2285 improbum
1216 2215 1275 2268 et
1321 2209 1860 2284 pertinacissimum

235 2303 695 2371 Gothescalcum;
721 2303 823 2358 sed
845 2302 998 2358 sicut
1014 2305 1258 2358 sanctus
1281 2299 1533 2356 Hilarius
1555 2299 1861 2372 reprobam

235 2393 448 2466 plebem
479 2393 553 2448 de
593 2390 1020 2448 resurrectione
1065 2389 1280 2445 Christi
1332 2389 1538 2445 fecisse
1583 2387 1726 2444 dicit
1772 2387 1860 2442 in-

233 2481 447 2554 quiens,
481 2481 611 2536 Haec
641 2480 788 2535 vidit
815 2479 1019 2536 Judaaa
1049 2478 1319 2545 mendax,
1354 2477 1474 2533 haze
1524 2480 1695 2550 negat
1725 2493 1860 2532 cum

232 2570 444 2639 viderit,
472 2571 557 2627 sic
577 2573 636 2626 et
655 2567 1070 2626 Gothescalous
1090 2568 1164 2623 de
1187 2567 1280 2623 his
1307 2583 1432 2639 quae
1463 2565 1600 2621 hinc
1620 2565 1858 2637 legerat,

233 2663 322 2715 aut
346 2659 406 2715 in
438 2663 630 2714 totum
662 2656 1019 2726 dimisit,aut
1039 2673 1212 2730 prave
1232 2655 1669 2728 interpretando
1693 2671 1864 2727 nega-

233 2747 426 2820 vit,aut
455 2747 612 2804 sicut
643 2747 831 2803 facere
861 2747 1051 2803 solent
1080 2743 1358 2811 haeretici,
1379 2743 1519 2816 quia
1548 2742 1702 2800 malo
1729 2745 1861 2798 voto

234 2835 359 2910 legit
385 2836 543 2910 quod
571 2835 732 2908 legit,
767 2853 835 2892 ex
865 2833 1246 2891 retributione
1267 2832 1511 2904 justitize
1539 2831 1862 2904 intelligere

233 2926 362 2983 bene
390 2944 508 2982 non
537 2924 925 2996 valuit,idque
954 2923 1025 2979 ad
1056 2921 1397 2996 pravitatem
1429 2920 1520 2977 sui
1553 2938 1764 2977 sensus
1783 2917 1864 2975 in-

234 3014 641 3084 ﬂectens,sicut
669 3012 852 3075 voluit
872 3011 1256 3085 posuit.Quod
1275 3013 1472 3066 autem
1497 3009 1865 3082 apertissime

233 3103 365 3160 bene
392 3103 619 3158 dictum
656 3101 886 3170 invidit,
919 3099 1146 3156 etiamsi
1178 3098 1346 3154 oculo
1392 3097 1650 3172 corporis
1696 3097 1860 3166 vidit,

234 3190 384 3248 oculo
414 3190 632 3248 mentis
662 3191 856 3246 videre
885 3207 1001 3245 non
1031 3188 1303 3254 voluit,et
1330 3187 1546 3242 idcirco
1575 3203 1642 3242 ac
1671 3186 1721 3242 si
1747 3204 1862 3242 non

233 3279 408 3336 visum
439 3279 910 3352 transiliit,juxta
939 3277 1310 3350 proverbium
1341 3275 1866 3348 Gothicum,Capra
1896 3265 1938 3331 C

239 3368 373 3425 lusca
403 3370 622 3426 hortum
648 3367 811 3437 videt,
842 3383 1020 3440 sepem
1045 3383 1337 3438 nusquam.
1371 3366 1442 3420 Et
1485 3365 1542 3419 in
1573 3383 1682 3420 sua
1729 3381 1865 3420 con-

235 3456 504 3524 clusione,
539 3457 805 3530 quinimo
835 3456 970 3512 fidei
1002 3461 1171 3512 rectae
1203 3452 1608 3519 concussione,
1628 3453 1870 3510 Gothes-

235 3545 418 3606 calous
450 3541 641 3602 dicit':
995 3568 1002 3574 -

980 3633 1100 3688 XII.

295 3733 348 3792 σξ-
395 3748 424 3776 ‹‹
456 3727 658 3798 Itaque
686 3724 786 3797 qui
819 3723 1026 3779 nolunt
1048 3739 1182 3778 cum
1211 3719 1560 3777 Sabellianis
1583 3719 1868 3776 haereticis

235 3837 260 3864 τί
288 3815 343 3871 in
372 3819 656 3871 aeternum
689 3814 902 3869 habere
923 3811 1870 3878 societatem,credant,con.fitean-

235 3925 260 3952 α
289 3907 404 3973 tur,
435 3903 648 3971 colant,
681 3906 896 3959 canant
925 3919 1059 3958 cum
1109 3899 1412 3956 catholicis
1460 3898 1732 3954 catholici
1764 3897 1868 3953 tri-

236 4013 260 4041 ιε
288 3991 617 4060 theotciam,
661 3990 878 4046 trinam
922 3989 1219 4056 deitatem,
1271 3986 1601 4058 trisagium,
1650 3985 1867 4040 trinam

235 4101 262 4129 κ
292 4081 680 4148 sanctitatem,
715 4079 930 4134 trinam
967 4077 1168 4143 vitam,
1198 4073 1568 4148 sapientiam,
1599 4073 1866 4146 gloriam,

238 4190 264 4217 α
291 4169 510 4224 trinum
540 4169 834 4234 timorem,
868 4167 1090 4222 trinum
1124 4180 1406 4232 amorem,
1437 4163 1653 4218 trinam
1687 4163 1871 4218 chari-

235 4279 262 4306 α
290 4261 490 4324 tatem,
522 4258 742 4314 trinam
773 4255 984 4324 lucem,
1019 4255 1292 4320 salutem,
1314 4252 1610 4318 virtutem,
1644 4267 1867 4324 pacem,

236 4367 264 4396 ‹‹
296 4345 637 4413 claritatem,
671 4344 887 4400 trinam
921 4345 1308 4416 majestatem,
1343 4344 1708 4413 potestatem,
1749 4340 1870 4412 pie-

239 4455 267 4483 ει
294 4436 507 4490 tatem:
540 4435 758 4506 quippe
788 4448 923 4488 cum
953 4431 1273 4487 debeamus
1304 4429 1482 4484 etiam
1513 4431 1872 4495 ternam,seu

237 4544 264 4572 «
292 4522 503 4578 trinam
526 4521 800 4594 amplecti
833 4521 1225 4591 ﬁdem,quam
1257 4521 1476 4590 negant
1504 4516 1755 4590 perversi
1777 4519 1874 4574 Sa-

236 4634 262 4660 «
288 4611 518 4668 helliani
553 4627 656 4684 per
686 4627 854 4667 suam
885 4609 1167 4682 perfidam
1189 4601 1584 4679 impietatem.
1619 4629 1646 4657 »

1893 1899 1942 1964 B

1977 609 2072 666 his
2101 609 2200 682 qui
2220 611 2292 664 de
2305 608 2568 664 numeris
2580 606 2888 680 disputant
2904 609 3277 679 computatur
3299 622 3312 660 :
3337 607 3396 662 et
3414 621 3532 661 non
3548 603 3622 661 ab

1977 712 2044 753 eo
2075 713 2462 769 numero,quo
2493 712 2878 752 numeramus
2907 711 3041 750 cum
3071 698 3191 750 tres
3221 693 3494 762 dicimus,
3519 693 3620 750 sed

1977 787 2051 842 ab
2097 803 2164 842 eo
2195 803 2328 842 cum
2360 790 2448 842 ter
2485 785 2738 840 dicimus
2775 783 2956 850 venit,
2989 783 3216 839 habens
3259 781 3619 838 collectivam

1976 875 2486 949 signiﬁcationem.
2531 875 2695 932 Unde
2743 875 2899 931 Beda
2947 873 3006 929 in
3047 871 3303 946 compoti
3353 869 3616 929 lectione.

1976 989 2006 1017 «
2040 968 2301 1033 Quatuor
2349 967 2486 1022 Idus
2535 965 2775 1038 capiunt
2820 969 3039 1020 ternos.
3075 985 3104 1014 »
3150 963 3222 1018 Et
3264 959 3520 1017 Hilarius
3557 960 3617 1016 in

1975 1056 2192 1130 hymno
2226 1071 2240 1110 :
2275 1079 2302 1106 «
2337 1056 2407 1111 Et
2440 1056 2612 1110 refert
2642 1055 2970 1128 fragmenta
2997 1070 3172 1109 ccenaa
3201 1056 3290 1107 ter
3317 1048 3619 1124 quaternis

1975 1145 2310 1202 corbibus.»
2340 1146 2410 1200 Et
2440 1161 2574 1200 cum
2606 1143 2858 1199 dicimus
2889 1141 3328 1208 semel,bis,ter,
3349 1141 3618 1212 quatuer,

1973 1239 2031 1290 ct
2059 1234 2154 1289 his
2184 1233 2403 1290 similia
2435 1237 2658 1289 motum
2690 1231 3169 1304 exprimimuszet
3199 1244 3334 1285 cum
3365 1225 3620 1283 dicimus

1975 1339 2182 1392 unum,
2217 1323 2352 1390 duo,
2385 1322 2518 1390 tria,
2551 1325 2820 1394 quatuor,
2861 1323 2919 1376 et
2967 1323 3192 1387 caatera,
3227 1335 3342 1374 non
3389 1319 3618 1371 motum

1973 1411 2378 1486 exprimimus,
2403 1412 2504 1468 sed
2529 1409 2870 1484 repetitione
2895 1408 3186 1465 unitatum
3220 1403 3618 1479 pluralitatem

1973 1501 2360 1558 ostendimus.
2395 1501 2466 1556 Et
2495 1517 2530 1556 a
2558 1505 2646 1556 ter
2675 1498 3084 1555 adverbialiter
3103 1495 3395 1570 prolatum
3429 1499 3614 1561 terna,

1974 1595 2031 1647 et
2059 1595 2266 1646 caatera
2292 1589 2353 1646 in
2383 1591 2540 1646 hunc
2583 1591 2845 1657 modum,
2878 1592 2944 1644 ut
2995 1606 3028 1644 a
3077 1589 3284 1660 quater
3333 1589 3620 1658 quaterna

1972 1680 2251 1735 dicuntur
2281 1698 2294 1736 :
2333 1697 2368 1736 a
2395 1695 2638 1734 numero
2669 1681 2886 1746 autem,
2921 1673 3034 1749 q'uo
3067 1691 3450 1731 numeramus
3479 1690 3614 1729 cum

1973 1769 2228 1826 dicimus
2253 1773 2370 1826 tres
2400 1769 2486 1825 vel
2518 1767 2646 1828 tria.
2663 1767 2854 1822 trinus
2886 1766 3118 1822 dicitur.
3139 1765 3303 1820 Unde
3334 1763 3390 1818 in
3423 1779 3616 1836 pcrso-
3717 1784 3726 1788 ·

1971 1858 2064 1914 nis
2097 1858 2312 1914 dicitur
2341 1859 2496 1913 Deus
2527 1857 2841 1928 trinus,qui
2871 1857 2932 1911 in
2955 1855 3170 1911 deitate
3200 1858 3290 1912 est
3319 1855 3613 1911 unus.Sed

1969 1951 2027 2004 et
2059 1948 2211 2004 504
2255 1948 2328 2003 ab
2376 1948 2580 2003 eodem
2631 1962 2896 2011 numero,
2931 1945 3086 2000 unde
3136 1943 3329 2000 trinus
3377 1941 3614 2010 dicitur,

1969 2037 2144 2092 etiam
2170 2037 2324 2092 trina
2354 2035 2682 2103 deducitur,
2717 2052 2784 2090 ex
2814 2033 3106 2090 unitatum
3138 2031 3501 2106 repetitione,
3535 2029 3612 2086 si-

1971 2129 2071 2182 cut
2100 2129 2158 2182 et
2186 2125 2398 2192 trinus,
2432 2126 2762 2198 exprimens
2793 2122 3187 2196 pluralitatem
3219 2137 3394 2195 quam
3420 2118 3616 2176 unitas

1971 2213 2204 2270 deitatis
2235 2231 2352 2269 non
2384 2213 2607 2286 recipit.
2639 2213 2857 2268 Verum
2887 2217 2942 2268 et
2989 2211 3130 2284 quia
3177 2215 3296 2266 tres
3342 2207 3430 2266 vel
3478 2207 3613 2275 tria,

1971 2303 2199 2376 primus
2240 2303 2463 2359 scilicet
2510 2303 2702 2375 impar
2749 2319 3053 2368 numerus,
3104 2317 3220 2372 quo
3270 2297 3504 2355 trinitas
3547 2315 3617 2354 ex

1971 2394 2222 2449 monade
2247 2397 2305 2449 et
2333 2394 2525 2465 primo
2556 2392 2680 2465 pari
2731 2407 2974 2446 numero
3023 2392 3272 2456 constat,
3325 2386 3612 2462 signatur,

1972 2482 2112 2555 quia
2141 2483 2412 2555 quisquis
2453 2480 2550 2537 hic
2579 2480 2949 2537 dilectionem
2983 2479 3081 2535 Dei
3118 2483 3176 2534 et
3215 2475 3460 2550 proximi
3493 2493 3616 2532 ser-

1969 2589 2102 2628 vare
2133 2569 2587 2642 studuerit,ipse
2619 2571 2690 2624 ad
2722 2573 2997 2624 aeternam
3028 2568 3203 2622 vitam
3238 2565 3543 2640 pertinget,
3557 2567 3617 2620 et

1971 2659 2164 2716 omnis
2193 2663 2396 2715 nostra
2418 2659 2700 2731 perfectio
2731 2657 2790 2712 in
2824 2657 2982 2712 illius
3014 2656 3191 2712 unius
3212 2655 3328 2711 veri
3353 2654 3476 2723 Dei,
3511 2653 3613 2727 qui

1970 2754 2058 2807 est
2089 2754 2293 2805 sancta
2340 2748 2616 2813 Trinitas,
2650 2745 3140 2818 contemplatione
3171 2743 3300 2814 erit,
3331 2743 3392 2800 in
3443 2745 3616 2817 cujus

1971 2838 2139 2896 nobis
2159 2838 2380 2894 visione
2385 2839 2510 2909 jam
2535 2837 2611 2891 mi
2621 2853 2734 2892 nus
2745 2834 2968 2908 aliquid
2989 2833 3198 2890 salutis
3219 2836 3274 2889 et
3285 2833 3484 2906 gaudii
3498 2852 3613 2891 non

1970 2928 2100 2984 erit.
2135 2928 2205 2982 Et
2233 2926 2315 2982 ita
2344 2944 2413 2982 ex
2443 2925 2552 2980 hoc
2583 2941 2826 2980 numero
2868 2923 3137 2995 quaedam
3180 2920 3386 2978 divisio
3433 2921 3493 2977 in
3547 2939 3614 2978 eo

1938 3057 1950 3068 .
1972 3018 2126 3090 quod
2159 3015 2374 3071 dicitur
2393 3013 2812 3081 trina,veniens
2833 3029 2867 3066 a
2897 3027 3142 3067 numero
3169 3027 3286 3082 quo
3307 3026 3619 3068 numeran-

1973 3111 2070 3162 tur
2091 3105 2179 3161 vel
2211 3109 2330 3169 tres
2360 3103 2492 3171 tria,
2528 3104 2911 3170 monstratur,
2938 3105 2997 3155 et
3028 3115 3440 3172 quamcunque
3472 3098 3616 3154 divi-

1974 3196 2198 3252 sionem
2228 3193 2314 3249 vel
2349 3191 2745 3265 pluralitatem
2776 3189 2972 3246 unitas
3003 3185 3256 3256 deitatis,
3281 3190 3404 3242 tota
3421 3185 3482 3242 in
3503 3186 3621 3243 sin-

1975 3284 2150 3358 gulis,
2188 3287 2308 3338 tota
2339 3282 2397 3337 in
2426 3281 2616 3337 tribus
2649 3277 2823 3335 simul
2858 3281 3070 3333 sancta:
3101 3275 3405 3332 Trinitatis
3437 3275 3621 3332 consi-

1977 3377 2138 3430 stens
2169 3371 2456 3444 personis,
2489 3386 2603 3425 non
2654 3367 2894 3441 patitur.
2925 3366 3134 3438 Liquet
3181 3364 3432 3437 perfecto
3481 3363 3622 3437 quia

1976 3463 2133 3518 trina
2161 3460 2348 3516 dcitas
2379 3457 2662 3515 catholice
2695 3455 2808 3511 dici
2841 3472 2956 3510 non
2985 3453 3158 3510 valet.
3193 3453 3372 3526 Legat
3399 3452 3502 3526 qui
3525 3469 3619 3509 vo-

1975 3550 2058 3606 let
2086 3551 2238 3624 quod
2272 3550 2344 3604 de
2373 3563 2618 3602 numero
2651 3545 2901 3600 dicimus
2928 3543 2988 3598 in
3021 3546 3357 3600 sanctorum
3385 3543 3620 3616 Augus-

1872 3677 1876 3682 -
1974 3639 2108 3706 tini,
2135 3636 2416 3710 Gregorii,
2457 3634 2658 3701 Boetii,
2685 3638 2742 3689 et
2772 3634 2936 3689 Beda:
2966 3632 3158 3700 dictis,
3193 3635 3248 3686 et
3279 3630 3434 3704 quod
3461 3647 3624 3686 sanc-

1976 3732 2072 3784 tus
2102 3725 2468 3800 Augustinus
2502 3724 2560 3778 in
2592 3740 2860 3778 sermone
2907 3719 3208 3794 trigesimo
3235 3723 3397 3775 sexto
3436 3720 3620 3775 Evan-

1977 3815 2112 3890 gelii
2142 3813 2388 3870 Joannis
2418 3813 2558 3868 dicit
2588 3811 2834 3884 loquens
2865 3811 2934 3865 de
2963 3808 3266 3865 divinitate
3291 3825 3306 3866 :
3329 3831 3358 3859 ‹‹
3392 3809 3498 3865 Est
3517 3807 3620 3876 ibi,

1977 3903 2189 3977 inquit,
2223 3903 2443 3974 aliquid
2480 3899 2792 3967 ineffabile,
2813 3899 2967 3972 quod
2999 3897 3188 3954 verbis
3219 3896 3621 3972 explicarinon

1978 3995 2182 4067 possit,
2219 3999 2282 4048 ut
2309 3996 2367 4048 et
2397 4008 2676 4045 numerus
2708 3990 2804 4056 sit,
2837 3993 2892 4044 et
2926 4005 3209 4044 numerus
3241 4005 3354 4044 non
3395 3986 3490 4044 sit.
3522 3987 3622 4044 Vi-

1979 4085 2108 4139 dete
2129 4083 2308 4146 enim,
2341 4081 2388 4136 si
2423 4097 2538 4136 non
2571 4079 2738 4151 quasi
2773 4081 3015 4150 apparet
3053 4094 3344 4156 numerus
3371 4077 3541 4132 Pater
3569 4081 3628 4132 et

1980 4170 2162 4228 Filius
2191 4175 2247 4226 et
2295 4169 2550 4242 Spiritus
2597 4171 2838 4222 sanctus
2886 4164 3166 4220 Trinitas.
3200 4165 3258 4220 Si
3309 4168 3448 4230 tres,
3481 4163 3622 4236 quid

1977 4263 2098 4316 tres
2117 4260 2145 4314 ?
2177 4258 2374 4314 deficit
2403 4272 2706 4312 numerus.
2733 4255 2820 4310 Ita
2848 4255 3003 4310 Deus
3033 4269 3318 4309 numerus
3349 4251 3569 4308 recedit
3591 4268 3624 4306 a

1981 4365 2246 4416 numero,
2281 4363 2386 4403 nec
2417 4347 2649 4419 capitur
2678 4360 2944 4410 numero,
2973 4343 3114 4414 quia
3150 4346 3270 4396 tres
3315 4343 3456 4396 sunt
3502 4343 3626 4396 tau-

1981 4454 2160 4512 quam
2194 4435 2558 4502 numerus,si
2589 4431 2802 4506 qumris
2832 4431 2972 4504 quid
3003 4434 3142 4498 tres,
3176 4445 3293 4484 non
3323 4431 3413 4484 est
3427 4443 3627 4484 nume-

1981 4544 2106 4582 rus.
2139 4526 2302 4582 Unde
2330 4525 2554 4579 dictum
2584 4527 2675 4578 est
2707 4539 2720 4576 :
2757 4525 2993 4592 Magnus
3035 4521 3300 4576 Dominus
3346 4525 3547 4584 noster,
3577 4524 3630 4572 cl

1901 4635 1948 4698 Ι)
1977 4633 2182 4684 magna
2210 4617 2381 4670 virtus
2410 4615 2544 4685 ejus,
2577 4619 2629 4667 et
2655 4611 2941 4682 sapientiae
2969 4611 3084 4682 ejus
3120 4625 3232 4664 non
3260 4615 3339 4664 est
3363 4622 3627 4663 numerus

299 4717 394 4754 xv.
427 4699 526 4755 Cui
559 4700 750 4772 primo
783 4697 1111 4766 referimus,
1145 4695 1285 4768 quia
1328 4696 1652 4751 secundum
1703 4714 1872 4752 suam
1901 4694 1937 4698 ⁷
1981 4705 2155 4774 (Ρδιιι.
2189 4701 2591 4772 αχινι,5).ΙΙοο
2622 4699 2814 4756 solum
2845 4715 3090 4754 numero
3123 4695 3446 4765 insinuant,
3469 4694 3627 4768 quod

235 4788 601 4860 sapientiam,
636 4805 751 4842 non
781 4785 892 4842 sibi
942 4804 976 4840 a
1005 4786 1121 4840 Deo
1152 4785 1371 4851 datam,
1407 4785 1506 4839 sed
1539 4786 1624 4839 vel
1655 4804 1689 4840 ιι
1720 4785 1874 4842 malo

234 4877 442 4948 spiritu
465 4869 574 4932 sibi
608 4875 978 4948 inspiratam,
1010 4873 1098 4930 vel
1131 4891 1166 4928 a
1195 4888 1258 4928 se
1287 4871 1530 4928 stultam
1553 4873 1872 4942 inventam,

235 4965 510 5022 debuerat
537 4979 887 5039 cognoscere
917 4961 1305 5019 diil'erentiam
1327 4977 1456 5018 esse
1483 4961 1634 5017 inter
1649 4965 1874 5019 ternam

236 5057 294 5110 et
320 5055 555 5124 trinam,
602 5055 706 5110 sed
737 5052 940 5109 dicens
992 5068 1054 5109 se
1103 5067 1233 5108 esse
1282 5051 1606 5124 sapientem
1655 5053 1874 5110 stultus

236 5143 424 5200 factus
451 5149 558 5200 est.
591 5143 808 5200 Notum
839 5142 1058 5215 quippe
1105 5145 1195 5196 est
1225 5139 1503 5212 quoniam
1545 5141 1758 5214 duplex
1787 5148 1878 5200 est

238 5247 534 5288 numerus.
560 5231 726 5288 Unus
756 5231 1019 5304 quidem,
1051 5230 1110 5284 in
1143 5245 1258 5301 quo
1290 5229 1585 5284 unitatum
1613 5232 1878 5303 repetitio

235 5317 631 5392 pluralitatem
663 5336 844 5393 quare
875 5323 931 5376 et
961 5333 1273 5374 numerum
1319 5318 1456 5373 facit
1488 5336 1501 5373 :
1532 5317 1679 5374 alter
1723 5317 1878 5388 vero,

235 5407 338 5479 qui
370 5408 427 5464 in
457 5411 631 5466 rebus
649 5407 1115 5465 numerabilibus
1137 5405 1450 5473 constat,in
1473 5423 1592 5478 quo
1614 5408 1880 5480 repetitio

234 5500 415 5568 atque
441 5497 746 5571 pluralitas
775 5497 1069 5553 unitatum
1101 5513 1216 5551 non
1249 5494 1388 5550 facit
1427 5497 1881 5554 numerabilium

233 5603 432 5642 rerum
454 5603 828 5643 numerosam
849 5585 1243 5642 diversitatem
1265 5601 1278 5652 ;
1305 5585 1361 5638 et
1379 5588 1563 5648 terna,
1589 5602 1704 5640 non
1733 5585 1884 5642 inter

239 5675 616 5748 compositos,
653 5676 754 5734 sed
785 5675 935 5732 inter
965 5673 1267 5747 simplices
1298 5689 1596 5741 numeros,
1630 5675 1728 5746 qui
1752 5675 1883 5731 nul-

1985 4793 2057 4848 ad
2092 4792 2336 4846 invicem
2369 4794 2648 4857 sunt,n0n
2682 4789 2836 4860 quod
2869 4789 2939 4843 ad
2973 4804 3035 4842 se
3065 4791 3257 4842 sunt...
3283 4787 3357 4842 Et
3387 4789 3628 4842 sanctus

1985 4873 2299 4954 Gregorius
2330 4879 2389 4934 in
2417 4878 2566 4934 libro
2597 4877 2898 4950 trigesimo
2931 4875 3240 4932 Moralium
3269 4875 3480 4944 Job,de
3504 4891 3631 4932 sen-

1983 4970 2168 5026 tentia
2187 4967 2481 5040 Evangelii
2504 4966 2750 5022 Joannis
2771 4969 2911 5038 (cap.
2934 4965 3018 5037 5):
3047 4989 3074 5016 «
3096 4965 3308 5031 Palam,
3331 4963 3546 5034 inquit,
3564 4961 3632 5016 de

1983 5061 2147 5115 Patre
2176 5059 2515 5113 annuntiabo
2544 5055 2696 5112 vobis
2723 5056 2899 5124 (Joan.
2922 5073 3037 5122 xw,
3060 5055 3173 5122 25).
3198 5051 3393 5108 Palam
3415 5049 3632 5122 quippe

1985 5151 2056 5204 de
2091 5149 2253 5205 Patre
2282 5147 2633 5202 annuntiare
2665 5163 2726 5201 se
2758 5144 2985 5211 asserit,
3002 5143 3140 5216 quia
3161 5158 3263 5214 per
3283 5139 3633 5212 patefactam

1987 5242 2128 5294 tunc
2159 5235 2486 5308 majestatis
2518 5251 2636 5291 suae
2668 5234 3005 5306 speciem,et
3030 5230 3322 5304 quomodo
3351 5227 3478 5300 ipse
3507 5227 3633 5301 gig-

1990 5326 2151 5382 nenti
2197 5343 2312 5381 non
2360 5324 2552 5396 impar
2601 5323 2846 5388 oriatur,
2878 5327 2935 5376 et
2983 5318 3275 5392 quomodo
3327 5315 3638 5386 utriusque

1992 5413 2247 5487 Spiritus
2266 5413 2498 5486 utrique
2515 5416 2758 5468 cozetern
2768 5428 2836 5465 us
2855 5408 3128 5482 procedat
3148 5403 3639 5476 ostendit.Aperte

1993 5521 2247 5576 namque
2270 5507 2409 5558 tunc
2429 5496 3088 5569 videbimus,quomodo
3120 5495 3228 5549 hoc
3257 5493 3412 5564 quod
3449 5491 3640 5549 orien-

1993 5593 2134 5649 dum
2167 5596 2275 5662 est,
2311 5593 2359 5648 ci
2389 5593 2460 5647 de
2491 5607 2606 5662 quo
2639 5588 2824 5643 oritur
2865 5586 3230 5655 subsequens
3279 5599 3396 5638 non
3443 5585 3553 5650 est,
3585 5583 3644 5637 et

1995 5683 2288 5754 quomodo
2319 5682 2370 5736 is
2400 5680 2500 5752 qui
2531 5674 2898 5750 processione
2926 5671 3270 5746 producitur
3289 5689 3324 5730 a
3353 5671 3642 5746 proferen-
