  <div class='ocr_page' id='page_1' title='image "/cluster/home/n/w/nwhite01/storage/ocr_20150623/125/hvd.32044054759873/290.png"; bbox 0 0 3962 6178; ppageno 0'>
   <div class='ocr_carea' id='block_1_1' title="bbox 1289 352 2630 418">
    <p class='ocr_par' dir='ltr' id='par_1_1' title="bbox 1289 352 2630 418">
     <span class='ocr_line' id='line_1_1' title="bbox 1289 352 2630 418; baseline 0 -2"><span class='ocrx_word' id='word_1_1' title='bbox 1289 355 1392 416; x_wconf 86' lang='lat' dir='ltr'><strong>DE</strong></span> <span class='ocrx_word' id='word_1_2' title='bbox 1423 353 1595 416; x_wconf 80' lang='lat' dir='ltr'><strong>.UNA</strong></span> <span class='ocrx_word' id='word_1_3' title='bbox 1635 352 1736 413; x_wconf 90' lang='lat' dir='ltr'><strong>ET</strong></span> <span class='ocrx_word' id='word_1_4' title='bbox 1781 353 1940 414; x_wconf 85' lang='lat' dir='ltr'><strong>NON</strong></span> <span class='ocrx_word' id='word_1_5' title='bbox 1980 353 2222 414; x_wconf 82' lang='lat' dir='ltr'><strong>TRINA</strong></span> <span class='ocrx_word' id='word_1_6' title='bbox 2263 354 2630 418; x_wconf 83' lang='lat' dir='ltr'><strong>DEITATE.</strong></span> 
     </span>
    </p>
   </div>
   <div class='ocr_carea' id='block_1_2' title="bbox 3541 356 3664 422">
    <p class='ocr_par' dir='ltr' id='par_1_2' title="bbox 3541 356 3664 422">
     <span class='ocr_line' id='line_1_2' title="bbox 3541 356 3664 422; baseline -0.016 -1"><span class='ocrx_word' id='word_1_7' title='bbox 3541 356 3664 422; x_wconf 76' lang='lat'><strong>570</strong></span> 
     </span>
    </p>
   </div>
   <div class='ocr_carea' id='block_1_3' title="bbox 252 481 3659 570">
    <p class='ocr_par' dir='ltr' id='par_1_3' title="bbox 252 481 3659 570">
     <span class='ocr_line' id='line_1_3' title="bbox 252 481 3659 570; baseline 0.001 -26"><span class='ocrx_word' id='word_1_8' title='bbox 252 487 404 548; x_wconf 79' lang='lat' dir='ltr'><strong>ritus</strong></span> <span class='ocrx_word' id='word_1_9' title='bbox 431 483 626 542; x_wconf 83' lang='lat' dir='ltr'><strong>sancti</strong></span> <span class='ocrx_word' id='word_1_10' title='bbox 650 481 886 542; x_wconf 81' lang='lat' dir='ltr'><strong>minuas</strong></span> <span class='ocrx_word' id='word_1_11' title='bbox 915 490 1283 558; x_wconf 88' lang='lat' dir='ltr'><strong>potestatem,</strong></span> <span class='ocrx_word' id='word_1_12' title='bbox 1313 502 1568 543; x_wconf 81' lang='lat' dir='ltr'><strong>vacuum</strong></span> <span class='ocrx_word' id='word_1_13' title='bbox 1609 490 1700 541; x_wconf 90' lang='lat' dir='ltr'><strong>est</strong></span> <span class='ocrx_word' id='word_1_14' title='bbox 1729 503 1901 542; x_wconf 90' lang='lat' dir='ltr'><strong>omne</strong></span> <span class='ocrx_word' id='word_1_15' title='bbox 1929 485 1984 552; x_wconf 75' lang='grc' dir='ltr'>Α</span> <span class='ocrx_word' id='word_1_16' title='bbox 2013 490 2130 542; x_wconf 90' lang='lat' dir='ltr'><strong>tem</strong></span> <span class='ocrx_word' id='word_1_17' title='bbox 2143 486 2898 570; x_wconf 77' lang='lat' dir='ltr'><strong>ostendenanseparabilis</strong></span> <span class='ocrx_word' id='word_1_18' title='bbox 2910 487 3090 560; x_wconf 86' lang='lat' dir='ltr'><strong>igitur</strong></span> <span class='ocrx_word' id='word_1_19' title='bbox 3102 493 3321 546; x_wconf 64' lang='lat' dir='ltr'><strong>natura:</strong></span> <span class='ocrx_word' id='word_1_20' title='bbox 3335 491 3530 547; x_wconf 89' lang='lat' dir='ltr'><strong>unitas</strong></span> <span class='ocrx_word' id='word_1_21' title='bbox 3543 507 3659 550; x_wconf 88' lang='lat' dir='ltr'><strong>non</strong></span> 
     </span>
    </p>
   </div>
   <div class='ocr_carea' id='block_1_4' title="bbox 256 571 1903 650">
    <p class='ocr_par' dir='ltr' id='par_1_4' title="bbox 256 571 1903 650">
     <span class='ocr_line' id='line_1_4' title="bbox 256 571 1903 650; baseline -0.001 -16"><span class='ocrx_word' id='word_1_22' title='bbox 256 574 601 650; x_wconf 74' lang='lat' dir='ltr'><strong>mysterium</strong></span> <span class='ocrx_word' id='word_1_23' title='bbox 635 592 649 632; x_wconf 90' lang='lat'><strong>:</strong></span> <span class='ocrx_word' id='word_1_24' title='bbox 683 597 712 626; x_wconf 79' lang='lat'><strong>»</strong></span> <span class='ocrx_word' id='word_1_25' title='bbox 747 577 816 632; x_wconf 85' lang='lat' dir='ltr'><strong>Et</strong></span> <span class='ocrx_word' id='word_1_26' title='bbox 851 579 984 647; x_wconf 89' lang='lat' dir='ltr'><strong>post</strong></span> <span class='ocrx_word' id='word_1_27' title='bbox 1029 571 1217 648; x_wconf 77' lang='lat' dir='ltr'><strong>pauca</strong></span> <span class='ocrx_word' id='word_1_28' title='bbox 1246 593 1259 631; x_wconf 90' lang='lat'>:</span> <span class='ocrx_word' id='word_1_29' title='bbox 1293 599 1321 627; x_wconf 84' lang='lat'><strong>«</strong></span> <span class='ocrx_word' id='word_1_30' title='bbox 1354 575 1548 632; x_wconf 89' lang='lat' dir='ltr'><strong>Unum</strong></span> <span class='ocrx_word' id='word_1_31' title='bbox 1601 580 1693 632; x_wconf 89' lang='lat' dir='ltr'><strong>est</strong></span> <span class='ocrx_word' id='word_1_32' title='bbox 1746 575 1903 633; x_wconf 90' lang='lat' dir='ltr'><strong>enim</strong></span> 
     </span>
    </p>
   </div>
   <div class='ocr_carea' id='block_1_5' title="bbox 254 664 1900 738">
    <p class='ocr_par' dir='ltr' id='par_1_5' title="bbox 254 664 1900 738">
     <span class='ocr_line' id='line_1_5' title="bbox 254 664 1900 738; baseline -0.001 -16"><span class='ocrx_word' id='word_1_33' title='bbox 254 681 420 738; x_wconf 81' lang='lat' dir='ltr'><strong>Opus,</strong></span> <span class='ocrx_word' id='word_1_34' title='bbox 433 664 578 737; x_wconf 86' lang='lat' dir='ltr'><strong>quia</strong></span> <span class='ocrx_word' id='word_1_35' title='bbox 606 681 792 721; x_wconf 89' lang='lat' dir='ltr'><strong>unum</strong></span> <span class='ocrx_word' id='word_1_36' title='bbox 821 668 912 720; x_wconf 89' lang='lat' dir='ltr'><strong>est</strong></span> <span class='ocrx_word' id='word_1_37' title='bbox 939 665 1287 738; x_wconf 78' lang='lat' dir='ltr'><strong>mysterium</strong></span> <span class='ocrx_word' id='word_1_38' title='bbox 1320 683 1334 721; x_wconf 90' lang='lat'>:</span> <span class='ocrx_word' id='word_1_39' title='bbox 1370 683 1553 721; x_wconf 90' lang='lat' dir='ltr'><strong>unum</strong></span> <span class='ocrx_word' id='word_1_40' title='bbox 1585 665 1900 738; x_wconf 86' lang='lat' dir='ltr'><strong>baptisma,</strong></span> 
     </span>
    </p>
   </div>
   <div class='ocr_carea' id='block_1_6' title="bbox 253 753 1898 828">
    <p class='ocr_par' dir='ltr' id='par_1_6' title="bbox 253 753 1898 828">
     <span class='ocr_line' id='line_1_6' title="bbox 253 753 1898 828; baseline 0.001 -18"><span class='ocrx_word' id='word_1_41' title='bbox 253 754 389 828; x_wconf 86' lang='lat' dir='ltr'><strong>quia</strong></span> <span class='ocrx_word' id='word_1_42' title='bbox 409 771 571 810; x_wconf 90' lang='lat' dir='ltr'><strong>mors</strong></span> <span class='ocrx_word' id='word_1_43' title='bbox 593 771 712 810; x_wconf 88' lang='lat' dir='ltr'><strong>una</strong></span> <span class='ocrx_word' id='word_1_44' title='bbox 730 771 834 827; x_wconf 91' lang='lat' dir='ltr'><strong>pro</strong></span> <span class='ocrx_word' id='word_1_45' title='bbox 857 755 1107 810; x_wconf 88' lang='lat' dir='ltr'><strong>mundo:</strong></span> <span class='ocrx_word' id='word_1_46' title='bbox 1132 755 1329 811; x_wconf 89' lang='lat' dir='ltr'><strong>unitas</strong></span> <span class='ocrx_word' id='word_1_47' title='bbox 1359 772 1495 827; x_wconf 85' lang='lat' dir='ltr'><strong>ergo</strong></span> <span class='ocrx_word' id='word_1_48' title='bbox 1524 753 1898 828; x_wconf 79' lang='lat' dir='ltr'><strong>operationis,</strong></span> 
     </span>
    </p>
   </div>
   <div class='ocr_carea' id='block_1_7' title="bbox 249 842 1900 918">
    <p class='ocr_par' dir='ltr' id='par_1_7' title="bbox 249 842 1900 918">
     <span class='ocr_line' id='line_1_7' title="bbox 249 842 1900 918; baseline -0.005 -16"><span class='ocrx_word' id='word_1_49' title='bbox 249 843 449 902; x_wconf 80' lang='lat' dir='ltr'><strong>unitas</strong></span> <span class='ocrx_word' id='word_1_50' title='bbox 480 842 938 916; x_wconf 74' lang='lat' dir='ltr'><strong>praedicationis,</strong></span> <span class='ocrx_word' id='word_1_51' title='bbox 971 861 1100 916; x_wconf 66' lang='lat' dir='ltr'><strong>quae</strong></span> <span class='ocrx_word' id='word_1_52' title='bbox 1151 861 1266 899; x_wconf 89' lang='lat' dir='ltr'><strong>non</strong></span> <span class='ocrx_word' id='word_1_53' title='bbox 1315 849 1508 917; x_wconf 79' lang='lat' dir='ltr'><strong>potest</strong></span> <span class='ocrx_word' id='word_1_54' title='bbox 1553 845 1834 918; x_wconf 86' lang='lat' dir='ltr'><strong>separari.</strong></span> <span class='ocrx_word' id='word_1_55' title='bbox 1871 867 1900 894; x_wconf 85' lang='lat'>»</span> 
     </span>
    </p>
   </div>
   <div class='ocr_carea' id='block_1_8' title="bbox 250 933 1902 1005">
    <p class='ocr_par' dir='ltr' id='par_1_8' title="bbox 250 933 1902 1005">
     <span class='ocr_line' id='line_1_8' title="bbox 250 933 1902 1005; baseline 0.002 -18"><span class='ocrx_word' id='word_1_56' title='bbox 250 933 617 1004; x_wconf 69' lang='lat' dir='ltr'><strong>Quapropter</strong></span> <span class='ocrx_word' id='word_1_57' title='bbox 645 933 950 988; x_wconf 73' lang='lat' dir='ltr'><strong>credentes</strong></span> <span class='ocrx_word' id='word_1_58' title='bbox 989 949 1175 988; x_wconf 91' lang='lat' dir='ltr'><strong>unum</strong></span> <span class='ocrx_word' id='word_1_59' title='bbox 1222 933 1408 988; x_wconf 91' lang='lat' dir='ltr'><strong>Deum</strong></span> <span class='ocrx_word' id='word_1_60' title='bbox 1453 938 1570 988; x_wconf 87' lang='lat' dir='ltr'><strong>tres</strong></span> <span class='ocrx_word' id='word_1_61' title='bbox 1622 949 1902 1005; x_wconf 80' lang='lat' dir='ltr'><strong>personas</strong></span> 
     </span>
    </p>
   </div>
   <div class='ocr_carea' id='block_1_9' title="bbox 249 1018 1899 1095">
    <p class='ocr_par' dir='ltr' id='par_1_9' title="bbox 249 1018 1899 1095">
     <span class='ocr_line' id='line_1_9' title="bbox 249 1018 1899 1095; baseline 0.001 -19"><span class='ocrx_word' id='word_1_62' title='bbox 249 1018 427 1076; x_wconf 90' lang='lat' dir='ltr'><strong>unius</strong></span> <span class='ocrx_word' id='word_1_63' title='bbox 452 1019 712 1090; x_wconf 88' lang='lat' dir='ltr'><strong>deitatis,</strong></span> <span class='ocrx_word' id='word_1_64' title='bbox 730 1025 991 1077; x_wconf 90' lang='lat' dir='ltr'><strong>tenentes</strong></span> <span class='ocrx_word' id='word_1_65' title='bbox 1011 1038 1190 1077; x_wconf 89' lang='lat' dir='ltr'><strong>unam</strong></span> <span class='ocrx_word' id='word_1_66' title='bbox 1215 1022 1391 1078; x_wconf 93' lang='lat' dir='ltr'><strong>ﬁdem</strong></span> <span class='ocrx_word' id='word_1_67' title='bbox 1411 1021 1759 1078; x_wconf 80' lang='lat' dir='ltr'><strong>catholicam</strong></span> <span class='ocrx_word' id='word_1_68' title='bbox 1773 1039 1899 1095; x_wconf 76' lang='lat' dir='ltr'><strong>quae</strong></span> 
     </span>
    </p>
   </div>
   <div class='ocr_carea' id='block_1_10' title="bbox 246 1107 1900 1179">
    <p class='ocr_par' dir='ltr' id='par_1_10' title="bbox 246 1107 1900 1179">
     <span class='ocr_line' id='line_1_10' title="bbox 246 1107 1900 1179; baseline 0.001 -15"><span class='ocrx_word' id='word_1_69' title='bbox 246 1107 370 1166; x_wconf 77' lang='lat' dir='ltr'><strong>sola</strong></span> <span class='ocrx_word' id='word_1_70' title='bbox 391 1109 745 1179; x_wconf 89' lang='lat' dir='ltr'><strong>sanctiﬁcat,</strong></span> <span class='ocrx_word' id='word_1_71' title='bbox 769 1109 896 1166; x_wconf 90' lang='lat' dir='ltr'><strong>sola</strong></span> <span class='ocrx_word' id='word_1_72' title='bbox 914 1111 1461 1168; x_wconf 84' lang='lat' dir='ltr'><strong>viviﬁcathabentes</strong></span> <span class='ocrx_word' id='word_1_73' title='bbox 1471 1110 1900 1168; x_wconf 88' lang='lat' dir='ltr'><strong>etcelebrantes</strong></span> 
     </span>
    </p>
   </div>
   <div class='ocr_carea' id='block_1_11' title="bbox 246 1199 1898 1274">
    <p class='ocr_par' dir='ltr' id='par_1_11' title="bbox 246 1199 1898 1274">
     <span class='ocr_line' id='line_1_11' title="bbox 246 1199 1898 1274; baseline 0.001 -20"><span class='ocrx_word' id='word_1_74' title='bbox 246 1215 429 1254; x_wconf 86' lang='lat' dir='ltr'><strong>unum</strong></span> <span class='ocrx_word' id='word_1_75' title='bbox 452 1199 767 1271; x_wconf 89' lang='lat' dir='ltr'><strong>baptisma,</strong></span> <span class='ocrx_word' id='word_1_76' title='bbox 791 1200 849 1255; x_wconf 90' lang='lat' dir='ltr'><strong>in</strong></span> <span class='ocrx_word' id='word_1_77' title='bbox 873 1217 990 1272; x_wconf 90' lang='lat' dir='ltr'><strong>quo</strong></span> <span class='ocrx_word' id='word_1_78' title='bbox 1009 1199 1132 1256; x_wconf 89' lang='lat' dir='ltr'><strong>solo</strong></span> <span class='ocrx_word' id='word_1_79' title='bbox 1155 1199 1395 1274; x_wconf 87' lang='lat' dir='ltr'><strong>plenum</strong></span> <span class='ocrx_word' id='word_1_80' title='bbox 1426 1205 1517 1256; x_wconf 91' lang='lat' dir='ltr'><strong>est</strong></span> <span class='ocrx_word' id='word_1_81' title='bbox 1537 1200 1671 1256; x_wconf 89' lang='lat' dir='ltr'><strong>ﬁdei</strong></span> <span class='ocrx_word' id='word_1_82' title='bbox 1704 1217 1898 1256; x_wconf 89' lang='lat' dir='ltr'><strong>sacra-</strong></span> 
     </span>
    </p>
   </div>
   <div class='ocr_carea' id='block_1_12' title="bbox 245 1289 1897 1357">
    <p class='ocr_par' dir='ltr' id='par_1_12' title="bbox 245 1289 1897 1357">
     <span class='ocr_line' id='line_1_12' title="bbox 245 1289 1897 1357; baseline 0 -13"><span class='ocrx_word' id='word_1_83' title='bbox 245 1293 654 1356; x_wconf 88' lang='lat' dir='ltr'><strong>mentum,non</strong></span> <span class='ocrx_word' id='word_1_84' title='bbox 669 1289 1059 1346; x_wconf 82' lang='lat' dir='ltr'><strong>obaudiemus</strong></span> <span class='ocrx_word' id='word_1_85' title='bbox 1071 1289 1768 1357; x_wconf 87' lang='lat' dir='ltr'><strong>Gothescalcum,necum</strong></span> <span class='ocrx_word' id='word_1_86' title='bbox 1781 1289 1897 1344; x_wconf 71' lang='lat' dir='ltr'><strong>hm-</strong></span> 
     </span>
    </p>
   </div>
   <div class='ocr_carea' id='block_1_13' title="bbox 243 1376 1901 1450">
    <p class='ocr_par' dir='ltr' id='par_1_13' title="bbox 243 1376 1901 1450">
     <span class='ocr_line' id='line_1_13' title="bbox 243 1376 1901 1450; baseline -0.001 -15"><span class='ocrx_word' id='word_1_87' title='bbox 243 1376 440 1435; x_wconf 82' lang='lat' dir='ltr'><strong>reticis</strong></span> <span class='ocrx_word' id='word_1_88' title='bbox 456 1381 686 1450; x_wconf 88' lang='lat' dir='ltr'><strong>partem</strong></span> <span class='ocrx_word' id='word_1_89' title='bbox 703 1378 1441 1448; x_wconf 85' lang='lat' dir='ltr'><strong>habeamus,uteredamus</strong></span> <span class='ocrx_word' id='word_1_90' title='bbox 1454 1383 1512 1436; x_wconf 90' lang='lat' dir='ltr'><strong>ct</strong></span> <span class='ocrx_word' id='word_1_91' title='bbox 1523 1379 1790 1436; x_wconf 83' lang='lat' dir='ltr'><strong>dicamus</strong></span> <span class='ocrx_word' id='word_1_92' title='bbox 1802 1379 1901 1435; x_wconf 85' lang='lat' dir='ltr'><strong>tri-</strong></span> 
     </span>
    </p>
   </div>
   <div class='ocr_carea' id='block_1_14' title="bbox 245 1467 1898 1536">
    <p class='ocr_par' dir='ltr' id='par_1_14' title="bbox 245 1467 1898 1536">
     <span class='ocr_line' id='line_1_14' title="bbox 245 1467 1898 1536; baseline 0 -12"><span class='ocrx_word' id='word_1_93' title='bbox 245 1482 380 1524; x_wconf 76' lang='lat' dir='ltr'><strong>nam</strong></span> <span class='ocrx_word' id='word_1_94' title='bbox 407 1467 710 1535; x_wconf 84' lang='lat' dir='ltr'><strong>deitatem,</strong></span> <span class='ocrx_word' id='word_1_95' title='bbox 724 1467 940 1524; x_wconf 80' lang='lat' dir='ltr'><strong>trinam</strong></span> <span class='ocrx_word' id='word_1_96' title='bbox 962 1468 1333 1524; x_wconf 77' lang='lat' dir='ltr'><strong>sanctitatem</strong></span> <span class='ocrx_word' id='word_1_97' title='bbox 1346 1511 1361 1535; x_wconf 92' lang='lat'><strong>,</strong></span> <span class='ocrx_word' id='word_1_98' title='bbox 1380 1468 1598 1524; x_wconf 90' lang='lat' dir='ltr'><strong>trinam</strong></span> <span class='ocrx_word' id='word_1_99' title='bbox 1620 1467 1898 1536; x_wconf 73' lang='lat' dir='ltr'><strong>lucem,e&#39;t</strong></span> 
     </span>
    </p>
   </div>
   <div class='ocr_carea' id='block_1_15' title="bbox 242 1555 1895 1628">
    <p class='ocr_par' dir='ltr' id='par_1_15' title="bbox 242 1555 1895 1628">
     <span class='ocr_line' id='line_1_15' title="bbox 242 1555 1895 1628; baseline 0 -16"><span class='ocrx_word' id='word_1_100' title='bbox 242 1559 451 1612; x_wconf 64' lang='lat' dir='ltr'><strong>cetera</strong></span> <span class='ocrx_word' id='word_1_101' title='bbox 481 1571 612 1627; x_wconf 71' lang='lat' dir='ltr'><strong>qua:</strong></span> <span class='ocrx_word' id='word_1_102' title='bbox 639 1572 818 1628; x_wconf 81' lang='lat' dir='ltr'><strong>supra</strong></span> <span class='ocrx_word' id='word_1_103' title='bbox 845 1555 1020 1624; x_wconf 86' lang='lat' dir='ltr'><strong>dixit;</strong></span> <span class='ocrx_word' id='word_1_104' title='bbox 1039 1557 1142 1612; x_wconf 89' lang='lat' dir='ltr'><strong>sed</strong></span> <span class='ocrx_word' id='word_1_105' title='bbox 1164 1557 1485 1614; x_wconf 83' lang='lat' dir='ltr'><strong>suademus</strong></span> <span class='ocrx_word' id='word_1_106' title='bbox 1503 1555 1576 1625; x_wconf 90' lang='lat' dir='ltr'><strong>ei,</strong></span> <span class='ocrx_word' id='word_1_107' title='bbox 1604 1560 1671 1613; x_wconf 90' lang='lat' dir='ltr'><strong>ut</strong></span> <span class='ocrx_word' id='word_1_108' title='bbox 1698 1557 1747 1612; x_wconf 89' lang='lat' dir='ltr'><strong>si</strong></span> <span class='ocrx_word' id='word_1_109' title='bbox 1780 1573 1895 1612; x_wconf 89' lang='lat' dir='ltr'><strong>non</strong></span> 
     </span>
    </p>
   </div>
   <div class='ocr_carea' id='block_1_16' title="bbox 239 1642 1894 1703">
    <p class='ocr_par' dir='ltr' id='par_1_16' title="bbox 239 1642 1894 1703">
     <span class='ocr_line' id='line_1_16' title="bbox 239 1642 1894 1703; baseline 0.002 -3"><span class='ocrx_word' id='word_1_110' title='bbox 239 1642 367 1700; x_wconf 80' lang='lat' dir='ltr'><strong>vult</strong></span> <span class='ocrx_word' id='word_1_111' title='bbox 394 1659 534 1700; x_wconf 90' lang='lat' dir='ltr'><strong>cum</strong></span> <span class='ocrx_word' id='word_1_112' title='bbox 561 1643 793 1700; x_wconf 86' lang='lat' dir='ltr'><strong>Arianis</strong></span> <span class='ocrx_word' id='word_1_113' title='bbox 834 1643 1124 1702; x_wconf 64' lang='lat' dir='ltr'><strong>haereticis</strong></span> <span class='ocrx_word' id='word_1_114' title='bbox 1155 1645 1215 1702; x_wconf 91' lang='lat' dir='ltr'><strong>in</strong></span> <span class='ocrx_word' id='word_1_115' title='bbox 1245 1650 1528 1702; x_wconf 67' lang='lat' dir='ltr'><strong>internum</strong></span> <span class='ocrx_word' id='word_1_116' title='bbox 1559 1645 1772 1702; x_wconf 87' lang='lat' dir='ltr'><strong>habere</strong></span> <span class='ocrx_word' id='word_1_117' title='bbox 1803 1663 1894 1703; x_wconf 91' lang='lat' dir='ltr'><strong>so-</strong></span> 
     </span>
    </p>
   </div>
   <div class='ocr_carea' id='block_1_17' title="bbox 241 1731 1894 1804">
    <p class='ocr_par' dir='ltr' id='par_1_17' title="bbox 241 1731 1894 1804">
     <span class='ocr_line' id='line_1_17' title="bbox 241 1731 1894 1804; baseline 0.003 -17"><span class='ocrx_word' id='word_1_118' title='bbox 241 1731 537 1804; x_wconf 83' lang='lat' dir='ltr'><strong>cietatem,</strong></span> <span class='ocrx_word' id='word_1_119' title='bbox 597 1733 814 1801; x_wconf 87' lang='lat' dir='ltr'><strong>credat,</strong></span> <span class='ocrx_word' id='word_1_120' title='bbox 873 1734 1242 1804; x_wconf 88' lang='lat' dir='ltr'><strong>conﬁteatur,</strong></span> <span class='ocrx_word' id='word_1_121' title='bbox 1301 1733 1476 1804; x_wconf 86' lang='lat' dir='ltr'><strong>colat,</strong></span> <span class='ocrx_word' id='word_1_122' title='bbox 1535 1741 1708 1792; x_wconf 87' lang='lat' dir='ltr'><strong>canat</strong></span> <span class='ocrx_word' id='word_1_123' title='bbox 1759 1753 1894 1792; x_wconf 90' lang='lat' dir='ltr'><strong>cum</strong></span> 
     </span>
    </p>
   </div>
   <div class='ocr_carea' id='block_1_18' title="bbox 239 1819 1972 1924">
    <p class='ocr_par' dir='ltr' id='par_1_18' title="bbox 239 1819 1972 1924">
     <span class='ocr_line' id='line_1_18' title="bbox 239 1819 1972 1924; baseline 0 -47"><span class='ocrx_word' id='word_1_124' title='bbox 239 1819 932 1924; x_wconf 40' lang='lat' dir='ltr'><strong>catholici‘smcatholicus</strong></span> <span class='ocrx_word' id='word_1_125' title='bbox 984 1823 1214 1880; x_wconf 86' lang='lat' dir='ltr'><strong>Patrem</strong></span> <span class='ocrx_word' id='word_1_126' title='bbox 1271 1823 1606 1924; x_wconf 61' lang='lat' dir='ltr'><strong>ethilium</strong></span> <span class='ocrx_word' id='word_1_127' title='bbox 1655 1829 1708 1881; x_wconf 92' lang='lat' dir='ltr'><strong>et</strong></span> <span class='ocrx_word' id='word_1_128' title='bbox 1759 1825 1892 1896; x_wconf 87' lang='lat' dir='ltr'><strong>Spi-</strong></span> <span class='ocrx_word' id='word_1_129' title='bbox 1925 1861 1972 1924; x_wconf 83' lang='grc' dir='ltr'><strong>Β</strong></span> 
     </span>
    </p>
   </div>
   <div class='ocr_carea' id='block_1_19' title="bbox 240 1909 1892 1986">
    <p class='ocr_par' dir='ltr' id='par_1_19' title="bbox 240 1909 1892 1986">
     <span class='ocr_line' id='line_1_19' title="bbox 240 1909 1892 1986; baseline 0.002 -20"><span class='ocrx_word' id='word_1_130' title='bbox 240 1909 420 1966; x_wconf 82' lang='lat' dir='ltr'><strong>ritum</strong></span> <span class='ocrx_word' id='word_1_131' title='bbox 444 1911 593 1971; x_wconf 73' lang='lat'><strong>507</strong></span> <span class='ocrx_word' id='word_1_132' title='bbox 638 1915 932 1980; x_wconf 88' lang='lat' dir='ltr'><strong>sanctum,</strong></span> <span class='ocrx_word' id='word_1_133' title='bbox 957 1917 1221 1969; x_wconf 85' lang='lat' dir='ltr'><strong>sanctam</strong></span> <span class='ocrx_word' id='word_1_134' title='bbox 1253 1913 1476 1970; x_wconf 89' lang='lat' dir='ltr'><strong>scilicet</strong></span> <span class='ocrx_word' id='word_1_135' title='bbox 1506 1919 1563 1970; x_wconf 90' lang='lat' dir='ltr'><strong>et</strong></span> <span class='ocrx_word' id='word_1_136' title='bbox 1593 1913 1892 1986; x_wconf 83' lang='lat' dir='ltr'><strong>insepara-</strong></span> 
     </span>
    </p>
   </div>
   <div class='ocr_carea' id='block_1_20' title="bbox 239 1998 1892 2074">
    <p class='ocr_par' dir='ltr' id='par_1_20' title="bbox 239 1998 1892 2074">
     <span class='ocr_line' id='line_1_20' title="bbox 239 1998 1892 2074; baseline 0.002 -18"><span class='ocrx_word' id='word_1_137' title='bbox 239 1998 420 2056; x_wconf 86' lang='lat' dir='ltr'><strong>bilem</strong></span> <span class='ocrx_word' id='word_1_138' title='bbox 441 1998 787 2057; x_wconf 74' lang='lat' dir='ltr'><strong>Trinitatem</strong></span> <span class='ocrx_word' id='word_1_139' title='bbox 812 2018 996 2057; x_wconf 90' lang='lat' dir='ltr'><strong>unum</strong></span> <span class='ocrx_word' id='word_1_140' title='bbox 1021 2019 1148 2059; x_wconf 90' lang='lat' dir='ltr'><strong>esse</strong></span> <span class='ocrx_word' id='word_1_141' title='bbox 1167 2003 1373 2070; x_wconf 89' lang='lat' dir='ltr'><strong>Deum,</strong></span> <span class='ocrx_word' id='word_1_142' title='bbox 1391 2002 1570 2059; x_wconf 89' lang='lat' dir='ltr'><strong>unius</strong></span> <span class='ocrx_word' id='word_1_143' title='bbox 1600 2003 1892 2074; x_wconf 85' lang='lat' dir='ltr'><strong>ejusdem-</strong></span> 
     </span>
    </p>
   </div>
   <div class='ocr_carea' id='block_1_21' title="bbox 240 2087 1896 2162">
    <p class='ocr_par' dir='ltr' id='par_1_21' title="bbox 240 2087 1896 2162">
     <span class='ocr_line' id='line_1_21' title="bbox 240 2087 1896 2162; baseline 0.002 -19"><span class='ocrx_word' id='word_1_144' title='bbox 240 2105 353 2160; x_wconf 84' lang='lat' dir='ltr'><strong>que</strong></span> <span class='ocrx_word' id='word_1_145' title='bbox 371 2087 632 2156; x_wconf 77' lang='lat' dir='ltr'><strong>deitatis,</strong></span> <span class='ocrx_word' id='word_1_146' title='bbox 655 2106 722 2146; x_wconf 89' lang='lat' dir='ltr'><strong>ao</strong></span> <span class='ocrx_word' id='word_1_147' title='bbox 751 2107 856 2162; x_wconf 89' lang='lat' dir='ltr'><strong>per</strong></span> <span class='ocrx_word' id='word_1_148' title='bbox 881 2089 992 2147; x_wconf 91' lang='lat' dir='ltr'><strong>hoc</strong></span> <span class='ocrx_word' id='word_1_149' title='bbox 1017 2108 1197 2148; x_wconf 90' lang='lat' dir='ltr'><strong>unam</strong></span> <span class='ocrx_word' id='word_1_150' title='bbox 1228 2091 1526 2160; x_wconf 83' lang='lat' dir='ltr'><strong>deitatem,</strong></span> <span class='ocrx_word' id='word_1_151' title='bbox 1555 2109 1735 2147; x_wconf 91' lang='lat' dir='ltr'><strong>unam</strong></span> <span class='ocrx_word' id='word_1_152' title='bbox 1766 2109 1896 2148; x_wconf 88' lang='lat' dir='ltr'><strong>san-</strong></span> 
     </span>
    </p>
   </div>
   <div class='ocr_carea' id='block_1_22' title="bbox 237 2177 1894 2254">
    <p class='ocr_par' dir='ltr' id='par_1_22' title="bbox 237 2177 1894 2254">
     <span class='ocr_line' id='line_1_22' title="bbox 237 2177 1894 2254; baseline 0.002 -21"><span class='ocrx_word' id='word_1_153' title='bbox 237 2177 525 2244; x_wconf 79' lang='lat' dir='ltr'><strong>ctitatem,</strong></span> <span class='ocrx_word' id='word_1_154' title='bbox 550 2195 732 2235; x_wconf 88' lang='lat' dir='ltr'><strong>unam</strong></span> <span class='ocrx_word' id='word_1_155' title='bbox 752 2179 957 2249; x_wconf 88' lang='lat' dir='ltr'><strong>vitam,</strong></span> <span class='ocrx_word' id='word_1_156' title='bbox 979 2197 1156 2236; x_wconf 90' lang='lat' dir='ltr'><strong>unam</strong></span> <span class='ocrx_word' id='word_1_157' title='bbox 1180 2179 1550 2252; x_wconf 80' lang='lat' dir='ltr'><strong>sapientiam,</strong></span> <span class='ocrx_word' id='word_1_158' title='bbox 1575 2197 1754 2236; x_wconf 90' lang='lat' dir='ltr'><strong>unam</strong></span> <span class='ocrx_word' id='word_1_159' title='bbox 1775 2180 1894 2254; x_wconf 80' lang='lat' dir='ltr'><strong>glo-</strong></span> 
     </span>
    </p>
   </div>
   <div class='ocr_carea' id='block_1_23' title="bbox 238 2267 1890 2337">
    <p class='ocr_par' dir='ltr' id='par_1_23' title="bbox 238 2267 1890 2337">
     <span class='ocr_line' id='line_1_23' title="bbox 238 2267 1890 2337; baseline 0.001 -13"><span class='ocrx_word' id='word_1_160' title='bbox 238 2267 408 2336; x_wconf 79' lang='lat' dir='ltr'><strong>riam,</strong></span> <span class='ocrx_word' id='word_1_161' title='bbox 433 2284 622 2324; x_wconf 86' lang='lat' dir='ltr'><strong>unum</strong></span> <span class='ocrx_word' id='word_1_162' title='bbox 641 2268 1128 2336; x_wconf 89' lang='lat' dir='ltr'><strong>timorem,unum</strong></span> <span class='ocrx_word' id='word_1_163' title='bbox 1151 2286 1616 2337; x_wconf 90' lang='lat' dir='ltr'><strong>amorem,unam</strong></span> <span class='ocrx_word' id='word_1_164' title='bbox 1639 2269 1890 2326; x_wconf 82' lang='lat' dir='ltr'><strong>charita-</strong></span> 
     </span>
    </p>
   </div>
   <div class='ocr_carea' id='block_1_24' title="bbox 239 2355 1887 2427">
    <p class='ocr_par' dir='ltr' id='par_1_24' title="bbox 239 2355 1887 2427">
     <span class='ocr_line' id='line_1_24' title="bbox 239 2355 1887 2427; baseline 0 -13"><span class='ocrx_word' id='word_1_165' title='bbox 239 2359 380 2424; x_wconf 77' lang='lat' dir='ltr'><strong>tem,</strong></span> <span class='ocrx_word' id='word_1_166' title='bbox 410 2372 594 2416; x_wconf 85' lang='lat' dir='ltr'><strong>unam</strong></span> <span class='ocrx_word' id='word_1_167' title='bbox 623 2355 838 2424; x_wconf 91' lang='lat' dir='ltr'><strong>lucem,</strong></span> <span class='ocrx_word' id='word_1_168' title='bbox 871 2375 1053 2414; x_wconf 89' lang='lat' dir='ltr'><strong>unam</strong></span> <span class='ocrx_word' id='word_1_169' title='bbox 1092 2357 1558 2424; x_wconf 89' lang='lat' dir='ltr'><strong>salutem,unam</strong></span> <span class='ocrx_word' id='word_1_170' title='bbox 1590 2357 1887 2427; x_wconf 77' lang='lat' dir='ltr'><strong>virtutem,</strong></span> 
     </span>
    </p>
   </div>
   <div class='ocr_carea' id='block_1_25' title="bbox 237 2448 1886 2519">
    <p class='ocr_par' dir='ltr' id='par_1_25' title="bbox 237 2448 1886 2519">
     <span class='ocr_line' id='line_1_25' title="bbox 237 2448 1886 2519; baseline 0.001 -18"><span class='ocrx_word' id='word_1_171' title='bbox 237 2460 418 2502; x_wconf 77' lang='lat' dir='ltr'><strong>unam</strong></span> <span class='ocrx_word' id='word_1_172' title='bbox 441 2461 668 2518; x_wconf 81' lang='lat' dir='ltr'><strong>pacem,</strong></span> <span class='ocrx_word' id='word_1_173' title='bbox 692 2463 872 2505; x_wconf 87' lang='lat' dir='ltr'><strong>unam</strong></span> <span class='ocrx_word' id='word_1_174' title='bbox 903 2448 1291 2519; x_wconf 85' lang='lat' dir='ltr'><strong>majestatem,</strong></span> <span class='ocrx_word' id='word_1_175' title='bbox 1317 2465 1495 2503; x_wconf 92' lang='lat' dir='ltr'><strong>unam</strong></span> <span class='ocrx_word' id='word_1_176' title='bbox 1517 2451 1886 2519; x_wconf 90' lang='lat' dir='ltr'><strong>potestatem,</strong></span> 
     </span>
    </p>
   </div>
   <div class='ocr_carea' id='block_1_26' title="bbox 237 2534 1892 2610">
    <p class='ocr_par' dir='ltr' id='par_1_26' title="bbox 237 2534 1892 2610">
     <span class='ocr_line' id='line_1_26' title="bbox 237 2534 1892 2610; baseline 0.001 -19"><span class='ocrx_word' id='word_1_177' title='bbox 237 2551 420 2591; x_wconf 81' lang='lat' dir='ltr'><strong>unam</strong></span> <span class='ocrx_word' id='word_1_178' title='bbox 437 2534 910 2606; x_wconf 87' lang='lat' dir='ltr'><strong>pietatem.Sicut</strong></span> <span class='ocrx_word' id='word_1_179' title='bbox 927 2536 1284 2593; x_wconf 86' lang='lat' dir='ltr'><strong>Athanasius</strong></span> <span class='ocrx_word' id='word_1_180' title='bbox 1305 2536 1362 2592; x_wconf 90' lang='lat' dir='ltr'><strong>in</strong></span> <span class='ocrx_word' id='word_1_181' title='bbox 1387 2535 1573 2610; x_wconf 85' lang='lat' dir='ltr'><strong>capite</strong></span> <span class='ocrx_word' id='word_1_182' title='bbox 1593 2535 1892 2593; x_wconf 89' lang='lat' dir='ltr'><strong>libriocta—</strong></span> 
     </span>
    </p>
   </div>
   <div class='ocr_carea' id='block_1_27' title="bbox 237 2622 1888 2684">
    <p class='ocr_par' dir='ltr' id='par_1_27' title="bbox 237 2622 1888 2684">
     <span class='ocr_line' id='line_1_27' title="bbox 237 2622 1888 2684; baseline -0.001 -4"><span class='ocrx_word' id='word_1_183' title='bbox 237 2623 388 2680; x_wconf 74' lang='lat' dir='ltr'><strong>vide</strong></span> <span class='ocrx_word' id='word_1_184' title='bbox 405 2622 572 2684; x_wconf 72' lang='lat' dir='ltr'><strong>Fidei</strong></span> <span class='ocrx_word' id='word_1_185' title='bbox 611 2623 834 2682; x_wconf 87' lang='lat' dir='ltr'><strong>unitate</strong></span> <span class='ocrx_word' id='word_1_186' title='bbox 872 2625 1048 2682; x_wconf 89' lang='lat' dir='ltr'><strong>dicit:</strong></span> <span class='ocrx_word' id='word_1_187' title='bbox 1083 2648 1110 2676; x_wconf 84' lang='lat'>«</span> <span class='ocrx_word' id='word_1_188' title='bbox 1138 2627 1306 2682; x_wconf 85' lang='lat' dir='ltr'><strong>Fides</strong></span> <span class='ocrx_word' id='word_1_189' title='bbox 1336 2626 1515 2682; x_wconf 89' lang='lat' dir='ltr'><strong>unius</strong></span> <span class='ocrx_word' id='word_1_190' title='bbox 1545 2625 1888 2682; x_wconf 63' lang='lat' dir='ltr'><strong>substantia:</strong></span> 
     </span>
    </p>
   </div>
   <div class='ocr_carea' id='block_1_28' title="bbox 239 2711 1887 2788">
    <p class='ocr_par' dir='ltr' id='par_1_28' title="bbox 239 2711 1887 2788">
     <span class='ocr_line' id='line_1_28' title="bbox 239 2711 1887 2788; baseline 0.001 -20"><span class='ocrx_word' id='word_1_191' title='bbox 239 2711 544 2770; x_wconf 73' lang='lat' dir='ltr'><strong>Trinitatis</strong></span> <span class='ocrx_word' id='word_1_192' title='bbox 569 2711 692 2768; x_wconf 73' lang='lat' dir='ltr'><strong>haec</strong></span> <span class='ocrx_word' id='word_1_193' title='bbox 722 2718 832 2782; x_wconf 91' lang='lat' dir='ltr'><strong>est,</strong></span> <span class='ocrx_word' id='word_1_194' title='bbox 868 2714 1054 2770; x_wconf 87' lang='lat' dir='ltr'><strong>Patris</strong></span> <span class='ocrx_word' id='word_1_195' title='bbox 1085 2719 1144 2772; x_wconf 94' lang='lat' dir='ltr'><strong>et</strong></span> <span class='ocrx_word' id='word_1_196' title='bbox 1169 2715 1297 2771; x_wconf 87' lang='lat' dir='ltr'><strong>Filii</strong></span> <span class='ocrx_word' id='word_1_197' title='bbox 1328 2719 1385 2770; x_wconf 91' lang='lat' dir='ltr'><strong>et</strong></span> <span class='ocrx_word' id='word_1_198' title='bbox 1413 2714 1668 2788; x_wconf 87' lang='lat' dir='ltr'><strong>Spiritus</strong></span> <span class='ocrx_word' id='word_1_199' title='bbox 1699 2715 1887 2770; x_wconf 86' lang='lat' dir='ltr'><strong>sancti</strong></span> 
     </span>
    </p>
   </div>
   <div class='ocr_carea' id='block_1_29' title="bbox 233 2801 1887 2876">
    <p class='ocr_par' dir='ltr' id='par_1_29' title="bbox 233 2801 1887 2876">
     <span class='ocr_line' id='line_1_29' title="bbox 233 2801 1887 2876; baseline -0.003 -12"><span class='ocrx_word' id='word_1_200' title='bbox 233 2801 356 2864; x_wconf 68' lang='lat' dir='ltr'><strong>Uine</strong></span> <span class='ocrx_word' id='word_1_201' title='bbox 384 2801 555 2859; x_wconf 84' lang='lat' dir='ltr'><strong>initio</strong></span> <span class='ocrx_word' id='word_1_202' title='bbox 589 2806 940 2875; x_wconf 79' lang='lat' dir='ltr'><strong>temporum,</strong></span> <span class='ocrx_word' id='word_1_203' title='bbox 964 2821 1142 2876; x_wconf 91' lang='lat' dir='ltr'><strong>super</strong></span> <span class='ocrx_word' id='word_1_204' title='bbox 1169 2820 1405 2860; x_wconf 90' lang='lat' dir='ltr'><strong>omnem</strong></span> <span class='ocrx_word' id='word_1_205' title='bbox 1436 2821 1677 2862; x_wconf 89' lang='lat' dir='ltr'><strong>sensum</strong></span> <span class='ocrx_word' id='word_1_206' title='bbox 1695 2809 1752 2860; x_wconf 92' lang='lat' dir='ltr'><strong>et</strong></span> <span class='ocrx_word' id='word_1_207' title='bbox 1773 2821 1887 2860; x_wconf 86' lang='lat' dir='ltr'><strong>ser-</strong></span> 
     </span>
    </p>
   </div>
   <div class='ocr_carea' id='block_1_30' title="bbox 231 2891 1884 2966">
    <p class='ocr_par' dir='ltr' id='par_1_30' title="bbox 231 2891 1884 2966">
     <span class='ocr_line' id='line_1_30' title="bbox 231 2891 1884 2966; baseline 0 -18"><span class='ocrx_word' id='word_1_208' title='bbox 231 2906 462 2948; x_wconf 76' lang='lat' dir='ltr'><strong>monem</strong></span> <span class='ocrx_word' id='word_1_209' title='bbox 483 2896 544 2949; x_wconf 87' lang='lat' dir='ltr'><strong>et</strong></span> <span class='ocrx_word' id='word_1_210' title='bbox 561 2891 856 2966; x_wconf 84' lang='lat' dir='ltr'><strong>spiritum,</strong></span> <span class='ocrx_word' id='word_1_211' title='bbox 881 2911 1000 2950; x_wconf 88' lang='lat' dir='ltr'><strong>una</strong></span> <span class='ocrx_word' id='word_1_212' title='bbox 1020 2892 1205 2950; x_wconf 90' lang='lat' dir='ltr'><strong>virtus</strong></span> <span class='ocrx_word' id='word_1_213' title='bbox 1226 2911 1381 2950; x_wconf 90' lang='lat' dir='ltr'><strong>unus</strong></span> <span class='ocrx_word' id='word_1_214' title='bbox 1403 2894 1576 2963; x_wconf 89' lang='lat' dir='ltr'><strong>Deus,</strong></span> <span class='ocrx_word' id='word_1_215' title='bbox 1607 2893 1722 2962; x_wconf 82' lang='lat' dir='ltr'><strong>tria</strong></span> <span class='ocrx_word' id='word_1_216' title='bbox 1750 2910 1884 2948; x_wconf 85' lang='lat' dir='ltr'><strong>vero</strong></span> 
     </span>
    </p>
   </div>
   <div class='ocr_carea' id='block_1_31' title="bbox 228 2980 1887 3056">
    <p class='ocr_par' dir='ltr' id='par_1_31' title="bbox 228 2980 1887 3056">
     <span class='ocr_line' id='line_1_31' title="bbox 228 2980 1887 3056; baseline 0.001 -20"><span class='ocrx_word' id='word_1_217' title='bbox 228 2980 654 3050; x_wconf 76' lang='lat' dir='ltr'><strong>vocabula,una</strong></span> <span class='ocrx_word' id='word_1_218' title='bbox 671 2986 991 3054; x_wconf 82' lang='lat' dir='ltr'><strong>potestas.»</strong></span> <span class='ocrx_word' id='word_1_219' title='bbox 1014 2984 1084 3038; x_wconf 88' lang='lat' dir='ltr'><strong>Et</strong></span> <span class='ocrx_word' id='word_1_220' title='bbox 1103 2983 1225 3040; x_wconf 75' lang='lat' dir='ltr'><strong>haec</strong></span> <span class='ocrx_word' id='word_1_221' title='bbox 1246 2981 1446 3039; x_wconf 88' lang='lat' dir='ltr'><strong>omnia</strong></span> <span class='ocrx_word' id='word_1_222' title='bbox 1465 2983 1519 3038; x_wconf 88' lang='lat' dir='ltr'><strong>id</strong></span> <span class='ocrx_word' id='word_1_223' title='bbox 1529 3000 1616 3049; x_wconf 88' lang='lat' dir='ltr'><strong>eo,</strong></span> <span class='ocrx_word' id='word_1_224' title='bbox 1638 2983 1800 3056; x_wconf 88' lang='lat' dir='ltr'><strong>quia,</strong></span> <span class='ocrx_word' id='word_1_225' title='bbox 1821 2985 1887 3038; x_wconf 88' lang='lat' dir='ltr'><strong>ut</strong></span> 
     </span>
    </p>
   </div>
   <div class='ocr_carea' id='block_1_32' title="bbox 227 3069 1886 3142">
    <p class='ocr_par' dir='ltr' id='par_1_32' title="bbox 227 3069 1886 3142">
     <span class='ocr_line' id='line_1_32' title="bbox 227 3069 1886 3142; baseline 0.001 -17"><span class='ocrx_word' id='word_1_226' title='bbox 227 3069 591 3142; x_wconf 78' lang='lat' dir='ltr'><strong>Augustinus</strong></span> <span class='ocrx_word' id='word_1_227' title='bbox 619 3074 679 3126; x_wconf 91' lang='lat' dir='ltr'><strong>et</strong></span> <span class='ocrx_word' id='word_1_228' title='bbox 705 3073 898 3126; x_wconf 71' lang='lat' dir='ltr'><strong>caeteri</strong></span> <span class='ocrx_word' id='word_1_229' title='bbox 945 3071 1218 3128; x_wconf 85' lang='lat' dir='ltr'><strong>catholici</strong></span> <span class='ocrx_word' id='word_1_230' title='bbox 1259 3072 1524 3128; x_wconf 89' lang='lat' dir='ltr'><strong>doctores</strong></span> <span class='ocrx_word' id='word_1_231' title='bbox 1555 3070 1779 3138; x_wconf 89' lang='lat' dir='ltr'><strong>dicunt,</strong></span> <span class='ocrx_word' id='word_1_232' title='bbox 1814 3071 1886 3126; x_wconf 89' lang='lat' dir='ltr'><strong>de</strong></span> 
     </span>
    </p>
   </div>
   <div class='ocr_carea' id='block_1_33' title="bbox 225 3153 1876 3233">
    <p class='ocr_par' dir='ltr' id='par_1_33' title="bbox 225 3153 1876 3233">
     <span class='ocr_line' id='line_1_33' title="bbox 225 3153 1876 3233; baseline -0.002 -15"><span class='ocrx_word' id='word_1_233' title='bbox 225 3173 476 3230; x_wconf 73' lang='lat' dir='ltr'><strong>quorum</strong></span> <span class='ocrx_word' id='word_1_234' title='bbox 493 3160 686 3218; x_wconf 87' lang='lat' dir='ltr'><strong>verbis</strong></span> <span class='ocrx_word' id='word_1_235' title='bbox 705 3165 763 3218; x_wconf 90' lang='lat' dir='ltr'><strong>et</strong></span> <span class='ocrx_word' id='word_1_236' title='bbox 791 3159 1066 3218; x_wconf 88' lang='lat' dir='ltr'><strong>sensibus</strong></span> <span class='ocrx_word' id='word_1_237' title='bbox 1095 3161 1218 3218; x_wconf 66' lang='lat' dir='ltr'><strong>haec</strong></span> <span class='ocrx_word' id='word_1_238' title='bbox 1247 3160 1307 3216; x_wconf 90' lang='lat' dir='ltr'><strong>in</strong></span> <span class='ocrx_word' id='word_1_239' title='bbox 1340 3161 1574 3233; x_wconf 67' lang='lat' dir='ltr'><strong>praefato</strong></span> <span class='ocrx_word' id='word_1_240' title='bbox 1595 3153 1754 3216; x_wconf 84' lang='lat' dir='ltr'><strong>libro</strong></span> <span class='ocrx_word' id='word_1_241' title='bbox 1787 3159 1876 3215; x_wconf 90' lang='lat' dir='ltr'><strong>vir</strong></span> 
     </span>
    </p>
   </div>
   <div class='ocr_carea' id='block_1_34' title="bbox 2013 577 3662 650">
    <p class='ocr_par' dir='ltr' id='par_1_34' title="bbox 2013 577 3662 650">
     <span class='ocr_line' id='line_1_34' title="bbox 2013 577 3662 650; baseline 0.003 -17"><span class='ocrx_word' id='word_1_242' title='bbox 2013 581 2204 650; x_wconf 90' lang='lat' dir='ltr'><strong>potest</strong></span> <span class='ocrx_word' id='word_1_243' title='bbox 2233 577 2590 648; x_wconf 84' lang='lat' dir='ltr'><strong>separabiles</strong></span> <span class='ocrx_word' id='word_1_244' title='bbox 2618 577 2833 634; x_wconf 90' lang='lat' dir='ltr'><strong>habere</strong></span> <span class='ocrx_word' id='word_1_245' title='bbox 2861 594 3160 649; x_wconf 86' lang='lat' dir='ltr'><strong>personas.</strong></span> <span class='ocrx_word' id='word_1_246' title='bbox 3194 578 3321 635; x_wconf 69' lang='lat' dir='ltr'><strong>Haec</strong></span> <span class='ocrx_word' id='word_1_247' title='bbox 3348 597 3480 637; x_wconf 89' lang='lat' dir='ltr'><strong>vero</strong></span> <span class='ocrx_word' id='word_1_248' title='bbox 3499 597 3662 638; x_wconf 86' lang='lat' dir='ltr'><strong>sum-</strong></span> 
     </span>
    </p>
   </div>
   <div class='ocr_carea' id='block_1_35' title="bbox 2012 665 3657 742">
    <p class='ocr_par' dir='ltr' id='par_1_35' title="bbox 2012 665 3657 742">
     <span class='ocr_line' id='line_1_35' title="bbox 2012 665 3657 742; baseline 0.002 -20"><span class='ocrx_word' id='word_1_249' title='bbox 2012 683 2122 722; x_wconf 70' lang='lat' dir='ltr'><strong>ma:</strong></span> <span class='ocrx_word' id='word_1_250' title='bbox 2143 665 2446 722; x_wconf 90' lang='lat' dir='ltr'><strong>Trinitatis</strong></span> <span class='ocrx_word' id='word_1_251' title='bbox 2467 671 2641 738; x_wconf 86' lang='lat' dir='ltr'><strong>atque</strong></span> <span class='ocrx_word' id='word_1_252' title='bbox 2670 665 2981 721; x_wconf 69' lang='lat' dir='ltr'><strong>individua:</strong></span> <span class='ocrx_word' id='word_1_253' title='bbox 3007 665 3246 722; x_wconf 83' lang='lat' dir='ltr'><strong>unitatis</strong></span> <span class='ocrx_word' id='word_1_254' title='bbox 3268 671 3497 736; x_wconf 89' lang='lat' dir='ltr'><strong>natura,</strong></span> <span class='ocrx_word' id='word_1_255' title='bbox 3529 686 3657 742; x_wconf 60' lang='lat' dir='ltr'><strong>quae</strong></span> 
     </span>
    </p>
   </div>
   <div class='ocr_carea' id='block_1_36' title="bbox 2011 753 3658 827">
    <p class='ocr_par' dir='ltr' id='par_1_36' title="bbox 2011 753 3658 827">
     <span class='ocr_line' id='line_1_36' title="bbox 2011 753 3658 827; baseline 0.002 -17"><span class='ocrx_word' id='word_1_256' title='bbox 2011 758 2100 810; x_wconf 89' lang='lat' dir='ltr'><strong>est</strong></span> <span class='ocrx_word' id='word_1_257' title='bbox 2121 755 2246 811; x_wconf 88' lang='lat' dir='ltr'><strong>sola</strong></span> <span class='ocrx_word' id='word_1_258' title='bbox 2269 755 2484 827; x_wconf 89' lang='lat' dir='ltr'><strong>ubique</strong></span> <span class='ocrx_word' id='word_1_259' title='bbox 2506 759 2644 821; x_wconf 89' lang='lat' dir='ltr'><strong>tota,</strong></span> <span class='ocrx_word' id='word_1_260' title='bbox 2670 753 2822 811; x_wconf 87' lang='lat' dir='ltr'><strong>sicut</strong></span> <span class='ocrx_word' id='word_1_261' title='bbox 2852 754 3069 827; x_wconf 91' lang='lat' dir='ltr'><strong>ubique</strong></span> <span class='ocrx_word' id='word_1_262' title='bbox 3091 754 3540 826; x_wconf 88' lang='lat' dir='ltr'><strong>inseparabilem</strong></span> <span class='ocrx_word' id='word_1_263' title='bbox 3561 757 3658 814; x_wconf 90' lang='lat' dir='ltr'><strong>ha-</strong></span> 
     </span>
    </p>
   </div>
   <div class='ocr_carea' id='block_1_37' title="bbox 2010 843 3655 916">
    <p class='ocr_par' dir='ltr' id='par_1_37' title="bbox 2010 843 3655 916">
     <span class='ocr_line' id='line_1_37' title="bbox 2010 843 3655 916; baseline 0.003 -17"><span class='ocrx_word' id='word_1_264' title='bbox 2010 843 2108 900; x_wconf 90' lang='lat' dir='ltr'><strong>bet</strong></span> <span class='ocrx_word' id='word_1_265' title='bbox 2121 845 2406 899; x_wconf 88' lang='lat' dir='ltr'><strong>unitatem</strong></span> <span class='ocrx_word' id='word_1_266' title='bbox 2423 849 2639 900; x_wconf 67' lang='lat' dir='ltr'><strong>natura:</strong></span> <span class='ocrx_word' id='word_1_267' title='bbox 2653 843 2738 899; x_wconf 90' lang='lat' dir='ltr'><strong>vel</strong></span> <span class='ocrx_word' id='word_1_268' title='bbox 2754 843 2967 916; x_wconf 89' lang='lat' dir='ltr'><strong>operis,</strong></span> <span class='ocrx_word' id='word_1_269' title='bbox 2988 843 3072 899; x_wconf 91' lang='lat' dir='ltr'><strong>sic</strong></span> <span class='ocrx_word' id='word_1_270' title='bbox 3095 843 3520 916; x_wconf 86' lang='lat' dir='ltr'><strong>separationem</strong></span> <span class='ocrx_word' id='word_1_271' title='bbox 3541 863 3655 904; x_wconf 90' lang='lat' dir='ltr'><strong>non</strong></span> 
     </span>
    </p>
   </div>
   <div class='ocr_carea' id='block_1_38' title="bbox 2009 933 3656 1006">
    <p class='ocr_par' dir='ltr' id='par_1_38' title="bbox 2009 933 3656 1006">
     <span class='ocr_line' id='line_1_38' title="bbox 2009 933 3656 1006; baseline 0.001 -17"><span class='ocrx_word' id='word_1_272' title='bbox 2009 937 2200 1006; x_wconf 89' lang='lat' dir='ltr'><strong>potest</strong></span> <span class='ocrx_word' id='word_1_273' title='bbox 2242 933 2495 1006; x_wconf 86' lang='lat' dir='ltr'><strong>recipere</strong></span> <span class='ocrx_word' id='word_1_274' title='bbox 2542 949 2945 1006; x_wconf 89' lang='lat' dir='ltr'><strong>personarum.</strong></span> <span class='ocrx_word' id='word_1_275' title='bbox 2980 933 3112 1004; x_wconf 88' lang='lat' dir='ltr'><strong>Ipsa</strong></span> <span class='ocrx_word' id='word_1_276' title='bbox 3157 933 3355 1006; x_wconf 84' lang='lat' dir='ltr'><strong>itaque</strong></span> <span class='ocrx_word' id='word_1_277' title='bbox 3397 933 3656 1006; x_wconf 86' lang='lat' dir='ltr'><strong>operatio</strong></span> 
     </span>
    </p>
   </div>
   <div class='ocr_carea' id='block_1_39' title="bbox 2009 1021 3659 1091">
    <p class='ocr_par' dir='ltr' id='par_1_39' title="bbox 2009 1021 3659 1091">
     <span class='ocr_line' id='line_1_39' title="bbox 2009 1021 3659 1091; baseline 0.001 -13"><span class='ocrx_word' id='word_1_278' title='bbox 2009 1022 2132 1091; x_wconf 90' lang='lat' dir='ltr'><strong>Dei,</strong></span> <span class='ocrx_word' id='word_1_279' title='bbox 2165 1023 2222 1078; x_wconf 92' lang='lat' dir='ltr'><strong>id</strong></span> <span class='ocrx_word' id='word_1_280' title='bbox 2257 1027 2345 1078; x_wconf 89' lang='lat' dir='ltr'><strong>est</strong></span> <span class='ocrx_word' id='word_1_281' title='bbox 2375 1025 2586 1078; x_wconf 66' lang='lat' dir='ltr'><strong>sancta:</strong></span> <span class='ocrx_word' id='word_1_282' title='bbox 2636 1021 2962 1088; x_wconf 85' lang='lat' dir='ltr'><strong>Trinitatis,</strong></span> <span class='ocrx_word' id='word_1_283' title='bbox 2993 1021 3263 1078; x_wconf 89' lang='lat' dir='ltr'><strong>voluntas</strong></span> <span class='ocrx_word' id='word_1_284' title='bbox 3313 1026 3404 1077; x_wconf 88' lang='lat' dir='ltr'><strong>est</strong></span> <span class='ocrx_word' id='word_1_285' title='bbox 3445 1021 3568 1091; x_wconf 92' lang='lat' dir='ltr'><strong>Dei,</strong></span> <span class='ocrx_word' id='word_1_286' title='bbox 3601 1027 3659 1080; x_wconf 90' lang='lat' dir='ltr'><strong>et</strong></span> 
     </span>
    </p>
   </div>
   <div class='ocr_carea' id='block_1_40' title="bbox 2006 1111 3656 1184">
    <p class='ocr_par' dir='ltr' id='par_1_40' title="bbox 2006 1111 3656 1184">
     <span class='ocr_line' id='line_1_40' title="bbox 2006 1111 3656 1184; baseline 0 -18"><span class='ocrx_word' id='word_1_287' title='bbox 2006 1111 2277 1168; x_wconf 89' lang='lat' dir='ltr'><strong>voluntas</strong></span> <span class='ocrx_word' id='word_1_288' title='bbox 2299 1112 2400 1169; x_wconf 91' lang='lat' dir='ltr'><strong>Dei</strong></span> <span class='ocrx_word' id='word_1_289' title='bbox 2424 1113 2671 1184; x_wconf 86' lang='lat' dir='ltr'><strong>simplex</strong></span> <span class='ocrx_word' id='word_1_290' title='bbox 2695 1115 2802 1179; x_wconf 90' lang='lat' dir='ltr'><strong>est,</strong></span> <span class='ocrx_word' id='word_1_291' title='bbox 2827 1115 2884 1167; x_wconf 92' lang='lat' dir='ltr'><strong>et</strong></span> <span class='ocrx_word' id='word_1_292' title='bbox 2906 1127 3138 1182; x_wconf 89' lang='lat' dir='ltr'><strong>semper</strong></span> <span class='ocrx_word' id='word_1_293' title='bbox 3156 1111 3217 1165; x_wconf 91' lang='lat' dir='ltr'><strong>in</strong></span> <span class='ocrx_word' id='word_1_294' title='bbox 3239 1111 3437 1184; x_wconf 91' lang='lat' dir='ltr'><strong>requie</strong></span> <span class='ocrx_word' id='word_1_295' title='bbox 3469 1112 3656 1168; x_wconf 88' lang='lat' dir='ltr'><strong>beati-</strong></span> 
     </span>
    </p>
   </div>
   <div class='ocr_carea' id='block_1_41' title="bbox 2008 1199 3656 1272">
    <p class='ocr_par' dir='ltr' id='par_1_41' title="bbox 2008 1199 3656 1272">
     <span class='ocr_line' id='line_1_41' title="bbox 2008 1199 3656 1272; baseline 0.001 -16"><span class='ocrx_word' id='word_1_296' title='bbox 2008 1201 2250 1257; x_wconf 88' lang='lat' dir='ltr'><strong>tudinis.</strong></span> <span class='ocrx_word' id='word_1_297' title='bbox 2283 1203 2398 1258; x_wconf 82' lang='lat' dir='ltr'><strong>Nec</strong></span> <span class='ocrx_word' id='word_1_298' title='bbox 2427 1201 2584 1257; x_wconf 84' lang='lat' dir='ltr'><strong>aliud</strong></span> <span class='ocrx_word' id='word_1_299' title='bbox 2617 1206 2705 1258; x_wconf 88' lang='lat' dir='ltr'><strong>est</strong></span> <span class='ocrx_word' id='word_1_300' title='bbox 2735 1201 2848 1256; x_wconf 87' lang='lat' dir='ltr'><strong>Deo</strong></span> <span class='ocrx_word' id='word_1_301' title='bbox 2879 1199 3126 1272; x_wconf 85' lang='lat' dir='ltr'><strong>operari,</strong></span> <span class='ocrx_word' id='word_1_302' title='bbox 3159 1199 3318 1256; x_wconf 84' lang='lat' dir='ltr'><strong>aliud</strong></span> <span class='ocrx_word' id='word_1_303' title='bbox 3359 1200 3524 1269; x_wconf 87' lang='lat' dir='ltr'><strong>velle,</strong></span> <span class='ocrx_word' id='word_1_304' title='bbox 3553 1203 3656 1258; x_wconf 87' lang='lat' dir='ltr'><strong>sed</strong></span> 
     </span>
    </p>
   </div>
   <div class='ocr_carea' id='block_1_42' title="bbox 2005 1289 3656 1363">
    <p class='ocr_par' dir='ltr' id='par_1_42' title="bbox 2005 1289 3656 1363">
     <span class='ocr_line' id='line_1_42' title="bbox 2005 1289 3656 1363; baseline 0 -17"><span class='ocrx_word' id='word_1_305' title='bbox 2005 1289 2162 1346; x_wconf 91' lang='lat' dir='ltr'><strong>idem</strong></span> <span class='ocrx_word' id='word_1_306' title='bbox 2186 1296 2274 1347; x_wconf 89' lang='lat' dir='ltr'><strong>est</strong></span> <span class='ocrx_word' id='word_1_307' title='bbox 2299 1291 2380 1345; x_wconf 90' lang='lat' dir='ltr'><strong>illi</strong></span> <span class='ocrx_word' id='word_1_308' title='bbox 2403 1291 2548 1347; x_wconf 89' lang='lat' dir='ltr'><strong>velle</strong></span> <span class='ocrx_word' id='word_1_309' title='bbox 2570 1295 2628 1348; x_wconf 92' lang='lat' dir='ltr'><strong>et</strong></span> <span class='ocrx_word' id='word_1_310' title='bbox 2649 1289 2896 1363; x_wconf 88' lang='lat' dir='ltr'><strong>operari,</strong></span> <span class='ocrx_word' id='word_1_311' title='bbox 2921 1289 3063 1362; x_wconf 89' lang='lat' dir='ltr'><strong>quia</strong></span> <span class='ocrx_word' id='word_1_312' title='bbox 3082 1289 3352 1346; x_wconf 88' lang='lat' dir='ltr'><strong>voluntas</strong></span> <span class='ocrx_word' id='word_1_313' title='bbox 3381 1289 3484 1346; x_wconf 91' lang='lat' dir='ltr'><strong>Dei</strong></span> <span class='ocrx_word' id='word_1_314' title='bbox 3515 1292 3656 1346; x_wconf 77' lang='lat' dir='ltr'><strong>effo-</strong></span> 
     </span>
    </p>
   </div>
   <div class='ocr_carea' id='block_1_43' title="bbox 2005 1379 3652 1454">
    <p class='ocr_par' dir='ltr' id='par_1_43' title="bbox 2005 1379 3652 1454">
     <span class='ocr_line' id='line_1_43' title="bbox 2005 1379 3652 1454; baseline 0 -18"><span class='ocrx_word' id='word_1_315' title='bbox 2005 1379 2158 1436; x_wconf 89' lang='lat' dir='ltr'><strong>ctiva</strong></span> <span class='ocrx_word' id='word_1_316' title='bbox 2177 1379 2434 1454; x_wconf 88' lang='lat' dir='ltr'><strong>potentia</strong></span> <span class='ocrx_word' id='word_1_317' title='bbox 2453 1385 2562 1436; x_wconf 91' lang='lat' dir='ltr'><strong>est.</strong></span> <span class='ocrx_word' id='word_1_318' title='bbox 2591 1381 2706 1437; x_wconf 89' lang='lat' dir='ltr'><strong>Nec</strong></span> <span class='ocrx_word' id='word_1_319' title='bbox 2728 1381 2842 1436; x_wconf 88' lang='lat' dir='ltr'><strong>Deo</strong></span> <span class='ocrx_word' id='word_1_320' title='bbox 2865 1379 3024 1436; x_wconf 89' lang='lat' dir='ltr'><strong>aliud</strong></span> <span class='ocrx_word' id='word_1_321' title='bbox 3049 1382 3284 1436; x_wconf 87' lang='lat' dir='ltr'><strong>estesse</strong></span> <span class='ocrx_word' id='word_1_322' title='bbox 3304 1379 3464 1435; x_wconf 89' lang='lat' dir='ltr'><strong>aliud</strong></span> <span class='ocrx_word' id='word_1_323' title='bbox 3488 1379 3652 1448; x_wconf 87' lang='lat' dir='ltr'><strong>velle,</strong></span> 
     </span>
    </p>
   </div>
   <div class='ocr_carea' id='block_1_44' title="bbox 2005 1468 3652 1542">
    <p class='ocr_par' dir='ltr' id='par_1_44' title="bbox 2005 1468 3652 1542">
     <span class='ocr_line' id='line_1_44' title="bbox 2005 1468 3652 1542; baseline 0 -16"><span class='ocrx_word' id='word_1_324' title='bbox 2005 1470 2107 1526; x_wconf 90' lang='lat' dir='ltr'><strong>sed</strong></span> <span class='ocrx_word' id='word_1_325' title='bbox 2141 1487 2326 1525; x_wconf 87' lang='lat' dir='ltr'><strong>unum</strong></span> <span class='ocrx_word' id='word_1_326' title='bbox 2359 1474 2533 1542; x_wconf 90' lang='lat' dir='ltr'><strong>atque</strong></span> <span class='ocrx_word' id='word_1_327' title='bbox 2565 1470 2805 1536; x_wconf 89' lang='lat' dir='ltr'><strong>idem,et</strong></span> <span class='ocrx_word' id='word_1_328' title='bbox 2828 1469 2936 1525; x_wconf 91' lang='lat' dir='ltr'><strong>hoc</strong></span> <span class='ocrx_word' id='word_1_329' title='bbox 2966 1473 3155 1524; x_wconf 90' lang='lat' dir='ltr'><strong>totum</strong></span> <span class='ocrx_word' id='word_1_330' title='bbox 3187 1468 3652 1541; x_wconf 84' lang='lat' dir='ltr'><strong>simplex,totum</strong></span> 
     </span>
    </p>
   </div>
   <div class='ocr_carea' id='block_1_45' title="bbox 2006 1557 3654 1630">
    <p class='ocr_par' dir='ltr' id='par_1_45' title="bbox 2006 1557 3654 1630">
     <span class='ocr_line' id='line_1_45' title="bbox 2006 1557 3654 1630; baseline -0.001 -15"><span class='ocrx_word' id='word_1_331' title='bbox 2006 1559 2229 1628; x_wconf 85' lang='lat' dir='ltr'><strong>Unitas,</strong></span> <span class='ocrx_word' id='word_1_332' title='bbox 2271 1563 2459 1615; x_wconf 90' lang='lat' dir='ltr'><strong>totum</strong></span> <span class='ocrx_word' id='word_1_333' title='bbox 2497 1559 2997 1630; x_wconf 82' lang='lat' dir='ltr'><strong>Trinitas,_totum</strong></span> <span class='ocrx_word' id='word_1_334' title='bbox 3026 1565 3256 1630; x_wconf 77' lang='grc' dir='ltr'><strong>ὁμούσιον</strong></span> <span class='ocrx_word' id='word_1_335' title='bbox 3286 1575 3300 1625; x_wconf 91' lang='grc'><strong>;</strong></span> <span class='ocrx_word' id='word_1_336' title='bbox 3333 1557 3475 1629; x_wconf 88' lang='lat' dir='ltr'><strong>quia</strong></span> <span class='ocrx_word' id='word_1_337' title='bbox 3524 1575 3654 1615; x_wconf 88' lang='lat' dir='ltr'><strong>esse</strong></span> 
     </span>
    </p>
   </div>
   <div class='ocr_carea' id='block_1_46' title="bbox 2005 1645 3655 1722">
    <p class='ocr_par' dir='ltr' id='par_1_46' title="bbox 2005 1645 3655 1722">
     <span class='ocr_line' id='line_1_46' title="bbox 2005 1645 3655 1722; baseline 0 -19"><span class='ocrx_word' id='word_1_338' title='bbox 2005 1649 2160 1722; x_wconf 91' lang='lat' dir='ltr'><strong>quod</strong></span> <span class='ocrx_word' id='word_1_339' title='bbox 2191 1647 2578 1706; x_wconf 90' lang='lat' dir='ltr'><strong>substantiale</strong></span> <span class='ocrx_word' id='word_1_340' title='bbox 2608 1653 2698 1704; x_wconf 89' lang='lat' dir='ltr'><strong>est</strong></span> <span class='ocrx_word' id='word_1_341' title='bbox 2731 1663 2916 1703; x_wconf 89' lang='lat' dir='ltr'><strong>unum</strong></span> <span class='ocrx_word' id='word_1_342' title='bbox 2945 1650 3035 1703; x_wconf 90' lang='lat' dir='ltr'><strong>est</strong></span> <span class='ocrx_word' id='word_1_343' title='bbox 3064 1645 3123 1702; x_wconf 90' lang='lat' dir='ltr'><strong>in</strong></span> <span class='ocrx_word' id='word_1_344' title='bbox 3155 1646 3321 1702; x_wconf 90' lang='lat' dir='ltr'><strong>Patre</strong></span> <span class='ocrx_word' id='word_1_345' title='bbox 3353 1651 3410 1702; x_wconf 90' lang='lat' dir='ltr'><strong>et</strong></span> <span class='ocrx_word' id='word_1_346' title='bbox 3437 1645 3580 1702; x_wconf 88' lang='lat' dir='ltr'><strong>Filio</strong></span> <span class='ocrx_word' id='word_1_347' title='bbox 3595 1649 3655 1703; x_wconf 89' lang='lat' dir='ltr'><strong>et</strong></span> 
     </span>
    </p>
   </div>
   <div class='ocr_carea' id='block_1_47' title="bbox 2004 1735 3654 1810">
    <p class='ocr_par' dir='ltr' id='par_1_47' title="bbox 2004 1735 3654 1810">
     <span class='ocr_line' id='line_1_47' title="bbox 2004 1735 3654 1810; baseline -0.001 -16"><span class='ocrx_word' id='word_1_348' title='bbox 2004 1737 2225 1810; x_wconf 89' lang='lat' dir='ltr'><strong>Spiritu</strong></span> <span class='ocrx_word' id='word_1_349' title='bbox 2256 1742 2478 1808; x_wconf 90' lang='lat' dir='ltr'><strong>sancto,</strong></span> <span class='ocrx_word' id='word_1_350' title='bbox 2515 1742 2574 1794; x_wconf 89' lang='lat' dir='ltr'><strong>et</strong></span> <span class='ocrx_word' id='word_1_351' title='bbox 2603 1739 2814 1794; x_wconf 88' lang='lat' dir='ltr'><strong>horum</strong></span> <span class='ocrx_word' id='word_1_352' title='bbox 2846 1754 2964 1792; x_wconf 89' lang='lat' dir='ltr'><strong>una</strong></span> <span class='ocrx_word' id='word_1_353' title='bbox 2995 1735 3146 1793; x_wconf 73' lang='lat'><strong>508</strong></span> <span class='ocrx_word' id='word_1_354' title='bbox 3178 1735 3326 1792; x_wconf 90' lang='lat' dir='ltr'><strong>actio</strong></span> <span class='ocrx_word' id='word_1_355' title='bbox 3357 1738 3466 1804; x_wconf 89' lang='lat' dir='ltr'><strong>est,</strong></span> <span class='ocrx_word' id='word_1_356' title='bbox 3501 1735 3654 1792; x_wconf 91' lang='lat' dir='ltr'><strong>sicut</strong></span> 
     </span>
    </p>
   </div>
   <div class='ocr_carea' id='block_1_48' title="bbox 2004 1825 3651 1901">
    <p class='ocr_par' dir='ltr' id='par_1_48' title="bbox 2004 1825 3651 1901">
     <span class='ocr_line' id='line_1_48' title="bbox 2004 1825 3651 1901; baseline 0 -19"><span class='ocrx_word' id='word_1_357' title='bbox 2004 1844 2123 1884; x_wconf 89' lang='lat' dir='ltr'><strong>una</strong></span> <span class='ocrx_word' id='word_1_358' title='bbox 2141 1825 2413 1884; x_wconf 86' lang='lat' dir='ltr'><strong>voluntas</strong></span> <span class='ocrx_word' id='word_1_359' title='bbox 2460 1831 2617 1901; x_wconf 79' lang='lat' dir='ltr'><strong>(cap.</strong></span> <span class='ocrx_word' id='word_1_360' title='bbox 2643 1827 2750 1900; x_wconf 80' lang='grc'><strong>14).</strong></span> <span class='ocrx_word' id='word_1_361' title='bbox 2786 1827 2948 1893; x_wconf 87' lang='lat' dir='ltr'><strong>Quod</strong></span> <span class='ocrx_word' id='word_1_362' title='bbox 2981 1825 3062 1882; x_wconf 88' lang='lat' dir='ltr'><strong>ait</strong></span> <span class='ocrx_word' id='word_1_363' title='bbox 3088 1825 3400 1898; x_wconf 88' lang='lat' dir='ltr'><strong>Apostolus</strong></span> <span class='ocrx_word' id='word_1_364' title='bbox 3434 1843 3448 1881; x_wconf 92' lang='lat'>:</span> <span class='ocrx_word' id='word_1_365' title='bbox 3482 1825 3651 1882; x_wconf 83' lang='lat' dir='ltr'><strong>Chri-</strong></span> 
     </span>
    </p>
   </div>
   <div class='ocr_carea' id='block_1_49' title="bbox 1999 1911 3648 1989">
    <p class='ocr_par' dir='ltr' id='par_1_49' title="bbox 1999 1911 3648 1989">
     <span class='ocr_line' id='line_1_49' title="bbox 1999 1911 3648 1989; baseline 0 -19"><span class='ocrx_word' id='word_1_366' title='bbox 1999 1921 2154 1971; x_wconf 71' lang='lat' dir='ltr'><strong>stum</strong></span> <span class='ocrx_word' id='word_1_367' title='bbox 2186 1919 2294 1973; x_wconf 81' lang='lat' dir='ltr'><strong>Dei</strong></span> <span class='ocrx_word' id='word_1_368' title='bbox 2319 1918 2596 1974; x_wconf 75' lang='lat' dir='ltr'><strong>virtutem</strong></span> <span class='ocrx_word' id='word_1_369' title='bbox 2625 1923 2681 1972; x_wconf 84' lang='lat' dir='ltr'><strong>et</strong></span> <span class='ocrx_word' id='word_1_370' title='bbox 2715 1917 2824 1973; x_wconf 90' lang='lat' dir='ltr'><strong>Dei</strong></span> <span class='ocrx_word' id='word_1_371' title='bbox 2849 1916 3205 1989; x_wconf 73' lang='lat' dir='ltr'><strong>sapientiam</strong></span> <span class='ocrx_word' id='word_1_372' title='bbox 3230 1915 3280 1982; x_wconf 91' lang='lat' dir='ltr'><strong>(I</strong></span> <span class='ocrx_word' id='word_1_373' title='bbox 3305 1911 3438 1972; x_wconf 70' lang='lat' dir='ltr'><strong>Cor.</strong></span> <span class='ocrx_word' id='word_1_374' title='bbox 3463 1932 3503 1982; x_wconf 81' lang='grc' dir='ltr'><strong>ι,</strong></span> <span class='ocrx_word' id='word_1_375' title='bbox 3533 1916 3648 1982; x_wconf 89' lang='grc'><strong>24),</strong></span> 
     </span>
    </p>
   </div>
   <div class='ocr_carea' id='block_1_50' title="bbox 2003 2002 3652 2078">
    <p class='ocr_par' dir='ltr' id='par_1_50' title="bbox 2003 2002 3652 2078">
     <span class='ocr_line' id='line_1_50' title="bbox 2003 2002 3652 2078; baseline 0 -18"><span class='ocrx_word' id='word_1_376' title='bbox 2003 2022 2117 2061; x_wconf 90' lang='lat' dir='ltr'><strong>non</strong></span> <span class='ocrx_word' id='word_1_377' title='bbox 2136 2005 2216 2062; x_wconf 89' lang='lat' dir='ltr'><strong>ita</strong></span> <span class='ocrx_word' id='word_1_378' title='bbox 2233 2005 2679 2078; x_wconf 80' lang='lat' dir='ltr'><strong>intelligendum</strong></span> <span class='ocrx_word' id='word_1_379' title='bbox 2697 2009 2806 2070; x_wconf 88' lang='lat' dir='ltr'><strong>est,</strong></span> <span class='ocrx_word' id='word_1_380' title='bbox 2830 2005 2986 2076; x_wconf 91' lang='lat' dir='ltr'><strong>quod</strong></span> <span class='ocrx_word' id='word_1_381' title='bbox 3011 2004 3180 2060; x_wconf 90' lang='lat' dir='ltr'><strong>Pater</strong></span> <span class='ocrx_word' id='word_1_382' title='bbox 3200 2002 3314 2059; x_wconf 90' lang='lat' dir='ltr'><strong>dici</strong></span> <span class='ocrx_word' id='word_1_383' title='bbox 3337 2020 3451 2059; x_wconf 90' lang='lat' dir='ltr'><strong>non</strong></span> <span class='ocrx_word' id='word_1_384' title='bbox 3464 2003 3652 2075; x_wconf 88' lang='lat' dir='ltr'><strong>possit</strong></span> 
     </span>
    </p>
   </div>
   <div class='ocr_carea' id='block_1_51' title="bbox 2000 2091 3651 2167">
    <p class='ocr_par' dir='ltr' id='par_1_51' title="bbox 2000 2091 3651 2167">
     <span class='ocr_line' id='line_1_51' title="bbox 2000 2091 3651 2167; baseline -0.001 -19"><span class='ocrx_word' id='word_1_385' title='bbox 2000 2093 2186 2150; x_wconf 89' lang='lat' dir='ltr'><strong>virtus</strong></span> <span class='ocrx_word' id='word_1_386' title='bbox 2205 2094 2294 2150; x_wconf 89' lang='lat' dir='ltr'><strong>vel</strong></span> <span class='ocrx_word' id='word_1_387' title='bbox 2325 2093 2630 2167; x_wconf 87' lang='lat' dir='ltr'><strong>sapientia,</strong></span> <span class='ocrx_word' id='word_1_388' title='bbox 2655 2093 2808 2150; x_wconf 88' lang='lat' dir='ltr'><strong>sicut</strong></span> <span class='ocrx_word' id='word_1_389' title='bbox 2841 2093 2956 2150; x_wconf 89' lang='lat' dir='ltr'><strong>dici</strong></span> <span class='ocrx_word' id='word_1_390' title='bbox 2986 2109 3102 2148; x_wconf 91' lang='lat' dir='ltr'><strong>non</strong></span> <span class='ocrx_word' id='word_1_391' title='bbox 3138 2094 3334 2164; x_wconf 86' lang='lat' dir='ltr'><strong>potest</strong></span> <span class='ocrx_word' id='word_1_392' title='bbox 3352 2091 3534 2162; x_wconf 83' lang='lat' dir='ltr'><strong>Filius</strong></span> <span class='ocrx_word' id='word_1_393' title='bbox 3561 2091 3651 2148; x_wconf 89' lang='lat' dir='ltr'><strong>vel</strong></span> 
     </span>
    </p>
   </div>
   <div class='ocr_carea' id='block_1_52' title="bbox 1999 2179 3649 2256">
    <p class='ocr_par' dir='ltr' id='par_1_52' title="bbox 1999 2179 3649 2256">
     <span class='ocr_line' id='line_1_52' title="bbox 1999 2179 3649 2256; baseline 0.001 -19"><span class='ocrx_word' id='word_1_394' title='bbox 1999 2182 2256 2238; x_wconf 85' lang='lat' dir='ltr'><strong>Verbum</strong></span> <span class='ocrx_word' id='word_1_395' title='bbox 2280 2201 2294 2251; x_wconf 90' lang='lat'><strong>;</strong></span> <span class='ocrx_word' id='word_1_396' title='bbox 2318 2182 2458 2256; x_wconf 88' lang='lat' dir='ltr'><strong>quia</strong></span> <span class='ocrx_word' id='word_1_397' title='bbox 2479 2183 2599 2239; x_wconf 66' lang='lat' dir='ltr'><strong>haac</strong></span> <span class='ocrx_word' id='word_1_398' title='bbox 2620 2181 2861 2238; x_wconf 88' lang='lat' dir='ltr'><strong>relativa</strong></span> <span class='ocrx_word' id='word_1_399' title='bbox 2879 2185 3018 2238; x_wconf 87' lang='lat' dir='ltr'><strong>sunt</strong></span> <span class='ocrx_word' id='word_1_400' title='bbox 3039 2179 3459 2251; x_wconf 89' lang='lat' dir='ltr'><strong>nomina,sicut</strong></span> <span class='ocrx_word' id='word_1_401' title='bbox 3476 2197 3649 2253; x_wconf 89' lang='lat' dir='ltr'><strong>supe-</strong></span> 
     </span>
    </p>
   </div>
   <div class='ocr_carea' id='block_1_53' title="bbox 2000 2267 3648 2342">
    <p class='ocr_par' dir='ltr' id='par_1_53' title="bbox 2000 2267 3648 2342">
     <span class='ocr_line' id='line_1_53' title="bbox 2000 2267 3648 2342; baseline -0.001 -16"><span class='ocrx_word' id='word_1_402' title='bbox 2000 2271 2124 2327; x_wconf 86' lang='lat' dir='ltr'><strong>rius</strong></span> <span class='ocrx_word' id='word_1_403' title='bbox 2143 2271 2369 2327; x_wconf 90' lang='lat' dir='ltr'><strong>dictum</strong></span> <span class='ocrx_word' id='word_1_404' title='bbox 2393 2275 2518 2328; x_wconf 89' lang='lat' dir='ltr'><strong>est:</strong></span> <span class='ocrx_word' id='word_1_405' title='bbox 2544 2269 2646 2326; x_wconf 90' lang='lat' dir='ltr'><strong>illa</strong></span> <span class='ocrx_word' id='word_1_406' title='bbox 2661 2287 2816 2339; x_wconf 91' lang='lat' dir='ltr'><strong>vero,</strong></span> <span class='ocrx_word' id='word_1_407' title='bbox 2842 2269 2900 2326; x_wconf 88' lang='lat' dir='ltr'><strong>id</strong></span> <span class='ocrx_word' id='word_1_408' title='bbox 2922 2273 3012 2327; x_wconf 89' lang='lat' dir='ltr'><strong>est</strong></span> <span class='ocrx_word' id='word_1_409' title='bbox 3039 2269 3226 2327; x_wconf 90' lang='lat' dir='ltr'><strong>virtus</strong></span> <span class='ocrx_word' id='word_1_410' title='bbox 3256 2273 3314 2326; x_wconf 90' lang='lat' dir='ltr'><strong>et</strong></span> <span class='ocrx_word' id='word_1_411' title='bbox 3341 2267 3648 2342; x_wconf 87' lang='lat' dir='ltr'><strong>sapientia,</strong></span> 
     </span>
    </p>
   </div>
   <div class='ocr_carea' id='block_1_54' title="bbox 2001 2357 3645 2432">
    <p class='ocr_par' dir='ltr' id='par_1_54' title="bbox 2001 2357 3645 2432">
     <span class='ocr_line' id='line_1_54' title="bbox 2001 2357 3645 2432; baseline -0.001 -16"><span class='ocrx_word' id='word_1_412' title='bbox 2001 2360 2413 2417; x_wconf 78' lang='lat' dir='ltr'><strong>substantialis</strong></span> <span class='ocrx_word' id='word_1_413' title='bbox 2440 2365 2598 2416; x_wconf 90' lang='lat' dir='ltr'><strong>sunt.</strong></span> <span class='ocrx_word' id='word_1_414' title='bbox 2633 2361 2767 2416; x_wconf 90' lang='lat' dir='ltr'><strong>Ideo</strong></span> <span class='ocrx_word' id='word_1_415' title='bbox 2821 2361 2989 2416; x_wconf 88' lang='lat' dir='ltr'><strong>Pater</strong></span> <span class='ocrx_word' id='word_1_416' title='bbox 3034 2359 3221 2416; x_wconf 84' lang='lat' dir='ltr'><strong>virtus</strong></span> <span class='ocrx_word' id='word_1_417' title='bbox 3254 2363 3311 2414; x_wconf 91' lang='lat' dir='ltr'><strong>et</strong></span> <span class='ocrx_word' id='word_1_418' title='bbox 3339 2357 3645 2432; x_wconf 88' lang='lat' dir='ltr'><strong>sapientia,</strong></span> 
     </span>
    </p>
   </div>
   <div class='ocr_carea' id='block_1_55' title="bbox 2001 2447 3650 2522">
    <p class='ocr_par' dir='ltr' id='par_1_55' title="bbox 2001 2447 3650 2522">
     <span class='ocr_line' id='line_1_55' title="bbox 2001 2447 3650 2522; baseline -0.002 -16"><span class='ocrx_word' id='word_1_419' title='bbox 2001 2449 2180 2506; x_wconf 88' lang='lat' dir='ltr'><strong>Filius</strong></span> <span class='ocrx_word' id='word_1_420' title='bbox 2209 2450 2395 2506; x_wconf 87' lang='lat' dir='ltr'><strong>virtus</strong></span> <span class='ocrx_word' id='word_1_421' title='bbox 2427 2453 2485 2506; x_wconf 88' lang='lat' dir='ltr'><strong>et</strong></span> <span class='ocrx_word' id='word_1_422' title='bbox 2514 2449 2824 2522; x_wconf 89' lang='lat' dir='ltr'><strong>sapientia,</strong></span> <span class='ocrx_word' id='word_1_423' title='bbox 2845 2449 3100 2522; x_wconf 89' lang='lat' dir='ltr'><strong>Spiritus</strong></span> <span class='ocrx_word' id='word_1_424' title='bbox 3129 2452 3370 2504; x_wconf 88' lang='lat' dir='ltr'><strong>sanctus</strong></span> <span class='ocrx_word' id='word_1_425' title='bbox 3387 2447 3574 2504; x_wconf 90' lang='lat' dir='ltr'><strong>virtus</strong></span> <span class='ocrx_word' id='word_1_426' title='bbox 3592 2450 3650 2506; x_wconf 86' lang='lat' dir='ltr'><strong>et</strong></span> 
     </span>
    </p>
   </div>
   <div class='ocr_carea' id='block_1_56' title="bbox 1999 2535 3648 2610">
    <p class='ocr_par' dir='ltr' id='par_1_56' title="bbox 1999 2535 3648 2610">
     <span class='ocr_line' id='line_1_56' title="bbox 1999 2535 3648 2610; baseline -0.001 -16"><span class='ocrx_word' id='word_1_427' title='bbox 1999 2538 2319 2610; x_wconf 90' lang='lat' dir='ltr'><strong>sapientia:</strong></span> <span class='ocrx_word' id='word_1_428' title='bbox 2346 2557 2459 2595; x_wconf 89' lang='lat' dir='ltr'><strong>non</strong></span> <span class='ocrx_word' id='word_1_429' title='bbox 2494 2543 2689 2594; x_wconf 90' lang='lat' dir='ltr'><strong>tamen</strong></span> <span class='ocrx_word' id='word_1_430' title='bbox 2721 2543 2838 2594; x_wconf 90' lang='lat' dir='ltr'><strong>tres</strong></span> <span class='ocrx_word' id='word_1_431' title='bbox 2871 2539 3256 2607; x_wconf 88' lang='lat' dir='ltr'><strong>virtutes,nec</strong></span> <span class='ocrx_word' id='word_1_432' title='bbox 3283 2540 3402 2593; x_wconf 86' lang='lat' dir='ltr'><strong>tres</strong></span> <span class='ocrx_word' id='word_1_433' title='bbox 3424 2535 3648 2608; x_wconf 88' lang='lat' dir='ltr'><strong>sapien-</strong></span> 
     </span>
    </p>
   </div>
   <div class='ocr_carea' id='block_1_57' title="bbox 1997 2625 3648 2700">
    <p class='ocr_par' dir='ltr' id='par_1_57' title="bbox 1997 2625 3648 2700">
     <span class='ocr_line' id='line_1_57' title="bbox 1997 2625 3648 2700; baseline 0.002 -19"><span class='ocrx_word' id='word_1_434' title='bbox 1997 2627 2229 2694; x_wconf 82' lang='lat' dir='ltr'><strong>tiac,sed</strong></span> <span class='ocrx_word' id='word_1_435' title='bbox 2265 2645 2382 2684; x_wconf 90' lang='lat' dir='ltr'><strong>una</strong></span> <span class='ocrx_word' id='word_1_436' title='bbox 2409 2627 2595 2684; x_wconf 88' lang='lat' dir='ltr'><strong>virtus</strong></span> <span class='ocrx_word' id='word_1_437' title='bbox 2627 2632 2684 2682; x_wconf 88' lang='lat' dir='ltr'><strong>et</strong></span> <span class='ocrx_word' id='word_1_438' title='bbox 2715 2645 2834 2684; x_wconf 90' lang='lat' dir='ltr'><strong>una</strong></span> <span class='ocrx_word' id='word_1_439' title='bbox 2864 2626 3352 2700; x_wconf 89' lang='lat' dir='ltr'><strong>sapicntia,Pater</strong></span> <span class='ocrx_word' id='word_1_440' title='bbox 3378 2629 3436 2681; x_wconf 89' lang='lat' dir='ltr'><strong>et</strong></span> <span class='ocrx_word' id='word_1_441' title='bbox 3464 2625 3648 2684; x_wconf 83' lang='lat' dir='ltr'><strong>Filius</strong></span> 
     </span>
    </p>
   </div>
   <div class='ocr_carea' id='block_1_58' title="bbox 1997 2713 3648 2788">
    <p class='ocr_par' dir='ltr' id='par_1_58' title="bbox 1997 2713 3648 2788">
     <span class='ocr_line' id='line_1_58' title="bbox 1997 2713 3648 2788; baseline 0 -18"><span class='ocrx_word' id='word_1_442' title='bbox 1997 2721 2056 2771; x_wconf 89' lang='lat' dir='ltr'><strong>et</strong></span> <span class='ocrx_word' id='word_1_443' title='bbox 2085 2715 2339 2788; x_wconf 89' lang='lat' dir='ltr'><strong>Spiritus</strong></span> <span class='ocrx_word' id='word_1_444' title='bbox 2376 2722 2658 2786; x_wconf 89' lang='lat' dir='ltr'><strong>sanctus;</strong></span> <span class='ocrx_word' id='word_1_445' title='bbox 2691 2717 2847 2773; x_wconf 90' lang='lat' dir='ltr'><strong>sicut</strong></span> <span class='ocrx_word' id='word_1_446' title='bbox 2893 2733 3013 2772; x_wconf 91' lang='lat' dir='ltr'><strong>una</strong></span> <span class='ocrx_word' id='word_1_447' title='bbox 3061 2713 3411 2782; x_wconf 87' lang='lat' dir='ltr'><strong>substantia,</strong></span> <span class='ocrx_word' id='word_1_448' title='bbox 3444 2718 3502 2770; x_wconf 90' lang='lat' dir='ltr'><strong>et</strong></span> <span class='ocrx_word' id='word_1_449' title='bbox 3530 2731 3648 2770; x_wconf 88' lang='lat' dir='ltr'><strong>una</strong></span> 
     </span>
    </p>
   </div>
   <div class='ocr_carea' id='block_1_59' title="bbox 1995 2803 3646 2879">
    <p class='ocr_par' dir='ltr' id='par_1_59' title="bbox 1995 2803 3646 2879">
     <span class='ocr_line' id='line_1_59' title="bbox 1995 2803 3646 2879; baseline 0 -19"><span class='ocrx_word' id='word_1_450' title='bbox 1995 2804 2441 2878; x_wconf 80' lang='lat' dir='ltr'><strong>omnipotentis,</strong></span> <span class='ocrx_word' id='word_1_451' title='bbox 2475 2811 2532 2862; x_wconf 93' lang='lat' dir='ltr'><strong>et</strong></span> <span class='ocrx_word' id='word_1_452' title='bbox 2562 2807 2677 2862; x_wconf 90' lang='lat' dir='ltr'><strong>alia</strong></span> <span class='ocrx_word' id='word_1_453' title='bbox 2705 2823 2834 2879; x_wconf 66' lang='lat' dir='ltr'><strong>quae</strong></span> <span class='ocrx_word' id='word_1_454' title='bbox 2865 2807 2936 2862; x_wconf 90' lang='lat' dir='ltr'><strong>de</strong></span> <span class='ocrx_word' id='word_1_455' title='bbox 2966 2803 3296 2862; x_wconf 86' lang='lat' dir='ltr'><strong>substantia</strong></span> <span class='ocrx_word' id='word_1_456' title='bbox 3323 2803 3646 2866; x_wconf 86' lang='lat' dir='ltr'><strong>divinitatis</strong></span> 
     </span>
    </p>
   </div>
   <div class='ocr_carea' id='block_1_60' title="bbox 1995 2891 3677 2968">
    <p class='ocr_par' dir='ltr' id='par_1_60' title="bbox 1995 2891 3677 2968">
     <span class='ocr_line' id='line_1_60' title="bbox 1995 2891 3677 2968; baseline 0 -19"><span class='ocrx_word' id='word_1_457' title='bbox 1995 2893 2291 2950; x_wconf 89' lang='lat' dir='ltr'><strong>dicuntur.</strong></span> <span class='ocrx_word' id='word_1_458' title='bbox 2311 2895 2380 2949; x_wconf 88' lang='lat' dir='ltr'><strong>Et</strong></span> <span class='ocrx_word' id='word_1_459' title='bbox 2399 2893 2482 2950; x_wconf 88' lang='lat' dir='ltr'><strong>ita</strong></span> <span class='ocrx_word' id='word_1_460' title='bbox 2511 2894 2875 2968; x_wconf 86' lang='lat' dir='ltr'><strong>intelligatur</strong></span> <span class='ocrx_word' id='word_1_461' title='bbox 2907 2893 3088 2950; x_wconf 88' lang='lat' dir='ltr'><strong>Filius</strong></span> <span class='ocrx_word' id='word_1_462' title='bbox 3117 2891 3404 2965; x_wconf 89' lang='lat' dir='ltr'><strong>sapientia</strong></span> <span class='ocrx_word' id='word_1_463' title='bbox 3433 2892 3677 2962; x_wconf 49' lang='lat' dir='ltr'><strong>Patrisr</strong></span> 
     </span>
    </p>
   </div>
   <div class='ocr_carea' id='block_1_61' title="bbox 1995 2981 3646 3054">
    <p class='ocr_par' dir='ltr' id='par_1_61' title="bbox 1995 2981 3646 3054">
     <span class='ocr_line' id='line_1_61' title="bbox 1995 2981 3646 3054; baseline 0 -18"><span class='ocrx_word' id='word_1_464' title='bbox 1995 2983 2286 3054; x_wconf 87' lang='lat' dir='ltr'><strong>quomodo</strong></span> <span class='ocrx_word' id='word_1_465' title='bbox 2308 2982 2522 3038; x_wconf 88' lang='lat' dir='ltr'><strong>dicitur</strong></span> <span class='ocrx_word' id='word_1_466' title='bbox 2541 2982 2739 3038; x_wconf 90' lang='lat' dir='ltr'><strong>lumen</strong></span> <span class='ocrx_word' id='word_1_467' title='bbox 2763 2983 2950 3039; x_wconf 89' lang='lat' dir='ltr'><strong>Patris</strong></span> <span class='ocrx_word' id='word_1_468' title='bbox 2965 3001 2978 3051; x_wconf 90' lang='lat'><strong>;</strong></span> <span class='ocrx_word' id='word_1_469' title='bbox 2993 2982 3052 3038; x_wconf 92' lang='lat' dir='ltr'><strong>id</strong></span> <span class='ocrx_word' id='word_1_470' title='bbox 3071 2985 3251 3044; x_wconf 89' lang='lat' dir='ltr'><strong>est.ut</strong></span> <span class='ocrx_word' id='word_1_471' title='bbox 3267 2981 3646 3053; x_wconf 85' lang='lat' dir='ltr'><strong>quemadmo-</strong></span> 
     </span>
    </p>
   </div>
   <div class='ocr_carea' id='block_1_62' title="bbox 1993 3067 3644 3143">
    <p class='ocr_par' dir='ltr' id='par_1_62' title="bbox 1993 3067 3644 3143">
     <span class='ocr_line' id='line_1_62' title="bbox 1993 3067 3644 3143; baseline 0 -18"><span class='ocrx_word' id='word_1_472' title='bbox 1993 3071 2136 3126; x_wconf 89' lang='lat' dir='ltr'><strong>dum</strong></span> <span class='ocrx_word' id='word_1_473' title='bbox 2158 3069 2358 3126; x_wconf 91' lang='lat' dir='ltr'><strong>lumen</strong></span> <span class='ocrx_word' id='word_1_474' title='bbox 2385 3071 2455 3126; x_wconf 94' lang='lat' dir='ltr'><strong>de</strong></span> <span class='ocrx_word' id='word_1_475' title='bbox 2473 3069 2696 3127; x_wconf 88' lang='lat' dir='ltr'><strong>lumine</strong></span> <span class='ocrx_word' id='word_1_476' title='bbox 2717 3074 2775 3126; x_wconf 91' lang='lat' dir='ltr'><strong>et</strong></span> <span class='ocrx_word' id='word_1_477' title='bbox 2795 3075 3112 3143; x_wconf 91' lang='lat' dir='ltr'><strong>utrumque</strong></span> <span class='ocrx_word' id='word_1_478' title='bbox 3133 3067 3644 3136; x_wconf 84' lang='lat' dir='ltr'><strong>unumlumen,sic</strong></span> 
     </span>
    </p>
   </div>
   <div class='ocr_carea' id='block_1_63' title="bbox 1995 3157 3644 3232">
    <p class='ocr_par' dir='ltr' id='par_1_63' title="bbox 1995 3157 3644 3232">
     <span class='ocr_line' id='line_1_63' title="bbox 1995 3157 3644 3232; baseline -0.001 -18"><span class='ocrx_word' id='word_1_479' title='bbox 1995 3157 2356 3232; x_wconf 86' lang='lat' dir='ltr'><strong>intelligatur</strong></span> <span class='ocrx_word' id='word_1_480' title='bbox 2385 3159 2673 3232; x_wconf 88' lang='lat' dir='ltr'><strong>sapientia</strong></span> <span class='ocrx_word' id='word_1_481' title='bbox 2692 3161 2764 3216; x_wconf 90' lang='lat' dir='ltr'><strong>de</strong></span> <span class='ocrx_word' id='word_1_482' title='bbox 2784 3159 3096 3232; x_wconf 88' lang='lat' dir='ltr'><strong>sapientia,</strong></span> <span class='ocrx_word' id='word_1_483' title='bbox 3117 3163 3175 3216; x_wconf 88' lang='lat' dir='ltr'><strong>et</strong></span> <span class='ocrx_word' id='word_1_484' title='bbox 3185 3161 3502 3230; x_wconf 87' lang='lat' dir='ltr'><strong>utrumque</strong></span> <span class='ocrx_word' id='word_1_485' title='bbox 3526 3174 3644 3213; x_wconf 90' lang='lat' dir='ltr'><strong>una</strong></span> 
     </span>
    </p>
   </div>
   <div class='ocr_carea' id='block_1_64' title="bbox 219 3227 3641 3324">
    <p class='ocr_par' dir='ltr' id='par_1_64' title="bbox 219 3227 3641 3324">
     <span class='ocr_line' id='line_1_64' title="bbox 219 3227 3641 3324; baseline -0.002 -15"><span class='ocrx_word' id='word_1_486' title='bbox 219 3227 586 3309; x_wconf 62' lang='lat' dir='ltr'><strong>Melus</strong></span> <span class='ocrx_word' id='word_1_487' title='bbox 605 3249 887 3306; x_wconf 85' lang='lat' dir='ltr'><strong>Alcuinus</strong></span> <span class='ocrx_word' id='word_1_488' title='bbox 907 3249 1256 3324; x_wconf 85' lang='lat' dir='ltr'><strong>collegit(de</strong></span> <span class='ocrx_word' id='word_1_489' title='bbox 1275 3227 1412 3307; x_wconf 71' lang='lat' dir='ltr'><strong>Fid.</strong></span> <span class='ocrx_word' id='word_1_490' title='bbox 1443 3250 1504 3304; x_wconf 83' lang='lat'><strong>5.</strong></span> <span class='ocrx_word' id='word_1_491' title='bbox 1535 3249 1740 3305; x_wconf 76' lang='lat' dir='ltr'><strong>Trinit.</strong></span> <span class='ocrx_word' id='word_1_492' title='bbox 1767 3249 1868 3305; x_wconf 85' lang='lat' dir='ltr'><strong>lib.</strong></span> <span class='ocrx_word' id='word_1_493' title='bbox 1913 3227 1955 3294; x_wconf 64' lang='grc' dir='ltr'><strong>(ἶ</strong></span> <span class='ocrx_word' id='word_1_494' title='bbox 1989 3227 2280 3320; x_wconf 69' lang='lat' dir='ltr'><strong>sapientia</strong></span> <span class='ocrx_word' id='word_1_495' title='bbox 2311 3265 2325 3304; x_wconf 90' lang='lat'><strong>:</strong></span> <span class='ocrx_word' id='word_1_496' title='bbox 2361 3227 2501 3321; x_wconf 78' lang='lat' dir='ltr'><strong>quia</strong></span> <span class='ocrx_word' id='word_1_497' title='bbox 2527 3248 2586 3303; x_wconf 89' lang='lat' dir='ltr'><strong>in</strong></span> <span class='ocrx_word' id='word_1_498' title='bbox 2619 3247 2720 3304; x_wconf 89' lang='lat' dir='ltr'><strong>illa</strong></span> <span class='ocrx_word' id='word_1_499' title='bbox 2750 3227 3124 3322; x_wconf 73' lang='lat' dir='ltr'><strong>simplicitate</strong></span> <span class='ocrx_word' id='word_1_500' title='bbox 3173 3227 3641 3304; x_wconf 49' lang='lat' dir='ltr'><strong>naturae—divinas</strong></span> 
     </span>
    </p>
   </div>
   <div class='ocr_carea' id='block_1_65' title="bbox 226 3337 1883 3410">
    <p class='ocr_par' dir='ltr' id='par_1_65' title="bbox 226 3337 1883 3410">
     <span class='ocr_line' id='line_1_65' title="bbox 226 3337 1883 3410; baseline -0.001 -16"><span class='ocrx_word' id='word_1_501' title='bbox 226 3353 266 3404; x_wconf 79' lang='grc' dir='ltr'><strong>ι,</strong></span> <span class='ocrx_word' id='word_1_502' title='bbox 281 3352 334 3394; x_wconf 83' lang='lat' dir='ltr'><strong>c.</strong></span> <span class='ocrx_word' id='word_1_503' title='bbox 359 3338 450 3410; x_wconf 85' lang='grc'><strong>13)</strong></span> <span class='ocrx_word' id='word_1_504' title='bbox 474 3355 488 3394; x_wconf 91' lang='lat'><strong>:</strong></span> <span class='ocrx_word' id='word_1_505' title='bbox 532 3360 560 3389; x_wconf 86' lang='grc'><strong>‹‹</strong></span> <span class='ocrx_word' id='word_1_506' title='bbox 586 3338 714 3398; x_wconf 87' lang='lat' dir='ltr'><strong>Una</strong></span> <span class='ocrx_word' id='word_1_507' title='bbox 731 3343 822 3396; x_wconf 90' lang='lat' dir='ltr'><strong>est</strong></span> <span class='ocrx_word' id='word_1_508' title='bbox 839 3343 1069 3406; x_wconf 89' lang='lat' dir='ltr'><strong>natura,</strong></span> <span class='ocrx_word' id='word_1_509' title='bbox 1091 3339 1368 3406; x_wconf 87' lang='lat' dir='ltr'><strong>essentia,</strong></span> <span class='ocrx_word' id='word_1_510' title='bbox 1391 3338 1753 3405; x_wconf 87' lang='lat' dir='ltr'><strong>substantia,</strong></span> <span class='ocrx_word' id='word_1_511' title='bbox 1789 3337 1883 3395; x_wconf 90' lang='lat' dir='ltr'><strong>di-</strong></span> 
     </span>
    </p>
   </div>
   <div class='ocr_carea' id='block_1_66' title="bbox 226 3425 1887 3501">
    <p class='ocr_par' dir='ltr' id='par_1_66' title="bbox 226 3425 1887 3501">
     <span class='ocr_line' id='line_1_66' title="bbox 226 3425 1887 3501; baseline -0.001 -17"><span class='ocrx_word' id='word_1_512' title='bbox 226 3425 462 3494; x_wconf 77' lang='lat' dir='ltr'><strong>vinitas,</strong></span> <span class='ocrx_word' id='word_1_513' title='bbox 495 3425 686 3484; x_wconf 84' lang='lat' dir='ltr'><strong>deitas</strong></span> <span class='ocrx_word' id='word_1_514' title='bbox 715 3428 903 3484; x_wconf 85' lang='lat' dir='ltr'><strong>Patris</strong></span> <span class='ocrx_word' id='word_1_515' title='bbox 965 3433 1024 3484; x_wconf 91' lang='lat' dir='ltr'><strong>et</strong></span> <span class='ocrx_word' id='word_1_516' title='bbox 1057 3427 1184 3484; x_wconf 88' lang='lat' dir='ltr'><strong>Filii</strong></span> <span class='ocrx_word' id='word_1_517' title='bbox 1215 3431 1274 3484; x_wconf 92' lang='lat' dir='ltr'><strong>et</strong></span> <span class='ocrx_word' id='word_1_518' title='bbox 1302 3427 1556 3501; x_wconf 84' lang='lat' dir='ltr'><strong>Spiritus</strong></span> <span class='ocrx_word' id='word_1_519' title='bbox 1586 3427 1796 3493; x_wconf 89' lang='lat' dir='ltr'><strong>sancti,</strong></span> <span class='ocrx_word' id='word_1_520' title='bbox 1827 3430 1887 3482; x_wconf 84' lang='lat' dir='ltr'><strong>et</strong></span> 
     </span>
    </p>
   </div>
   <div class='ocr_carea' id='block_1_67' title="bbox 227 3515 1882 3590">
    <p class='ocr_par' dir='ltr' id='par_1_67' title="bbox 227 3515 1882 3590">
     <span class='ocr_line' id='line_1_67' title="bbox 227 3515 1882 3590; baseline -0.002 -17"><span class='ocrx_word' id='word_1_521' title='bbox 227 3515 424 3573; x_wconf 77' lang='lat' dir='ltr'><strong>omnia</strong></span> <span class='ocrx_word' id='word_1_522' title='bbox 440 3516 706 3590; x_wconf 83' lang='lat' dir='ltr'><strong>nomina,</strong></span> <span class='ocrx_word' id='word_1_523' title='bbox 729 3534 858 3590; x_wconf 64' lang='lat' dir='ltr'><strong>qua:</strong></span> <span class='ocrx_word' id='word_1_524' title='bbox 879 3517 1274 3574; x_wconf 86' lang='lat' dir='ltr'><strong>substantiam</strong></span> <span class='ocrx_word' id='word_1_525' title='bbox 1305 3517 1391 3573; x_wconf 90' lang='lat' dir='ltr'><strong>vel</strong></span> <span class='ocrx_word' id='word_1_526' title='bbox 1425 3515 1774 3588; x_wconf 83' lang='lat' dir='ltr'><strong>potentiam,</strong></span> <span class='ocrx_word' id='word_1_527' title='bbox 1793 3515 1882 3572; x_wconf 83' lang='lat' dir='ltr'><strong>vel</strong></span> 
     </span>
    </p>
   </div>
   <div class='ocr_carea' id='block_1_68' title="bbox 225 3602 1882 3678">
    <p class='ocr_par' dir='ltr' id='par_1_68' title="bbox 225 3602 1882 3678">
     <span class='ocr_line' id='line_1_68' title="bbox 225 3602 1882 3678; baseline -0.002 -17"><span class='ocrx_word' id='word_1_528' title='bbox 225 3603 539 3661; x_wconf 79' lang='lat' dir='ltr'><strong>essentiam</strong></span> <span class='ocrx_word' id='word_1_529' title='bbox 560 3605 662 3662; x_wconf 90' lang='lat' dir='ltr'><strong>Dei</strong></span> <span class='ocrx_word' id='word_1_530' title='bbox 681 3605 1037 3678; x_wconf 88' lang='lat' dir='ltr'><strong>signiﬁcant,</strong></span> <span class='ocrx_word' id='word_1_531' title='bbox 1060 3603 1148 3661; x_wconf 91' lang='lat' dir='ltr'><strong>vel</strong></span> <span class='ocrx_word' id='word_1_532' title='bbox 1171 3603 1457 3677; x_wconf 87' lang='lat' dir='ltr'><strong>quidquid</strong></span> <span class='ocrx_word' id='word_1_533' title='bbox 1476 3602 1708 3675; x_wconf 86' lang='lat' dir='ltr'><strong>proprie</strong></span> <span class='ocrx_word' id='word_1_534' title='bbox 1727 3603 1798 3658; x_wconf 91' lang='lat' dir='ltr'><strong>ad</strong></span> <span class='ocrx_word' id='word_1_535' title='bbox 1821 3619 1882 3658; x_wconf 90' lang='lat' dir='ltr'><strong>se</strong></span> 
     </span>
    </p>
   </div>
   <div class='ocr_carea' id='block_1_69' title="bbox 228 3691 1880 3766">
    <p class='ocr_par' dir='ltr' id='par_1_69' title="bbox 228 3691 1880 3766">
     <span class='ocr_line' id='line_1_69' title="bbox 228 3691 1880 3766; baseline -0.001 -18"><span class='ocrx_word' id='word_1_536' title='bbox 228 3692 903 3760; x_wconf 78' lang='lat' dir='ltr'><strong>diciturDeus,omnibus</strong></span> <span class='ocrx_word' id='word_1_537' title='bbox 915 3693 1181 3766; x_wconf 89' lang='lat' dir='ltr'><strong>personis</strong></span> <span class='ocrx_word' id='word_1_538' title='bbox 1194 3691 1880 3766; x_wconf 68' lang='lat' dir='ltr'><strong>aequaliterconveniunt,</strong></span> 
     </span>
    </p>
   </div>
   <div class='ocr_carea' id='block_1_70' title="bbox 227 3779 1884 3854">
    <p class='ocr_par' dir='ltr' id='par_1_70' title="bbox 227 3779 1884 3854">
     <span class='ocr_line' id='line_1_70' title="bbox 227 3779 1884 3854; baseline -0.001 -17"><span class='ocrx_word' id='word_1_539' title='bbox 227 3781 466 3839; x_wconf 77' lang='lat' dir='ltr'><strong>utDeus</strong></span> <span class='ocrx_word' id='word_1_540' title='bbox 499 3797 775 3854; x_wconf 86' lang='lat' dir='ltr'><strong>magnus,</strong></span> <span class='ocrx_word' id='word_1_541' title='bbox 800 3783 1011 3850; x_wconf 87' lang='lat' dir='ltr'><strong>bonus,</strong></span> <span class='ocrx_word' id='word_1_542' title='bbox 1038 3786 1311 3849; x_wconf 73' lang='lat' dir='ltr'><strong>aeternus,</strong></span> <span class='ocrx_word' id='word_1_543' title='bbox 1347 3779 1884 3853; x_wconf 88' lang='lat' dir='ltr'><strong>omnipotens,san-</strong></span> 
     </span>
    </p>
   </div>
   <div class='ocr_carea' id='block_1_71' title="bbox 224 3869 1879 3944">
    <p class='ocr_par' dir='ltr' id='par_1_71' title="bbox 224 3869 1879 3944">
     <span class='ocr_line' id='line_1_71' title="bbox 224 3869 1879 3944; baseline 0.001 -20"><span class='ocrx_word' id='word_1_544' title='bbox 224 3872 371 3936; x_wconf 77' lang='lat' dir='ltr'><strong>etus,</strong></span> <span class='ocrx_word' id='word_1_545' title='bbox 396 3873 459 3926; x_wconf 87' lang='lat' dir='ltr'><strong>et</strong></span> <span class='ocrx_word' id='word_1_546' title='bbox 475 3870 680 3928; x_wconf 89' lang='lat' dir='ltr'><strong>omnia</strong></span> <span class='ocrx_word' id='word_1_547' title='bbox 698 3889 826 3944; x_wconf 62' lang='lat' dir='ltr'><strong>quae</strong></span> <span class='ocrx_word' id='word_1_548' title='bbox 849 3870 1196 3927; x_wconf 88' lang='lat' dir='ltr'><strong>naturaliter</strong></span> <span class='ocrx_word' id='word_1_549' title='bbox 1218 3870 1290 3926; x_wconf 89' lang='lat' dir='ltr'><strong>de</strong></span> <span class='ocrx_word' id='word_1_550' title='bbox 1311 3869 1426 3926; x_wconf 90' lang='lat' dir='ltr'><strong>Deo</strong></span> <span class='ocrx_word' id='word_1_551' title='bbox 1449 3869 1879 3926; x_wconf 90' lang='lat' dir='ltr'><strong>dicuntur.Non</strong></span> 
     </span>
    </p>
   </div>
   <div class='ocr_carea' id='block_1_72' title="bbox 225 3958 1879 4033">
    <p class='ocr_par' dir='ltr' id='par_1_72' title="bbox 225 3958 1879 4033">
     <span class='ocr_line' id='line_1_72' title="bbox 225 3958 1879 4033; baseline -0.001 -17"><span class='ocrx_word' id='word_1_552' title='bbox 225 3959 530 4033; x_wconf 76' lang='lat' dir='ltr'><strong>estigitur</strong></span> <span class='ocrx_word' id='word_1_553' title='bbox 577 3958 815 4032; x_wconf 87' lang='lat' dir='ltr'><strong>aliquod</strong></span> <span class='ocrx_word' id='word_1_554' title='bbox 864 3963 1086 4016; x_wconf 68' lang='lat' dir='ltr'><strong>natura:</strong></span> <span class='ocrx_word' id='word_1_555' title='bbox 1136 3975 1370 4022; x_wconf 88' lang='lat' dir='ltr'><strong>nomen,</strong></span> <span class='ocrx_word' id='word_1_556' title='bbox 1405 3960 1561 4032; x_wconf 93' lang='lat' dir='ltr'><strong>quod</strong></span> <span class='ocrx_word' id='word_1_557' title='bbox 1612 3959 1696 4016; x_wconf 91' lang='lat' dir='ltr'><strong>sic</strong></span> <span class='ocrx_word' id='word_1_558' title='bbox 1725 3959 1879 4015; x_wconf 88' lang='lat' dir='ltr'><strong>Patri</strong></span> 
     </span>
    </p>
   </div>
   <div class='ocr_carea' id='block_1_73' title="bbox 223 4047 1878 4122">
    <p class='ocr_par' dir='ltr' id='par_1_73' title="bbox 223 4047 1878 4122">
     <span class='ocr_line' id='line_1_73' title="bbox 223 4047 1878 4122; baseline 0 -18"><span class='ocrx_word' id='word_1_559' title='bbox 223 4047 534 4106; x_wconf 82' lang='lat' dir='ltr'><strong>convenire</strong></span> <span class='ocrx_word' id='word_1_560' title='bbox 571 4049 780 4122; x_wconf 86' lang='lat' dir='ltr'><strong>possit,</strong></span> <span class='ocrx_word' id='word_1_561' title='bbox 821 4053 887 4104; x_wconf 89' lang='lat' dir='ltr'><strong>ut</strong></span> <span class='ocrx_word' id='word_1_562' title='bbox 918 4048 1060 4104; x_wconf 88' lang='lat' dir='ltr'><strong>Filio</strong></span> <span class='ocrx_word' id='word_1_563' title='bbox 1091 4052 1156 4104; x_wconf 90' lang='lat' dir='ltr'><strong>ut</strong></span> <span class='ocrx_word' id='word_1_564' title='bbox 1185 4047 1427 4122; x_wconf 88' lang='lat' dir='ltr'><strong>Spiritui</strong></span> <span class='ocrx_word' id='word_1_565' title='bbox 1452 4051 1654 4104; x_wconf 90' lang='lat' dir='ltr'><strong>sancto</strong></span> <span class='ocrx_word' id='word_1_566' title='bbox 1684 4066 1878 4120; x_wconf 84' lang='lat' dir='ltr'><strong>aequa-</strong></span> 
     </span>
    </p>
   </div>
   <div class='ocr_carea' id='block_1_74' title="bbox 225 4132 1878 4211">
    <p class='ocr_par' dir='ltr' id='par_1_74' title="bbox 225 4132 1878 4211">
     <span class='ocr_line' id='line_1_74' title="bbox 225 4132 1878 4211; baseline 0.001 -21"><span class='ocrx_word' id='word_1_567' title='bbox 225 4132 352 4194; x_wconf 74' lang='lat' dir='ltr'><strong>liter</strong></span> <span class='ocrx_word' id='word_1_568' title='bbox 401 4138 714 4194; x_wconf 83' lang='lat' dir='ltr'><strong>convenire</strong></span> <span class='ocrx_word' id='word_1_569' title='bbox 761 4141 1014 4210; x_wconf 84' lang='lat' dir='ltr'><strong>nequeat</strong></span> <span class='ocrx_word' id='word_1_570' title='bbox 1045 4137 1194 4211; x_wconf 87' lang='lat' dir='ltr'><strong>(cap.</strong></span> <span class='ocrx_word' id='word_1_571' title='bbox 1232 4139 1338 4210; x_wconf 89' lang='grc'><strong>15).</strong></span> <span class='ocrx_word' id='word_1_572' title='bbox 1374 4137 1608 4210; x_wconf 90' lang='lat' dir='ltr'><strong>Proprie</strong></span> <span class='ocrx_word' id='word_1_573' title='bbox 1639 4137 1878 4209; x_wconf 89' lang='lat' dir='ltr'><strong>quidem</strong></span> 
     </span>
    </p>
   </div>
   <div class='ocr_carea' id='block_1_75' title="bbox 221 4221 1876 4298">
    <p class='ocr_par' dir='ltr' id='par_1_75' title="bbox 221 4221 1876 4298">
     <span class='ocr_line' id='line_1_75' title="bbox 221 4221 1876 4298; baseline 0 -18"><span class='ocrx_word' id='word_1_574' title='bbox 221 4221 374 4280; x_wconf 79' lang='lat' dir='ltr'><strong>Deus</strong></span> <span class='ocrx_word' id='word_1_575' title='bbox 385 4224 502 4280; x_wconf 88' lang='lat' dir='ltr'><strong>diei</strong></span> <span class='ocrx_word' id='word_1_576' title='bbox 511 4229 607 4281; x_wconf 91' lang='lat' dir='ltr'><strong>tur</strong></span> <span class='ocrx_word' id='word_1_577' title='bbox 616 4224 948 4282; x_wconf 86' lang='lat' dir='ltr'><strong>substantia</strong></span> <span class='ocrx_word' id='word_1_578' title='bbox 959 4242 1078 4281; x_wconf 88' lang='lat' dir='ltr'><strong>una</strong></span> <span class='ocrx_word' id='word_1_579' title='bbox 1092 4229 1397 4282; x_wconf 83' lang='lat' dir='ltr'><strong>summast</strong></span> <span class='ocrx_word' id='word_1_580' title='bbox 1408 4224 1876 4298; x_wconf 75' lang='lat' dir='ltr'><strong>inetl&#39;abilis,qua:</strong></span> 
     </span>
    </p>
   </div>
   <div class='ocr_carea' id='block_1_76' title="bbox 224 4312 1874 4387">
    <p class='ocr_par' dir='ltr' id='par_1_76' title="bbox 224 4312 1874 4387">
     <span class='ocr_line' id='line_1_76' title="bbox 224 4312 1874 4387; baseline 0.002 -20"><span class='ocrx_word' id='word_1_581' title='bbox 224 4327 459 4385; x_wconf 86' lang='lat' dir='ltr'><strong>semper</strong></span> <span class='ocrx_word' id='word_1_582' title='bbox 483 4314 643 4370; x_wconf 91' lang='lat' dir='ltr'><strong>idem</strong></span> <span class='ocrx_word' id='word_1_583' title='bbox 667 4319 756 4372; x_wconf 90' lang='lat' dir='ltr'><strong>est</strong></span> <span class='ocrx_word' id='word_1_584' title='bbox 773 4315 928 4387; x_wconf 91' lang='lat' dir='ltr'><strong>quod</strong></span> <span class='ocrx_word' id='word_1_585' title='bbox 951 4318 1060 4380; x_wconf 89' lang='lat' dir='ltr'><strong>est,</strong></span> <span class='ocrx_word' id='word_1_586' title='bbox 1083 4313 1178 4370; x_wconf 91' lang='lat' dir='ltr'><strong>cui</strong></span> <span class='ocrx_word' id='word_1_587' title='bbox 1201 4312 1346 4368; x_wconf 91' lang='lat' dir='ltr'><strong>nihil</strong></span> <span class='ocrx_word' id='word_1_588' title='bbox 1377 4313 1650 4369; x_wconf 87' lang='lat' dir='ltr'><strong>accidens</strong></span> <span class='ocrx_word' id='word_1_589' title='bbox 1668 4312 1754 4368; x_wconf 89' lang='lat' dir='ltr'><strong>vel</strong></span> <span class='ocrx_word' id='word_1_590' title='bbox 1786 4331 1874 4370; x_wconf 90' lang='lat' dir='ltr'><strong>re-</strong></span> 
     </span>
    </p>
   </div>
   <div class='ocr_carea' id='block_1_77' title="bbox 221 4398 1876 4476">
    <p class='ocr_par' dir='ltr' id='par_1_77' title="bbox 221 4398 1876 4476">
     <span class='ocr_line' id='line_1_77' title="bbox 221 4398 1876 4476; baseline 0.003 -22"><span class='ocrx_word' id='word_1_591' title='bbox 221 4398 426 4464; x_wconf 70' lang='lat' dir='ltr'><strong>cidens</strong></span> <span class='ocrx_word' id='word_1_592' title='bbox 442 4401 638 4460; x_wconf 87' lang='lat' dir='ltr'><strong>inesse</strong></span> <span class='ocrx_word' id='word_1_593' title='bbox 656 4404 890 4476; x_wconf 87' lang='lat' dir='ltr'><strong>poterit,</strong></span> <span class='ocrx_word' id='word_1_594' title='bbox 913 4419 1042 4476; x_wconf 71' lang='lat' dir='ltr'><strong>quea</strong></span> <span class='ocrx_word' id='word_1_595' title='bbox 1064 4419 1296 4475; x_wconf 87' lang='lat' dir='ltr'><strong>semper</strong></span> <span class='ocrx_word' id='word_1_596' title='bbox 1315 4406 1405 4458; x_wconf 90' lang='lat' dir='ltr'><strong>est</strong></span> <span class='ocrx_word' id='word_1_597' title='bbox 1425 4403 1579 4474; x_wconf 90' lang='lat' dir='ltr'><strong>quod</strong></span> <span class='ocrx_word' id='word_1_598' title='bbox 1601 4406 1710 4470; x_wconf 88' lang='lat' dir='ltr'><strong>est,</strong></span> <span class='ocrx_word' id='word_1_599' title='bbox 1735 4402 1876 4475; x_wconf 91' lang='lat' dir='ltr'><strong>quia</strong></span> 
     </span>
    </p>
   </div>
   <div class='ocr_carea' id='block_1_78' title="bbox 221 4490 1872 4564">
    <p class='ocr_par' dir='ltr' id='par_1_78' title="bbox 221 4490 1872 4564">
     <span class='ocr_line' id='line_1_78' title="bbox 221 4490 1872 4564; baseline 0.002 -20"><span class='ocrx_word' id='word_1_600' title='bbox 221 4503 456 4562; x_wconf 81' lang='lat' dir='ltr'><strong>semper</strong></span> <span class='ocrx_word' id='word_1_601' title='bbox 473 4490 884 4548; x_wconf 89' lang='lat' dir='ltr'><strong>immutabilis.</strong></span> <span class='ocrx_word' id='word_1_602' title='bbox 901 4493 1046 4548; x_wconf 89' lang='lat' dir='ltr'><strong>Item</strong></span> <span class='ocrx_word' id='word_1_603' title='bbox 1069 4491 1223 4548; x_wconf 88' lang='lat' dir='ltr'><strong>Deus</strong></span> <span class='ocrx_word' id='word_1_604' title='bbox 1245 4507 1494 4564; x_wconf 87' lang='lat' dir='ltr'><strong>magnus</strong></span> <span class='ocrx_word' id='word_1_605' title='bbox 1515 4491 1872 4558; x_wconf 85' lang='lat' dir='ltr'><strong>dicitur,non</strong></span> 
     </span>
    </p>
   </div>
   <div class='ocr_carea' id='block_1_79' title="bbox 1992 3335 3640 3410">
    <p class='ocr_par' dir='ltr' id='par_1_79' title="bbox 1992 3335 3640 3410">
     <span class='ocr_line' id='line_1_79' title="bbox 1992 3335 3640 3410; baseline -0.001 -19"><span class='ocrx_word' id='word_1_606' title='bbox 1992 3353 2110 3392; x_wconf 92' lang='lat' dir='ltr'><strong>non</strong></span> <span class='ocrx_word' id='word_1_607' title='bbox 2133 3339 2222 3392; x_wconf 89' lang='lat' dir='ltr'><strong>est</strong></span> <span class='ocrx_word' id='word_1_608' title='bbox 2241 3335 2400 3391; x_wconf 89' lang='lat' dir='ltr'><strong>aliud</strong></span> <span class='ocrx_word' id='word_1_609' title='bbox 2421 3353 2623 3409; x_wconf 89' lang='lat' dir='ltr'><strong>sapere</strong></span> <span class='ocrx_word' id='word_1_610' title='bbox 2645 3355 2824 3410; x_wconf 88' lang='lat' dir='ltr'><strong>quam</strong></span> <span class='ocrx_word' id='word_1_611' title='bbox 2844 3353 3106 3404; x_wconf 81' lang='lat' dir='ltr'><strong>esse,aec</strong></span> <span class='ocrx_word' id='word_1_612' title='bbox 3127 3335 3287 3392; x_wconf 88' lang='lat' dir='ltr'><strong>aliud</strong></span> <span class='ocrx_word' id='word_1_613' title='bbox 3309 3352 3438 3392; x_wconf 89' lang='lat' dir='ltr'><strong>esse</strong></span> <span class='ocrx_word' id='word_1_614' title='bbox 3458 3351 3640 3408; x_wconf 91' lang='lat' dir='ltr'><strong>quam</strong></span> 
     </span>
    </p>
   </div>
   <div class='ocr_carea' id='block_1_80' title="bbox 1991 3423 3638 3499">
    <p class='ocr_par' dir='ltr' id='par_1_80' title="bbox 1991 3423 3638 3499">
     <span class='ocr_line' id='line_1_80' title="bbox 1991 3423 3638 3499; baseline 0 -19"><span class='ocrx_word' id='word_1_615' title='bbox 1991 3441 2182 3496; x_wconf 89' lang='lat' dir='ltr'><strong>posse,</strong></span> <span class='ocrx_word' id='word_1_616' title='bbox 2207 3441 2312 3480; x_wconf 90' lang='lat' dir='ltr'><strong>nec</strong></span> <span class='ocrx_word' id='word_1_617' title='bbox 2345 3423 2504 3481; x_wconf 92' lang='lat' dir='ltr'><strong>aliud</strong></span> <span class='ocrx_word' id='word_1_618' title='bbox 2534 3442 2706 3498; x_wconf 88' lang='lat' dir='ltr'><strong>posse</strong></span> <span class='ocrx_word' id='word_1_619' title='bbox 2737 3443 2914 3499; x_wconf 84' lang='lat' dir='ltr'><strong>quam</strong></span> <span class='ocrx_word' id='word_1_620' title='bbox 2944 3426 3156 3482; x_wconf 85' lang='lat' dir='ltr'><strong>vivere.</strong></span> <span class='ocrx_word' id='word_1_621' title='bbox 3187 3425 3400 3481; x_wconf 84' lang='lat' dir='ltr'><strong>Eadem</strong></span> <span class='ocrx_word' id='word_1_622' title='bbox 3433 3423 3514 3480; x_wconf 91' lang='lat' dir='ltr'><strong>ibi</strong></span> <span class='ocrx_word' id='word_1_623' title='bbox 3546 3440 3638 3480; x_wconf 88' lang='lat' dir='ltr'><strong>sa-</strong></span> 
     </span>
    </p>
   </div>
   <div class='ocr_carea' id='block_1_81' title="bbox 1991 3512 3641 3587">
    <p class='ocr_par' dir='ltr' id='par_1_81' title="bbox 1991 3512 3641 3587">
     <span class='ocr_line' id='line_1_81' title="bbox 1991 3512 3641 3587; baseline 0.002 -21"><span class='ocrx_word' id='word_1_624' title='bbox 1991 3512 2212 3586; x_wconf 88' lang='lat' dir='ltr'><strong>pientia</strong></span> <span class='ocrx_word' id='word_1_625' title='bbox 2242 3531 2366 3586; x_wconf 82' lang='lat' dir='ltr'><strong>quae</strong></span> <span class='ocrx_word' id='word_1_626' title='bbox 2398 3515 2672 3583; x_wconf 89' lang='lat' dir='ltr'><strong>essentia,</strong></span> <span class='ocrx_word' id='word_1_627' title='bbox 2705 3517 2908 3572; x_wconf 88' lang='lat' dir='ltr'><strong>eadem</strong></span> <span class='ocrx_word' id='word_1_628' title='bbox 2959 3514 3076 3570; x_wconf 90' lang='lat' dir='ltr'><strong>vita</strong></span> <span class='ocrx_word' id='word_1_629' title='bbox 3123 3532 3250 3587; x_wconf 71' lang='lat' dir='ltr'><strong>qua:</strong></span> <span class='ocrx_word' id='word_1_630' title='bbox 3275 3513 3550 3579; x_wconf 84' lang='lat' dir='ltr'><strong>essentia,</strong></span> <span class='ocrx_word' id='word_1_631' title='bbox 3583 3516 3641 3574; x_wconf 85' lang='lat' dir='ltr'><strong>et</strong></span> 
     </span>
    </p>
   </div>
   <div class='ocr_carea' id='block_1_82' title="bbox 1991 3601 3640 3676">
    <p class='ocr_par' dir='ltr' id='par_1_82' title="bbox 1991 3601 3640 3676">
     <span class='ocr_line' id='line_1_82' title="bbox 1991 3601 3640 3676; baseline 0.001 -19"><span class='ocrx_word' id='word_1_632' title='bbox 1991 3602 2112 3657; x_wconf 69' lang='lat' dir='ltr'><strong>hanc</strong></span> <span class='ocrx_word' id='word_1_633' title='bbox 2165 3603 2364 3658; x_wconf 90' lang='lat' dir='ltr'><strong>omnia</strong></span> <span class='ocrx_word' id='word_1_634' title='bbox 2404 3620 2610 3669; x_wconf 87' lang='lat' dir='ltr'><strong>unum,</strong></span> <span class='ocrx_word' id='word_1_635' title='bbox 2632 3609 2690 3660; x_wconf 89' lang='lat' dir='ltr'><strong>et</strong></span> <span class='ocrx_word' id='word_1_636' title='bbox 2709 3621 2864 3660; x_wconf 90' lang='lat' dir='ltr'><strong>unus</strong></span> <span class='ocrx_word' id='word_1_637' title='bbox 2894 3605 3048 3660; x_wconf 88' lang='lat' dir='ltr'><strong>Deus</strong></span> <span class='ocrx_word' id='word_1_638' title='bbox 3069 3605 3222 3676; x_wconf 83' lang='lat' dir='ltr'><strong>(cap.</strong></span> <span class='ocrx_word' id='word_1_639' title='bbox 3245 3604 3352 3669; x_wconf 83' lang='lat'><strong>15).</strong></span> <span class='ocrx_word' id='word_1_640' title='bbox 3385 3603 3455 3658; x_wconf 89' lang='lat' dir='ltr'><strong>Et</strong></span> <span class='ocrx_word' id='word_1_641' title='bbox 3483 3601 3640 3659; x_wconf 91' lang='lat' dir='ltr'><strong>sicut</strong></span> 
     </span>
    </p>
   </div>
   <div class='ocr_carea' id='block_1_83' title="bbox 1991 3689 3637 3766">
    <p class='ocr_par' dir='ltr' id='par_1_83' title="bbox 1991 3689 3637 3766">
     <span class='ocr_line' id='line_1_83' title="bbox 1991 3689 3637 3766; baseline 0.002 -21"><span class='ocrx_word' id='word_1_642' title='bbox 1991 3689 2160 3747; x_wconf 86' lang='lat' dir='ltr'><strong>Pater</strong></span> <span class='ocrx_word' id='word_1_643' title='bbox 2188 3689 2324 3758; x_wconf 85' lang='lat' dir='ltr'><strong>vita,</strong></span> <span class='ocrx_word' id='word_1_644' title='bbox 2359 3691 2441 3746; x_wconf 89' lang='lat' dir='ltr'><strong>ita</strong></span> <span class='ocrx_word' id='word_1_645' title='bbox 2487 3695 2545 3747; x_wconf 89' lang='lat' dir='ltr'><strong>et</strong></span> <span class='ocrx_word' id='word_1_646' title='bbox 2593 3690 2774 3748; x_wconf 87' lang='lat' dir='ltr'><strong>Filius</strong></span> <span class='ocrx_word' id='word_1_647' title='bbox 2822 3691 2961 3758; x_wconf 90' lang='lat' dir='ltr'><strong>vita,</strong></span> <span class='ocrx_word' id='word_1_648' title='bbox 2992 3696 3049 3747; x_wconf 90' lang='lat' dir='ltr'><strong>et</strong></span> <span class='ocrx_word' id='word_1_649' title='bbox 3093 3691 3349 3763; x_wconf 89' lang='lat' dir='ltr'><strong>Spiritus</strong></span> <span class='ocrx_word' id='word_1_650' title='bbox 3396 3694 3637 3766; x_wconf 73' lang='lat' dir='ltr'><strong>sanctus</strong></span> 
     </span>
    </p>
   </div>
   <div class='ocr_carea' id='block_1_84' title="bbox 1988 3779 3738 3871">
    <p class='ocr_par' dir='ltr' id='par_1_84' title="bbox 1988 3779 3738 3871">
     <span class='ocr_line' id='line_1_84' title="bbox 1988 3779 3738 3871; baseline 0.001 -35"><span class='ocrx_word' id='word_1_651' title='bbox 1988 3780 2124 3850; x_wconf 86' lang='lat' dir='ltr'><strong>vita,</strong></span> <span class='ocrx_word' id='word_1_652' title='bbox 2159 3781 2298 3854; x_wconf 90' lang='lat' dir='ltr'><strong>quia</strong></span> <span class='ocrx_word' id='word_1_653' title='bbox 2331 3799 2513 3836; x_wconf 89' lang='lat' dir='ltr'><strong>unum</strong></span> <span class='ocrx_word' id='word_1_654' title='bbox 2543 3798 2692 3853; x_wconf 90' lang='lat' dir='ltr'><strong>opus</strong></span> <span class='ocrx_word' id='word_1_655' title='bbox 2720 3786 2811 3838; x_wconf 89' lang='lat' dir='ltr'><strong>est</strong></span> <span class='ocrx_word' id='word_1_656' title='bbox 2839 3781 3024 3838; x_wconf 88' lang='lat' dir='ltr'><strong>Patris</strong></span> <span class='ocrx_word' id='word_1_657' title='bbox 3055 3785 3113 3838; x_wconf 90' lang='lat' dir='ltr'><strong>et</strong></span> <span class='ocrx_word' id='word_1_658' title='bbox 3139 3780 3268 3837; x_wconf 90' lang='lat' dir='ltr'><strong>Filii</strong></span> <span class='ocrx_word' id='word_1_659' title='bbox 3296 3785 3353 3838; x_wconf 89' lang='lat' dir='ltr'><strong>et</strong></span> <span class='ocrx_word' id='word_1_660' title='bbox 3382 3779 3636 3853; x_wconf 88' lang='lat' dir='ltr'><strong>Spiritus</strong></span> <span class='ocrx_word' id='word_1_661' title='bbox 3730 3861 3738 3871; x_wconf 31' lang='lat'><em>&#39;</em></span> 
     </span>
    </p>
   </div>
   <div class='ocr_carea' id='block_1_85' title="bbox 1989 3869 3638 3944">
    <p class='ocr_par' dir='ltr' id='par_1_85' title="bbox 1989 3869 3638 3944">
     <span class='ocr_line' id='line_1_85' title="bbox 1989 3869 3638 3944; baseline 0 -18"><span class='ocrx_word' id='word_1_662' title='bbox 1989 3870 2198 3938; x_wconf 89' lang='lat' dir='ltr'><strong>sancti,</strong></span> <span class='ocrx_word' id='word_1_663' title='bbox 2233 3869 2386 3926; x_wconf 89' lang='lat' dir='ltr'><strong>sicut</strong></span> <span class='ocrx_word' id='word_1_664' title='bbox 2421 3887 2540 3926; x_wconf 91' lang='lat' dir='ltr'><strong>una</strong></span> <span class='ocrx_word' id='word_1_665' title='bbox 2569 3869 2901 3926; x_wconf 87' lang='lat' dir='ltr'><strong>substantia</strong></span> <span class='ocrx_word' id='word_1_666' title='bbox 2941 3875 3117 3944; x_wconf 89' lang='lat' dir='ltr'><strong>atque</strong></span> <span class='ocrx_word' id='word_1_667' title='bbox 3138 3869 3432 3927; x_wconf 79' lang='lat' dir='ltr'><strong>essentia.</strong></span> <span class='ocrx_word' id='word_1_668' title='bbox 3469 3871 3638 3926; x_wconf 88' lang='lat' dir='ltr'><strong>Pater</strong></span> 
     </span>
    </p>
   </div>
   <div class='ocr_carea' id='block_1_86' title="bbox 1987 3955 3636 4028">
    <p class='ocr_par' dir='ltr' id='par_1_86' title="bbox 1987 3955 3636 4028">
     <span class='ocr_line' id='line_1_86' title="bbox 1987 3955 3636 4028; baseline 0.002 -17"><span class='ocrx_word' id='word_1_669' title='bbox 1987 3955 2104 4011; x_wconf 88' lang='lat' dir='ltr'><strong>vita</strong></span> <span class='ocrx_word' id='word_1_670' title='bbox 2130 3955 2188 4011; x_wconf 89' lang='lat' dir='ltr'><strong>in</strong></span> <span class='ocrx_word' id='word_1_671' title='bbox 2221 3957 2559 4028; x_wconf 86' lang='lat' dir='ltr'><strong>semetipso,</strong></span> <span class='ocrx_word' id='word_1_672' title='bbox 2583 3974 2698 4012; x_wconf 90' lang='lat' dir='ltr'><strong>non</strong></span> <span class='ocrx_word' id='word_1_673' title='bbox 2717 3957 2788 4012; x_wconf 89' lang='lat' dir='ltr'><strong>ab</strong></span> <span class='ocrx_word' id='word_1_674' title='bbox 2811 3955 2924 4013; x_wconf 82' lang='lat' dir='ltr'><strong>alio</strong></span> <span class='ocrx_word' id='word_1_675' title='bbox 2944 3975 2958 4027; x_wconf 89' lang='lat'><strong>;</strong></span> <span class='ocrx_word' id='word_1_676' title='bbox 2983 3956 3164 4014; x_wconf 88' lang='lat' dir='ltr'><strong>Filius</strong></span> <span class='ocrx_word' id='word_1_677' title='bbox 3184 3957 3301 4014; x_wconf 89' lang='lat' dir='ltr'><strong>vita</strong></span> <span class='ocrx_word' id='word_1_678' title='bbox 3331 3957 3391 4012; x_wconf 91' lang='lat' dir='ltr'><strong>in</strong></span> <span class='ocrx_word' id='word_1_679' title='bbox 3422 3961 3636 4014; x_wconf 87' lang='lat' dir='ltr'><strong>semet-</strong></span> 
     </span>
    </p>
   </div>
   <div class='ocr_carea' id='block_1_87' title="bbox 1987 4045 3632 4121">
    <p class='ocr_par' dir='ltr' id='par_1_87' title="bbox 1987 4045 3632 4121">
     <span class='ocr_line' id='line_1_87' title="bbox 1987 4045 3632 4121; baseline 0.002 -22"><span class='ocrx_word' id='word_1_680' title='bbox 1987 4045 2136 4116; x_wconf 89' lang='lat' dir='ltr'><strong>ipso,</strong></span> <span class='ocrx_word' id='word_1_681' title='bbox 2169 4045 2270 4101; x_wconf 90' lang='lat' dir='ltr'><strong>sed</strong></span> <span class='ocrx_word' id='word_1_682' title='bbox 2305 4063 2339 4100; x_wconf 80' lang='grc' dir='ltr'><strong>ιι</strong></span> <span class='ocrx_word' id='word_1_683' title='bbox 2369 4045 2554 4116; x_wconf 89' lang='lat' dir='ltr'><strong>Patre,</strong></span> <span class='ocrx_word' id='word_1_684' title='bbox 2585 4045 2686 4118; x_wconf 89' lang='lat' dir='ltr'><strong>qui</strong></span> <span class='ocrx_word' id='word_1_685' title='bbox 2725 4063 2860 4102; x_wconf 90' lang='lat' dir='ltr'><strong>eum</strong></span> <span class='ocrx_word' id='word_1_686' title='bbox 2911 4045 3086 4103; x_wconf 89' lang='lat' dir='ltr'><strong>talem</strong></span> <span class='ocrx_word' id='word_1_687' title='bbox 3133 4046 3336 4121; x_wconf 86' lang='lat' dir='ltr'><strong>genuit</strong></span> <span class='ocrx_word' id='word_1_688' title='bbox 3361 4051 3428 4102; x_wconf 88' lang='lat' dir='ltr'><strong>ut</strong></span> <span class='ocrx_word' id='word_1_689' title='bbox 3455 4047 3632 4103; x_wconf 90' lang='lat' dir='ltr'><strong>vitam</strong></span> 
     </span>
    </p>
   </div>
   <div class='ocr_carea' id='block_1_88' title="bbox 1985 4132 3633 4208">
    <p class='ocr_par' dir='ltr' id='par_1_88' title="bbox 1985 4132 3633 4208">
     <span class='ocr_line' id='line_1_88' title="bbox 1985 4132 3633 4208; baseline 0.002 -21"><span class='ocrx_word' id='word_1_690' title='bbox 1985 4132 2224 4189; x_wconf 85' lang='lat' dir='ltr'><strong>haberet</strong></span> <span class='ocrx_word' id='word_1_691' title='bbox 2246 4133 2304 4188; x_wconf 91' lang='lat' dir='ltr'><strong>in</strong></span> <span class='ocrx_word' id='word_1_692' title='bbox 2328 4133 2664 4205; x_wconf 90' lang='lat' dir='ltr'><strong>semetipso.</strong></span> <span class='ocrx_word' id='word_1_693' title='bbox 2690 4133 2923 4190; x_wconf 89' lang='lat' dir='ltr'><strong>Dictum</strong></span> <span class='ocrx_word' id='word_1_694' title='bbox 2953 4136 3170 4208; x_wconf 90' lang='lat' dir='ltr'><strong>quippe</strong></span> <span class='ocrx_word' id='word_1_695' title='bbox 3191 4141 3298 4204; x_wconf 89' lang='lat' dir='ltr'><strong>est,</strong></span> <span class='ocrx_word' id='word_1_696' title='bbox 3327 4134 3481 4190; x_wconf 89' lang='lat' dir='ltr'><strong>sicut</strong></span> <span class='ocrx_word' id='word_1_697' title='bbox 3508 4137 3633 4206; x_wconf 90' lang='lat' dir='ltr'><strong>ipse</strong></span> 
     </span>
    </p>
   </div>
   <div class='ocr_carea' id='block_1_89' title="bbox 1986 4221 3632 4295">
    <p class='ocr_par' dir='ltr' id='par_1_89' title="bbox 1986 4221 3632 4295">
     <span class='ocr_line' id='line_1_89' title="bbox 1986 4221 3632 4295; baseline 0.002 -18"><span class='ocrx_word' id='word_1_698' title='bbox 1986 4221 2169 4278; x_wconf 85' lang='lat' dir='ltr'><strong>Filius</strong></span> <span class='ocrx_word' id='word_1_699' title='bbox 2189 4221 2298 4277; x_wconf 87' lang='lat' dir='ltr'><strong>ait:</strong></span> <span class='ocrx_word' id='word_1_700' title='bbox 2327 4223 2489 4278; x_wconf 82' lang='lat' dir='ltr'><strong>Sicut</strong></span> <span class='ocrx_word' id='word_1_701' title='bbox 2504 4225 2882 4279; x_wconf 74' lang='lat' dir='ltr'><strong>l’atcrcitam</strong></span> <span class='ocrx_word' id='word_1_702' title='bbox 2910 4225 3080 4280; x_wconf 82' lang='lat' dir='ltr'><strong>habet</strong></span> <span class='ocrx_word' id='word_1_703' title='bbox 3104 4226 3162 4280; x_wconf 81' lang='lat' dir='ltr'><strong>in</strong></span> <span class='ocrx_word' id='word_1_704' title='bbox 3183 4225 3514 4295; x_wconf 74' lang='lat' dir='ltr'><strong>semetipso,</strong></span> <span class='ocrx_word' id='word_1_705' title='bbox 3545 4226 3632 4280; x_wconf 76' lang='lat' dir='ltr'><strong>sic</strong></span> 
     </span>
    </p>
   </div>
   <div class='ocr_carea' id='block_1_90' title="bbox 1983 4309 3626 4383">
    <p class='ocr_par' dir='ltr' id='par_1_90' title="bbox 1983 4309 3626 4383">
     <span class='ocr_line' id='line_1_90' title="bbox 1983 4309 3626 4383; baseline 0.001 -18"><span class='ocrx_word' id='word_1_706' title='bbox 1983 4310 2146 4366; x_wconf 79' lang='lat' dir='ltr'><strong>dedit</strong></span> <span class='ocrx_word' id='word_1_707' title='bbox 2164 4316 2218 4366; x_wconf 88' lang='lat' dir='ltr'><strong>et</strong></span> <span class='ocrx_word' id='word_1_708' title='bbox 2231 4309 2387 4368; x_wconf 83' lang='lat' dir='ltr'><strong>Filio</strong></span> <span class='ocrx_word' id='word_1_709' title='bbox 2399 4312 2582 4366; x_wconf 79' lang='lat' dir='ltr'><strong>vitam</strong></span> <span class='ocrx_word' id='word_1_710' title='bbox 2595 4311 2805 4367; x_wconf 81' lang='lat' dir='ltr'><strong>habere</strong></span> <span class='ocrx_word' id='word_1_711' title='bbox 2826 4311 2886 4367; x_wconf 76' lang='lat' dir='ltr'><strong>in</strong></span> <span class='ocrx_word' id='word_1_712' title='bbox 2899 4312 3199 4381; x_wconf 79' lang='lat' dir='ltr'><strong>semetipso</strong></span> <span class='ocrx_word' id='word_1_713' title='bbox 3215 4315 3412 4379; x_wconf 82' lang='lat' dir='ltr'><strong>(Joan.</strong></span> <span class='ocrx_word' id='word_1_714' title='bbox 3437 4328 3490 4378; x_wconf 93' lang='lat' dir='ltr'><strong>v,</strong></span> <span class='ocrx_word' id='word_1_715' title='bbox 3513 4310 3626 4383; x_wconf 83' lang='lat'><strong>26),</strong></span> 
     </span>
    </p>
   </div>
   <div class='ocr_carea' id='block_1_91' title="bbox 1983 4398 3626 4472">
    <p class='ocr_par' dir='ltr' id='par_1_91' title="bbox 1983 4398 3626 4472">
     <span class='ocr_line' id='line_1_91' title="bbox 1983 4398 3626 4472; baseline 0.002 -19"><span class='ocrx_word' id='word_1_716' title='bbox 1983 4398 2041 4454; x_wconf 92' lang='lat' dir='ltr'><strong>id</strong></span> <span class='ocrx_word' id='word_1_717' title='bbox 2063 4402 2152 4455; x_wconf 91' lang='lat' dir='ltr'><strong>est</strong></span> <span class='ocrx_word' id='word_1_718' title='bbox 2169 4399 2374 4472; x_wconf 83' lang='lat' dir='ltr'><strong>genuit</strong></span> <span class='ocrx_word' id='word_1_719' title='bbox 2406 4399 2824 4469; x_wconf 88' lang='lat' dir='ltr'><strong>Filium,vitam</strong></span> <span class='ocrx_word' id='word_1_720' title='bbox 2857 4399 2917 4454; x_wconf 93' lang='lat' dir='ltr'><strong>in</strong></span> <span class='ocrx_word' id='word_1_721' title='bbox 2949 4398 3262 4472; x_wconf 90' lang='lat' dir='ltr'><strong>semetipso</strong></span> <span class='ocrx_word' id='word_1_722' title='bbox 3291 4399 3626 4458; x_wconf 88' lang='lat' dir='ltr'><strong>habentem.</strong></span> 
     </span>
    </p>
   </div>
   <div class='ocr_carea' id='block_1_92' title="bbox 1982 4487 3629 4560">
    <p class='ocr_par' dir='ltr' id='par_1_92' title="bbox 1982 4487 3629 4560">
     <span class='ocr_line' id='line_1_92' title="bbox 1982 4487 3629 4560; baseline 0 -16"><span class='ocrx_word' id='word_1_723' title='bbox 1982 4488 2099 4544; x_wconf 89' lang='lat' dir='ltr'><strong>Hoc</strong></span> <span class='ocrx_word' id='word_1_724' title='bbox 2120 4487 2312 4544; x_wconf 90' lang='lat' dir='ltr'><strong>solum</strong></span> <span class='ocrx_word' id='word_1_725' title='bbox 2331 4487 2591 4557; x_wconf 87' lang='lat' dir='ltr'><strong>interest,</strong></span> <span class='ocrx_word' id='word_1_726' title='bbox 2615 4489 2769 4560; x_wconf 91' lang='lat' dir='ltr'><strong>quod</strong></span> <span class='ocrx_word' id='word_1_727' title='bbox 2793 4489 2960 4544; x_wconf 88' lang='lat' dir='ltr'><strong>Pater</strong></span> <span class='ocrx_word' id='word_1_728' title='bbox 2978 4489 3098 4544; x_wconf 91' lang='lat' dir='ltr'><strong>vita</strong></span> <span class='ocrx_word' id='word_1_729' title='bbox 3115 4492 3206 4544; x_wconf 90' lang='lat' dir='ltr'><strong>est</strong></span> <span class='ocrx_word' id='word_1_730' title='bbox 3234 4504 3348 4543; x_wconf 87' lang='lat' dir='ltr'><strong>non</strong></span> <span class='ocrx_word' id='word_1_731' title='bbox 3379 4505 3629 4545; x_wconf 88' lang='lat' dir='ltr'><strong>nascen-</strong></span> 
     </span>
    </p>
   </div>
   <div class='ocr_carea' id='block_1_93' title="bbox 221 4575 3626 4660">
    <p class='ocr_par' dir='ltr' id='par_1_93' title="bbox 221 4575 3626 4660">
     <span class='ocr_line' id='line_1_93' title="bbox 221 4575 3626 4660; baseline 0 -25"><span class='ocrx_word' id='word_1_732' title='bbox 221 4575 1166 4653; x_wconf 68' lang='lat' dir='ltr'><strong>diamagnitudinemisiquaipse</strong></span> <span class='ocrx_word' id='word_1_733' title='bbox 1179 4596 1431 4652; x_wconf 84' lang='lat' dir='ltr'><strong>magnus</strong></span> <span class='ocrx_word' id='word_1_734' title='bbox 1449 4583 1540 4635; x_wconf 86' lang='lat' dir='ltr'><strong>est</strong></span> <span class='ocrx_word' id='word_1_735' title='bbox 1555 4583 1610 4635; x_wconf 91' lang='lat' dir='ltr'><strong>et</strong></span> <span class='ocrx_word' id='word_1_736' title='bbox 1629 4580 1871 4635; x_wconf 88' lang='lat' dir='ltr'><strong>immen-</strong></span> <span class='ocrx_word' id='word_1_737' title='bbox 1899 4597 1946 4660; x_wconf 83' lang='lat' dir='ltr'><strong>D</strong></span> <span class='ocrx_word' id='word_1_738' title='bbox 1981 4577 2075 4642; x_wconf 90' lang='lat' dir='ltr'><strong>do,</strong></span> <span class='ocrx_word' id='word_1_739' title='bbox 2101 4575 2284 4632; x_wconf 85' lang='lat' dir='ltr'><strong>Filius</strong></span> <span class='ocrx_word' id='word_1_740' title='bbox 2313 4576 2433 4632; x_wconf 90' lang='lat' dir='ltr'><strong>vita</strong></span> <span class='ocrx_word' id='word_1_741' title='bbox 2459 4581 2549 4632; x_wconf 89' lang='lat' dir='ltr'><strong>est</strong></span> <span class='ocrx_word' id='word_1_742' title='bbox 2580 4577 2872 4634; x_wconf 88' lang='lat' dir='ltr'><strong>nascendo</strong></span> <span class='ocrx_word' id='word_1_743' title='bbox 2897 4595 2912 4645; x_wconf 89' lang='lat'><strong>;</strong></span> <span class='ocrx_word' id='word_1_744' title='bbox 2937 4577 3104 4633; x_wconf 90' lang='lat' dir='ltr'><strong>Pater</strong></span> <span class='ocrx_word' id='word_1_745' title='bbox 3141 4577 3214 4632; x_wconf 92' lang='lat' dir='ltr'><strong>de</strong></span> <span class='ocrx_word' id='word_1_746' title='bbox 3251 4577 3412 4634; x_wconf 91' lang='lat' dir='ltr'><strong>nullo</strong></span> <span class='ocrx_word' id='word_1_747' title='bbox 3443 4581 3626 4651; x_wconf 88' lang='lat' dir='ltr'><strong>patre,</strong></span> 
     </span>
    </p>
   </div>
   <div class='ocr_carea' id='block_1_94' title="bbox 219 4666 1871 4741">
    <p class='ocr_par' dir='ltr' id='par_1_94' title="bbox 219 4666 1871 4741">
     <span class='ocr_line' id='line_1_94' title="bbox 219 4666 1871 4741; baseline 0.001 -19"><span class='ocrx_word' id='word_1_748' title='bbox 219 4679 340 4722; x_wconf 78' lang='lat' dir='ltr'><strong>sus.</strong></span> <span class='ocrx_word' id='word_1_749' title='bbox 355 4667 440 4723; x_wconf 86' lang='lat' dir='ltr'><strong>Ea</strong></span> <span class='ocrx_word' id='word_1_750' title='bbox 459 4666 646 4740; x_wconf 82' lang='lat' dir='ltr'><strong>igitur</strong></span> <span class='ocrx_word' id='word_1_751' title='bbox 665 4668 1073 4740; x_wconf 82' lang='lat' dir='ltr'><strong>magnitudine</strong></span> <span class='ocrx_word' id='word_1_752' title='bbox 1095 4685 1347 4741; x_wconf 85' lang='lat' dir='ltr'><strong>magnus</strong></span> <span class='ocrx_word' id='word_1_753' title='bbox 1367 4671 1477 4732; x_wconf 90' lang='lat' dir='ltr'><strong>est,</strong></span> <span class='ocrx_word' id='word_1_754' title='bbox 1501 4685 1620 4739; x_wconf 88' lang='lat' dir='ltr'><strong>qua</strong></span> <span class='ocrx_word' id='word_1_755' title='bbox 1636 4667 1761 4739; x_wconf 91' lang='lat' dir='ltr'><strong>ipse</strong></span> <span class='ocrx_word' id='word_1_756' title='bbox 1781 4673 1871 4723; x_wconf 90' lang='lat' dir='ltr'><strong>est</strong></span> 
     </span>
    </p>
   </div>
   <div class='ocr_carea' id='block_1_95' title="bbox 215 4755 1903 4828">
    <p class='ocr_par' dir='ltr' id='par_1_95' title="bbox 215 4755 1903 4828">
     <span class='ocr_line' id='line_1_95' title="bbox 215 4755 1903 4828; baseline 0.001 -17"><span class='ocrx_word' id='word_1_757' title='bbox 215 4755 422 4812; x_wconf 83' lang='lat' dir='ltr'><strong>eadem</strong></span> <span class='ocrx_word' id='word_1_758' title='bbox 437 4756 782 4828; x_wconf 83' lang='lat' dir='ltr'><strong>magnitudo</strong></span> <span class='ocrx_word' id='word_1_759' title='bbox 793 4761 868 4820; x_wconf 83' lang='lat' dir='ltr'><strong>.et</strong></span> <span class='ocrx_word' id='word_1_760' title='bbox 878 4774 948 4813; x_wconf 89' lang='lat' dir='ltr'><strong>ea</strong></span> <span class='ocrx_word' id='word_1_761' title='bbox 957 4757 1218 4814; x_wconf 87' lang='lat' dir='ltr'><strong>bonitate</strong></span> <span class='ocrx_word' id='word_1_762' title='bbox 1229 4758 1421 4814; x_wconf 88' lang='lat' dir='ltr'><strong>bonus</strong></span> <span class='ocrx_word' id='word_1_763' title='bbox 1433 4755 1802 4828; x_wconf 88' lang='lat' dir='ltr'><strong>est,quaipse</strong></span> <span class='ocrx_word' id='word_1_764' title='bbox 1813 4760 1903 4812; x_wconf 89' lang='lat' dir='ltr'><strong>est</strong></span> 
     </span>
    </p>
   </div>
   <div class='ocr_carea' id='block_1_96' title="bbox 213 4841 1869 4919">
    <p class='ocr_par' dir='ltr' id='par_1_96' title="bbox 213 4841 1869 4919">
     <span class='ocr_line' id='line_1_96' title="bbox 213 4841 1869 4919; baseline 0 -19"><span class='ocrx_word' id='word_1_765' title='bbox 213 4841 640 4919; x_wconf 68' lang='lat' dir='ltr'><strong>lbonitas].Nec</strong></span> <span class='ocrx_word' id='word_1_766' title='bbox 660 4845 777 4902; x_wconf 91' lang='lat' dir='ltr'><strong>Deo</strong></span> <span class='ocrx_word' id='word_1_767' title='bbox 797 4845 960 4902; x_wconf 89' lang='lat' dir='ltr'><strong>aliud</strong></span> <span class='ocrx_word' id='word_1_768' title='bbox 981 4849 1072 4903; x_wconf 89' lang='lat' dir='ltr'><strong>est</strong></span> <span class='ocrx_word' id='word_1_769' title='bbox 1088 4845 1404 4914; x_wconf 89' lang='lat' dir='ltr'><strong>esse,aliud</strong></span> <span class='ocrx_word' id='word_1_770' title='bbox 1427 4862 1706 4918; x_wconf 80' lang='lat' dir='ltr'><strong>magnum</strong></span> <span class='ocrx_word' id='word_1_771' title='bbox 1719 4862 1869 4913; x_wconf 87' lang='lat' dir='ltr'><strong>esse,</strong></span> 
     </span>
    </p>
   </div>
   <div class='ocr_carea' id='block_1_97' title="bbox 217 4930 1866 5007">
    <p class='ocr_par' dir='ltr' id='par_1_97' title="bbox 217 4930 1866 5007">
     <span class='ocr_line' id='line_1_97' title="bbox 217 4930 1866 5007; baseline 0.001 -20"><span class='ocrx_word' id='word_1_772' title='bbox 217 4930 378 4988; x_wconf 83' lang='lat' dir='ltr'><strong>aliud</strong></span> <span class='ocrx_word' id='word_1_773' title='bbox 390 4933 615 4990; x_wconf 89' lang='lat' dir='ltr'><strong>bonum</strong></span> <span class='ocrx_word' id='word_1_774' title='bbox 627 4935 886 5002; x_wconf 88' lang='lat' dir='ltr'><strong>esse;sed</strong></span> <span class='ocrx_word' id='word_1_775' title='bbox 899 4951 965 4991; x_wconf 91' lang='lat' dir='ltr'><strong>eo</strong></span> <span class='ocrx_word' id='word_1_776' title='bbox 979 4952 1094 5006; x_wconf 89' lang='lat' dir='ltr'><strong>quo</strong></span> <span class='ocrx_word' id='word_1_777' title='bbox 1105 4939 1472 5007; x_wconf 86' lang='lat' dir='ltr'><strong>est,magnus</strong></span> <span class='ocrx_word' id='word_1_778' title='bbox 1489 4937 1546 4988; x_wconf 90' lang='lat' dir='ltr'><strong>et</strong></span> <span class='ocrx_word' id='word_1_779' title='bbox 1559 4933 1748 4988; x_wconf 89' lang='lat' dir='ltr'><strong>bonus</strong></span> <span class='ocrx_word' id='word_1_780' title='bbox 1759 4938 1866 4989; x_wconf 88' lang='lat' dir='ltr'><strong>est.</strong></span> 
     </span>
    </p>
   </div>
   <div class='ocr_carea' id='block_1_98' title="bbox 213 5019 1868 5096">
    <p class='ocr_par' dir='ltr' id='par_1_98' title="bbox 213 5019 1868 5096">
     <span class='ocr_line' id='line_1_98' title="bbox 213 5019 1868 5096; baseline 0.002 -20"><span class='ocrx_word' id='word_1_781' title='bbox 213 5019 349 5079; x_wconf 75' lang='lat' dir='ltr'><strong>Ideo</strong></span> <span class='ocrx_word' id='word_1_782' title='bbox 372 5039 480 5078; x_wconf 89' lang='lat' dir='ltr'><strong>nec</strong></span> <span class='ocrx_word' id='word_1_783' title='bbox 500 5026 622 5079; x_wconf 87' lang='lat' dir='ltr'><strong>tres</strong></span> <span class='ocrx_word' id='word_1_784' title='bbox 643 5023 1024 5092; x_wconf 86' lang='lat' dir='ltr'><strong>substantias,</strong></span> <span class='ocrx_word' id='word_1_785' title='bbox 1050 5041 1157 5080; x_wconf 89' lang='lat' dir='ltr'><strong>nec</strong></span> <span class='ocrx_word' id='word_1_786' title='bbox 1183 5027 1304 5079; x_wconf 86' lang='lat' dir='ltr'><strong>tres</strong></span> <span class='ocrx_word' id='word_1_787' title='bbox 1335 5038 1600 5094; x_wconf 87' lang='lat' dir='ltr'><strong>magnos,</strong></span> <span class='ocrx_word' id='word_1_788' title='bbox 1626 5039 1730 5096; x_wconf 79' lang='lat' dir='ltr'><strong>nec</strong></span> <span class='ocrx_word' id='word_1_789' title='bbox 1751 5025 1868 5080; x_wconf 85' lang='lat' dir='ltr'><strong>tres</strong></span> 
     </span>
    </p>
   </div>
   <div class='ocr_carea' id='block_1_99' title="bbox 213 5107 1869 5183">
    <p class='ocr_par' dir='ltr' id='par_1_99' title="bbox 213 5107 1869 5183">
     <span class='ocr_line' id='line_1_99' title="bbox 213 5107 1869 5183; baseline 0.001 -19"><span class='ocrx_word' id='word_1_790' title='bbox 213 5107 402 5167; x_wconf 79' lang='lat' dir='ltr'><strong>bonos</strong></span> <span class='ocrx_word' id='word_1_791' title='bbox 437 5112 510 5168; x_wconf 87' lang='lat' dir='ltr'><strong>de</strong></span> <span class='ocrx_word' id='word_1_792' title='bbox 549 5112 668 5168; x_wconf 90' lang='lat' dir='ltr'><strong>Deo</strong></span> <span class='ocrx_word' id='word_1_793' title='bbox 697 5113 891 5169; x_wconf 88' lang='lat' dir='ltr'><strong>dicere</strong></span> <span class='ocrx_word' id='word_1_794' title='bbox 912 5113 1001 5169; x_wconf 86' lang='lat' dir='ltr'><strong>fas</strong></span> <span class='ocrx_word' id='word_1_795' title='bbox 1021 5116 1112 5168; x_wconf 89' lang='lat' dir='ltr'><strong>est</strong></span> <span class='ocrx_word' id='word_1_796' title='bbox 1133 5109 1266 5183; x_wconf 77' lang='lat' dir='ltr'><strong>(lib.</strong></span> <span class='ocrx_word' id='word_1_797' title='bbox 1291 5128 1351 5177; x_wconf 83' lang='grc' dir='ltr'><strong>ιι,</strong></span> <span class='ocrx_word' id='word_1_798' title='bbox 1379 5127 1430 5166; x_wconf 90' lang='lat' dir='ltr'><strong>c.</strong></span> <span class='ocrx_word' id='word_1_799' title='bbox 1453 5109 1531 5182; x_wconf 90' lang='lat'><strong>2).</strong></span> <span class='ocrx_word' id='word_1_800' title='bbox 1554 5111 1625 5165; x_wconf 88' lang='lat' dir='ltr'><strong>Et</strong></span> <span class='ocrx_word' id='word_1_801' title='bbox 1653 5109 1750 5166; x_wconf 91' lang='lat' dir='ltr'><strong>ille</strong></span> <span class='ocrx_word' id='word_1_802' title='bbox 1778 5115 1869 5167; x_wconf 89' lang='lat' dir='ltr'><strong>est</strong></span> 
     </span>
    </p>
   </div>
   <div class='ocr_carea' id='block_1_100' title="bbox 215 5199 1862 5274">
    <p class='ocr_par' dir='ltr' id='par_1_100' title="bbox 215 5199 1862 5274">
     <span class='ocr_line' id='line_1_100' title="bbox 215 5199 1862 5274; baseline 0.002 -22"><span class='ocrx_word' id='word_1_803' title='bbox 215 5214 453 5256; x_wconf 77' lang='lat' dir='ltr'><strong>summa</strong></span> <span class='ocrx_word' id='word_1_804' title='bbox 463 5201 1040 5271; x_wconf 80' lang='lat' dir='ltr'><strong>existentia,summa</strong></span> <span class='ocrx_word' id='word_1_805' title='bbox 1059 5199 1468 5274; x_wconf 87' lang='lat' dir='ltr'><strong>intelligentia,</strong></span> <span class='ocrx_word' id='word_1_806' title='bbox 1483 5215 1716 5255; x_wconf 89' lang='lat' dir='ltr'><strong>summa</strong></span> <span class='ocrx_word' id='word_1_807' title='bbox 1727 5199 1862 5271; x_wconf 89' lang='lat' dir='ltr'><strong>vita,</strong></span> 
     </span>
    </p>
   </div>
   <div class='ocr_carea' id='block_1_101' title="bbox 197 5287 1866 5362">
    <p class='ocr_par' dir='ltr' id='par_1_101' title="bbox 197 5287 1866 5362">
     <span class='ocr_line' id='line_1_101' title="bbox 197 5287 1866 5362; baseline -0.001 -16"><span class='ocrx_word' id='word_1_808' title='bbox 197 5301 247 5346; x_wconf 67' lang='grc' dir='ltr'><strong><em>Δ</em></strong></span> <span class='ocrx_word' id='word_1_809' title='bbox 271 5303 395 5360; x_wconf 90' lang='lat' dir='ltr'><strong>quo</strong></span> <span class='ocrx_word' id='word_1_810' title='bbox 422 5293 510 5344; x_wconf 87' lang='lat' dir='ltr'><strong>est</strong></span> <span class='ocrx_word' id='word_1_811' title='bbox 541 5290 737 5346; x_wconf 90' lang='lat' dir='ltr'><strong>omnis</strong></span> <span class='ocrx_word' id='word_1_812' title='bbox 764 5289 903 5360; x_wconf 88' lang='lat' dir='ltr'><strong>vita,</strong></span> <span class='ocrx_word' id='word_1_813' title='bbox 935 5289 1127 5346; x_wconf 89' lang='lat' dir='ltr'><strong>omnis</strong></span> <span class='ocrx_word' id='word_1_814' title='bbox 1156 5287 1567 5362; x_wconf 82' lang='lat' dir='ltr'><strong>intelligentia,</strong></span> <span class='ocrx_word' id='word_1_815' title='bbox 1588 5291 1645 5344; x_wconf 89' lang='lat' dir='ltr'><strong>et</strong></span> <span class='ocrx_word' id='word_1_816' title='bbox 1673 5288 1866 5344; x_wconf 90' lang='lat' dir='ltr'><strong>omnis</strong></span> 
     </span>
    </p>
   </div>
   <div class='ocr_carea' id='block_1_102' title="bbox 210 5375 1866 5451">
    <p class='ocr_par' dir='ltr' id='par_1_102' title="bbox 210 5375 1866 5451">
     <span class='ocr_line' id='line_1_102' title="bbox 210 5375 1866 5451; baseline 0.002 -23"><span class='ocrx_word' id='word_1_817' title='bbox 210 5375 526 5432; x_wconf 67' lang='lat' dir='ltr'><strong>existentia</strong></span> <span class='ocrx_word' id='word_1_818' title='bbox 549 5395 562 5434; x_wconf 87' lang='lat'><strong>:</strong></span> <span class='ocrx_word' id='word_1_819' title='bbox 587 5378 688 5434; x_wconf 89' lang='lat' dir='ltr'><strong>Dei</strong></span> <span class='ocrx_word' id='word_1_820' title='bbox 729 5378 886 5434; x_wconf 91' lang='lat' dir='ltr'><strong>enim</strong></span> <span class='ocrx_word' id='word_1_821' title='bbox 917 5378 1072 5434; x_wconf 90' lang='lat' dir='ltr'><strong>idem</strong></span> <span class='ocrx_word' id='word_1_822' title='bbox 1095 5379 1291 5451; x_wconf 90' lang='lat' dir='ltr'><strong>ipsum</strong></span> <span class='ocrx_word' id='word_1_823' title='bbox 1313 5383 1402 5434; x_wconf 89' lang='lat' dir='ltr'><strong>est</strong></span> <span class='ocrx_word' id='word_1_824' title='bbox 1420 5382 1478 5433; x_wconf 91' lang='lat' dir='ltr'><strong>et</strong></span> <span class='ocrx_word' id='word_1_825' title='bbox 1499 5377 1778 5449; x_wconf 90' lang='lat' dir='ltr'><strong>potentia,</strong></span> <span class='ocrx_word' id='word_1_826' title='bbox 1809 5381 1866 5433; x_wconf 89' lang='lat' dir='ltr'><strong>et</strong></span> 
     </span>
    </p>
   </div>
   <div class='ocr_carea' id='block_1_103' title="bbox 209 5463 1864 5535">
    <p class='ocr_par' dir='ltr' id='par_1_103' title="bbox 209 5463 1864 5535">
     <span class='ocr_line' id='line_1_103' title="bbox 209 5463 1864 5535; baseline 0.003 -18"><span class='ocrx_word' id='word_1_827' title='bbox 209 5463 571 5532; x_wconf 83' lang='lat' dir='ltr'><strong>substantia,</strong></span> <span class='ocrx_word' id='word_1_828' title='bbox 591 5471 649 5522; x_wconf 86' lang='lat' dir='ltr'><strong>et</strong></span> <span class='ocrx_word' id='word_1_829' title='bbox 669 5467 966 5535; x_wconf 88' lang='lat' dir='ltr'><strong>divinitas,</strong></span> <span class='ocrx_word' id='word_1_830' title='bbox 989 5471 1047 5524; x_wconf 88' lang='lat' dir='ltr'><strong>et</strong></span> <span class='ocrx_word' id='word_1_831' title='bbox 1067 5469 1187 5524; x_wconf 64' lang='lat' dir='ltr'><strong>haec</strong></span> <span class='ocrx_word' id='word_1_832' title='bbox 1213 5468 1413 5524; x_wconf 89' lang='lat' dir='ltr'><strong>omnia</strong></span> <span class='ocrx_word' id='word_1_833' title='bbox 1442 5483 1648 5533; x_wconf 88' lang='lat' dir='ltr'><strong>unum,</strong></span> <span class='ocrx_word' id='word_1_834' title='bbox 1671 5470 1734 5521; x_wconf 88' lang='lat' dir='ltr'><strong>ut</strong></span> <span class='ocrx_word' id='word_1_835' title='bbox 1755 5466 1864 5522; x_wconf 89' lang='lat' dir='ltr'><strong>hoc</strong></span> 
     </span>
    </p>
   </div>
   <div class='ocr_carea' id='block_1_104' title="bbox 211 5553 1862 5630">
    <p class='ocr_par' dir='ltr' id='par_1_104' title="bbox 211 5553 1862 5630">
     <span class='ocr_line' id='line_1_104' title="bbox 211 5553 1862 5630; baseline 0.003 -23"><span class='ocrx_word' id='word_1_836' title='bbox 211 5568 404 5615; x_wconf 85' lang='lat' dir='ltr'><strong>unum</strong></span> <span class='ocrx_word' id='word_1_837' title='bbox 425 5553 675 5626; x_wconf 83' lang='lat' dir='ltr'><strong>simplex</strong></span> <span class='ocrx_word' id='word_1_838' title='bbox 697 5558 845 5628; x_wconf 89' lang='lat' dir='ltr'><strong>(cap.</strong></span> <span class='ocrx_word' id='word_1_839' title='bbox 881 5558 990 5628; x_wconf 74' lang='lat' dir='ltr'><strong>l3);</strong></span> <span class='ocrx_word' id='word_1_840' title='bbox 1015 5557 1156 5630; x_wconf 89' lang='lat' dir='ltr'><strong>quia</strong></span> <span class='ocrx_word' id='word_1_841' title='bbox 1184 5574 1371 5612; x_wconf 91' lang='lat' dir='ltr'><strong>unum</strong></span> <span class='ocrx_word' id='word_1_842' title='bbox 1395 5573 1542 5628; x_wconf 89' lang='lat' dir='ltr'><strong>opus</strong></span> <span class='ocrx_word' id='word_1_843' title='bbox 1565 5560 1652 5612; x_wconf 89' lang='lat' dir='ltr'><strong>est</strong></span> <span class='ocrx_word' id='word_1_844' title='bbox 1675 5555 1862 5612; x_wconf 87' lang='lat' dir='ltr'><strong>Patris</strong></span> 
     </span>
    </p>
   </div>
   <div class='ocr_carea' id='block_1_105' title="bbox 207 5641 1861 5718">
    <p class='ocr_par' dir='ltr' id='par_1_105' title="bbox 207 5641 1861 5718">
     <span class='ocr_line' id='line_1_105' title="bbox 207 5641 1861 5718; baseline 0.003 -22"><span class='ocrx_word' id='word_1_845' title='bbox 207 5645 266 5696; x_wconf 88' lang='lat' dir='ltr'><strong>et</strong></span> <span class='ocrx_word' id='word_1_846' title='bbox 286 5641 422 5698; x_wconf 85' lang='lat' dir='ltr'><strong>Filii</strong></span> <span class='ocrx_word' id='word_1_847' title='bbox 441 5647 500 5700; x_wconf 92' lang='lat' dir='ltr'><strong>et</strong></span> <span class='ocrx_word' id='word_1_848' title='bbox 520 5643 775 5716; x_wconf 89' lang='lat' dir='ltr'><strong>Spiritus</strong></span> <span class='ocrx_word' id='word_1_849' title='bbox 809 5646 1016 5717; x_wconf 88' lang='lat' dir='ltr'><strong>sancti,</strong></span> <span class='ocrx_word' id='word_1_850' title='bbox 1037 5655 1094 5703; x_wconf 87' lang='lat' dir='ltr'><strong>et</strong></span> <span class='ocrx_word' id='word_1_851' title='bbox 1125 5663 1503 5718; x_wconf 89' lang='lat' dir='ltr'><strong>personarum</strong></span> <span class='ocrx_word' id='word_1_852' title='bbox 1537 5644 1861 5716; x_wconf 87' lang='lat' dir='ltr'><strong>proprieta-</strong></span> 
     </span>
    </p>
   </div>
   <div class='ocr_carea' id='block_1_106' title="bbox 1981 4665 3625 4738">
    <p class='ocr_par' dir='ltr' id='par_1_106' title="bbox 1981 4665 3625 4738">
     <span class='ocr_line' id='line_1_106' title="bbox 1981 4665 3625 4738; baseline 0.002 -19"><span class='ocrx_word' id='word_1_853' title='bbox 1981 4665 2162 4720; x_wconf 87' lang='lat' dir='ltr'><strong>Filius</strong></span> <span class='ocrx_word' id='word_1_854' title='bbox 2183 4666 2254 4720; x_wconf 91' lang='lat' dir='ltr'><strong>de</strong></span> <span class='ocrx_word' id='word_1_855' title='bbox 2275 4665 2391 4722; x_wconf 93' lang='lat' dir='ltr'><strong>Deo</strong></span> <span class='ocrx_word' id='word_1_856' title='bbox 2414 4666 2582 4722; x_wconf 88' lang='lat' dir='ltr'><strong>Patre</strong></span> <span class='ocrx_word' id='word_1_857' title='bbox 2608 4683 2622 4734; x_wconf 89' lang='lat'><strong>;</strong></span> <span class='ocrx_word' id='word_1_858' title='bbox 2648 4665 2816 4721; x_wconf 84' lang='lat' dir='ltr'><strong>Pater</strong></span> <span class='ocrx_word' id='word_1_859' title='bbox 2834 4670 3070 4738; x_wconf 89' lang='lat' dir='ltr'><strong>propter</strong></span> <span class='ocrx_word' id='word_1_860' title='bbox 3088 4665 3298 4722; x_wconf 86' lang='lat' dir='ltr'><strong>Filium</strong></span> <span class='ocrx_word' id='word_1_861' title='bbox 3321 4666 3489 4722; x_wconf 89' lang='lat' dir='ltr'><strong>Pater</strong></span> <span class='ocrx_word' id='word_1_862' title='bbox 3516 4671 3625 4735; x_wconf 89' lang='lat' dir='ltr'><strong>est,</strong></span> 
     </span>
    </p>
   </div>
   <div class='ocr_carea' id='block_1_107' title="bbox 1986 4753 3624 4829">
    <p class='ocr_par' dir='ltr' id='par_1_107' title="bbox 1986 4753 3624 4829">
     <span class='ocr_line' id='line_1_107' title="bbox 1986 4753 3624 4829; baseline 0.002 -20"><span class='ocrx_word' id='word_1_863' title='bbox 1986 4753 2168 4809; x_wconf 85' lang='lat' dir='ltr'><strong>Filius</strong></span> <span class='ocrx_word' id='word_1_864' title='bbox 2199 4771 2331 4809; x_wconf 90' lang='lat' dir='ltr'><strong>vero</strong></span> <span class='ocrx_word' id='word_1_865' title='bbox 2361 4758 2420 4810; x_wconf 91' lang='lat' dir='ltr'><strong>et</strong></span> <span class='ocrx_word' id='word_1_866' title='bbox 2449 4756 2604 4826; x_wconf 89' lang='lat' dir='ltr'><strong>quod</strong></span> <span class='ocrx_word' id='word_1_867' title='bbox 2639 4753 2822 4810; x_wconf 85' lang='lat' dir='ltr'><strong>Filius</strong></span> <span class='ocrx_word' id='word_1_868' title='bbox 2862 4759 2951 4811; x_wconf 90' lang='lat' dir='ltr'><strong>est</strong></span> <span class='ocrx_word' id='word_1_869' title='bbox 2993 4760 3228 4829; x_wconf 88' lang='lat' dir='ltr'><strong>propter</strong></span> <span class='ocrx_word' id='word_1_870' title='bbox 3257 4756 3487 4813; x_wconf 87' lang='lat' dir='ltr'><strong>Patrem</strong></span> <span class='ocrx_word' id='word_1_871' title='bbox 3516 4761 3624 4825; x_wconf 90' lang='lat' dir='ltr'><strong>est,</strong></span> 
     </span>
    </p>
   </div>
   <div class='ocr_carea' id='block_1_108' title="bbox 1979 4843 3634 4917">
    <p class='ocr_par' dir='ltr' id='par_1_108' title="bbox 1979 4843 3634 4917">
     <span class='ocr_line' id='line_1_108' title="bbox 1979 4843 3634 4917; baseline 0.001 -19"><span class='ocrx_word' id='word_1_872' title='bbox 1979 4846 2038 4898; x_wconf 91' lang='lat' dir='ltr'><strong>et</strong></span> <span class='ocrx_word' id='word_1_873' title='bbox 2057 4843 2213 4914; x_wconf 71' lang='lat' dir='ltr'><strong>quod</strong></span> <span class='ocrx_word' id='word_1_874' title='bbox 2252 4846 2341 4899; x_wconf 88' lang='lat' dir='ltr'><strong>est</strong></span> <span class='ocrx_word' id='word_1_875' title='bbox 2369 4861 2404 4898; x_wconf 90' lang='lat' dir='ltr'><strong>a</strong></span> <span class='ocrx_word' id='word_1_876' title='bbox 2430 4843 2595 4898; x_wconf 89' lang='lat' dir='ltr'><strong>Patre</strong></span> <span class='ocrx_word' id='word_1_877' title='bbox 2633 4847 2741 4912; x_wconf 89' lang='lat' dir='ltr'><strong>est,</strong></span> <span class='ocrx_word' id='word_1_878' title='bbox 2766 4848 2824 4898; x_wconf 88' lang='lat' dir='ltr'><strong>et</strong></span> <span class='ocrx_word' id='word_1_879' title='bbox 2846 4861 2881 4900; x_wconf 89' lang='lat' dir='ltr'><strong>a</strong></span> <span class='ocrx_word' id='word_1_880' title='bbox 2899 4843 3018 4900; x_wconf 87' lang='lat' dir='ltr'><strong>vita</strong></span> <span class='ocrx_word' id='word_1_881' title='bbox 3035 4844 3153 4900; x_wconf 88' lang='lat' dir='ltr'><strong>vita</strong></span> <span class='ocrx_word' id='word_1_882' title='bbox 3171 4849 3278 4900; x_wconf 91' lang='lat' dir='ltr'><strong>est.</strong></span> <span class='ocrx_word' id='word_1_883' title='bbox 3302 4845 3488 4914; x_wconf 88' lang='lat' dir='ltr'><strong>Pater,</strong></span> <span class='ocrx_word' id='word_1_884' title='bbox 3523 4844 3634 4917; x_wconf 83' lang='lat' dir='ltr'><strong>qui</strong></span> 
     </span>
    </p>
   </div>
   <div class='ocr_carea' id='block_1_109' title="bbox 1979 4929 3724 5015">
    <p class='ocr_par' dir='ltr' id='par_1_109' title="bbox 1979 4929 3724 5015">
     <span class='ocr_line' id='line_1_109' title="bbox 1979 4929 3724 5015; baseline 0.001 -29"><span class='ocrx_word' id='word_1_885' title='bbox 1979 4935 2068 4987; x_wconf 87' lang='lat' dir='ltr'><strong>est</strong></span> <span class='ocrx_word' id='word_1_886' title='bbox 2098 4931 2213 4987; x_wconf 88' lang='lat' dir='ltr'><strong>vita</strong></span> <span class='ocrx_word' id='word_1_887' title='bbox 2241 4931 2302 4987; x_wconf 90' lang='lat' dir='ltr'><strong>in</strong></span> <span class='ocrx_word' id='word_1_888' title='bbox 2336 4929 2673 5004; x_wconf 88' lang='lat' dir='ltr'><strong>semetipso,</strong></span> <span class='ocrx_word' id='word_1_889' title='bbox 2706 4933 2912 5005; x_wconf 87' lang='lat' dir='ltr'><strong>genuit</strong></span> <span class='ocrx_word' id='word_1_890' title='bbox 2956 4933 3167 4989; x_wconf 82' lang='lat' dir='ltr'><strong>Filium</strong></span> <span class='ocrx_word' id='word_1_891' title='bbox 3199 4933 3298 5006; x_wconf 87' lang='lat' dir='ltr'><strong>qui</strong></span> <span class='ocrx_word' id='word_1_892' title='bbox 3329 4937 3484 4990; x_wconf 88' lang='lat' dir='ltr'><strong>esset</strong></span> <span class='ocrx_word' id='word_1_893' title='bbox 3507 4932 3628 4988; x_wconf 90' lang='lat' dir='ltr'><strong>vita</strong></span> <span class='ocrx_word' id='word_1_894' title='bbox 3710 5005 3724 5015; x_wconf 30' lang='grc' dir='ltr'><strong><em>ι</em></strong></span> 
     </span>
    </p>
   </div>
   <div class='ocr_carea' id='block_1_110' title="bbox 1979 5019 3620 5094">
    <p class='ocr_par' dir='ltr' id='par_1_110' title="bbox 1979 5019 3620 5094">
     <span class='ocr_line' id='line_1_110' title="bbox 1979 5019 3620 5094; baseline -0.001 -19"><span class='ocrx_word' id='word_1_895' title='bbox 1979 5021 2037 5076; x_wconf 89' lang='lat' dir='ltr'><strong>in</strong></span> <span class='ocrx_word' id='word_1_896' title='bbox 2055 5019 2528 5093; x_wconf 86' lang='lat' dir='ltr'><strong>semetipso.ldeo</strong></span> <span class='ocrx_word' id='word_1_897' title='bbox 2545 5025 2602 5077; x_wconf 89' lang='lat' dir='ltr'><strong>et</strong></span> <span class='ocrx_word' id='word_1_898' title='bbox 2619 5020 2742 5094; x_wconf 90' lang='lat' dir='ltr'><strong>ipse</strong></span> <span class='ocrx_word' id='word_1_899' title='bbox 2761 5022 2941 5078; x_wconf 82' lang='lat' dir='ltr'><strong>Filius</strong></span> <span class='ocrx_word' id='word_1_900' title='bbox 2953 5023 3035 5079; x_wconf 90' lang='lat' dir='ltr'><strong>ait</strong></span> <span class='ocrx_word' id='word_1_901' title='bbox 3048 5040 3060 5079; x_wconf 93' lang='lat'><strong>:</strong></span> <span class='ocrx_word' id='word_1_902' title='bbox 3074 5025 3236 5079; x_wconf 79' lang='lat' dir='ltr'><strong>Sicut</strong></span> <span class='ocrx_word' id='word_1_903' title='bbox 3250 5023 3388 5080; x_wconf 81' lang='lat' dir='ltr'><strong>vivit</strong></span> <span class='ocrx_word' id='word_1_904' title='bbox 3418 5027 3620 5090; x_wconf 81' lang='lat' dir='ltr'><strong>Pater,</strong></span> 
     </span>
    </p>
   </div>
   <div class='ocr_carea' id='block_1_111' title="bbox 1975 5108 3622 5184">
    <p class='ocr_par' dir='ltr' id='par_1_111' title="bbox 1975 5108 3622 5184">
     <span class='ocr_line' id='line_1_111' title="bbox 1975 5108 3622 5184; baseline -0.004 -16"><span class='ocrx_word' id='word_1_905' title='bbox 1975 5117 2031 5168; x_wconf 83' lang='lat' dir='ltr'><strong>et</strong></span> <span class='ocrx_word' id='word_1_906' title='bbox 2060 5127 2168 5183; x_wconf 87' lang='lat' dir='ltr'><strong>ego</strong></span> <span class='ocrx_word' id='word_1_907' title='bbox 2199 5113 2326 5168; x_wconf 81' lang='lat' dir='ltr'><strong>vivo</strong></span> <span class='ocrx_word' id='word_1_908' title='bbox 2351 5116 2594 5184; x_wconf 60' lang='lat' dir='ltr'><strong>propter</strong></span> <span class='ocrx_word' id='word_1_909' title='bbox 2633 5117 2875 5168; x_wconf 79' lang='lat' dir='ltr'><strong>Patrem</strong></span> <span class='ocrx_word' id='word_1_910' title='bbox 2904 5116 3095 5180; x_wconf 84' lang='lat' dir='ltr'><strong>(Joan.</strong></span> <span class='ocrx_word' id='word_1_911' title='bbox 3127 5124 3206 5180; x_wconf 88' lang='lat' dir='ltr'><strong>vr,</strong></span> <span class='ocrx_word' id='word_1_912' title='bbox 3237 5110 3349 5181; x_wconf 85' lang='lat'><strong>58).</strong></span> <span class='ocrx_word' id='word_1_913' title='bbox 3383 5109 3506 5164; x_wconf 83' lang='lat' dir='ltr'><strong>Non</strong></span> <span class='ocrx_word' id='word_1_914' title='bbox 3545 5108 3622 5162; x_wconf 89' lang='lat' dir='ltr'><strong>ita</strong></span> 
     </span>
    </p>
   </div>
   <div class='ocr_carea' id='block_1_112' title="bbox 1975 5197 3620 5272">
    <p class='ocr_par' dir='ltr' id='par_1_112' title="bbox 1975 5197 3620 5272">
     <span class='ocr_line' id='line_1_112' title="bbox 1975 5197 3620 5272; baseline -0.004 -16"><span class='ocrx_word' id='word_1_915' title='bbox 1975 5199 2197 5256; x_wconf 89' lang='lat' dir='ltr'><strong>dictum</strong></span> <span class='ocrx_word' id='word_1_916' title='bbox 2233 5204 2340 5268; x_wconf 91' lang='lat' dir='ltr'><strong>est,</strong></span> <span class='ocrx_word' id='word_1_917' title='bbox 2365 5198 2534 5272; x_wconf 89' lang='lat' dir='ltr'><strong>quasi</strong></span> <span class='ocrx_word' id='word_1_918' title='bbox 2552 5199 2612 5255; x_wconf 92' lang='lat' dir='ltr'><strong>in</strong></span> <span class='ocrx_word' id='word_1_919' title='bbox 2639 5200 2953 5272; x_wconf 88' lang='lat' dir='ltr'><strong>semetipso</strong></span> <span class='ocrx_word' id='word_1_920' title='bbox 2975 5199 3154 5257; x_wconf 86' lang='lat' dir='ltr'><strong>Filius</strong></span> <span class='ocrx_word' id='word_1_921' title='bbox 3176 5197 3473 5270; x_wconf 89' lang='lat' dir='ltr'><strong>propriam</strong></span> <span class='ocrx_word' id='word_1_922' title='bbox 3503 5213 3620 5250; x_wconf 82' lang='lat' dir='ltr'><strong>non</strong></span> 
     </span>
    </p>
   </div>
   <div class='ocr_carea' id='block_1_113' title="bbox 1973 5284 3620 5362">
    <p class='ocr_par' dir='ltr' id='par_1_113' title="bbox 1973 5284 3620 5362">
     <span class='ocr_line' id='line_1_113' title="bbox 1973 5284 3620 5362; baseline -0.002 -19"><span class='ocrx_word' id='word_1_923' title='bbox 1973 5286 2216 5344; x_wconf 90' lang='lat' dir='ltr'><strong>haberet</strong></span> <span class='ocrx_word' id='word_1_924' title='bbox 2243 5288 2442 5358; x_wconf 88' lang='lat' dir='ltr'><strong>vitam,</strong></span> <span class='ocrx_word' id='word_1_925' title='bbox 2468 5291 2570 5346; x_wconf 87' lang='lat' dir='ltr'><strong>sed</strong></span> <span class='ocrx_word' id='word_1_926' title='bbox 2609 5289 3053 5362; x_wconf 89' lang='lat' dir='ltr'><strong>participatione</strong></span> <span class='ocrx_word' id='word_1_927' title='bbox 3095 5290 3348 5359; x_wconf 56' lang='lat' dir='ltr'><strong>paternae</strong></span> <span class='ocrx_word' id='word_1_928' title='bbox 3374 5284 3504 5340; x_wconf 65' lang='lat' dir='ltr'><strong>vitae</strong></span> <span class='ocrx_word' id='word_1_929' title='bbox 3532 5284 3620 5340; x_wconf 89' lang='lat' dir='ltr'><strong>vi-</strong></span> 
     </span>
    </p>
   </div>
   <div class='ocr_carea' id='block_1_114' title="bbox 1973 5373 3620 5446">
    <p class='ocr_par' dir='ltr' id='par_1_114' title="bbox 1973 5373 3620 5446">
     <span class='ocr_line' id='line_1_114' title="bbox 1973 5373 3620 5446; baseline -0.001 -15"><span class='ocrx_word' id='word_1_930' title='bbox 1973 5379 2095 5432; x_wconf 90' lang='lat' dir='ltr'><strong>tam</strong></span> <span class='ocrx_word' id='word_1_931' title='bbox 2127 5376 2386 5446; x_wconf 87' lang='lat' dir='ltr'><strong>haberet,</strong></span> <span class='ocrx_word' id='word_1_932' title='bbox 2419 5379 2572 5434; x_wconf 87' lang='lat' dir='ltr'><strong>sicut</strong></span> <span class='ocrx_word' id='word_1_933' title='bbox 2617 5377 2824 5434; x_wconf 88' lang='lat' dir='ltr'><strong>oculus</strong></span> <span class='ocrx_word' id='word_1_934' title='bbox 2875 5375 3125 5432; x_wconf 88' lang='lat' dir='ltr'><strong>carnalis</strong></span> <span class='ocrx_word' id='word_1_935' title='bbox 3173 5373 3620 5446; x_wconf 88' lang='lat' dir='ltr'><strong>participatione</strong></span> 
     </span>
    </p>
   </div>
   <div class='ocr_carea' id='block_1_115' title="bbox 1973 5460 3614 5535">
    <p class='ocr_par' dir='ltr' id='par_1_115' title="bbox 1973 5460 3614 5535">
     <span class='ocr_line' id='line_1_115' title="bbox 1973 5460 3614 5535; baseline -0.001 -15"><span class='ocrx_word' id='word_1_936' title='bbox 1973 5464 2122 5520; x_wconf 90' lang='lat' dir='ltr'><strong>lueis</strong></span> <span class='ocrx_word' id='word_1_937' title='bbox 2164 5465 2409 5522; x_wconf 88' lang='lat' dir='ltr'><strong>alterius</strong></span> <span class='ocrx_word' id='word_1_938' title='bbox 2457 5466 2656 5520; x_wconf 89' lang='lat' dir='ltr'><strong>lumen</strong></span> <span class='ocrx_word' id='word_1_939' title='bbox 2703 5464 2933 5535; x_wconf 86' lang='lat' dir='ltr'><strong>accipit,</strong></span> <span class='ocrx_word' id='word_1_940' title='bbox 2959 5463 3110 5533; x_wconf 89' lang='lat' dir='ltr'><strong>quod</strong></span> <span class='ocrx_word' id='word_1_941' title='bbox 3146 5478 3261 5516; x_wconf 85' lang='lat' dir='ltr'><strong>non</strong></span> <span class='ocrx_word' id='word_1_942' title='bbox 3289 5460 3528 5518; x_wconf 86' lang='lat' dir='ltr'><strong>haberet</strong></span> <span class='ocrx_word' id='word_1_943' title='bbox 3555 5461 3614 5518; x_wconf 91' lang='lat' dir='ltr'><strong>in</strong></span> 
     </span>
    </p>
   </div>
   <div class='ocr_carea' id='block_1_116' title="bbox 1971 5550 3616 5627">
    <p class='ocr_par' dir='ltr' id='par_1_116' title="bbox 1971 5550 3616 5627">
     <span class='ocr_line' id='line_1_116' title="bbox 1971 5550 3616 5627; baseline -0.002 -17"><span class='ocrx_word' id='word_1_944' title='bbox 1971 5553 2162 5627; x_wconf 82' lang='lat' dir='ltr'><strong>seipse</strong></span> <span class='ocrx_word' id='word_1_945' title='bbox 2185 5554 2298 5612; x_wconf 87' lang='lat' dir='ltr'><strong>uisi</strong></span> <span class='ocrx_word' id='word_1_946' title='bbox 2319 5555 2554 5611; x_wconf 88' lang='lat' dir='ltr'><strong>aliunde</strong></span> <span class='ocrx_word' id='word_1_947' title='bbox 2576 5557 2917 5610; x_wconf 86' lang='lat' dir='ltr'><strong>mutuasset.</strong></span> <span class='ocrx_word' id='word_1_948' title='bbox 2945 5550 3056 5606; x_wconf 90' lang='lat' dir='ltr'><strong>Sed</strong></span> <span class='ocrx_word' id='word_1_949' title='bbox 3075 5551 3202 5621; x_wconf 88' lang='lat' dir='ltr'><strong>jam</strong></span> <span class='ocrx_word' id='word_1_950' title='bbox 3219 5551 3463 5624; x_wconf 89' lang='lat' dir='ltr'><strong>jamque</strong></span> <span class='ocrx_word' id='word_1_951' title='bbox 3483 5550 3616 5608; x_wconf 86' lang='lat' dir='ltr'><strong>talis</strong></span> 
     </span>
    </p>
   </div>
   <div class='ocr_carea' id='block_1_117' title="bbox 1971 5638 3615 5717">
    <p class='ocr_par' dir='ltr' id='par_1_117' title="bbox 1971 5638 3615 5717">
     <span class='ocr_line' id='line_1_117' title="bbox 1971 5638 3615 5717; baseline -0.001 -16"><span class='ocrx_word' id='word_1_952' title='bbox 1971 5662 2004 5701; x_wconf 91' lang='lat' dir='ltr'><strong>a</strong></span> <span class='ocrx_word' id='word_1_953' title='bbox 2031 5645 2198 5701; x_wconf 88' lang='lat' dir='ltr'><strong>Patre</strong></span> <span class='ocrx_word' id='word_1_954' title='bbox 2215 5645 2447 5717; x_wconf 85' lang='lat' dir='ltr'><strong>genitus</strong></span> <span class='ocrx_word' id='word_1_955' title='bbox 2468 5647 2556 5700; x_wconf 90' lang='lat' dir='ltr'><strong>est</strong></span> <span class='ocrx_word' id='word_1_956' title='bbox 2578 5642 2776 5714; x_wconf 87' lang='lat' dir='ltr'><strong>Filius,</strong></span> <span class='ocrx_word' id='word_1_957' title='bbox 2809 5639 2909 5712; x_wconf 88' lang='lat' dir='ltr'><strong>qui</strong></span> <span class='ocrx_word' id='word_1_958' title='bbox 2933 5639 2990 5694; x_wconf 92' lang='lat' dir='ltr'><strong>in</strong></span> <span class='ocrx_word' id='word_1_959' title='bbox 3013 5638 3209 5712; x_wconf 90' lang='lat' dir='ltr'><strong>seipse</strong></span> <span class='ocrx_word' id='word_1_960' title='bbox 3232 5641 3463 5698; x_wconf 89' lang='lat' dir='ltr'><strong>viveret.</strong></span> <span class='ocrx_word' id='word_1_961' title='bbox 3500 5641 3615 5702; x_wconf 86' lang='lat' dir='ltr'><strong>Sic-</strong></span> 
     </span>
    </p>
   </div>
  </div>
