3896 6182
367 362 478 422 5³71
1303 365 1693 427 HINCMARI
1741 365 2188 428 RHEMENSIS
2233 365 2851 431 ARCHIEPISCOPI.
3599 382 3696 444 572

368 497 435 549 ut
464 492 632 549 Pater
661 510 778 550 non
809 498 899 552 est
927 492 1198 570 indigens
1221 496 1358 566 vita,
1389 498 1472 554 sic
1504 497 1684 555 Filius
1715 515 1830 555 non
1862 498 2013 554 indi-
2044 500 2097 566 Α
2128 516 2258 572 qua:
2289 503 2379 556 est
2407 517 2527 556 una
2553 501 2760 571 virtus,
2789 500 2909 558 sive
2940 519 3078 576 _una
3123 503 3300 562 forma
3337 509 3700 582 magnitudinis

366 585 465 656 get
483 581 728 640 alterius
747 585 877 640 vitae
898 590 963 640 ut
983 585 1080 642 sit.
1107 587 1278 644 Pater
1307 587 1444 654 vita,
1470 589 1554 644 sic
1583 593 1642 644 et
1673 588 1854 645 Filius
1883 588 2018 656 vita,
2131 589 2484 661 zequalitatis
2507 590 2781 662 ejus,sive
2804 608 2920 647 una
2943 593 3351 664 majestas,sive
3363 581 3468 652 una
3485 599 3698 670 claritas,

367 675 686 744 utrumque
741 677 938 730 tamen
992 693 1110 732 una
1160 677 1300 745 vita,
1333 694 1450 733 non
1503 678 1652 743 duae,
1687 678 1827 750 quia
1867 695 2022 733 unus
2128 677 2745 748 quaeinhancunitam
2765 680 3700 754 deitatemplenitudinissecundum

366 759 542 827 Deus,
567 777 684 817 non
717 764 834 820 duo
867 765 944 818 dii
980 765 1127 837 (cap.
1155 767 1261 838 18).
1295 765 1578 822 Similiter
1609 771 1665 822 et
1695 768 1766 822 de
1798 767 2020 838 Spiritu
2129 766 2440 838 Scriptura:
2463 767 2724 841 regulam
2749 768 2809 824 in
2831 769 2940 826 hoc
2963 769 3086 826 loco
3108 771 3338 828 collecta
3369 775 3700 848 reperiuntur,

366 853 568 906 sancto
588 854 678 906 est
699 853 1261 926 sentiendum,quod
1283 855 1462 910 vitam
1489 855 1702 910 habeat
1721 855 1781 910 in
1803 859 2019 911 semet-
2127 855 2394 928 nunquid
2427 856 2510 912 sic
2541 857 2599 912 in
2630 859 2832 914 eadem
2864 857 3078 914 deitate
3103 858 3392 917 Trinitatis
3436 868 3602 934 potest
3621 868 3703 922 ad-

367 937 516 1010 ipso,
541 941 860 1011 procedens
883 960 917 998 a
937 943 1104 999 Patre
1137 947 1194 999 et
1237 942 1403 1009 Filio,
1435 948 1760 1000 coaeternus
1789 949 1848 999 et
1878 961 2020 999 con-
2126 961 2328 1000 versus
2352 943 2682 1018 Scripturas
2705 947 2928 1014 referri,
2950 952 3015 1003 ut
3035 952 3151 1004 tres
3171 949 3487 1021 sapientias,
3509 959 3594 1008 aut
3609 959 3704 1010 tres

368 1028 774 1086 substantialis
788 1031 942 1087 Patri
965 1036 1022 1088 et
1042 1033 1284 1088 Filio.Et
1297 1033 1394 1088 ubi
1403 1050 1556 1105 cunq
1566 1033 1705 1089 uein
1720 1033 2021 1106 Scriptura
2124 1033 2388 1104 virtutes,
2413 1039 2515 1090 aut
2532 1040 2650 1092 tres
2673 1036 2980 1110 imagines,
3003 1041 3105 1092 aut
3124 1040 3237 1093 tres
3257 1039 3600 1109 substantias,
3625 1048 3706 1098 aut

368 1121 574 1174 sancta
628 1117 844 1192 legitur
900 1121 1062 1178 solus
1117 1122 1290 1191 Deus,
1326 1139 1439 1177 non
1487 1123 1559 1178 de
1589 1141 1708 1178 una
1759 1123 2019 1195 qualibet
2127 1127 2244 1180 tres
2275 1123 2589 1192 claritates,
2623 1129 2724 1181 aut
2753 1130 2874 1182 tres
2906 1124 3294 1198 plenitudines
3324 1127 3702 1194 divinitatis,vel

368 1225 618 1281 persona
650 1208 707 1264 in
739 1213 942 1266 sancta
969 1211 1252 1267 Trinitatc
1295 1211 1741 1285 intelligendum
1772 1217 1880 1279 est,
1915 1213 2018 1268 sed
2125 1218 2332 1268 caetera
2359 1213 2700 1284 hujusmodi
2734 1213 3037 1287 pluraliter
3090 1215 3556 1272 Ariomanitarum
3579 1235 3707 1275 more

369 1297 440 1352 de
471 1301 593 1353 tota
623 1303 829 1354 sancta
875 1299 1181 1368 Trinitate,
1215 1317 1343 1372 quae
1388 1301 1688 1372 aequaliter
1743 1306 2020 1374 operatur
2127 1300 2392 1356 dicamus
2411 1301 2644 1358 ?Absit.
2669 1304 2832 1359 Sicut
2854 1307 2940 1370 tu,
2965 1303 3224 1376 Osi,jam
3246 1304 3304 1358 in
3325 1309 3479 1360 aetate
3505 1306 3704 1378 prolixa,

369 1386 570 1443 omnia
599 1405 962 1460 quaecunque
983 1391 1277 1461 operanda
1298 1403 1424 1446 esse
1437 1389 1688 1462 judicat.
1714 1392 1849 1458 Quae
1882 1408 2015 1446 san-
2125 1390 2267 1462 quin
2289 1407 2393 1462 per
2425 1392 2757 1448 rudimenta
2787 1393 2846 1448 in
2877 1393 3098 1466 synodo
3127 1392 3422 1450 Sirmicnsi
3451 1395 3704 1465 catholica,

370 1480 463 1532 cta
489 1477 747 1533 Trinitas
773 1483 864 1534 est
893 1496 1070 1546 unus,
1103 1479 1284 1548 solus,
1327 1479 1558 1550 beatus,
1609 1483 1835 1552 potens,
1867 1479 2015 1534 invi-
2059 1469 2068 1476 ’
2125 1483 2328 1535 auctor
2358 1478 2521 1536 fuisti
2557 1497 2572 1536 :
2607 1481 2707 1536 ubi
2740 1481 2915 1537 ﬁdem
2948 1485 3314 1554 tuam,quam
3343 1481 3396 1536 in
3427 1481 3708 1539 Nicaeacon-

369 1563 578 1634 sibilis,
609 1569 667 1620 et
693 1583 864 1622 verus
896 1567 1072 1635 Deus,
1105 1569 1245 1640 quia
1303 1586 1422 1623 una
1473 1569 1734 1642 potentia
1791 1573 1882 1624 est
1921 1572 2014 1623 to-
2124 1569 2464 1641 scripseras,
2491 1569 2716 1625 irritam
2741 1569 2928 1625 fecisti
2950 1570 3093 1625 dum
3115 1570 3281 1644 regiae
3297 1569 3545 1643 potestati
3563 1571 3709 1626 famu-

368 1653 488 1710 tius
549 1659 763 1710 sanctze
811 1656 1138 1712 Trinitatis.
1172 1658 1370 1730 Neque
1400 1657 1578 1723 enim,
1603 1658 1742 1730 quia
1766 1657 1892 1730 ipse
1925 1657 2014 1712 Fi-
2123 1655 2573 1713 laris.Przeterea
2594 1658 2693 1730 qui
2718 1659 2890 1714 morti
2911 1676 3074 1716 esses
3095 1676 3370 1732 perquam
3396 1659 3617 1727 vicinus,
3643 1660 3722 1722 sic

367 1741 483 1798 lius
539 1743 680 1799 alibi
737 1743 984 1817 loquens
1040 1763 1178 1802 voce
1235 1746 1554 1818 sapientia},
1587 1747 1714 1818 ipse
1741 1751 1830 1802 est
1857 1747 2015 1801 enim
2123 1745 2183 1800 in
2215 1745 2492 1817 laqueum
2522 1745 2816 1820 voraginis
2847 1747 3065 1802 baratri
3093 1747 3442 1816 incidisti,ut
3467 1748 3708 1804 excideres

367 1832 656 1905 sapientia
703 1833 802 1890 Dei
854 1851 981 1907 quae
1013 1836 1096 1891 ait
1129 1853 1142 1892 :
1179 1836 1386 1908 Cyrum
1439 1839 1562 1892 (veli
1615 1839 1848 1892 εἰναιίυί
1901 1837 2016 1892 sola
2048 1870 2093 1935 Β
2123 1838 2407 1908 tanquam
2439 1839 2707 1892 mortuus
2738 1853 2773 1890 a
2803 1836 2994 1905 corde,
3020 1840 3088 1892 ut
3118 1836 3710 1910 dicereszQuisignoret

367 1921 554 1994 (Eccli.
606 1941 758 1991 xxxv,
799 1925 876 1995 8),
934 1925 1226 1998 separavit
1277 1943 1311 1981 a
1367 1943 1430 1982 se
1485 1927 1734 1992 Patrem,
1795 1929 2016 1998 quanto
2048 1921 2092 1935 “’
2125 1923 2350 1979 Patrem
2385 1925 2669 1995 majorem
2701 1940 2830 1980 esse
2872 1924 3114 1994 honore,
3149 1925 3442 1998 dignitate,
3472 1924 3706 1992 claritate,

371 2011 524 2069 ὅθεν
547 2013 734 2086 magis
755 2029 892 2087 ergo
914 2031 1030 2070 non
1052 2019 1141 2070 est
1160 2031 1396 2071 necesse
1417 2019 1484 2071 ut
1503 2015 1913 2071 tantummodo
1945 2015 2016 2070 de
2125 2012 2280 2070 510
2309 2017 2368 2068 et
2398 2015 2701 2086 majestate
2718 2013 2747 2068 ‘?
2768 2012 2938 2086 quasi
2969 2013 3100 2069 dua:
3129 2013 3218 2069 vel
3246 2017 3396 2070 certe
3421 2018 3527 2068 tres
3552 2015 3711 2068 essent

369 2103 536 2158 Patre
553 2107 761 2176 praeter
781 2103 990 2160 Filium
1012 2105 1098 2160 vel
1121 2104 1404 2178 Spiritum
1429 2109 1700 2161 sanctum
1733 2103 2018 2176 intelliga—
2124 2100 2437 2167 claritates,
2471 2106 2571 2157 aut
2616 2102 2976 2174 majestates,
3008 2101 3068 2156 in
3109 2101 3354 2175 singulis
3380 2100 3467 2156 his
3496 2099 3709 2172 personis

367 2192 467 2248 tur
485 2191 642 2263 quod
659 2191 881 2247 dictum
905 2191 1208 2248 est:Solus
1225 2191 1398 2248 habet
1419 2189 2016 2258 immortalitatem,et
2125 2190 2313 2247 Patris
2343 2195 2401 2247 et
2432 2190 2560 2246 Filii
2599 2195 2654 2247 et
2695 2190 2949 2264 Spiritus
2992 2191 3205 2258 sancti,
3238 2191 3388 2264 quod
3417 2189 3570 2246 absit.
3596 2189 3710 2245 Nam

373 2279 562 2336 lucem
578 2280 1605 2350 habitatinaccessibilem(ITim.v1,
1631 2283 1720 2347 16,
1741 2296 1874 2352 cap.
1895 2284 1911 2334 ξ

2188 2280 2308 2334 Ι]ωο
2329 2296 2530 2335 eorum
2555 2279 2638 2336 sic
2661 2297 2724 2336 se
2745 2279 3116 2353 blasphemia
3137 2281 3308 2349 ita,ut
3323 2278 3709 2348 aiunt,haberet,

367 2369 440 2425 Et
459 2368 711 2442 Spiritus
733 2373 992 2437 sanctus,
1017 2370 1116 2443 qui
1141 2371 1199 2425 in
1223 2370 1541 2443 Scripturis
1562 2370 1776 2442 legitur
1795 2371 2014 2425 donum
2125 2384 2304 2440 quare
2335 2369 2513 2424 etiam
2545 2385 2660 2424 non
2685 2373 2804 2424 tres
2835 2369 2974 2425 deos
3005 2367 3223 2442 plurali
3254 2384 3483 2424 numero
3522 2381 3710 2422 nuncu-

369 2458 494 2526 Dei,
522 2457 610 2514 vel
637 2458 984 2530 paracletus,
1008 2459 1096 2515 vel
1130 2459 1386 2516 charitas
1419 2459 1536 2528 Dei,
1557 2459 1617 2515 in
1647 2460 1853 2515 eadem
1885 2457 2013 2513 uni-
2124 2461 2285 2530 pant,
2321 2473 2387 2512 ac
2416 2457 2652 2529 publica
2706 2474 2844 2522 voce
2895 2456 3050 2512 circa
3095 2458 3360 2530 proprias
3389 2455 3470 2512 vel
3499 2454 3714 2511 diversas

368 2550 487 2603 tate
517 2547 862 2604 substantiae
892 2552 950 2603 et
979 2548 1310 2619 aequalitate
1365 2566 1498 2604 cum
1561 2547 1726 2604 Patre
1775 2553 1832 2604 et
1872 2547 2014 2604 Filio
2125 2546 2487 2602 substantias
2509 2563 2650 2602 suas
2671 2545 3066 2618 pollicentur?
3096 2546 3255 2619 quod
3289 2543 3451 2614 absit,
3469 2544 3593 2600 dum
3619 2557 3716 2614 per-

370 2635 661 2694 consistit.
694 2635 823 2693 Sive
853 2637 1011 2692 enim
1044 2637 1122 2693 sit
1150 2637 1346 2694 unitas
1377 2639 1705 2704 amborum,
1724 2636 1844 2694 sive
1875 2628 2014 2693 s‘an-
2123 2635 2270 2692 fecte
2296 2634 2527 2690 unitum
2562 2651 2774 2690 nomen
2806 2633 3475 2704 divinitatis,multifarie
3497 2629 3715 2704 quamvis

371 2725 562 2797 ctitas,
587 2724 706 2782 sive
731 2725 1006 2793 charitas,
1031 2726 1150 2783 sive
1183 2727 1311 2784 ideo
1342 2727 1538 2784 unitas
1568 2727 1708 2800 quia
1737 2727 2013 2794 charitas,
2125 2726 2369 2794 dictum,
2401 2725 2600 2780 uniter
2629 2723 2686 2779 in
2721 2723 3005 2781 Trinitate
3036 2725 3344 2782 consistat.
3373 2745 3398 2773 »
3429 2723 3492 2778 Et
3518 2722 3714 2778 sanctus

371 2817 430 2870 et
457 2815 585 2871 ideo
609 2814 865 2871 charitas
896 2815 1037 2888 quia
1065 2816 1366 2884 sanctitas,
1399 2834 1771 2890 nequaquam
1825 2815 2019 2871 minor
2124 2813 2470 2871 Ambrosius
2509 2813 2569 2868 in
2627 2813 2886 2870 secundo
2945 2830 3012 2870 ac
3059 2813 3233 2870 tertio
3280 2811 3422 2867 libro
3449 2810 3514 2866 de
3537 2805 3714 2880 Spiritu

371 2905 462 2960 est
489 2903 607 2960 illis
630 2902 690 2958 in
735 2903 932 2976 aliquo
979 2922 1048 2961 ex
1104 2905 1318 2978 quibus
1373 2905 1652 2978 procedit.
1685 2906 1755 2960 Et
1779 2904 1900 2960 haec
1930 2907 2020 2960 est
2127 2907 2350 2971 sancto,
2380 2919 2448 2958 ex
2477 2901 2912 2975 Scripturarum
2945 2901 3298 2958 auctoritate
3338 2897 3613 2956 manifeste
3638 2895 3714 2950 de-

373 3009 610 3049 summa
637 2993 912 3062 charitas,
947 3011 1064 3066 qua
1094 2995 1327 3068 genitus
1358 3013 1391 3052 a
1409 2995 1686 3068 gignente
1716 2993 2013 3067 diligatur,
2126 2995 2436 3056 monstrat,
2460 2991 2615 3048 sicut
2649 2991 2890 3048 devotus
2919 2989 3101 3046 lector
3135 2989 3302 3046 facile
3331 2987 3568 3044 invenire
3591 2982 3716 3040 vale-

371 3081 812 3155 genitoremque
843 3100 1018 3139 suum
1050 3083 1276 3157 diligat,
1305 3088 1362 3140 et
1412 3083 1542 3141 ideo
1594 3101 1707 3139 non
1763 3081 2018 3154 amplius
2127 3081 2237 3150 bit,
2259 3080 2398 3153 quia
2427 3080 2596 3136 Pater
2624 3083 2682 3136 et
2712 3079 2892 3136 Filius
2923 3083 2980 3136 et
3007 3079 3270 3152 Spiritus
3299 3095 3414 3134 una
3447 3079 3528 3132 est
3549 3073 3714 3137 virtus,

373 3187 552 3243 quam
573 3170 686 3226 tria
705 3174 881 3227 sunt:
905 3189 1060 3228 unus
1081 3172 1333 3244 diligens
1363 3189 1522 3240 eum,
1545 3173 1647 3244 qui
1671 3172 1740 3226 de
1761 3170 1858 3226 illo
1891 3173 2014 3238 est;
2060 3239 2090 3244 _
2127 3173 2186 3227 et
2211 3185 2397 3225 unum
2455 3173 2544 3224 cst
2599 3167 2912 3224 consilium
2972 3168 3166 3224 Patris
3196 3173 3254 3224 et
3283 3165 3404 3224 Filii
3433 3168 3486 3221 et
3511 3159 3718 3235 Spiritus

373 3239 429 3316 et
459 3275 615 3315 unus
663 3259 915 3332 diligens
961 3277 1118 3328 eum,
1151 3239 1329 3332 a'quo
1368 3263 1457 3316 est
1478 3278 1492 3328 ;
1514 3239 1582 3316 et
1610 3259 1734 3331 ipse
1765 3257 2016 3326 dilectio,
2049 3239 2092 3306 C
2131 3259 2340 3325 sancti,
2373 3263 2430 3314 et
2460 3275 2578 3314 una
2607 3257 2729 3314 vita
2758 3259 2926 3314 Pater
2952 3262 3010 3314 et
3040 3255 3226 3314 Filius
3252 3261 3310 3312 et
3333 3253 3564 3330 Spiritus
3608 3265 3718 3306 san-

375 3347 447 3402 de
471 3364 590 3418 qua
609 3346 827 3402 dicitur
846 3348 987 3419 quia
1001 3353 1147 3404 Deus
1159 3348 1540 3404 charitasest.
1565 3347 1769 3402 Ethzec
1792 3363 2026 3402 summa
2135 3352 2287 3417 ctus,
2321 3351 2378 3404 et
2407 3351 2632 3404 creator
2660 3347 2926 3404 omnium
2959 3347 3129 3402 Pater
3161 3350 3218 3402 et
3246 3345 3422 3402 Filius
3440 3347 3494 3400 et
3509 3337 3718 3413 Spiritus

375 3438 434 3490 et
449 3434 762 3492 inetl'abilis
783 3435 1060 3502 Trinitas,
1087 3453 1200 3492 non
1240 3435 1415 3492 unius
1437 3435 1538 3492 Dei
1563 3435 1675 3490 dici
1698 3435 1890 3502 debet,
1923 3436 2024 3491 sed
2135 3439 2399 3505 sanctus,
2423 3440 2481 3492 et
2500 3453 2687 3492 unum
2707 3452 2956 3509 regnum
2991 3436 3188 3494 Patris
3209 3440 3266 3493 et
3286 3432 3411 3491 Filii
3438 3436 3493 3488 et
3516 3427 3724 3502 Spiritus

377 3539 532 3579 unus
581 3523 736 3579 Deus
783 3524 932 3596 (cap.
967 3525 1080 3594 21).
1116 3525 1185 3578 Et
1214 3523 1330 3579 ista
1362 3523 1619 3580 charitas
1653 3541 1766 3578 non
1798 3527 2030 3579 tenetur
2137 3525 2346 3592 sancti,
2378 3528 2436 3580 et
2466 3542 2585 3580 una
2637 3524 2911 3580 voluntas
2969 3523 3161 3582 Patris
3203 3528 3262 3581 et
3299 3521 3424 3580 Filii
3447 3523 3501 3578 et
3519 3515 3726 3591 Spiritus

377 3611 491 3668 nisi
523 3612 582 3668 in
613 3613 838 3670 unitate
867 3612 1136 3670 Ecclesia:
1178 3612 1414 3680 Christi,
1449 3629 1555 3668 nec
1603 3611 1763 3668 illam
1813 3613 2031 3668 habent
2138 3615 2347 3678 sancti,
2379 3618 2436 3670 et
2467 3631 2586 3669 una
2613 3613 2780 3682 visio,
2809 3631 2926 3670 una
2956 3613 3482 3687 praeceptio,atque
3511 3622 3614 3663 una
3637 3617 3728 3657 ma-

377 3699 476 3774 qui
501 3718 562 3756 se
581 3699 851 3756 dividunt
871 3703 942 3758 ab
968 3700 1192 3756 unitate
1213 3699 1512 3757 catholicae
1534 3700 1716 3774 pacis.
1751 3724 1776 3750 ››
1801 3702 1928 3758 Ηεεε
1960 3703 2032 3758 de
2131 3703 2338 3775 jestas,
2372 3706 2429 3758 et
2458 3701 2615 3757 omni
2624 3701 2902 3774 potentia,
2935 3719 3000 3756 ac
3038 3718 3164 3758 una
3209 3697 3482 3758 sanctitas
3509 3691 3665 3751 Patris
3685 3691 3731 3744 et

377 3789 798 3846 catholicorum
823 3788 1060 3844 Patrum
1083 3789 1258 3846 dictis
1279 3791 1352 3845 ab
1371 3789 1614 3846 Aleuino
1636 3789 1696 3845 in
1721 3807 1904 3846 unum
1923 3791 2037 3848 col-
2143 3791 2269 3848 Filii
2297 3795 2354 3848 et
2381 3789 2636 3862 Spiritus
2667 3790 2876 3846 sancti.
2910 3790 3135 3846 Etenim
3173 3790 3328 3846 sicut
3355 3786 3612 3858 scriptum
3635 3781 3728 3834 est:

375 3877 528 3932 lecta
549 3877 878 3949 posuimus.
905 3879 1056 3934 Sane
1079 3878 1165 3934 uti
1185 3896 1419 3936 omnem
1444 3879 1788 3952 scrupulum
1803 3884 2031 3937 utentes
2146 3882 2330 3936 Totum
2357 3880 2618 3950 spiritum
2661 3895 2825 3934 suum
2851 3881 3061 3951 profert
3088 3879 3291 3934 stultus
3323 3894 3338 3932 :
3369 3875 3568 3948 sapiens
3591 3873 3733 3924 am

375 3965 570 4020 verbis
590 3965 742 4021 beati
763 3966 1066 4022 Athanasii
1089 3967 1422 4041 legentibus
1443 3974 1848 4040 amputemus:
1883 3994 1910 4018 «
1925 3970 2034 4024 Ad-
2139 3969 2322 4041 differt
2350 3977 2401 4024 et
2428 3975 2663 4024 reservat
2684 3969 2745 4023 in
2759 3976 3034 4040 posterum
3056 3967 3244 4039 (Prov.
3265 3983 3415 4032 xxxx,
3435 3965 3548 4053 lt);
3576 3961 3631 4013 ιιι
3646 3952 3735 4053 ait:

378 4053 514 4121 huc,
542 4053 756 4126 inquit,
807 4055 1058 4113 breviter
1087 4037 1439 4126 dilucidabo,
1472 4037 1790 4114 multifario
1822 4075 2031 4130 appro-
2141 4037 2276 4114 nius
2298 4073 2467 4112 suam
2491 4037 2803 4114 stultitiam
2825 4037 3248 4112 Gothescalcus
3277 4052 3602 4115 ostenderet,
3618 4037 3732 4098 nihil

377 4145 526 4202 bans
543 4143 652 4200 hoc
673 4145 913 4202 unitatis
937 4163 1148 4202 nomen
1171 4145 1680 4204 essevcrissimum
1704 4146 2028 4214 Trinitatis,
2138 4145 2323 4202 voluit
2354 4161 2666 4211 reservare,
2686 4145 2828 4217 quin
2857 4148 3048 4200 totum
3081 4143 3360 4216 spiritum
3391 4136 3626 4230 stultitia:
3642 4145 3734 4230 Si}?

379 4251 506 4308 quae
529 4238 725 4290 tamen
749 4235 1034 4290 referatur
1045 4235 1118 4292 ad
1140 4235 1524 4291 multifariam
1539 4236 1887 4308 sapientiam
1903 4236 2026 4304 Dei,
2141 4233 2612 4308 proferret.Unde
2631 4236 2688 4290 et
2703 4231 3214 4306 quasiclausulam
3238 4221 3730 4306 priedictisadjecili

381 4341 509 4397 quae
533 4322 730 4380 uniter
750 4323 807 4379 in
830 4323 997 4380 Patre
1019 4327 1076 4379 et
1095 4325 1156 4380 in
1179 4324 1324 4380 Filio
1345 4329 1402 4381 et
1422 4325 1644 4398 Spiritu
1665 4329 1868 4381 sancto
1900 4342 2032 4381 con-
2892 4321 3039 4377 XIII.
3221 4319 3226 4329 ’

381 4411 558 4480 sistit,
584 4413 656 4468 de
685 4429 804 4485 qua
847 4412 896 4468 si
954 4411 1249 4487 signiﬁces
1295 4413 1594 4485 sapientia:
1646 4413 1940 4481 deitatem,
1973 4417 2032 4470 et
2120 4457 2124 4465 .
2227 4417 2282 4477 ι-ξ-
2312 4411 2604 4478 «Cuncta,
2629 4410 2922 4484 inquiens,
2946 4410 3030 4468 sic
3051 4427 3184 4468 esse
3205 4427 3311 4468 ceu
3334 4407 3531 4475 dixi,in
3549 4398 3735 4460 duobus

383 4500 660 4556 deitatem
692 4499 1008 4572 sapientia},
1036 4519 1230 4556 nonne
1277 4500 1398 4558 haac
1442 4501 1570 4574 ipsa
1599 4505 1690 4558 est
1723 4501 1914 4558 unitas
1946 4519 2032 4558 sa-
2140 4523 2170 4552 «
2199 4491 2438 4574 probari
2465 4503 2948 4573 potest,patenter
2970 4499 3312 4557 nominibus
3334 4489 3736 4570 singularistan-

383 4589 636 4660 pientize,
670 4605 796 4660 qua
827 4593 885 4644 et
913 4589 1188 4646 divinitas
1219 4590 1570 4646 Trinitatis?
1599 4592 1747 4664 Ergo
1779 4595 1844 4647 ut
1874 4609 2032 4648 com-
2061 4607 2108 4671 Β
2141 4614 2168 4641 ‹‹
2197 4589 2502 4645 tummodo
2535 4588 2902 4656 numeri,hoc
2923 4592 3013 4644 est
3041 4589 3098 4644 in
3131 4588 3264 4645 luee
3297 4585 3508 4661 pariter
3533 4585 3586 4638 et
3609 4589 3736 4674 pste-

383 4675 596 4748 pendio
628 4676 750 4732 haec
779 4675 1170 4750 assignemus,
1201 4678 1320 4734 sive
1355 4680 1656 4752 sapientiae
1686 4680 1892 4753 gloria,
1925 4699 2027 4737 seu
2061 4667 2098 4671 _
2142 4703 2170 4730 ‹‹
2203 4681 2328 4734 Lux
2363 4678 2520 4734 enim
2551 4681 2610 4734 et
2639 4695 2750 4750 pax
2797 4677 3079 4750 ingenita,
3112 4682 3170 4734 et
3200 4677 3300 4732 lux
3330 4680 3388 4732 et
3415 4690 3521 4748 pax
3560 4667 3738 4744 genita.

382 4763 569 4820 deitas
625 4763 842 4837 glorias,
876 4771 978 4820 aut
1039 4769 1374 4836 summitas,
1405 4771 1506 4823 aut
1553 4768 1892 4840 dominatio,
1927 4773 2030 4824 aut
2137 4792 2164 4818 ‹‹
2199 4768 2342 4840 quin
2365 4772 2422 4823 et
2445 4767 2545 4822 lux
2565 4770 2741 4839 atque
2772 4784 2882 4838 pax
2914 4767 3260 4838 procedens,
3294 4783 3411 4822 non
3441 4768 3552 4819 tres
3582 4756 3740 4830 plura-

383 4851 660 4926 dignitas,
691 4859 790 4909 aut
816 4852 1074 4926 claritas,
1109 4859 1211 4911 aut
1240 4856 1540 4928 majestas,
1560 4861 1662 4913 aut
1690 4857 2024 4929 imperium,
2137 4880 2167 4908 «
2199 4856 2332 4912 liter
2351 4855 2511 4912 luces
2533 4859 2636 4912 aut
2656 4871 2828 4928 paces
2849 4855 2962 4912 dici
2985 4855 3263 4912 sinuntur
3283 4855 3355 4910 ab
3369 4858 3488 4928 arte
3501 4855 3742 4929 gramm?

273 4983 288 4996 .
384 4946 488 4998 aut
516 4945 794 5014 potestas,
828 4945 929 4997 aut
966 4926 1400 5016 sempiternitas
1448 4926 1804 5014 nominetur,
1835 4963 2027 5002 nonne
2139 4970 2168 4998 «
2201 4947 2338 5018 tica,
2385 4962 2574 5017 neque
2629 4926 2747 5000 tres
2803 4944 3166 5012 naturaliter,
3201 4949 3270 5000 ut
3324 4926 3496 4999 latrat
3547 4926 3742 4992 haeresis

382 5030 526 5097 hee},
553 5029 872 5087 multifarie
902 5031 1168 5104 quamvis
1201 5032 1319 5088 sint
1347 5033 1520 5101 dicta,
1563 5038 1760 5090 tamen
1792 5034 1864 5090 ad
1895 5034 2025 5090 uni-
2137 5060 2165 5086 ‹‹
2193 5035 2428 5098 Ariana,
2451 5050 2640 5106 neque
2661 5031 3046 5106 personaliter
3065 5051 3202 5115 una,
3229 5033 3386 5090 sicut
3404 5024 3642 5086 somniat
3657 5019 3744 5115 lle:

383 5124 505 5176 tam
529 5119 804 5176 deitatem
827 5119 1344 5194 incomparabilem
1369 5123 1555 5179 Patris
1576 5127 1633 5178 et
1664 5122 1788 5178 Filii
1821 5126 1878 5178 et
1906 5122 2030 5196 Spi—
2142 5148 2163 5174 ι
2201 5125 2348 5180 resis
2379 5121 2742 5180 Sabelliana:
2776 5123 2878 5178 sed
2909 5108 3323 5194 proculdubio
3354 5120 3454 5176 lux
3481 5121 3536 5174 et
3564 5127 3662 5187 pax
3677 5107 3744 5162 εει

384 5210 533 5266 ritus
565 5209 750 5265 sancti
783 5209 975 5266 uniter
1003 5214 1143 5266 sunt
1185 5211 1477 5268 declarata
1497 5213 1524 5268 ?
1553 5217 1656 5268 aut
1685 5216 1856 5286 putas
1887 5216 2030 5284 quot
2137 5237 2165 5265 «
2201 5212 2544 5269 naturaliter
2571 5229 2709 5282 una,
2742 5216 2801 5268 et
2837 5211 3221 5284 personaliter
3267 5210 3441 5278 trina,
3475 5205 3615 5262 sicut
3645 5209 3746 5252 am‘

385 5299 842 5372 significationes
865 5299 1224 5356 dicunturad
1235 5301 1483 5374 gloriam
1503 5300 2028 5370 deitatis,totidem-
2099 5329 2106 5334 -
2141 5327 2163 5354 ι
2200 5303 2460 5376 plectens
2507 5303 2722 5358 trinam
2757 5306 2814 5358 et
2854 5318 3034 5356 unam
3083 5302 3282 5369 ﬁdem,
3313 5318 3380 5356 ac
3407 5315 3508 5371 per
3533 5295 3632 5350 hoc
3656 5286 3752 5344 (πει

385 5406 499 5461 que
542 5387 664 5442 sint
709 5393 766 5444 et
808 5389 1030 5461 species
1083 5389 1438 5445 diversitatis
1460 5391 1488 5444 ?
1516 5390 1700 5458 Absit,
1735 5391 1875 5466 dum
1908 5391 2028 5446 haec
2137 5415 2164 5442 «
2202 5393 2366 5458 dens,
2400 5392 2706 5455 confitens,
2740 5389 2958 5457 colens,
2991 5407 3208 5446 canens
3256 5390 3470 5444 trinam
3519 5387 3574 5438 et
3601 5386 3745 5434 unam

386 5477 659 5534 universa
687 5478 756 5534 ad
781 5478 1004 5534 unitam
1053 5479 1449 5535 substantiam
1499 5479 1656 5534 dicta
1685 5479 2026 5536 referantur.
2139 5505 2165 5534 α
2204 5481 2414 5549 lucem,
2438 5484 2495 5534 et
2524 5497 2751 5552 pacem,
2787 5479 3176 5552 majestatem,
3210 5479 3572 5552 potestatem,
3602 5467 3747 5540 pieta-

386 5564 532 5620 Nam
565 5567 614 5621 si
646 5566 770 5622 haec
794 5585 913 5634 una
941 5571 1116 5640 atque
1145 5569 1346 5624 eadem
1399 5567 1526 5640 ipsa
1579 5572 1668 5625 est
1726 5569 2031 5642 multiplex
2143 5593 2171 5620 «
2201 5574 2342 5637 tem,
2374 5569 2590 5624 trinam
2619 5573 2678 5626 et
2708 5585 2886 5626 unam
2929 5569 3226 5635 deitatem,
3262 5590 3291 5618 »
3323 5571 3381 5623 et
3412 5563 3624 5632 reliqua
3646 5565 3750 5626 quae

389 5671 652 5728 praesaga
689 5655 974 5728 sapientia
1011 5658 1198 5716 Patris
1220 5661 1277 5714 et
1298 5657 1424 5715 Filii
1447 5662 1504 5714 et
1537 5657 1790 5731 Spiritus
1820 5658 2028 5728 sancti,
2139 5656 2220 5714 ibi
2252 5660 2340 5714 est
2369 5660 2730 5728 persecutus.
