3896 6182
110 313 201 372 577

1109 305 1210 366 DE
1254 304 1417 367 UNA
1462 303 1563 364 ΕΤ
1608 303 1764 363 NUN
1811 301 2051 362 'l‘llINA
2093 299 2455 362 DEITATE.

3341 273 3350 290 ’
3368 305 3488 366 578

111 447 225 514 Deo,
253 441 450 496 lumen
482 440 555 496 de
602 438 848 502 lumine,
877 443 936 493 et
984 455 1098 493 non
1151 439 1268 492 duo
1309 435 1556 502 lumina,
1589 435 1729 491 adeo
1758 442 1812 508 Α
1841 433 2108 489 essentia)
2143 432 2262 488 sive
2293 431 2530 487 deitatis
2568 433 2874 502 rationem,
2895 435 3211 494 trinitatem
3239 455 3373 496 vero
3403 457 3489 498 se-

111 533 240 590 eredi
269 535 325 586 et
353 528 621 586 confiteri
647 545 782 584 cum
811 528 1032 600 Spiritu
1065 532 1264 583 sancto
1313 543 1500 582 unum
1530 525 1732 581 lumen

114 619 404 696 perdocuit,
423 622 489 674 ut
520 635 690 674 secus
721 617 1042 674 sententies
1061 617 1134 672 ab
1163 616 1422 672 Ecclesia
1449 614 1734 671 catholica

114 707 668 766 anathematizandos
688 705 1023 762 decreverit.
1047 708 1116 762 Et
1144 707 1214 762 de
1239 705 1333 762 his
1365 709 1570 762 contra
1597 721 1732 762 eum

115 797 371 855 istadicta
389 795 691 852 sufﬁciant
714 812 726 850 :
751 811 908 850 nunc
930 795 1002 851 de
1023 794 1154 851 aliis
1175 796 1306 868 ejus
1317 793 1492 851 dictis
1514 794 1586 849 ad
1609 810 1736 850 nar-

119 885 330 942 rationis
359 883 625 940 ord'mem
657 884 986 940 redeamus.
1021 883 1085 939 In
1129 883 1245 940 alia
1290 884 1466 940 etiam
1513 885 1734 958 compi-

118 975 303 1032 latioue
347 989 476 1035 sua.
509 971 570 1027 in
627 989 746 1044 qua
793 971 964 1044 plura
1003 973 1341 1028 testimonia
1387 991 1455 1028 ex
1499 973 1736 1030 nomine

117 1063 506 1120 catholicorum
552 1061 701 1117 falso
739 1061 922 1133 ponit,
957 1066 1015 1117 et
1055 1063 1296 1118 nomina
1337 1062 1622 1120 librorum
1670 1081 1739 1120 ex

117 1153 306 1226 quibus
333 1151 434 1208 illa
453 1151 774 1223 sumpserit
792 1151 1028 1223 penitus
1043 1156 1214 1218 tacet,
1233 1157 1290 1207 et
1310 1153 1577 1224 quaedam
1609 1169 1737 1226 quae

119 1241 262 1298 nobis
290 1245 421 1297 nota
451 1243 592 1296 sunt
637 1239 858 1295 ibidem
906 1245 1111 1295 contra
1157 1257 1220 1296 se
1268 1257 1535 1312 perverse
1578 1257 1738 1298 more

116 1348 208 1387 suo
237 1331 618 1401 interpretans
647 1327 988 1401 interponit,
1013 1345 1139 1401 quae
1172 1347 1206 1384 a
1237 1345 1299 1386 se
1329 1329 1484 1385 dicta
1515 1330 1742 1386 fortiter

119 1429 176 1476 ut
199 1420 298 1476 sibi
325 1419 558 1476 videtur
587 1424 880 1488 astruunt,
906 1420 1130 1474 fortiter
1175 1437 1308 1476 vero
1357 1425 1414 1476 et
1459 1420 1741 1476 catholice

119 1511 404 1565 destruunt
436 1507 642 1580 :ponit
694 1508 874 1563 etiam
929 1507 1150 1563 ibidem
1206 1507 1611 1565 testimonium
1670 1508 1742 1564 de

121 1597 342 1671 cpistola
387 1597 539 1652 Petri
599 1595 1059 1652 Nicomediensis
1115 1597 1395 1670 episcopi,
1446 1614 1624 1670 quam
1681 1597 1742 1652 in

121 1693 266 1744 sexta
284 1687 499 1760 synodo
521 1703 594 1742 ne
614 1686 996 1741 damnaretur
1015 1685 1288 1758 porrexit,
1304 1687 1362 1742 in
1387 1704 1503 1759 qua
1523 1687 1741 1742 trinum

1839 523 2098 582 cundum
2117 520 2530 576 subsistentias
2541 521 2660 576 sive
2674 540 2969 593 personas.
2981 549 3007 574 »
3020 527 3276 583 liabetur
3287 533 3487 585 autem

1840 611 2122 683 quiddam
2147 611 2218 666 de
2239 611 2428 665 tribus
2450 608 2797 682 luminibus,
2813 613 2912 668 sed
2946 631 3058 668 non
3083 632 3149 670 eo
3169 633 3348 672 sensu
3370 635 3488 691 quo

1841 699 2258 756 Golhescalcus
2289 699 2454 766 dicit,
2488 699 2548 754 in
2581 701 2940 772 professione
2974 704 3192 774 synodo
3223 711 3491 776 porrecta

1843 788 2082 846 Macarii
2101 787 2354 844 haeretici
2377 793 2434 844 et
2454 789 2797 846 Antiocheni
2825 791 3219 865 episeopi,qui
3239 795 3309 850 de
3341 796 3490 851 dua-

1841 879 1953 933 bus
1966 877 2363 934 voluntatibus
2374 881 2430 932 et
2440 879 2876 950 operationibus
2893 881 2951 936 in
2967 897 3084 938 uno
3103 883 3380 941 dominoJ
3389 901 3492 942 esu

1843 967 2072 1024 Christo
2091 985 2206 1023 non
2227 968 2411 1023 sensit
2449 968 2822 1036 catholicc,et
2850 971 3302 1029 orthodoxorum
3338 975 3494 1032 dicta

1845 1055 2088 1112 falsasse
2119 1056 2418 1112 convictus
2450 1061 2506 1112 et
2533 1058 2886 1132 degradatus
2915 1066 3023 1132 est,
3045 1065 3179 1134 post
3207 1063 3322 1119 alia
3351 1081 3495 1138 prae-

1846 1144 2030 1201 missa
2085 1145 2195 1200 hoc
2254 1145 2426 1200 modo
2485 1147 2698 1218 (synod.
2749 1165 2804 1203 vx
2859 1157 2962 1204 act.
3013 1151 3070 1219 8)
3103 1168 3116 1206 :
3149 1151 3496 1209 Trinitatem

1846 1234 2100 1305 perfecta
2119 1233 2328 1305 gloria,
2357 1239 2414 1289 et
2436 1234 2700 1306 imperio,
2719 1239 2776 1291 et
2809 1236 3050 1293 consilio
3077 1257 3191 1295 non
3224 1241 3495 1309 divisam,

1847 1339 2027 1376 unam
2050 1321 2325 1377 deitatem
2349 1327 2406 1378 et
2425 1323 2908 1380 dominationem.
2933 1326 3090 1384 Nihil
3112 1328 3268 1384 enim
3292 1331 3500 1386 servile

1847 1411 1906 1466 in
1939 1410 2284 1466 Trinitatem
2315 1411 2402 1467 vel
2435 1413 2766 1484 subjectum
2799 1419 2855 1469 et
2878 1414 3502 1488 introductitium,tan-

1849 1516 2027 1571 quam
2058 1499 2222 1571 prius
2247 1499 2482 1573 quidem
2505 1519 2619 1557 non
2651 1503 2986 1572 exstitisset,
3004 1511 3134 1578 post
3155 1524 3287 1562 vero
3319 1508 3500 1564 intro-

1852 1589 2124 1645 missum.
2140 1591 2338 1662 Neque
2359 1592 2514 1647 enim
2537 1593 2720 1648 defuit
2739 1595 2917 1651 Filius
2945 1598 3120 1668 Patri,
3147 1616 3334 1673 neque
3356 1600 3500 1661 Filio

1850 1678 2127 1751 Spiritus,
2142 1680 2241 1735 sed
2275 1680 2733 1739 inconvertibilis
2763 1701 2995 1757 semper
3022 1691 3080 1742 et
3113 1691 3500 1746 consubstan-

123 1777 300 1832 lumen
324 1775 503 1832 fuisse
529 1776 810 1847 positum,
844 1779 903 1830 et,
933 1775 1005 1830 ab
1036 1775 1326 1847 episcopis
1355 1776 1741 1848 approbatum
1781 1816 1824 1878 Β
1851 1766 2009 1822 tialis
2029 1773 2236 1822 sancta
2263 1768 2520 1825 Trinitas
2537 1771 2690 1826 Deus
2709 1778 2922 1829 DOSlCI‘.
2939 1775 3122 1831 Deum
3144 1795 3342 1833 verum
3366 1793 3501 1835 cum

125 1867 135 1876 .
283 1866 297 1878 .
591 1865 606 1878 ς
683 1866 694 1876 .
777 1871 785 1878 .
838 1869 848 1878 .
896 1865 940 1878 ι.
1049 1865 1059 1876 .
1632 1863 1668 1878 ιο
1863 1857 1978 1878 ,κη
2027 1875 2134 1878 ---η
2175 1857 2389 1878 1,-Α-ξη-
2428 1859 2486 1878 ςιι
2571 1865 2583 1878 .
2732 1865 2793 1878 π,
2837 1869 2846 1878 .
2891 1865 2924 1878 ..
3129 1867 3180 1878 ..

123 1867 176 1920 in
203 1866 393 1920 eadem
423 1865 647 1937 synodo
669 1866 875 1936 jactat.
896 1865 1172 1920 Nescicns
1205 1883 1356 1936 διξερε
1385 1865 1603 1920 idioma
1632 1863 1748 1919 lin-
1781 1857 1824 1878 υ
1857 1857 2006 1921 dico,
2027 1875 2142 1911 uno
2175 1857 2396 1914 lumine
2427 1859 2707 1916 llillSil‘Ol‘.
2732 1865 2802 1918 Et
2833 1865 3022 1922 tribus
3043 1867 3278 1938 quidem
3302 1885 3504 1925 secun-

123 1953 342 2029 gua,_in
363 1953 842 2026 interpretatione
873 1971 999 2026 qua:
1028 1956 1090 2007 lit
1122 1955 1293 2009 verbo
1316 1971 1384 2008 ex
1412 1954 1606 2023 verba,
1641 1954 1748 2007 dus

122 2042 442 2098 bitationem
490 2042 580 2097 vel
629 2042 1025 2115 intelligentiae
1075 2041 1480 2098 difﬁcultatem
1521 2043 1746 2110 alferre,

125 2132 258 2187 sicut
283 2135 338 2187 et
366 2133 574 2188 beatus
602 2132 968 2204 Augustinus
1008 2131 1315 2187 manifeste
1363 2133 1748 2200 demonstrat,

125 2221 496 2293 etinsynodo
546 2237 698 2293 saepe
744 2220 962 2292 aliqua,
985 2237 1114 2292 quae
1163 2238 1277 2276 non
1325 2221 1468 2276 adeo
1512 2222 1583 2276 ad
1628 2237 1751 2277 rem

127 2311 418 2382 pertinent,
433 2314 672 2383 propter
688 2309 974 2382 plurimas
994 2309 1429 2382 occupationes,
1443 2310 1582 2365 dum
1610 2311 1756 2366 mul-

127 2405 300 2455 torum
328 2399 508 2455 verba
552 2403 611 2454 et
654 2399 957 2454 sententiae
1007 2397 1392 2467 intercedunt,
1428 2399 1756 2455 necessario

129 2488 306 2544 minus
356 2487 632 2543 discussa
681 2488 961 2559 praeteriri
1009 2486 1214 2555 solere,
1249 2487 1503 2544 maxime
1540 2488 1641 2544 illa
1684 2489 1755 2544 de

132 2576 326 2648 quibus
355 2575 692 2649 specialiter
722 2593 837 2631 non
869 2576 1065 2650 agitur
1111 2577 1278 2644 ratio,
1311 2581 1370 2633 et
1415 2577 1550 2650 plus
1599 2583 1758 2633 statu

131 2667 452 2722 nutantium
479 2665 808 2721 intenditur
839 2682 874 2721 a
899 2667 1118 2738 synodo
1148 2665 1395 2734 consuli,
1431 2683 1608 2739 quam
1658 2668 1755 2722 de-

126 2753 346 2824 jectioni
373 2753 646 2810 fraternae
675 2751 1139 2808 incumbi.Unde
1170 2753 1376 2824 Leo,ut
1395 2753 1466 2808 de
1488 2753 1760 2826 pluribus

134 2859 299 2898 unum
328 2844 699 2916 proferamus
719 2839 1150 2914 exemplum,ad
1176 2839 1514 2898 Flavianum
1532 2842 1757 2910 scribit,

132 2929 312 2987 dicens
337 2931 520 3003 (epist.
553 2932 643 2999 12)
675 2947 690 2986 :
723 2952 752 2980 κ
776 2929 956 2986 Miror
999 2933 1120 2986 tam
1167 2930 1484 2986 absurdam
1522 2935 1762 3003 tamque

130 3019 268 3076 διε
295 3021 582 3094 perﬁdam
607 3020 756 3090 ejus,
795 3019 936 3091 quin
960 3018 1314 3092 Eutychetis,
1341 3018 1762 3091 professionem

128 3108 277 3164 nulla
283 3107 684 3181 judicautium
707 3107 1104 3180 increpatione
1119 3109 1554 3180 reprehensam,
1573 3113 1631 3164 et
1651 3125 1767 3164 ser-

1853 1946 1998 2000 dnm
2033 1946 2413 2017 proprietates
2433 1947 2550 2004 sive
2579 1951 2962 2022 substantias,
2979 1960 3035 2010 et
3050 1973 3332 2027 personas
3355 1975 3367 2012 :
3389 1972 3505 2014 uno

1856 2051 1989 2089 vero
2021 2035 2346 2090 secundum
2379 2039 2642 2093 essentia:
2675 2041 2980 2112 rationem,
3018 2044 3074 2100 id
3114 2051 3203 2100 est
3249 2046 3504 2102 deitatis.

1859 2122 2148 2177 Dividitur
2195 2124 2410 2197 quippe
2466 2125 2919 2197 indivisibiliter,
2959 2137 3024 2188 ut
3080 2133 3163 2190 ita
3213 2135 3511 2204 dicam,et

1859 2211 2238 2284 conjungitur
2256 2213 2841 2274 divisibiliter.Unum
2860 2238 3068 2295 nempe
3089 2223 3147 2278 in
3171 2223 3362 2280 tribus
3381 2223 3512 2298 ipsa

1861 2300 2068 2368 deitas,
2101 2306 2160 2356 et
2189 2301 2317 2373 ipsa
2347 2303 2460 2358 tria
2485 2321 2671 2360 unum
2705 2305 2761 2361 in
2795 2309 3014 2380 quibus
3043 2311 3250 2381 deitas,
3284 2314 3404 2369 sive
3445 2317 3512 2370 ut

1861 2391 2195 2462 expressius
2225 2391 2474 2459 dicatur,
2501 2409 2627 2466 quae
2659 2400 2748 2452 est
2776 2397 2992 2468 deitas;
3025 2403 3078 2455 et
3101 2418 3290 2474 neque
3320 2402 3510 2475 ipsam

1863 2477 2151 2534 unitatem
2183 2481 2584 2538 confusionem
2616 2491 3352 2563 operemur,nequeipsam
3374 2491 3516 2547 divi-

1865 2565 2092 2622 sionem
2123 2567 2592 2627 alienationem.»
2617 2575 2684 2628 Et
2714 2573 2850 2631 hinc
2880 2584 3119 2634 sanctus
3147 2580 3514 2652 Augustinus

1866 2655 1926 2710 in
1989 2655 2138 2711 libro
2197 2659 2446 2730 septimo
2493 2660 2638 2733 (cap.
2663 2663 2717 2735 3)
2748 2663 2820 2719 de
2869 2666 3156 2724 Trinitate
3188 2685 3202 2724 :
3239 2691 3266 2719 ‹‹
3291 2669 3514 2728 Lumen

1867 2743 2055 2810 Pater,
2088 2745 2284 2802 lumen
2317 2747 2517 2816 Filius,
2534 2748 2734 2807 lumen
2763 2753 3016 2826 Spiritus
3047 2761 3306 2824 sanctus,
3338 2757 3516 2814 simul

1869 2836 2068 2888 autem
2099 2851 2214 2888 non
2247 2835 2360 2890 tria
2387 2835 2631 2907 lumina,
2648 2841 2749 2896 sed
2779 2859 2967 2898 unum
2995 2843 3256 2900 lumen.»
3286 2843 3357 2902 Et
3387 2845 3520 2902 bea-

1870 2925 1968 2976 tus
1988 2923 2330 2979 Ambrosius
2363 2931 2627 2981 sanctam
2661 2928 3005 2986 Trinitatem
3038 2933 3215 2989 unius
3257 2934 3515 3005 deitatis,
3568 2981 3579 2984 -

1871 3027 1988 3065 non
2012 3011 2164 3068 546
2193 3013 2519 3070 secundum
2547 3014 2908 3073 Gothescalci
2935 3021 3392 3092 perversitatem,
3416 3024 3518 3079 sed

1872 3100 2197 3155 secundum
2222 3101 2353 3157 fidei
2384 3101 2681 3160 catholicae
2705 3105 3089 3164 universalem
3114 3109 3519 3170 credulitatem

129 3215 344 3254 manem
374 3199 559 3254 nimis
600 3197 998 3270 insipientem,
1018 3197 1312 3270 nimisque
1350 3197 1764 3270 blasphemum
1796 3183 1838 3248 C
1873 3193 2050 3260 atque
2080 3189 2526 3262 confessionem,
2550 3209 2728 3249 unam
2750 3192 2941 3252 lucem
2972 3197 3258 3254 catholice
3285 3201 3440 3256 credi
3464 3201 3522 3258 et

129 3288 204 3344 ita
229 3287 538 3357 omissum,
564 3287 732 3360 quasi
763 3287 910 3344 nihil
940 3288 1098 3360 quod
1120 3288 1438 3344 offenderet
1483 3292 1639 3344 esset
1666 3305 1769 3344 au-

127 3377 322 3446 ditum,
350 3394 488 3434 cum
505 3381 626 3433 tam
659 3376 838 3448 impie
866 3377 1118 3432 duarum
1141 3381 1485 3433 naturarum
1516 3381 1650 3433 ante
1677 3376 1769 3432 in-

127 3467 539 3534 carnationem,
561 3465 902 3540 unigenitus
933 3465 1035 3521 Dei
1073 3464 1256 3522 Filius
1285 3465 1468 3521 fuisse
1515 3466 1768 3536 dtcatur,

126 3571 292 3626 quam
321 3556 566 3623 nefarie,
599 3559 912 3628 postquam
944 3555 1201 3612 Verbum
1241 3571 1374 3611 caro
1409 3556 1628 3611 factum
1658 3559 1769 3639 est,

125 3644 470 3701 naturaineo
483 3643 805 3717 singularis
835 3643 1138 3712 asseritur,
1164 3645 1320 3716 quod
1332 3643 1619 3718 Eutyches
1639 3645 1770 3700 ideo

125 3732 202 3787 vel
223 3737 372 3790 recte
391 3733 482 3789 vel
501 3732 885 3790 tolerabiliter
901 3733 1150 3788 mstimat
1175 3733 1422 3800 dictum,
1445 3734 1587 3806 quia
1609 3733 1772 3789 nulla

122 3828 304 3880 vestra
328 3827 420 3879 est
450 3821 745 3879 sententia
772 3823 1164 3878 confutatum.
1199 3844 1229 3872 »
1261 3823 1332 3878 Et
1361 3839 1495 3879 cum
1526 3823 1646 3880 haec
1691 3823 1772 3879 ita

126 3925 184 3964 se
211 3909 484 3978 habeant,
515 3911 911 3967 necessarium
945 3915 1142 3967 tamen
1190 3911 1487 3981 duximus,
1519 3913 1772 3969 Gothes-

129 3998 344 4056 calcum
378 4017 494 4055 non
517 4016 718 4056 verum
753 4000 969 4055 dixisse
993 4003 1258 4072 patenter
1285 4002 1612 4056 ostendere.
1644 4001 1770 4057 Non

127 4088 272 4144 enim
303 4089 366 4144 in
397 4089 560 4144 omni
601 4085 798 4144 libello
849 4088 1271 4145 satisfactionis
1303 4089 1454 4145 Petri
1501 4089 1773 4146 Nicome-

123 4174 338 4233 diensis
369 4175 629 4250 episc0pi
650 4177 721 4232 de
741 4176 894 4232 trino
916 4176 1140 4232 lumine
1157 4177 1479 4250 quidquam
1495 4177 1770 4246 habetur,

121 4265 214 4320 sed
238 4266 439 4322 unitas
465 4266 654 4322 deitas
674 4265 735 4320 in
764 4282 830 4322 eo
866 4265 1349 4322 manifestissime
1387 4271 1470 4340 et,
1491 4265 1772 4322 catholice

120 4353 578 4420 demonstratur,
613 4355 714 4427 qui
747 4354 829 4410 ita
857 4353 1066 4426 incipit
1093 4355 1313 4428 (synodi
1338 4372 1395 4411 v1
1425 4363 1530 4412 act.
1556 4357 1644 4427 18,
1665 4355 1770 4412 sub

117 4443 298 4518 ﬁnem)
319 4463 338 4502 :
366 4468 396 4496 «ι
420 4445 604 4501 Credo
637 4444 696 4500 in
727 4461 911 4501 unum
943 4444 1128 4500 Deum
1151 4449 1375 4517 patrem
1401 4444 1776 4518 omnipoten-

119 4535 250 4604 tem,
274 4535 568 4591 factorem
599 4533 727 4590 coeli
757 4539 814 4590 et
842 4538 1028 4602 terrae,
1059 4533 1382 4590 visibilium
1420 4535 1686 4590 omnium
1716 4537 1774 4590 et

117 4620 676 4678 invisibilium.Etin
699 4640 885 4679 unum
902 4623 1205 4680 dominum
1227 4623 1432 4680 Jesum
1452 4623 1770 4693 Christum,

117 4707 329 4767 Filium
362 4712 468 4768 Dei
489 4712 999 4786 unigenitum,qui
1031 4729 1098 4768 ex
1120 4712 1285 4770 Patre
1323 4716 1498 4768 natus
1533 4719 1623 4768 est
1642 4718 1776 4770 ante

114 4800 311 4856 omnia
343 4799 584 4867 saecula,
618 4800 818 4857 lumen
850 4803 922 4858 de
951 4801 1194 4867 lumine,
1227 4802 1413 4858 Deum
1459 4819 1660 4858 verum
1705 4803 1776 4870 de

115 4885 227 4943 Deo
254 4905 427 4955 vero,
451 4893 655 4945 natum
679 4906 794 4946 non
817 4891 1058 4957 factum,
1081 4905 1186 4962 per
1205 4905 1380 4961 quem
1398 4888 1596 4945 omnia
1625 4890 1778 4946 facta

109 4983 270 5033 sunt.
305 4979 390 5034 Et
416 4976 479 5034 in
510 4978 798 5051 Spiritum
829 4982 1118 5047 sanctum,
1153 4977 1468 5034 Dominum
1499 4981 1558 5034 et
1591 4979 1774 5034 vivifi-

112 5068 488 5134 catorem,ex
515 5066 681 5123 Patre
712 5067 1291 5139 procedentem,cum
1325 5066 1491 5122 Patre
1535 5070 1593 5122 et
1632 5066 1777 5123 Filio

112 5154 564 5211 coadorandum
585 5158 644 5211 et
661 5155 1246 5228 congloriﬁcandum,
1261 5154 1610 5211 Trinitatem
1641 5172 1777 5211 con-

111 5243 600 5313 substantialem,
635 5261 814 5300 unam
872 5243 1172 5312 deitatem,
1213 5245 1551 5315 essentiam,
1598 5245 1779 5300 virtu-

112 5334 356 5404 temque
377 5335 440 5388 et
455 5336 828 5404 potestatem,
851 5332 1333 5404 dominationem,
1358 5333 1542 5390 Deum
1571 5350 1779 5403 unum,

113 5435 286 5490 quem
299 5437 454 5477 cum
465 5420 752 5494 singulari
760 5425 844 5477 ter
855 5419 1307 5494 contemplatur,
1323 5439 1501 5478 sensu
1529 5423 1783 5479 dividen-

112 5511 160 5566 te
183 5527 326 5584 quae
338 5509 606 5568 indivisa
619 5516 822 5584 sunt,u
831 5511 1071 5567 nitatem
1088 5510 1148 5566 in
1161 5511 1442 5582 trinitate,
1461 5511 1782 5568 trinitatem

111 5596 166 5659 in
187 5601 434 5660 unitate
451 5599 810 5660 sacrandam
835 5617 848 5660 :
873 5600 1159 5659 unitatem
1190 5599 1429 5677 quidem
1459 5601 1784 5660 secundum

1879 3277 1995 3332 dici
2023 3278 2390 3334 demonstrat
2419 3279 2478 3335 in
2510 3280 2726 3354 hymno
2755 3284 3150 3356 vespertinali,
3183 3302 3359 3359 quem
3409 3288 3520 3345 Go-

1877 3365 2208 3423 thescalcus
2229 3367 2300 3423 ab
2322 3367 2468 3440 ipsis
2484 3370 2834 3428 rudimentis
2847 3371 3194 3443 infantize,in
3215 3376 3524 3434 monacho~

1879 3472 2010 3510 rum
2033 3457 2482 3524 monasterio,in
2505 3475 2619 3530 quo
2641 3462 2964 3518 secundum
2995 3463 3260 3536 regulam
3292 3465 3524 3524 oblatus

1879 3548 1938 3600 et
1962 3547 2169 3602 tonsus
2198 3547 2438 3616 exstitit,
2453 3552 2510 3604 et
2535 3565 2721 3622 usque
2741 3551 2812 3606 ad
2835 3555 3061 3608 mtatem
3083 3554 3342 3610 adultam
3367 3572 3528 3612 man-

1879 3635 1977 3700 sit,
1995 3650 2130 3689 cum
2163 3636 2468 3692 monachis
2497 3637 2670 3695 labiis
2699 3640 2927 3708 cecinit,
2959 3642 3058 3697 sed
3109 3659 3348 3700 sensum
3397 3646 3526 3716 ejus

1880 3723 2174 3795 percipere
2203 3725 2375 3780 corde
2409 3743 2524 3782 non
2561 3727 3062 3802 potuit,quoniam
3093 3732 3152 3788 in
3193 3732 3525 3790 malivolam

1880 3811 2138 3867 animam
2163 3830 2278 3868 non
2305 3813 2561 3871 introivit
2580 3817 2887 3889 sapientia,
2909 3837 3015 3876 nec
3035 3819 3315 3877 habitavit
3329 3821 3389 3877 in
3407 3839 3528 3877 cor-

1879 3917 2016 3973 pore
2047 3903 2282 3959 subdito
2315 3905 2588 3976 peccatis.
2618 3905 2799 3980 Cujus
2828 3908 3030 3982 hymni
3061 3909 3294 3966 initium
3325 3915 3414 3968 est
3441 3928 3454 3967 :

1973 4027 2012 4095 ς)
2037 4027 2129 4077 lux
2157 4027 2314 4095 beata
2340 4029 2586 4095 Trinitas,
2617 4035 2669 4081 et
2698 4033 3004 4095 principalis
3035 4035 3231 4095 unitas,

1971 4089 2088 4138 Jam
2115 4091 2195 4140 sol
2225 4092 2425 4142 recedit
2453 4089 2658 4156 igneus,
2691 4089 2912 4144 infunde
2945 4096 3124 4146 lumen
3165 4089 3434 4148 cordibus.

1881 4206 2144 4262 Tandem
2177 4206 2285 4263 hac
2317 4207 2599 4265 schedula
2628 4210 2932 4282 completis
2963 4212 3088 4268 suis
3118 4211 3176 4268 in
3210 4212 3395 4268 Deum
3413 4211 3534 4269 bla-

1883 4294 2184 4368 sphemiis,
2215 4297 2632 4354 Gothescalcus
2690 4299 2750 4354 in
2797 4299 3284 4372 vituperationem
3341 4299 3533 4373 ipsius

1882 4383 2113 4440 Domini
2147 4387 2538 4456 sacerdotum,
2555 4391 2620 4442 ut
2646 4387 2893 4444 scientia
2909 4393 2966 4444 et
2983 4388 3210 4445 meritis
3229 4388 3316 4444 illi
3338 4389 3534 4462 impa-

1882 4491 1976 4530 res
2008 4491 2402 4546 nosceremur,
2421 4493 2486 4532 ac
2511 4493 2614 4548 per
2644 4476 2752 4534 hoc
2775 4476 2998 4550 indigni
3022 4478 3346 4534 sacerdotio
3371 4482 3535 4535 nota-

1801 4557 1850 4622 D
1882 4564 2286 4633 remur,nobis
2320 4569 2456 4620 noto
2489 4570 2547 4620 et
2575 4566 2686 4622 sibi
2719 4566 3234 4622 consuetudinario
3263 4565 3536 4640 blasphe-

1885 4653 2139 4708 miarum
2187 4651 2399 4727 sigillo,
2435 4659 2566 4727 post
2620 4655 2861 4712 solitum
2911 4673 3088 4712 suum
3132 4657 3323 4726 Amen,
3364 4657 3542 4717 verba

1885 4759 2108 4816 ponens
2140 4743 2292 4798 beati
2326 4743 2608 4817 Gregorii,
2642 4749 2932 4817 quatenus
2975 4747 3104 4818 ejus
3134 4747 3542 4820 derogationes

1884 4831 1942 4886 in
1995 4849 2102 4888 nos
2147 4832 2443 4904 jaculatzn,
2494 4833 2594 4906 qui
2643 4851 2752 4890 sua
2807 4835 3087 4907 dogmata
3143 4853 3538 4905 exsecramur,

1885 4923 2126 4994 majoris
2159 4923 2513 4978 haberentur
2541 4923 2794 4992 virtutis,
2828 4925 3252 4982 subscribendo
3293 4923 3544 4999 signavit

1885 5009 2091 5066 dicens
2123 5029 2134 5066 :

2639 5129 2780 5187 XIV.

1975 5251 2030 5308 ,ξι
2060 5267 2087 5294 ››
2117 5243 2448 5302 Virtutibus
2480 5245 2688 5318 plenus
2707 5245 2923 5301 invitus
2945 5245 3016 5300 ad
3046 5245 3301 5317 regimen
3323 5242 3540 5312 veniat,

1894 5355 1922 5383 «
1951 5333 2272 5390 virtutibus
2304 5352 2522 5391 vacuus
2553 5352 2658 5390 nec
2689 5340 2930 5390 coactus
2955 5334 3211 5390 accedat.
3249 5355 3276 5381 ››

1958 5441 2052 5478 xr.
2085 5425 2241 5490 Quas
2275 5426 2598 5482 sententias
2646 5424 2796 5482 beati
2839 5423 3120 5495 Gregorii,
3151 5425 3217 5478 ut
3263 5439 3298 5477 a
3344 5424 3546 5478 sancto

1891 5513 2110 5586 Spiritu
2159 5515 2584 5589 promulgatas,
2628 5518 2952 5571 reverenter
3007 5511 3390 5584 suscipimus,
3442 5511 3550 5568 sed

1895 5600 2050 5659 malo
2079 5606 2208 5660 voto
2239 5620 2274 5662 a
2303 5602 2682 5661 Gothescalco
2715 5600 2972 5676 prolatas
3021 5615 3137 5657 non
3167 5599 3552 5678 reveremuri
