3896 6182
437 290 557 348 579

1384 284 1771 347 HINCMARI
1819 285 2267 382 liHEMENSlS
2312 291 2357 348 Α
2372 286 2930 350 RCHIEPISCOPI.
3661 303 3753 364 530

436 418 574 492 quia
593 434 709 473 non
733 415 1148 472 Gothescalcus
1169 415 1605 486 hzereticus,sed
1626 417 1778 473 sicut
1799 418 2084 490 scriptum
2117 419 2170 486 Α
2198 419 2522 488 constituti,
2541 423 2600 475 et
2626 419 2698 474 ad
2729 423 3025 475 transacta
3055 435 3169 475 non
3193 422 3525 494 respicimus,
3547 432 3596 484 et
3621 431 3680 486 ad
3701 451 3754 490 ea

433 511 524 566 est
557 507 898 582 :Spirilalis
937 513 1104 564 homo
1120 508 1373 581 judicat
1419 509 1777 579 omnia,ipse
1807 514 2006 564 autem
2048 525 2090 564 a

432 599 665 655 nemine
698 598 1032 670 judicalur
1057 598 1104 666 (Ι
1131 599 1262 654 Cor.
1297 613 1359 664 η,
1391 599 1498 666 15).
1535 597 1594 652 ld
1627 602 1734 664 ost,
1768 601 1833 652 ut
1879 597 2088 652 beatus

431 687 798 760 Augustinus
829 685 992 752 dicit,
1026 703 1060 741 a
1089 685 1250 741 nullo
1283 685 1541 753 homine,
1577 686 1678 740 sed
1710 703 1744 740 a
1787 686 1912 741 sola
1959 685 2089 758 ipsa

433 777 582 850 lego,
615 776 940 832 secundum
973 791 1149 848 quam
1176 775 1407 846 judicat
1455 775 1672 830 omnia.
1707 774 1990 841 Quoniam
2031 778 2088 830 et

433 865 582 922 illud
614 863 918 920 verissime
948 863 1170 918 dictum
1191 867 1282 918 est
1313 879 1326 918 :
1364 862 1579 935 Oportet
1603 880 1700 920 nos
1722 879 1905 920 omnes
1936 864 2088 918 exhi-

435 956 556 1012 beri
583 960 718 1011 ante
748 953 994 1010 tribunal
1025 952 1228 1008 Christi
1255 953 1329 1020 (Il
1359 951 1478 1008 Cor.
1512 969 1564 1020 v,
1588 954 1696 1022 10).
1722 952 1930 1008 Omnia
1949 969 2084 1025 ergo

424 1043 672 1117 judicat,
707 1042 845 1116 quia
903 1057 1082 1113 super
1127 1039 1326 1096 omnia
1375 1045 1484 1111 est,
1514 1041 1749 1112 quando
1791 1057 1925 1097 cum
1968 1041 2085 1096 Deo

430 1139 540 1190 est.
561 1133 707 1188 Cum
724 1131 822 1186 illo
843 1135 1037 1186 autem
1061 1134 1172 1201 est,
1187 1129 1422 1202 quando
1444 1129 1758 1201 purissime
1788 1129 2081 1203 intelligit,

431 1227 490 1278 et
519 1225 642 1278 tota
689 1219 971 1276 charitate
1019 1219 1174 1291 quod
1219 1217 1494 1291 intelligit
1533 1217 1745 1291 diligit.
1769 1219 1855 1274 Ita
1907 1217 2083 1274 etiam

432 1315 720 1385 quantum
753 1311 944 1382 potest
970 1307 1064 1363 lex
1093 1308 1223 1380 ipsa
1263 1308 1438 1363 etiam
1487 1307 1614 1380 ipse
1646 1308 1731 1374 ﬁt,
1757 1307 2081 1364 secundum

437 1417 614 1474 quam
640 1399 871 1472 judicat
891 1397 1109 1454 omnia.
1126 1397 1205 1452 De
1236 1413 1351 1469 qua
1365 1396 1630 1468 judicare
1649 1395 1848 1472 nullus
1869 1400 2079 1469 potest,

431 1489 752 1563 praesertim
778 1504 946 1543 nemo
969 1486 1225 1553 illorum,
1245 1487 1316 1540 de
1339 1485 1556 1558 quibus
1578 1485 1717 1541 item
1739 1486 1946 1540 beatus
1965 1486 2079 1540 Au-

429 1577 704 1652 gustinus
721 1577 864 1632 dicit
887 1593 900 1631 :
927 1598 955 1626 «
979 1575 1124 1641 Quia
1147 1574 1318 1630 multi
1339 1591 1453 1630 non
1479 1573 1668 1629 solum
1691 1575 1747 1629 in
1771 1573 2076 1638 catholica,

429 1668 528 1724 sed
561 1667 622 1722 in
645 1665 889 1722 diversis
909 1663 1254 1732 haeresibus,
1268 1663 1314 1718 si
1340 1663 1538 1735 aliqua
1555 1663 1864 1736 ingruente
1885 1679 2078 1736 perse-

426 1756 682 1824 cutione,
704 1755 940 1810 tradant
962 1754 1030 1808 ad
1059 1753 1327 1808 flammas
1347 1753 1656 1808 nobiscum
1673 1769 1884 1826 corpus
1902 1767 2077 1808 suum

428 1863 532 1918 pro
564 1846 678 1900 fide
699 1860 877 1917 quam
908 1841 1127 1915 pariter
1146 1841 1516 1907 confitentur,
1533 1845 1727 1897 tamen
1752 1841 1892 1913 quia
1911 1857 2076 1914 sepa-

423 1933 535 1990 rati
565 1933 688 1990 haec
717 1935 918 2004 agunt,
954 1949 1069 1986 non
1115 1932 1458 1987 sutferentes
1507 1930 1753 1986 invicem
1801 1929 1861 1985 in
1906 1930 2078 1986 dilec-

424 2022 838 2094 ctione,neque
863 2020 1166 2077 studentes
1189 2036 1416 2076 servare
1438 2019 1722 2075 unitatem
1746 2018 1993 2092 spiritus
2013 2019 2072 2075 in

421 2111 652 2168 vinculo
711 2111 892 2184 pacis,
941 2109 1286 2166 cbaritatem
1351 2109 1552 2180 utique
1609 2125 1724 2164 non
1780 2107 2068 2178 habendo,

422 2200 600 2256 etiam
631 2217 764 2256 cum
816 2198 933 2254 illis
978 2197 1252 2254 omnibus
1303 2213 1430 2270 quae
1479 2195 1624 2252 nihil
1675 2196 1759 2252 eis
1800 2201 2067 2269 prosunt,

421 2291 492 2346 ad
527 2293 802 2344 aeternam
835 2287 1086 2344 salutem
1119 2287 1417 2359 pervenire
1465 2303 1580 2341 non
1631 2288 1900 2358 possunt,
1932 2285 2072 2357 quia

422 2382 630 2452 praeter
658 2377 944 2432 unitatem
989 2379 1048 2430 et
1093 2375 1194 2447 qui
1243 2374 1380 2430 facit
1426 2372 1712 2429 miracula
1762 2373 1907 2428 nihil
1957 2377 2068 2429 est.

422 2467 630 2523 Przeter
678 2467 963 2522 unitatem
1007 2469 1176 2518 erant
1228 2463 1386 2536 magi
1435 2463 1774 2530 Pharaonis,
1802 2467 1860 2518 et
1898 2463 2068 2519 facie-

420 2556 563 2612 bant
592 2555 808 2612 similia
841 2552 1045 2626 Moysi.
1069 2553 1138 2606 Et
1157 2551 1430 2625 discipnli
1463 2551 1781 2625 gloriantes
1800 2551 2072 2608 dixerunt

417 2645 666 2702 Domino
697 2662 711 2701 :
737 2646 886 2700 Ecce
907 2643 967 2698 in
992 2643 1226 2698 nomine
1254 2647 1355 2696 tuo
1384 2643 1562 2698 etiam
1585 2643 1750 2698 nobis
1777 2642 2071 2698 dazmouia

415 2735 686 2808 subjecta
726 2741 859 2789 sunt
887 2735 1044 2800 (Luc.
1075 2749 1132 2802 x,
1165 2731 1272 2803 17).
1315 2731 1469 2786 Bene
1521 2729 1758 2804 quidem
1817 2730 2068 2787 confessi

415 2827 573 2893 sunt,
593 2823 928 2880 detulerunt
951 2821 1231 2876 honorem
1264 2819 1485 2876 nomini
1511 2819 1757 2888 Christi;
1793 2823 1850 2875 et
1871 2825 2066 2876 tamen

417 2914 570 2986 quod
620 2913 702 2968 ait
745 2911 830 2968 eis
864 2928 878 2966 :
914 2909 1111 2968 Nolite
1165 2911 1222 2965 in
1273 2909 1382 2966 hoc
1412 2909 1555 2966 5H
1603 2907 1874 2983 gloriari
1922 2911 2068 2982 quia

412 3001 696 3058 (immania
752 3000 909 3058 vobis
961 2999 1222 3073 subjecta
1275 3004 1409 3054 sunt
1437 3020 1456 3054 .-
1486 2999 1593 3054 sed
1637 2998 1890 3068 gaudete
1923 2999 2068 3071 quia

411 3094 660 3149 nomina
687 3097 882 3146 vestra
928 3091 1151 3159 scripta
1195 3098 1327 3145 sunt
1376 3090 1439 3144 in
1486 3086 1634 3143 caelo
1663 3091 1818 3154 (Luc.
1850 3104 1905 3152 x,
1949 3088 2061 3158 20).

2196 524 2324 579 quae
2356 511 2579 564 restant
2607 509 2857 564 transire
2887 508 3248 566 festinamus.
3281 511 3416 566 Nam
3455 515 3544 586 qui
3584 515 3752 591 imper-

2196 597 2477 652 feclorum
2511 595 2799 653 desideria
2827 597 3136 670 dignanter
3163 597 3484 668 inﬂammat,
3511 601 3614 660 haec
3638 623 3753 680 quo-

2196 686 2511 741 dummodo
2534 686 2605 740 ad
2637 686 3051 758 perfectionem
3072 687 3296 742 roborat
3310 705 3406 759 per
3435 689 3610 746 Jes‘um
3627 693 3752 750 Chri-

2194 777 2354 828 stum
2390 774 2702 829 Dominum
2733 779 3022 843 nostrum,
3038 775 3137 848 qui
3159 791 3286 830 cum
3307 793 3368 832 eo
3388 777 3513 834 vivit
3529 784 3579 836 et
3596 789 3754 854 regnat

2194 863 2350 918 Deus
2379 862 2440 917 in
2474 863 2699 918 unitate
2725 863 2979 936 Spiritus
3009 865 3216 931 sancti,
3249 881 3346 936 per
3380 867 3556 923 omnia
3589 870 3757 928 Saecula

2195 951 2566 1018 saeculorum,
2598 952 2892 1007 Amen.Et
2927 951 3203 1024 quoniam
3233 952 3378 1009 idem
3413 954 3756 1016 Gothescalcus

2193 1039 2392 1112 plures
2414 1040 2727 1098 schedulas
2746 1040 3246 1113 blasphemiarum
3286 1059 3508 1099 suarum
3533 1047 3756 1120 compila-

2191 1129 2298 1198 vit,
2315 1130 2388 1186 ad
2419 1147 2568 1203 quas
2596 1146 2802 1186 omnes
2830 1133 3068 1202 propter
3089 1129 3300 1186 multas
3316 1133 3673 1204 occupationes
3685 1153 3760 1192 no-

2192 1219 2284 1274 bis
2306 1217 2546 1292 longum
2578 1219 2929 1292 respondere
2950 1217 3166 1289 fuit,de
3186 1218 3277 1275 his
3305 1219 3638 1276 scribendum
3660 1227 3758 1278 tan-

2189 1308 2495 1364 tummodo
2525 1308 2880 1376 vidimus,de
2903 1307 3120 1381 quibus
3148 1309 3426 1382 quosdam
3445 1310 3758 1366 seandalizari

2191 1396 2530 1453 didicimus.
2563 1396 2812 1468 Scripsit
2839 1396 2995 1453 enim
3026 1397 3179 1454 inter
3207 1396 3338 1466 alia,
3359 1395 3415 1454 in
3445 1399 3662 1470 quadam
3679 1416 3760 1455 ne-

2191 1485 2422 1542 niarum
2455 1503 2696 1542 suarum
2730 1485 3012 1542 schedula
3044 1503 3058 1542 :

2957 1627 3074 1684 XV.

2275 1759 2330 1819 ~2-
2350 1777 2376 1804 «
2403 1752 2706 1826 Siquidem
2729 1753 2866 1808 inde
2887 1752 3102 1808 dicitur
3145 1752 3207 1807 in
3238 1752 3350 1808 Deo
3385 1767 3622 1825 persona,
3641 1751 3755 1824 quod

2189 1863 2219 1894 ‹‹
2245 1859 2348 1914 per
2375 1860 2436 1899 se
2467 1843 2546 1898 sit
2565 1849 2714 1898 una.
2747 1845 3110 1914 Quapropter
3138 1858 3275 1896 cum
3306 1841 3402 1896 Dei
3431 1845 3618 1896 natura
3647 1837 3753 1894 nihil

2183 1951 2217 1985 ι
2247 1932 2404 1988 aliud
2431 1933 2704 2005 sitquam
2726 1931 3035 2004 generalis,
3051 1930 3562 2002 communis,atque
3579 1927 3752 1984 univer-

2183 2043 2212 2071 «
2247 2020 2388 2076 salis
2413 2021 2679 2076 omnium
2710 2020 2887 2076 trium
2921 2020 3286 2088 substantia;
3317 2022 3373 2074 et
3391 2032 3701 2090 unaquaeque
3714 2015 3755 2070 in

2182 2132 2210 2160 ‹‹
2246 2110 2530 2165 Trinitate
2560 2126 2812 2182 persona
2840 2107 2987 2164 nihil
3032 2109 3111 2164 sit
3153 2107 3314 2164 aliud
3359 2123 3524 2180 quam
3561 2101 3754 2178 propria,

2180 2221 2210 2250 «
2242 2197 2909 2271 specialis,etindividua
2931 2197 3304 2270 singulorum
3324 2194 3624 2254 substantia
3636 2195 3682 2248 et
3696 2207 3761 2246 es:

2179 2310 2208 2338 «
2243 2287 2744 2361 sentia,patefacta
2759 2291 2868 2357 est,
2895 2286 3010 2342 Deo
3030 2286 3274 2360 gratias,
3299 2285 3424 2342 luce
3441 2282 3630 2339 clarius
3648 2279 3759 2335 inter

2179 2398 2209 2426 «
2243 2393 2421 2432 unam
2455 2376 2557 2432 Dei
2586 2380 2860 2433 naturam
2891 2379 2948 2431 et
2977 2379 3094 2431 tres
3125 2390 3408 2448 personas
3452 2367 3754 2428 differentia:

2177 2485 2205 2518 η
2240 2481 2307 2521 eo
2321 2465 2772 2537 videlicet,quod
2796 2465 2853 2519 in
2877 2469 3092 2522 natura
3110 2465 3536 2520 demonstratur
3551 2456 3756 2515 omnium

2177 2577 2206 2605 «
2235 2555 2416 2610 trium
2449 2553 2859 2610 substantialis
2879 2553 3258 2626 generalitas,
3281 2543 3757 2614 communitas,uni-

2177 2667 2206 2696 «
2239 2642 2566 2711 versalitas,
2599 2643 2824 2713 unitas;
2857 2647 2916 2699 at
2947 2643 3007 2698 in
3039 2643 3308 2715 personis
3341 2639 3638 2697 declaratur
3651 2631 3758 2689 indi—

2183 2756 2204 2784 ι
2233 2732 2411 2788 vidua
2433 2731 2804 2805 singulorum
2835 2729 3168 2804 specialitas
3201 2735 3372 2804 atque
3393 2725 3692 2802 proprietas.
3715 2723 3756 2779 ei

2177 2844 2207 2872 «
2239 2821 2319 2877 ita
2347 2820 2440 2876 his
2462 2837 2694 2893 quoque
2725 2823 3149 2892 consequenter
3199 2819 3587 2874 manifestatur
3610 2808 3754 2868 Trini-

2176 2933 2206 2961 ι(
2235 2915 2349 2982 tas,
2367 2913 2425 2966 et
2444 2909 2598 2966 sicut
2625 2909 2897 2983 superius
2928 2925 3047 2964 una
3075 2908 3306 2966 scilicet
3332 2910 3546 2974 natura,
3567 2901 3638 2958 sic
3655 2897 3751 2955 etin

2175 3022 2204 3050 «
2237 2999 2332 3055 his
2363 2998 2518 3054 trina
2540 2999 2749 3055 deitas.
2787 3021 2815 3047 ››

2243 3105 2338 3144 xp.
2371 3089 2495 3155 Quo
2527 3091 2730 3144 contra
2747 3087 2956 3144 beatus
2970 3087 3362 3161 Augustinus,
3381 3084 3522 3158 quod
3551 3085 3601 3138 et
3624 3090 3754 3149 supra

411 3181 617 3237 Petrus
647 3179 936 3236 daemonia
961 3177 1444 3243 cxcludit,nescio
1467 3193 1594 3248 quae
1615 3175 1848 3230 anicula
1868 3175 2060 3243 vidua,
2093 3162 2136 3229 C
2173 3177 2505 3250 posuimus,
2537 3177 2598 3232 in
2626 3175 2774 3232 libro
2796 3194 2876 3234 vn
2907 3177 2978 3232 de
3005 3177 3293 3232 Trinitate
3323 3173 3460 3232 dicit
3486 3190 3498 3229 :
3521 3195 3547 3223 ‹‹
3567 3169 3663 3226 Nec
3682 3165 3754 3230 sic.

413 3269 610 3324 nescio
643 3267 776 3339 quis
806 3267 982 3322 homo
1013 3265 1441 3338 qualiscunque
1469 3263 1674 3331 laicus,
1693 3263 1918 3319 habens
1933 3263 2067 3320 cha-
2101 3280 2104 3282 ‘

412 3355 644 3411 ritatem
689 3359 894 3410 tenens
951 3353 1347 3426 integritatem
1405 3351 1562 3418 fidei,
1591 3368 1705 3406 non
1749 3351 1887 3407 facit
1929 3352 2060 3409 hoc.

414 3443 616 3499 Petrus
647 3441 707 3498 in
729 3459 967 3514 corpore
995 3441 1203 3496 oculus
1225 3445 1333 3507 est,
1354 3437 1453 3494 ille
1483 3438 1540 3494 in
1575 3455 1812 3512 corpore
1842 3439 2062 3513 digitus

411 3536 521 3600 est,
549 3531 607 3586 in
639 3547 706 3587 eo
736 3535 930 3586 tamen
962 3545 1202 3602 corpore
1245 3532 1335 3584 est
1385 3527 1444 3582 in
1494 3544 1609 3600 quo
1657 3527 1880 3597 Petrus,
1914 3533 1972 3584 et
2011 3529 2060 3586 si

411 3621 610 3678 minus
633 3620 785 3676 valet
814 3619 1036 3692 digitus
1083 3635 1259 3690 quam
1311 3616 1539 3685 oculus,
1571 3634 1686 3672 non
1733 3622 1821 3673 est
1860 3621 2058 3674 tamen

410 3709 689 3784 praecisus
720 3727 755 3765 a
784 3724 1042 3780 corpore.
1066 3705 1274 3762 Melius
1293 3711 1384 3762 est
1405 3723 1531 3762 esse
1561 3706 1813 3774 digitum
1846 3711 1903 3762 et
1931 3724 2059 3763 esse

408 3798 470 3853 in
491 3813 750 3870 corpore,
775 3812 952 3868 quam
983 3811 1111 3850 esse
1140 3793 1376 3850 oculum
1406 3799 1464 3850 et
1481 3794 1646 3850 evelli
1669 3795 1739 3850 de
1759 3812 2054 3867 corpore.»

408 3887 524 3942 Deo
553 3885 1246 3958 gratias,qualescunque
1276 3883 1607 3939 sacerdotes
1651 3888 1710 3938 et
1755 3883 1816 3938 in
1862 3883 2056 3940 Eccle-

408 3973 645 4031 siastico
679 3971 962 4047 regimine
983 3971 1176 4044 positi,
1192 3971 1538 4028 catholicam
1561 3972 1736 4027 fidem
1759 3977 2058 4028 servantes

405 4062 467 4121 in
497 4060 710 4120 Christi
741 4077 1004 4134 corpore,
1027 4061 1098 4116 de
1146 4077 1261 4134 quo
1311 4061 1549 4116 evulsus
1591 4064 1680 4116 est
1725 4053 2056 4118 Gotheseal-

405 4169 530 4222 cus,
563 4169 678 4209 non
710 4166 1132 4224 usquequaque
1155 4149 1494 4217 virtutibus,
1527 4149 1693 4204 vacui
1716 4165 2052 4220 manemus;

404 4241 562 4315 quia,
595 4243 662 4297 ut
687 4240 842 4298 idem
890 4241 1098 4296 beatus
1145 4238 1512 4312 Augustinus
1559 4237 1718 4304 dicit,
1750 4239 1937 4295 virtus
1966 4242 2058 4294 est

399 4331 490 4389 vel
523 4333 680 4388 recta
725 4329 814 4386 vel
862 4328 1118 4402 perfecta
1162 4328 1331 4384 ratio.
1364 4328 1436 4383 Et
1479 4326 1602 4382 haec
1633 4331 1722 4383 est
1747 4343 1880 4384 vere
1919 4344 2054 4400 per-

402 4419 551 4476 fecta
578 4418 785 4488 virtus,
820 4417 965 4474 ratio
996 4416 1337 4490 perveniens
1369 4415 1441 4471 ad
1462 4415 1637 4495 finem
1669 4432 2053 4488 suum,quam

401 4508 573 4564 beata
598 4507 717 4562 vita
747 4505 1146 4595 consequitur.
1164 4506 1296 4579 Ipsa
1323 4509 1522 4560 autem
1546 4503 1694 4595 visio
1723 4503 2054 4595 intellectus
2085 4530 2132 4595 D

399 4599 490 4652 est
517 4595 616 4652 ille
645 4595 746 4668 qui
779 4595 836 4649 in
869 4594 1066 4650 anima
1095 4598 1204 4659 est,
1237 4598 1507 4666 aspectus
1537 4593 1744 4649 anima:
1767 4593 1913 4650 ratio
1943 4599 2050 4652 est.

400 4683 511 4740 Sed
537 4681 674 4756 quia
705 4699 819 4738 non
853 4681 1118 4754 sequitur
1144 4687 1208 4738 ut
1237 4682 1429 4738 omnis
1461 4682 1560 4754 qui
1601 4681 1812 4754 aspicit
1843 4681 2054 4769 videat,

398 4775 672 4845 aspectus
701 4775 896 4828 rectus
927 4775 1101 4844 atque
1148 4772 1438 4844 perfectus
1486 4773 1538 4828 is
1585 4776 1674 4827 est
1703 4788 1878 4843 quem
1908 4773 2054 4830 visio

396 4864 698 4932 sequatur,
731 4865 790 4916 et
834 4860 1019 4917 virtus
1067 4866 1324 4917 vocatur.
1376 4864 1561 4928 Quam
1609 4865 1668 4916 et
1715 4861 1763 4916 si
1801 4861 2053 4934 perfecte

397 4950 645 5006 necdum
679 4949 870 5020 adepti
904 4967 1134 5015 sumus,
1168 4948 1308 5022 quia
1338 4949 1586 5004 necdum
1631 4948 1864 5006 culmen
1911 4968 2046 5024 per-

393 5038 661 5096 fectionis
706 5038 1076 5113 attingimus,
1126 5039 1186 5094 in
1245 5037 1337 5094 via
1383 5043 1578 5094 tamen
1619 5039 1735 5103 ,Dei
1785 5039 2046 5111 quotidie

391 5129 582 5187 sancti
611 5127 882 5184 desiderii
933 5145 1172 5201 gressus
1214 5143 1428 5200 ponere
1475 5127 1855 5184 desudamus.
1887 5131 2044 5196 Qua-

392 5220 651 5290 propter,
685 5220 750 5272 ut
781 5217 988 5272 beatus
1020 5217 1164 5272 dicit
1184 5215 1518 5290 Gregorius,
1552 5215 1890 5272 consolatur
1937 5235 2044 5274 nos

387 5288 638 5372 Veritas,
675 5321 800 5376 quae
850 5322 954 5376 per
1003 5288 1384 5360 Psalmistam'
1409 5303 1552 5366 dicit
1582 5320 1595 5358 :
1630 5304 2042 5378 Imperfectum

387 5408 582 5450 meum
636 5393 919 5449 viderunt
961 5391 1129 5450 oculi
1175 5394 1270 5448 lui
1315 5403 1370 5450 et
1412 5393 1476 5448 in
1523 5392 1674 5448 libro
1719 5397 1821 5448 tuo
1848 5410 2042 5450 omnes

386 5482 726 5540 scribentur
769 5481 960 5552 (Psal.
1010 5499 1278 5550 CXXXVIII,
1314 5482 1422 5550 16).
1471 5480 1598 5536 Νοη
1647 5481 1884 5538 omnino
1933 5484 2043 5540 erit

385 5569 560 5655 nobis
607 5570 780 5630 noxia
825 5575 1028 5630 nostra
1071 5568 1455 5647 imperl'ectio,
1485 5569 1534 5628 si
1583 5569 1643 5626 in
1687 5571 1790 5629 Dei
1836 5571 2040 5632 itinere

2170 3266 2464 3340 inquiens,
2497 3265 2842 3322 Trinitatem
2882 3266 3138 3322 dicimus
3174 3265 3331 3323 518
3377 3268 3490 3320 tres
3538 3268 3754 3332 personas

2172 3355 2259 3412 vel
2287 3355 2920 3424 subsistentias,unam
2951 3353 3276 3411 essentiam
3307 3357 3366 3410 et
3398 3366 3572 3408 unum
3597 3347 3756 3407 Deum.

2171 3448 2454 3516 tanquam
2485 3459 2553 3499 ex
2583 3459 2702 3498 una
2730 3441 2977 3499 materia
3004 3442 3120 3498 tria
3161 3443 3436 3516 quaedam
3476 3432 3755 3494 subsistant.

2169 3531 2400 3588 etiamsi
2434 3530 2718 3604 quidquid
2751 3530 2896 3587 illud
2919 3535 3010 3588 est
3037 3531 3098 3586 in
3129 3530 3230 3588 bis
3261 3530 3448 3587 tribus
3465 3523 3754 3600 explicatum

2169 3621 2264 3688 sit,
2299 3637 2414 3676 non
2446 3620 2602 3676 enim
2635 3619 2857 3692 aliquid
2879 3621 3038 3676 aliud
3067 3621 3203 3692 ejus
3235 3617 3496 3676 essentia:
3539 3617 3618 3671 est
3649 3623 3758 3682 ΡΜ·

2165 3713 2256 3764 ter
2280 3709 2452 3764 istam
2477 3709 3078 3765 Trinitatem.Tamen
3103 3713 3228 3766 tres
3262 3721 3536 3782 personas
3551 3697 3758 3775 ejusdem

2165 3798 2450 3866 essentne,
2484 3797 2572 3854 vel
2603 3802 2722 3854 tres
2752 3815 3032 3872 personas
3077 3817 3264 3856 unum
3314 3795 3610 3856 essentiam
3649 3783 3760 3842 dici-

2165 3903 2321 3955 mus,
2355 3891 2473 3942 tres
2503 3891 2698 3943 autem
2731 3904 3012 3960 personas
3041 3905 3110 3944 ex
3158 3889 3371 3944 eadem
3421 3879 3649 3941 essentia
3673 3887 3759 3960 non

2163 3975 2438 4046 dicimus,
2465 3975 2634 4048 quasi
2652 3959 2812 4032 aliud
2843 3976 2923 4032 ibi
2955 3976 3032 4032 sit
3061 3978 3222 4050 quod
3255 3974 3509 4034 essentia
3527 3972 3621 4036 est,
3639 3959 3762 4022 aliud

2164 4065 2319 4136 quod
2369 4080 2651 4137 personae,
2674 4064 2828 4120 sicut
2878 4069 2999 4122 tres
3045 4071 3282 4124 statuas
3325 4083 3396 4122 ex
3436 4061 3621 4118 eodem
3655 4063 3762 4110 auro

2164 4171 2483 4226 possumus
2513 4153 2704 4210 dicere
2737 4169 2751 4208 :
2784 4153 2944 4210 aliud
2973 4155 3130 4211 enim
3162 4155 3292 4211 illic
3323 4157 3413 4212 est
3439 4165 3560 4208 esse
3579 4155 3762 4204 aurum.

2163 4241 2325 4298 aliud
2356 4259 2484 4300 esse
2514 4246 2762 4298 statuas.
2792 4243 2863 4298 Et
2884 4259 3020 4299 cum
3059 4243 3348 4300 dicuntur
3395 4246 3512 4298 tres
3550 4230 3764 4293 homines

2164 4348 2284 4387 una
2311 4335 2541 4399 natura,
2572 4331 2662 4386 vel
2693 4336 2812 4388 tres
2833 4331 3102 4388 homines
3129 4331 3411 4404 ejusdem
3432 4331 3652 4390 natura,
3671 4331 3768 4394 p05-

2162 4423 2300 4477 sunt
2324 4419 2502 4476 etiam
2522 4419 2635 4476 dici
2657 4423 2776 4477 tres
2796 4420 3064 4476 homines
3081 4437 3148 4476 ex
3177 4422 3392 4478 eadem
3431 4422 3642 4482 natura,
3661 4405 3763 4480 qui!

2162 4526 2232 4565 ex
2260 4509 2462 4565 eadem
2486 4513 2698 4565 natura
2725 4513 2783 4565 et
2811 4509 2908 4565 alii
2935 4509 3082 4566 tales
3111 4509 3392 4567 homines
3422 4505 3651 4583 possunt
3672 4493 3763 4583 exi.

2163 4601 2336 4654 stere.
2361 4597 2423 4653 In
2455 4597 2570 4653 alia
2597 4613 2730 4654 vero
2768 4599 3023 4654 essentia
3071 4597 3410 4668 Trinitatis,
3427 4582 3591 4652 nullo
3633 4582 3763 4644 modo

2167 4685 2282 4742 alia
2313 4687 2586 4760 quaelibet
2605 4703 2856 4760 persona
2874 4704 2943 4743 ex
2971 4688 3176 4744 eadem
3208 4687 3473 4745 essentia
3499 4669 3764 4758 potestat-

2165 4780 2337 4832 stere.
2371 4776 2496 4832 Non
2555 4775 2712 4831 enim
2759 4778 2950 4848 major
3003 4775 3267 4833 essentia
3323 4778 3496 4833 Pater
3532 4775 3586 4828 et
3625 4763 3766 4848 Filius

2161 4863 2362 4936 simul,
2377 4882 2553 4937 quam
2585 4863 2746 4920 solus
2779 4845 2946 4921 Pater
2973 4871 3075 4922 aut
3105 4866 3295 4922 Filius
3320 4882 3336 4920 :
3361 4865 3464 4921 sed
3493 4865 3604 4918 tres
3627 4845 3766 4912 simill

2157 4953 2254 5010 ille
2285 4953 2834 5020 subsistentim,sive
2865 4956 3212 5026 personaz,si
3248 4956 3334 5011 ita
3363 4950 3615 5010 dicendae
3641 4943 3767 5000 sunt.

2155 5042 2410 5114 aequales
2433 5046 2572 5097 sunt
2587 5041 3030 5115 singulis,quod
3056 5043 3341 5099 animalis
3363 5043 3538 5098 homo
3559 5051 3660 5093 non
3674 5043 3768 5115 ρειδῇ

2155 5113 2312 5204 cipit.
2353 5153 2381 5181 »
2410 5132 2481 5186 Et
2526 5131 2587 5186 in
2644 5113 2912 5189 sermone
2961 5133 3265 5206 trigesimo
3318 5135 3483 5188 sexto
3520 5113 3764 5194 Evangelii

2151 5219 2398 5276 Joannis
2421 5237 2435 5276 :
2463 5243 2490 5270 «
2505 5220 2762 5294 Trinitas
2784 5238 2938 5277 unus
2957 5221 3406 5290 Deus,Trinitas
3421 5235 3538 5276 una
3556 5214 3768 5294 esttewa

2153 5309 2326 5378 nitas,
2363 5325 2481 5364 una
2511 5291 2788 5381 potestas,
2823 5327 2940 5366 una
2970 5313 3272 5383 maiestas.
3299 5309 3452 5379 Quid
3484 5320 3614 5378 ergo
3640 5291 3770 5356 tm?

2151 5397 2210 5454 Si
2240 5398 2399 5454 enim
2430 5401 2548 5452 tres
2579 5398 2678 5466 ait,
2703 5404 2930 5471 oportet
2975 5400 3137 5456 dicas
3175 5398 3325 5471 quid
3363 5399 3524 5453 tres?
3551 5395 3768 5462 Respon-

2149 5487 2276 5552 deo,
2303 5487 2472 5542 Pater
2499 5489 2557 5541 et
2599 5487 2780 5544 Filius
2822 5492 2880 5543 et
2924 5487 3176 5562 Spiritus
3234 5491 3506 5544 sanctus.
3537 5483 3595 5540 Id
3645 5473 3770 5534 enim

2149 5575 2305 5651 quod
2337 5575 2506 5633 Pater
2534 5573 2592 5632 in
2625 5591 2689 5634 se
2717 5579 2807 5635 est
2833 5576 2988 5636 Deus
3017 5581 3125 5653 est,
3158 5576 3432 5652 quodad
3477 5570 3680 5632 Filium
3703 5562 3774 5620 est
