3896 6182
187 291 310 359 585

1224 294 1328 354 DE
1369 295 1528 357 UNA
1573 295 1673 363 ET
1716 296 1872 362 NON
1917 297 2159 360 TRINA
2201 297 2564 364 DEI'I‘ATE.

3485 307 3604 366 58i

193 421 469 495 ejusdem
509 421 852 484 substantias
903 428 963 483 et
1005 424 1345 494 aeternitatis
1400 443 1534 485 cum
1585 427 1769 484 Patre’
1791 432 1850 488 et
1881 430 1931 496 Α
1961 433 2206 498 constet,
2241 430 2396 502 quod
2428 431 2580 486 inter
2610 435 2879 486 naturam
2912 449 3339 508 personamque
3375 435 3607 494 differte

198 511 356 569 Filio.
382 511 498 569 Sed
527 511 649 569 haec
676 511 788 568 tria
805 529 938 570 vere
958 513 1136 570 etiam
1158 513 1273 570 tria
1293 515 1854 582 sunt,ineti'abiliter-

192 615 303 672 que
333 599 472 664 tria,
502 604 562 655 et
589 599 978 658 essentialiter
1005 600 1136 667 tria,
1159 601 1437 662 habentia
1464 603 1849 674 proprietates

191 704 368 752 suas,
385 693 446 743 et
477 687 597 742 haec
628 688 741 743 tria
760 706 970 756 unum,
990 693 1048 746 et
1067 707 1197 747 vere
1227 697 1506 754 unum,et
1527 693 1635 748 boo
1660 711 1845 753 unum

193 781 331 840 tres,
365 775 474 831 sed
505 791 621 830 non
654 779 774 832 tres
817 776 1040 844 Patres,
1074 795 1180 834 nec
1227 783 1348 836 tres
1394 779 1546 846 Filii,
1578 796 1682 836 nec
1731 785 1851 838 tres

189 865 452 937 Spiritus
481 865 690 932 sancti,
719 866 820 922 sed
851 869 970 924 tres
1002 869 1453 940 personae.Unus
1485 869 1675 936 Pater,
1693 887 1848 926 unus

189 953 394 1020 Filius,
422 971 581 1010 unus
611 953 866 1026 Spiritus
897 960 1230 1023 sanctus,et
1251 956 1311 1011 hi
1333 957 1546 1025 tres,id
1571 961 1662 1014 est
1681 958 1850 1018 Pater

189 1049 238 1105 et
265 1043 462 1103 Filius
491 1047 552 1098 et
575 1043 834 1116 Spiritus
865 1049 1128 1112 sanctus,
1163 1063 1348 1100 unum
1371 1032 1590 1102 suntin
1615 1051 1845 1116 natura,

189 1133 639 1204 omnipotentis,
673 1132 886 1194 deitate
917 1137 976 1196 et
1003 1134 1345 1192 aeternitate.
1379 1135 1652 1194 Conferat
1671 1135 1850 1208 igitur

193 1221 462 1281 catholici
481 1221 720 1281 lectoris
740 1222 1056 1294 prudentia
1074 1223 1250 1280 verba
1269 1223 1632 1280 Gotbescalci
1655 1223 1850 1280 dicen-

187 1309 280 1377 tis,
309 1309 459 1372 Inde
489 1308 706 1366 dicitur
724 1310 783 1372 in
807 1311 922 1372 Deo
943 1327 1192 1383 persona
1213 1313 1370 1383 quod
1394 1329 1498 1386 per
1518 1330 1581 1369 se
1603 1313 1682 1369 sit
1704 1330 1844 1382 una,

193 1397 380 1454 verbis
410 1397 570 1457 beati
597 1399 912 1471 Augustini
943 1397 1192 1456 dicentis
1219 1417 1232 1456 :
1257 1399 1485 1456 Habent
1515 1401 1762 1474 singulae
1785 1401 1845 1458 in

186 1491 396 1546 sancta
424 1485 713 1545 Trinitate
743 1503 1004 1560 personae
1033 1487 1256 1560 aliquid
1278 1489 1734 1562 proprium,quo
1755 1490 1844 1545 in-

194 1573 506 1647 uenerabili
535 1574 868 1648 aequalitate
899 1576 1160 1649 aliquam
1185 1576 1245 1632 in
1281 1593 1342 1632 se
1373 1579 1697 1638 ostendunt
1719 1595 1848 1650 pro-

192 1663 532 1734 prietatem;
564 1667 621 1718 et
651 1663 841 1726 dicat:
867 1665 1160 1730 Quantum
1193 1665 1376 1721 distat
1407 1670 1572 1730 ortus
1594 1667 1666 1721 ab
1688 1667 1846 1724 occis

1961 519 2366 590 praediximus:
2385 519 2663 592 quoniam
2676 523 2888 576 natura
2899 526 2987 577 cst
3007 523 3318 592 cujuslibet
3337 527 3606 582 substan-

1959 608 2052 664 tiae
2084 609 2419 678 speciticata
2449 607 3048 680 proprietas,persona
3075 627 3208 666 vero
3241 613 3606 670 rationabilis

1959 701 2178 752 naturae
2210 695 2511 752 individua
2557 696 2958 752 subsistentia.
2993 698 3118 754 Non
3169 699 3365 772 igitur,
3397 706 3460 755 ut
3493 703 3604 757 Go-

1959 783 2290 842 thescalcus
2311 783 2674 842 mendacitor
2693 785 3008 849 adinvenit,
3024 785 3154 842 ideo
3177 787 3392 842 dicitur
3411 788 3470 842 in
3495 793 3604 844 Deo

1959 889 2229 944 persona,
2251 873 2406 946 quod
2435 889 2539 945 per
2558 890 2621 930 se
2642 874 2720 930 sit
2739 864 3147 946 una.Exponat
3167 875 3325 930 enim
3348 875 3486 948 quid
3510 894 3604 931 ve-

1958 960 2028 1017 lit
2047 962 2421 1028 addere,cum
2447 961 2587 1018 dicit
2608 963 2764 1034 quod
2786 980 2888 1034 per
2909 981 2970 1021 se
2991 963 3070 1019 sit
3091 965 3304 1020 una.Et
3325 964 3371 1020 si
3398 964 3607 1022 dixerit

1956 1049 2187 1121 iterato,
2219 1051 2355 1110 licet
2384 1052 2708 1108 absurdum
2741 1053 2838 1120 sit,
2871 1069 2974 1125 per
3001 1069 3064 1110 se
3094 1070 3214 1108 una
3241 1065 3508 1124 persona,
3543 1058 3608 1110 ut

1957 1156 2061 1211 per
2089 1157 2152 1196 se
2184 1140 2262 1196 sit
2293 1141 2482 1208 Pater,
2515 1157 2619 1212 per
2647 1158 2710 1196 se
2743 1141 2943 1209 Filius,
2961 1159 3064 1214 per
3093 1159 3154 1198 se
3185 1141 3439 1213 Spiritus
3471 1159 3605 1198 san-

1955 1233 2106 1296 ctus,
2141 1246 2257 1285 non
2291 1230 2490 1298 stabit,
2525 1229 2664 1302 quia
2691 1229 2827 1286 licet
2857 1230 3025 1286 Pater
3052 1229 3214 1286 solu‘s
3235 1230 3389 1286 sitin
3414 1236 3604 1303 pater-

1956 1316 2154 1374 nitatis
2183 1335 2455 1390 persona,
2489 1318 2672 1374 Filius
2703 1317 2865 1375 solus
2895 1319 2974 1374 sit
3003 1319 3074 1374 de
3108 1319 3294 1385 Patre,
3328 1318 3388 1374 id
3417 1323 3505 1376 est
3533 1321 3603 1376 (lo

1955 1407 2289 1464 substantia
2306 1407 2490 1464 Patris
2508 1407 2966 1480 natus.Spiritus
2985 1412 3228 1464 sanctus
3245 1407 3406 1464 solus
3423 1408 3494 1464 de
3507 1408 3606 1464 Pa-

1951 1499 2040 1556 tre
2063 1496 2334 1568 procedat
2354 1501 2412 1553 et
2432 1495 2798 1565 Filio,tamen
2826 1495 3062 1552 relative
3086 1495 3252 1552 Pater
3271 1497 3343 1552 ad
3368 1495 3602 1562 Filium,

1957 1582 2137 1640 Filius
2167 1585 2242 1640 ad
2273 1583 2522 1652 Patrem,
2558 1583 2816 1656 Spiritus
2847 1588 3108 1651 sanctus,
3141 1583 3296 1656 quod
3331 1583 3516 1640 Patris
3547 1589 3604 1639 et

1956 1671 2085 1727 Filii
2117 1671 2370 1745 Spiritus
2391 1673 2487 1740 sit,
2515 1672 2788 1728 dicitur.»
2811 1671 2976 1728 Unde
2998 1671 3434 1742 S.Augustinus
3458 1672 3516 1726 in
3542 1671 3606 1728 li-

193 1751 362 1864 den‘te
391 1750 580 1864 longeL
595 1752 772 1864 faciat
792 1751 1080 1864 Dominus
1101 1769 1347 1864 pravum
1373 1770 1616 1854 sensum
1627 1754 1922 1864 ἔρξω-,Β
1955 1759 2058 1814 bro
2084 1763 2246 1816 sexto
2267 1759 2468 1859 (οιξρςῖ)
2491 1759 2563 1815 de
2592 1758 2877 1864 :l‘rinitatfe
2895 1758 3039 1814 dicit
3063 1774 3075 1814 :
3101 1781 3133 1864 (ξ
3157 1757 3284 1814 Non
3308 1758 3604 1864 invertitur

183 1840 366 1904 misi
387 1857 423 1900 s
449 1839 757 1903 catholicis
785 1841 1060 1900 sensibus
1091 1843 1444 1915 nostris,qui
1467 1859 1602 1900 cum
1626 1843 1843 1905 Gothe-
1861 1839 1894 1867 ’³

187 1928 382 1992 scalae
413 1945 530 1990 non
552 1927 807 1990 dicimus
828 1930 965 1990 inde
987 1930 1048 1989 in
1071 1931 1188 1986 Deo
1215 1930 1328 1987 dici
1351 1948 1663 2004 personam
1685 1934 1842 2015 quod

191 2033 294 2091 per
321 2035 384 2078 se
408 2018 489 2080 sit
507 2035 646 2086 una,
661 2019 764 2080 sed
783 2019 1082 2081 credimus
1105 2024 1162 2076 et
1181 2021 1530 2078 conﬁtemur
1549 2037 1683 2081 cum
1707 2039 1842 2080 san.-

191 2111 280 2166 eto
300 2107 632 2180 Augustino
653 2111 712 2163 et
728 2108 954 2168 caeteris
975 2107 1312 2170 orthodoxis
1333 2109 1843 2182 doctoribus,quia

185 2197 360 2258 Pater
383 2201 442 2256 et
466 2195 658 2256 Filius
687 2200 746 2252 et
773 2196 1030 2270 Spiritus
1057 2202 1297 2260 sanctus
1319 2197 1668 2254 naturaliter
1688 2215 1842 2255 unus

187 2289 276 2346 est
311 2285 1110 2364 Deusdnseparabilisigitur
1136 2291 1356 2344 naturae
1379 2287 1577 2344 unitas
1596 2305 1710 2343 non
1735 2305 1836 2359 p0-

184 2377 302 2432 .test
330 2375 691 2447 separabiles
719 2375 936 2435 habere
955 2393 1271 2452 personas.
1308 2378 1476 2438 Pater
1505 2377 1744 2449 quidem
1773 2394 1844 2435 ex

187 2463 469 2524 omnibus
483 2481 614 2536 qua
631 2469 772 2524 sunt
786 2464 949 2526 solus
965 2466 1238 2540 est,quod
1257 2465 1369 2522 sibi
1391 2467 1693 2538 proprium
1715 2472 1807 2522 est
1824 2482 1838 2522 :

187 2557 243 2612 et
268 2551 440 2614 solus
467 2557 560 2612 est
587 2553 650 2610 in
681 2553 1052 2626 paternitatis
1077 2571 1350 2626 persona,
1371 2556 1472 2612 sed
1510 2571 1624 2610 non
1657 2572 1761 2628 per
1780 2572 1843 2619 se

189 2641 354 2700 solus
367 2645 460 2698 est
473 2642 534 2698 in
552 2641 787 2718 deitatis
805 2642 1437 2716 essentia.Unigenitus
1456 2644 1556 2700 Dei
1581 2643 1764 2700 Filius
1774 2661 1844 2708 ex

186 2729 311 2790 solo
331 2731 502 2791 Patre
521 2731 1102 2793 oonsubstantialiter
1121 2737 1178 2791 et
1197 2731 1658 2790 coessentialiter
1679 2733 1842 2790 solus

187 2823 274 2880 'est
303 2819 564 2894 genitus,
596 2824 655 2880 et
681 2821 791 2878 hoc
821 2825 913 2882 est
939 2821 1242 2895 proprium
1272 2839 1391 2878 suae
1420 2837 1702 2893 personae,
1738 2823 1840 2882 sed

185 2925 302 2967 non
337 2925 444 2981 per
473 2925 537 2965 se
566 2913 658 2967 est
685 2908 849 2968 solus
869 2913 926 2968 et
944 2909 1324 2988 singulariter
1343 2927 1499 2968 unus
1521 2910 1580 2969 in
1603 2910 1842 2972 deitatis

181 2997 462 3058 essentia.
499 2998 754 3070 Spiritus
787 3002 1029 3060 sanctus
1063 3015 1131 3057 ex
1162 3000 1329 3056 Patre
1349 3003 1407 3054 et
1427 2999 1570 3058 Filio
1596 2997 1840 3070 aequali-

191 3089 274 3144 ter
299 3085 587 3158 procedit,
601 3089 663 3142 et
679 3086 789 3144 hoc
813 3091 904 3148 est
923 3086 1224 3159 proprium
1249 3105 1367 3147 suae
1389 3087 1842 3160 personae.Unde

1953 1849 2245 1920 quomodo
2289 1847 2404 1904 dici
2451 1847 2637 1920 possit
2685 1852 2789 1904 aut
2836 1847 3007 1903 Pater
3051 1845 3234 1918 solus,
3269 1851 3370 1903 aut
3415 1845 3599 1904 Filius

1952 1936 2134 2004 sol-us,
2156 1953 2292 1994 cum
2317 1953 2551 2009 semper
2581 1941 2759 2008 atque
2781 1933 3249 2007 inseparabiliter
3267 1939 3326 1990 et
3347 1935 3444 1990 ille
3466 1951 3600 1992 cum

1954 2024 2098 2082 Filio
2129 2025 2228 2094 sit,
2260 2028 2318 2080 et
2345 2024 2443 2080 ille
2491 2036 2628 2082 eum
2677 2025 2865 2090 Patre,
2897 2041 3014 2080 non
3045 2027 3110 2080 ut
3141 2024 3315 2082 ambo
3347 2023 3464 2079 sint
3493 2023 3600 2079 ‘Pa-

1952 2119 2063 2181 ter,
2094 2117 2199 2176 aut
2247 2115 2420 2171 ambo
2472 2114 2674 2181 Filius,
2710 2115 2810 2170 sed
2865 2113 3004 2185 quia
3052 2129 3282 2184 semper
3329 2112 3598 2180 invicem,

1953 2207 2158 2260 neuter
2187 2202 2369 2258 solus.
2407 2225 2435 2252 »
2467 2203 2628 2268 Quod
2661 2207 2719 2258 et
2748 2203 2819 2258 de
2849 2201 3069 2274 Spiritu
3109 2204 3312 2256 sancto
3341 2201 3600 2256 sentien-

1951 2293 2094 2348 dum
2125 2295 2235 2348 est.
2266 2292 2329 2345 Si
2360 2291 2570 2348 dixerit
2603 2307 2616 2345 :
2650 2291 2782 2346 Ideo
2831 2291 3048 2346 dicitur
3090 2290 3150 2345 in
3181 2290 3297 2349 Deo
3329 2305 3597 2362 persona,
3667 2309 3676 2320 ·

1951 2380 2107 2452 quod
2141 2397 2244 2452 per
2273 2397 2334 2435 se
2366 2379 2443 2434 sit
2473 2397 2593 2434 una
2622 2378 2810 2436 deitas
2851 2378 2939 2433 vel
2991 2378 3343 2445 substantia,
3377 2377 3462 2433 vel
3493 2377 3598 2432 ali-

1952 2467 2092 2540 quid
2132 2469 2496 2540 hujusmodi,
2523 2469 2632 2523 hoc
2681 2467 2968 2528 catholica
3014 2468 3160 2522 ﬁdes
3209 2483 3324 2522 non
3371 2466 3596 2537 recipit,

1951 2557 2231 2630 quoniam
2263 2574 2381 2612 una
2409 2557 2734 2628 eademque
2765 2557 2972 2626 deitas,
3007 2575 3135 2629 quae
3179 2557 3484 2612 Trinitatis
3509 2561 3600 2613 est

1952 2645 2170 2710 unitas,
2202 2649 2324 2701 tota
2353 2646 2413 2700 in
2459 2645 2730 2718 singulis,
2764 2649 2888 2702 tota
2935 2650 3024 2702 est
3072 2645 3131 2700 in
3181 2645 3370 2702 tribus
3421 2645 3597 2702 simul

1951 2733 2239 2806 personis.
2273 2735 2639 2804 QuaprOpter
2685 2749 2801 2787 non
2851 2733 3131 2788 debuerat
3167 2731 3386 2799 dicere,
3419 2749 3598 2801 expo—

1951 2839 2097 2878 nens
2125 2837 2304 2893 quare
2333 2821 2550 2876 dicitur
2597 2837 2865 2892 persona,
2899 2836 3004 2891 per
3031 2835 3115 2886 se,
3145 2820 3247 2874 sed
3298 2817 3492 2890 potius
3523 2820 3596 2876 ad

1950 2928 2034 2976 se,
2066 2927 2134 2966 eo
2165 2925 2341 2966 sensu
2376 2908 2528 2965 sicut
2549 2907 2916 2980 Augustinus
2947 2907 3004 2963 in
3048 2907 3196 2962 libro
3245 2908 3494 2978 septimo
3525 2908 3597 2962 de

1951 2997 2234 3062 Trinitate
2273 2998 2460 3054 dicit:
2493 2996 2776 3054 Videlicet
2822 2995 2963 3068 quia
3013 2995 3180 3052 Pater
3224 2999 3282 3050 et
3331 2994 3514 3058 Filius
3539 3000 3598 3051 et

1950 3088 2204 3161 Spiritus
2226 3091 2468 3148 sanctus
2489 3087 2548 3142 in
2571 3085 2856 3142 Trinitate
2881 3083 3116 3140 relative
3135 3083 3451 3140 dicuntur:
3471 3100 3597 3155 per-

183 3191 300 3232 non
335 3191 446 3248 per
475 3192 538 3232 se
565 3179 658 3230 est
684 3174 848 3232 solus
867 3180 925 3231 et
943 3175 1325 3248 singulariter
1345 3193 1500 3235 unus
1520 3176 1580 3232 in
1603 3175 1837 3234 deitatis
1868 3163 1912 3226 (ἶ
1950 3195 2096 3234 sona
2123 3193 2257 3234 vero
2289 3175 2497 3244 Patris,
2531 3175 2620 3232 vel
2662 3174 2814 3244 Filii,
2845 3173 2935 3230 vel
2984 3172 3238 3246 Spiritus
3288 3172 3474 3229 sancti
3525 3172 3598 3229 ad

183 3262 482 3332 «sentis;
513 3263 616 3320 sed
675 3263 1007 3330 amborum,
1054 3263 1322 3322 videlicet
1371 3265 1560 3324 Patris
1607 3269 1664 3321 et
1713 3263 1840 3323 Filii

187 3350 463 3422 spiritus,
503 3351 772 3423 ejusdem
820 3351 1162 3410 substantiae
1211 3356 1270 3410 et
1316 3353 1658 3410 aeternitatis
1705 3369 1842 3411 cum

179 3437 358 3498 Patre
378 3445 442 3496 et
463 3438 629 3506 Filio,
643 3445 700 3496 et
717 3439 936 3499 ideirco
957 3439 1366 3514 inseparabilis
1386 3445 1477 3498 est
1497 3446 1700 3500 sancta
1720 3443 1845 3500 Tri-

185 3527 340 3590 nitas
371 3527 554 3588 etiam
581 3528 642 3585 in
671 3528 937 3602 personis
967 3546 1146 3589 sensu
1167 3529 1843 3604 intelligenda,quamvis

183 3615 241 3674 in
256 3632 400 3674 voce
420 3617 776 3689 separabilia
791 3617 1004 3678 habeat
1017 3619 1426 3691 nomina,quia
1437 3618 1726 3698 pluralem
1741 3637 1844 3676 nu-

184 3721 418 3766 merum
440 3705 504 3762 in
523 3710 745 3764 natura:
768 3706 1109 3768 nominibus
1129 3705 1469 3763 nullatenus
1488 3705 1710 3780 recipit.
1725 3707 1840 3764 Ve-

181 3809 308 3852 rum
333 3794 498 3856 52³
523 3799 581 3853 et
611 3795 671 3850 in
703 3795 812 3852 hoc
843 3795 1177 3854 ostenditur
1207 3812 1489 3867 personas
1523 3813 1638 3852 non
1669 3811 1842 3868 posse

181 3881 362 3940 dividi
396 3883 459 3939 in
495 3887 698 3941 sancta
721 3883 1186 3960 Trinitate,quia
1215 3882 1534 3954 cujuslibet
1580 3901 1841 3956 personas

183 3987 403 4030 nomen
433 3987 670 4043 semper
710 3973 785 4028 ad
832 3971 1076 4033 alteram
1127 3971 1365 4047 respicit
1416 3989 1746 4045 personam.
1781 3973 1842 4030 Si

181 4059 420 4122 Patrem
451 4059 624 4125 dicis,
652 4059 862 4122 Filium
893 4059 1190 4129 ostendis;
1223 4060 1273 4116 si
1305 4060 1519 4118 Filium
1547 4061 1838 4130 nominas,

179 4147 421 4206 Patrem
465 4147 782 4220 praedicas;
817 4149 866 4206 si
901 4148 1186 4222 Spiritum
1235 4155 1506 4206 sanctum
1557 4149 1838 4222 appellas,

179 4236 444 4310 alicujus
471 4253 604 4294 esse
633 4237 907 4312 spiritum
938 4254 1176 4302 necesse
1207 4243 1297 4296 est
1322 4239 1637 4312 intelligas.
1664 4262 1691 4289 »
1715 4239 1841 4296 Non

175 4324 390 4400 igitur,
413 4331 477 4386 ut
504 4325 876 4400 blasphemat
901 4327 1338 4397 Gotbescalcus,
1371 4328 1506 4384 inde
1537 4327 1753 4386 dicitur
1780 4327 1841 4384 in

175 4414 295 4472 Deo
323 4432 607 4489 persona,
639 4417 796 4488 quod
827 4431 932 4490 per
959 4433 1022 4475 se
1051 4416 1130 4478 sit
1160 4431 1294 4484 una,
1328 4433 1490 4472 more
1518 4433 1648 4484 suo,
1677 4416 1841 4472 vide-

175 4501 766 4564 lieethereticorum
793 4521 978 4574 more,
1012 4505 1287 4577 profanas
1315 4521 1522 4563 vocum
1555 4505 1842 4566 novitates

171 4595 528 4667 exquirens.
581 4595 712 4663 Qui,
753 4600 820 4655 ut
866 4595 1074 4654 beatus
1133 4593 1275 4654 dicit
1331 4595 1666 4668 Gregorius,
1698 4594 1839 4653 dum

171 4680 420 4741 laudari
478 4686 764 4761 tanquam
812 4684 885 4740 de
930 4682 1234 4742 excellenti
1292 4683 1526 4755 ingenio
1574 4683 1840 4756 cupiunt,

171 4773 350 4844 missi
387 4789 543 4829 nova
569 4773 839 4844 quaedam
871 4772 1192 4846 proferunt,
1215 4789 1342 4846 quae
1373 4774 1433 4832 in
1467 4773 1844 4844 antiquorum

173 4858 432 4918 Patrum
479 4859 651 4918 libris
695 4861 989 4918 veteribus
1038 4877 1156 4918 non
1205 4864 1498 4918 tenentur.
1537 4860 1751 4933 Sicque
1781 4863 1848 4917 ﬁt

170 4953 258 5016 ut,
293 4951 456 5008 dum
486 4948 673 5006 videri
714 4948 1010 5022 sapientes
1057 4949 1411 5016 desiderant,
1441 4948 1674 5006 miseris
1721 4950 1846 5007 suis

170 5037 564 5094 auditoribus
595 5036 861 5094 stultitiae
893 5037 1122 5094 semina
1151 5043 1451 5111 spargant.
1479 5037 1715 5095 Rectius
1738 5057 1847 5097 ειη-

169 5127 295 5182 tem
333 5126 582 5183 Boetius
611 5143 792 5200 quam
813 5125 1250 5196 Gotbescalcus,
1275 5127 1393 5182 imo
1419 5131 1570 5182 recte
1592 5127 1845 5197 Boetius,

169 5214 320 5288 quia
349 5227 475 5272 non
509 5219 666 5272 recte
695 5214 1132 5284 Gothescalcus,
1168 5231 1427 5288 personae
1449 5215 1848 5273 deﬁnitionem

164 5319 240 5360 ex
291 5303 649 5375 sapientum
707 5302 1014 5364 sententiis
1069 5305 1238 5366 nobis
1293 5301 1541 5376 protulit
1597 5303 1847 5364 dicens:

164 5413 196 5443 α
222 5392 506 5450 Persona
527 5392 688 5450 dicta
703 5397 793 5451 est
807 5409 840 5448 a
851 5392 1193 5465 personando
1209 5413 1229 5460 ;
1246 5393 1621 5448 circumﬂexe
1640 5394 1818 5466 penul
1831 5425 1851 5438 -

166 5479 348 5540 time.
391 5480 564 5546 Quod
593 5480 646 5538 si
675 5485 932 5538 acuatur'
963 5480 1444 5554 antepenultima,
1479 5482 1853 5554 apertissime

161 5569 490 5636 uidebitur
512 5586 550 5630 a
574 5583 707 5630 sono
755 5570 913 5635 dicta
943 5587 958 5630 :
994 5571 1122 5635 »,Et
1167 5569 1310 5632 item
1343 5585 1358 5628 :
1393 5591 1423 5623 «
1452 5569 1570 5630 Hoc
1614 5571 1853 5636 interim

520 5697 796 5764 Pareat.
841 5696 1074 5764 CXXV.

1951 3283 2014 3322 se
2060 3265 2296 3326 dicitur.
2335 3288 2356 3314 ι
2393 3269 2540 3335 Non,
2573 3263 2767 3336 inquit
2819 3262 3186 3336 Augustinus
3239 3261 3300 3318 in
3359 3261 3598 3333 praefato

1949 3353 2100 3411 libro
2150 3354 2276 3425 (lib.
2307 3372 2386 3411 v11
2431 3353 2498 3410 de
2550 3355 2724 3420 Trin.,
2757 3369 2808 3408 c.
2835 3353 2912 3424 6),
2945 3351 3106 3410 aliud
3155 3355 3246 3406 est
3291 3351 3408 3411 Deo
3446 3365 3596 3416 esse,

1949 3443 2109 3502 aliud
2143 3459 2453 3516 personam
2484 3459 2634 3514 esse,
2663 3442 2764 3498 sed
2795 3441 3036 3498 omnino
3085 3441 3262 3496 idem.
3295 3439 3442 3494 Nam
3471 3453 3600 3497 esse

1952 3532 2026 3586 ad
2057 3549 2119 3588 se
2145 3531 2384 3602 dicitur,
2415 3547 2666 3603 persona
2694 3547 2826 3586 vero
2857 3528 3114 3597 relative,
3147 3527 3417 3584 videlicet
3461 3543 3596 3582 cum

1949 3621 2166 3676 dicitur
2214 3621 2382 3676 Pater
2423 3619 2512 3677 vel
2556 3618 2744 3674 Filius
2794 3617 2882 3676 vel
2931 3617 3187 3690 Spiritus
3235 3620 3512 3684 sanctus;
3544 3619 3601 3671 et

1947 3708 2104 3770 sicut
2132 3709 2465 3765 substantia
2495 3708 2680 3763 Patris
2703 3707 2828 3780 ipse
2851 3707 3018 3762 Pater
3037 3709 3268 3772 est,non
3292 3721 3408 3776 quo
3435 3704 3600 3767 Pater

1950 3802 2060 3866 est,
2093 3797 2194 3854 sed
2226 3814 2341 3870 quo
2373 3801 2464 3853 est
2495 3814 2508 3852 :
2542 3796 2625 3852 ita
2654 3801 2713 3852 et
2740 3811 2988 3868 persona
3035 3793 3224 3850 Patris
3274 3809 3391 3848 non
3439 3792 3599 3851 aliud

1953 3903 2131 3959 quam
2189 3887 2314 3958 ipse
2373 3887 2542 3942 Pater
2587 3889 2694 3942 est.
2725 3886 2809 3941 Ad
2861 3902 2922 3940 se
2952 3883 3171 3956 quippe
3203 3881 3357 3943 524
3387 3880 3602 3946 dicitur

1950 3992 2220 4048 persona,
2256 3993 2370 4032 non
2402 3976 2475 4031 ad
2509 3974 2742 4039 Filium,
2773 3973 2860 4028 vel
2884 3974 2954 4028 ad
2988 3971 3271 4045 Spiritum
3304 3975 3598 4038 sanctum,

1950 4064 2104 4121 sicut
2133 4064 2205 4118 ad
2237 4079 2298 4120 se
2328 4063 2543 4119 dicitur
2580 4063 2756 4128 Deus,
2785 4066 2843 4117 et
2889 4077 3160 4133 magnus,
3197 4063 3255 4114 ct
3302 4059 3512 4126 bonus,
3545 4062 3602 4114 et

1941 4155 2232 4226 justus,et
2243 4151 2291 4208 si
2307 4151 2446 4224 quid
2459 4151 2620 4208 aliud
2631 4149 2974 4220 hujusmodi
2995 4167 3008 4217 ;
3028 4153 3084 4204 et
3097 4147 3598 4219 quemadmodum

1951 4243 2062 4299 hoc
2091 4241 2177 4298 illi
2206 4246 2298 4298 est
2325 4257 2474 4308 esse,
2503 4239 2662 4312 quod
2713 4239 2900 4295 Deum
2949 4254 3098 4306 esse,
3132 4252 3415 4310 magnum
3444 4251 3595 4302 esse,

1949 4331 2107 4404 quod
2137 4331 2359 4388 bonum
2391 4329 2632 4398 esse,ita
2659 4327 2769 4384 hoc
2800 4327 2885 4382 illi
2917 4331 3006 4383 est
3033 4342 3183 4392 esse,
3207 4325 3364 4398 quod
3397 4339 3596 4398 perso-

1951 4438 2090 4478 nam
2119 4436 2270 4478 esse.
2303 4420 2420 4478 Cur
2447 4434 2584 4491 ergo
2615 4435 2744 4478 non.
2762 4416 2883 4472 haec
2912 4415 3027 4472 tria
3054 4414 3232 4472 simul
3264 4429 3443 4471 unam
3468 4429 3598 4486 per-

1871 4530 1918 4598 D
1951 4527 2157 4568 sonam
2205 4508 2482 4575 dicimus,
2514 4507 2668 4564 sicut
2718 4523 2899 4562 unam
2942 4503 3260 4562 essentiam
3306 4506 3365 4558 et
3411 4517 3600 4598 unum

1951 4600 2160 4666 Deum,
2193 4599 2296 4655 sed
2340 4601 2459 4655 tres
2503 4595 2760 4652 dicimus
2812 4610 3113 4667 personas,
3147 4609 3282 4651 cum
3312 4595 3430 4647 tres
3459 4591 3602 4646 deos

1953 4692 2056 4744 aut
2084 4691 2199 4744 tres
2231 4685 2519 4744 essentias
2551 4701 2667 4740 non
2695 4683 2984 4753 dicamus,
3018 4681 3131 4738 nisi
3163 4681 3304 4753 quia
3331 4679 3604 4736 volumus

1953 4776 2043 4834 vel
2066 4793 2252 4834 unum
2283 4775 2519 4848 aliquod
2550 4772 2900 4832 vocabulum
2922 4771 3136 4830 servire
3157 4769 3294 4825 huic
3316 4769 3606 4842 significa-

1954 4865 2100 4921 tioni
2131 4881 2248 4937 qua
2275 4862 2626 4935 intelligitur
2644 4861 3000 4926 Trinitas,ne
3017 4860 3258 4916 omnino
3277 4862 3606 4914 taceremus

1952 4953 2298 5026 interrogati
2355 4953 2497 5024 quid
2555 4955 2694 5020 tres,
2724 4968 2858 5006 cum
2905 4955 3025 5005 tres
3073 4965 3202 5005 esse
3249 4943 3606 5003 fateremur?

1955 5045 2156 5116 Neque
2189 5059 2324 5100 cum
2357 5041 2637 5114 quislibet
2657 5039 2908 5098 audierit
2929 5039 3159 5094 Patrem
3181 5035 3372 5092 solum
3393 5034 3600 5098 Deum,

1957 5137 2190 5206 separet
2216 5131 2353 5188 inde
2373 5130 2716 5199 Filium,aut
2737 5128 3025 5202 Spiritum
3057 5121 3503 5182 sauctum.Gum
3536 5133 3604 5176 eo

1959 5221 2177 5294 quippe
2205 5219 2368 5277 solus
2397 5219 2552 5276 Deus
2583 5222 2833 5286 est,cum
2865 5233 2982 5288 quo
3011 5219 3070 5272 et
3099 5228 3253 5268 unus
3282 5211 3436 5268 Deus
3467 5209 3557 5264 est
3587 5222 3603 5262 :

1959 5309 2100 5382 quia
2128 5313 2185 5366 et
2215 5308 2426 5366 Filium
2449 5324 2583 5364 cum
2609 5303 3107 5373 audimus,solum
3127 5302 3312 5356 Deum
3334 5296 3461 5354 sine
3485 5295 3607 5354 ulla

1960 5397 2326 5470 separatione
2357 5397 2544 5454 Patris
2573 5400 2676 5451 aut
2705 5394 2960 5468 Spiritus
2991 5389 3177 5448 sancti
3209 5390 3436 5462 oportet
3454 5385 3606 5444 acci-

1960 5503 2132 5560 pere;
2167 5490 2342 5560 atque
2365 5486 2449 5542 ita
2476 5486 2634 5542 dicat
2663 5500 2842 5540 unam
2873 5479 3214 5550 essentiam,
3245 5481 3312 5536 ut
3341 5493 3458 5538 non
3486 5475 3606 5534 exi-

1961 5576 2164 5638 stimet
2191 5577 2354 5639 aliud
2384 5576 2497 5638 alio
2526 5574 2614 5634 vel
2645 5572 2858 5648 majus,
2888 5569 2977 5632 vel
3026 5567 3260 5642 melius,
3289 5567 3380 5631 vel
3411 5566 3610 5643 aliqua

3211 5699 3287 5764 l9
