3896 6182
361 301 488 363 ’587

1308 298 1689 362 HINCMAPJ
1733 295 2180 360 RHEMENSIS
2222 295 2834 358 ARCHIEPISCOPI.

3591 304 3687 368 588

370 454 440 494 ex
470 441 633 510 parte
665 437 979 493 diversum.
1014 435 1136 490 Non
1169 439 1362 488 tamen
1394 439 1460 488 ut
1491 433 1660 488 Pater
1701 433 1826 504 ipse
1855 432 1933 486 sit
1961 436 2018 488 et
2045 434 2099 500 Α
2131 427 2386 502 spiritus
2415 435 2675 498 sanctus,
2707 429 2863 484 idem
2890 427 3158 500 equidem
3185 432 3287 496 est,
3316 445 3419 486 non
3445 430 3688 504 ipse.Non

375 527 556 582 Filius
586 530 644 582 et
669 525 924 598 Spiritus
955 527 1217 587 sanctus,
1247 527 1304 576 et
1330 521 1618 594 quidquid
1649 521 1806 577 aliud
1838 521 1910 576 ad
1940 519 2018 576 al-

373 620 663 671 terutrum
696 611 930 686 singula
963 612 1418 675 dicuntur,sieut
1438 611 1694 666 Verbum
1721 611 1875 682 quod
1902 627 2015 665 non

375 702 588 759 dicitur
615 701 728 757 nisi
759 696 1069 769 Filius,aut
1098 701 1318 754 donum
1349 700 1503 770 quod
1531 717 1644 754 non
1667 699 1884 754 dicitur
1903 698 2018 754 nisi

373 789 628 863 Spiritus
659 794 898 845 sanctus
922 805 934 843 :
959 793 1195 860 propter
1221 789 1375 860 quod
1399 787 1571 843 etiam
1597 787 1885 859 pluralem
1907 805 2016 842 uu-

373 895 602 934 merum
632 877 1134 945 admittunt,sicut
1161 877 1220 931 in
1254 877 1562 949 Evangelio
1593 876 1876 948 scriptum
1908 880 2015 944 est,

373 969 489 1041 Ego
534 975 588 1024 et
631 968 794 1023 Pater
848 983 1022 1021 unum
1065 983 1262 1022 sumus
1287 970 1470 1034 (Joan.
1501 984 1557 1033 x,
1587 967 1700 1033 30).
1734 965 1802 1020 Et
1831 982 2016 1020 unum

374 1055 540 1123 dixit,
573 1059 632 1111 et
662 1071 902 1112 sumus.
929 1056 1124 1122 Unum,
1150 1055 1475 1110 secundum
1505 1053 1842 1120 essentiam,
1863 1055 2019 1126 quod

374 1144 530 1200 idem
561 1144 748 1212 Deus;
779 1160 990 1211 sumus,
1024 1143 1348 1198 secundum
1383 1141 1710 1208 relativum,
1735 1143 1889 1214 quod
1923 1141 2020 1197 ille

377 1233 560 1300 Pater,
594 1231 689 1288 hic
721 1231 921 1288 Filius.
959 1254 985 1281 ››
1017 1233 1086 1286 Et
1115 1231 1174 1285 in
1203 1231 1354 1286 libro
1397 1231 1622 1286 decimo
1653 1231 1860 1303 quinto
1894 1231 2016 1303 (lib.

372 1339 445 1377 xv
471 1321 538 1378 de
568 1322 742 1388 Trin.,
775 1337 822 1388 c,
859 1322 944 1388 17)
977 1339 990 1375 :
1025 1319 1278 1391 Spiritus
1298 1337 1530 1392 quoque
1551 1325 1790 1376 sanctus
1811 1337 2017 1376 secun-

374 1411 517 1466 dum
548 1409 882 1481 Scripturas
913 1413 1168 1476 sanctas,
1195 1425 1300 1463 nec
1334 1409 1519 1463 Patris
1549 1413 1638 1464 est
1675 1409 1878 1477 solius,
1913 1427 2020 1466 nec

376 1499 506 1554 Filii
535 1497 739 1566 solius,
772 1497 873 1552 sed
905 1498 1235 1562 amborum,
1259 1502 1315 1552 et
1341 1498 1467 1552 ideo
1500 1514 2022 1570 communem,qua

375 1603 438 1642 se
460 1585 708 1642 invicem
741 1585 997 1658 diligunt
1037 1587 1203 1642 Pater
1231 1591 1288 1640 et
1313 1585 1514 1651 Filius,
1549 1585 1718 1641 nobis
1758 1585 2023 1642 insinuat

375 1675 744 1731 charitatem.
778 1676 846 1730 Et
876 1674 1028 1730 sicut
1069 1675 1358 1746 sapientia
1387 1678 1444 1729 et
1473 1675 1640 1730 Pater
1667 1680 1724 1730 et
1753 1674 1935 1731 Filius
1965 1681 2024 1730 et

375 1763 632 1836 Spiritus
653 1767 893 1820 sanctus
915 1763 1218 1830 dicitur,et
1239 1762 1413 1818 simul
1437 1779 1640 1819 omnes
1661 1781 1772 1819 non
1789 1768 1906 1819 tres
1919 1766 2020 1819 sed

375 1868 496 1906 una
515 1851 805 1924 sapientia
820 1867 832 1907 :
850 1852 931 1906 ita
942 1851 1263 1908 etcharitas
1285 1855 1341 1906 et
1363 1851 1529 1908 Pater
1548 1852 2024 1910 dicituretFilius

375 1943 436 1994 et
455 1939 709 2012 Spiritus
730 1943 1055 2004 sanctus,et
1074 1939 1251 1994 simul
1275 1957 1479 1996 omnes
1499 1959 1617 1996 una
1639 1941 1892 1998 cbaritas
1909 1959 1921 1998 :
1939 1943 2022 1998 sic

376 2027 535 2082 enim
567 2027 734 2084 Pater
761 2027 1000 2095 Deus,et
1020 2027 1201 2084 Filius
1231 2028 1478 2096 Deus,et
1499 2029 1753 2102 Spiritus
1784 2019 2022 2088 sanctus

376 2117 552 2180 Deus,
585 2119 644 2172 et
671 2115 849 2171 simul
881 2132 1084 2172 omnes
1107 2134 1261 2172 unus
1283 2118 1504 2172 Deus.»
1528 2117 1689 2174 Unde
1713 2123 1769 2174 et
1789 2119 2021 2192 insepa-

375 2203 580 2262 rabilis
609 2207 718 2273 est,
749 2204 926 2260 etiam
950 2204 1009 2258 in
1030 2205 1314 2276 personis,
1341 2215 1546 2262 sancta
1567 2207 1824 2263 Trinitas
1845 2225 2020 2265 sensu

375 2291 771 2366 intelligenda.
805 2294 876 2348 Et
905 2291 1006 2364 qui
1035 2293 1185 2348 hanc
1231 2293 1642 2366 etymologiam
1680 2295 1740 2350 in
1773 2312 2024 2366 persona

373 2381 733 2438 mendaciter
761 2380 1073 2448 adinvenit,
1100 2382 1247 2436 forte
1272 2385 1334 2436 ut
1355 2381 1503 2438 solet
1535 2401 1706 2455 prave
1732 2385 2020 2457 interpre-

370 2470 594 2526 tabitur
619 2469 796 2525 verba
825 2469 1310 2537 Boetiipdicentis
1332 2470 1388 2524 in
1413 2469 1561 2526 libro
1595 2473 1664 2527 de
1695 2471 1978 2529 Trinitate
2003 2489 2016 2529 :

374 2581 402 2610 ‹‹
435 2559 496 2615 In
530 2575 747 2627 rerum,
782 2559 993 2630 inquit,
1029 2575 1274 2613 numero
1306 2575 1419 2614 non
1454 2559 1590 2615 facit
1622 2559 2018 2632 pluralitatem

373 2648 670 2730 unitatum
701 2646 986 2720 repetitio.
1018 2647 1191 2702 Velut
1221 2647 1270 2702 si
1303 2649 1372 2702 de
1403 2649 1603 2704 eodem
1647 2650 1861 2718 dicam,
1889 2650 2017 2723 gla-

374 2736 508 2793 dius
555 2754 730 2804 unus,
765 2751 966 2792 mucro
1017 2753 1190 2803 unus,
1227 2737 1385 2793 ensis
1426 2756 1621 2808 unus;
1655 2739 1811 2795 velut
1850 2739 1897 2795 si
1931 2739 2020 2794 di-

374 2841 528 2894 cam,
557 2824 674 2894 Sol,
709 2823 816 2891 sol,
850 2823 957 2892 sol,
1007 2841 1126 2880 non
1185 2828 1302 2880 tres
1361 2825 1514 2882 soles
1571 2827 1881 2894 etfecerim,
1917 2830 2017 2884 sed

374 2911 448 2966 de
472 2928 589 2968 uno
620 2911 793 2968 toties
824 2911 1194 2984 praedicatur.
1225 2913 1348 2968 Non
1381 2913 1561 2986 igitur
1591 2915 1639 2970 si
1673 2915 1743 2971 de
1765 2917 1930 2972 Patre
1953 2933 2018 2973 ac

375 3000 519 3058 Filio
565 3003 623 3056 et
669 3001 891 3072 Spiritu
949 3006 1151 3057 sancto
1209 3000 1377 3058 tertio
1437 3003 1786 3075 praedicatur
1841 3005 2015 3074 Deus,

373 3089 590 3146 idcirco
616 3090 773 3145 trina
815 3090 1148 3162 praedicatio
1198 3107 1509 3147 numerum
1561 3093 1718 3148 facit.
1753 3095 1823 3148 Et
1853 3099 1918 3148 ut
1946 3095 2018 3150 de

2124 526 2214 575 est
2242 519 2422 593 igitur
2451 519 2602 575 inter
2620 537 2717 575 eos
2741 519 2799 572 in
2824 535 2882 573 re
2903 517 3061 572 omni
3085 517 3392 573 differentia
3408 535 3564 590 quare
3583 523 3693 578 sub-

2123 609 2304 664 intret
2329 625 2631 675 numerus,
2663 623 2836 680 quem
2875 623 2945 662 ex
2993 607 3371 677 subjectorum
3417 607 3695 668 diversitate

2126 697 2332 753 confici
2362 696 2633 770 superius
2663 696 3038 769 explanatum
3059 695 3239 752 est.Et
3255 695 3359 751 hoc
3377 696 3516 752 idem
3535 697 3697 754 Domi-

2127 804 2240 842 nus
2271 787 2636 842 demonstrat
2661 786 2720 840 in
2751 784 3084 857 Evangelio,
3119 785 3266 856 quod
3295 785 3398 840 sub
3425 785 3522 840 hoc
3553 801 3698 842 sensu

2127 875 2369 930 tradunt
2397 891 2603 930 omnes
2626 874 2892 930 doctores
2922 871 3208 940 catholici,
3232 889 3360 928 cum
3381 873 3602 928 dicitur:
3624 875 3700 940 Ite,

2126 965 2302 1021 docete
2329 981 2513 1021 omnes
2541 971 2744 1033 gentes,
2779 964 3108 1034 baptizantes
3149 977 3234 1018 eos
3277 964 3336 1016 in
3377 963 3573 1018 nomine
3609 968 3703 1018 Pa-

2128 1056 2250 1120 tris,
2281 1061 2333 1110 et
2372 1054 2527 1121 Filii,
2561 1061 2612 1108 et
2660 1052 2900 1124 Spiritus
2957 1052 3132 1107 sancti
3177 1050 3372 1123 (Matth.
3414 1067 3590 1116 xxvm,
3615 1049 3704 1120 19).

2128 1143 2254 1198 Non
2285 1141 2428 1198 dicit
2456 1143 2518 1197 in
2540 1141 2876 1206 nominibus,
2911 1139 3014 1195 sed
3044 1141 3104 1194 in
3132 1140 3364 1206 nomine,
3393 1137 3519 1210 quia
3554 1155 3705 1193 unum

2130 1247 2342 1286 nomen
2373 1229 2550 1286 unius
2580 1229 2682 1286 Dei
2729 1232 2838 1296 est,
2872 1229 3040 1284 Pater
3085 1232 3142 1284 et
3183 1225 3356 1282 Filius
3401 1231 3456 1282 et
3496 1225 3709 1297 Spiritus

2129 1325 2390 1390 sanctus,
2423 1320 2496 1374 de
2525 1335 2640 1391 quo
2670 1317 2958 1390 scriptum
3001 1321 3090 1372 est
3122 1333 3136 1371 :
3170 1315 3328 1386 Audi,
3359 1315 3531 1380 Israel,
3556 1315 3711 1369 Domi-

2126 1425 2232 1462 nus
2261 1408 2402 1462 Deus
2431 1415 2577 1472 tuus,
2609 1411 2751 1462 Deus
2780 1420 2924 1460 unus
2954 1411 3034 1459 est
3057 1404 3231 1472 (Deut.
3264 1419 3340 1469 γι,
3367 1404 3441 1468 5).
3459 1402 3712 1472 Quaprop-

2130 1501 2218 1552 ter
2242 1500 2299 1551 et
2329 1495 2376 1552 si
2410 1499 2602 1568 potest
2630 1494 2744 1548 dici
2775 1492 2834 1547 in
2867 1491 3132 1565 personis
3175 1495 3326 1546 Deus
3353 1488 3549 1556 trinus,
3577 1487 3715 1559 quasi

2130 1583 2562 1657 quodammodo
2615 1585 2706 1638 ter
2751 1597 2927 1650 unus,
2975 1579 3115 1652 quia
3172 1579 3336 1635 Pater
3377 1577 3540 1646 Deus,
3569 1576 3716 1632 Filius

2131 1675 2306 1741 Deus,
2353 1673 2606 1746 Spiritus
2655 1676 2895 1728 sanctus
2939 1670 3117 1738 Deus,
3161 1667 3338 1724 unius
3389 1665 3719 1738 ejusdemque

2130 1763 2398 1818 essentiae
2429 1761 2686 1826 deitatis,
2719 1777 2847 1832 qua:
2876 1764 2968 1814 est
2997 1757 3195 1814 unitas
3231 1755 3518 1821 trinitatis,
3547 1757 3652 1810 tota
3672 1753 3719 1808 in

2131 1851 2401 1924 singulis,
2433 1855 2553 1906 tota
2579 1849 2639 1904 in
2668 1849 2858 1904 tribus
2888 1847 3066 1903 simul
3097 1844 3400 1920 personis:
3431 1859 3539 1900 non
3561 1847 3722 1898 tamen

2132 1943 2322 2013 potest
2351 1938 2636 1995 catholice
2681 1937 2794 1994 dici
2843 1936 3030 1992 deitas
3076 1934 3254 2004 trina,
3287 1932 3450 2006 quasi
3492 1935 3573 1988 ter
3610 1946 3720 1996 una,

2131 2030 2272 2102 quia
2293 2045 2410 2084 una
2435 2031 2492 2084 et
2519 2027 2835 2083 indiscreta
2863 2030 3075 2081 natura
3101 2023 3292 2080 Patris
3319 2026 3377 2078 et
3405 2019 3525 2078 Filii
3553 2023 3604 2076 et
3618 2017 3728 2090 Spi-

2132 2118 2280 2174 ritus
2309 2115 2498 2173 sancti
2529 2132 2644 2170 non
2671 2119 2760 2171 est
2788 2111 3068 2182 terna,ve1
3097 2112 3276 2179 trina,
3311 2110 3426 2167 sive
3453 2113 3536 2165 ter
3562 2122 3663 2164 una
3677 2105 3723 2160 in

2131 2205 2525 2279 singulis,uon
2551 2210 2640 2260 est
2667 2209 2852 2270 terna,
2884 2201 2972 2258 vel
3003 2201 3180 2268 trina,
3205 2217 3311 2257 seu
3337 2204 3424 2256 ter
3453 2214 3561 2254 una
3580 2197 3634 2252 in
3649 2193 3728 2250 tri-

2131 2295 2262 2363 bus,
2296 2296 2398 2350 sed
2430 2311 2546 2349 una
2575 2297 2632 2348 et
2660 2293 2886 2360 eadem,
2920 2295 3044 2347 tota
3084 2289 3264 2362 plena
3309 2293 3476 2361 atque
3517 2285 3728 2358 perfecta

2129 2399 2362 2455 semper
2405 2383 2464 2436 in
2515 2380 2787 2454 singulis,
2818 2384 2940 2436 tota
2986 2379 3166 2452 plena
3211 2382 3391 2450 atque
3433 2375 3660 2449 perfecta
3681 2371 3730 2426 in

2129 2472 2320 2528 tribus
2350 2471 2527 2528 simul
2557 2468 2845 2542 personis,
2868 2485 2996 2541 quae
3027 2469 3089 2523 in
3121 2484 3187 2524 se
3217 2483 3336 2522 non
3366 2465 3533 2522 habet
3560 2475 3732 2517 nume-

2129 2578 2283 2628 rum,
2316 2577 2422 2616 nec
2469 2560 2528 2614 in
2576 2558 2863 2632 personis,
2897 2558 2958 2613 in
3007 2557 3231 2629 quibus
3277 2553 3506 2611 relative
3557 2549 3734 2608 dicitur

2129 2649 2408 2717 Trinitas,
2440 2648 2695 2720 aliquam
2727 2645 3141 2702 differentiam.
3167 2643 3352 2702 Trina
3372 2641 3574 2715 quippe
3595 2644 3646 2696 et
3659 2635 3736 2693 tri-

2129 2738 2284 2794 nitas
2315 2738 2532 2794 habent
2559 2735 2646 2792 vel
2679 2753 2961 2793 numerus
2992 2738 3230 2804 sunt,ut
3251 2732 3517 2806 superius
3535 2725 3734 2786 catholi-

2128 2843 2329 2882 corum
2359 2825 2552 2882 verbis
2581 2825 2968 2882 ostendimus.
3001 2823 3170 2880 Unde
3221 2840 3360 2880 cum
3397 2826 3485 2878 ter
3510 2809 3737 2875 sanetum

2127 2915 2414 2988 hymnum
2445 2915 2766 2982 offerimus,
2797 2918 2998 2985 terque
3027 2912 3462 2969 coadorandam
3501 2906 3737 2963 deitatem

2127 3021 2262 3060 cum
2291 3003 2562 3077 supernis
2587 3007 2644 3060 et
2673 3002 3007 3059 caelestibus
3034 3001 3364 3058 virtutibus
3393 2994 3741 3070 conglorilica-

2127 3109 2281 3161 mus,
2315 3092 2574 3149 dicentes
2607 3093 2878 3159 Sanctus,
2895 3091 3174 3163 Sanctus,
3190 3091 3466 3156 Sanctus,
3481 3079 3744 3154 subsequi-

374 3195 626 3252 persona
653 3177 987 3250 compilavit
1017 3179 1155 3250 quia
1183 3180 1345 3245 dicit,
1379 3203 1406 3230 «
1443 3180 1606 3236 Sicut
1627 3183 1782 3237 Deus
1802 3182 2022 3239 dicitur
2046 3169 2088 3236 C
2127 3197 2262 3236 mur
2291 3181 2578 3237 Dominus
2607 3181 2762 3237 Deus
2794 3179 3060 3246 sabaoth,
3096 3196 3220 3235 non
3263 3175 3497 3235 Domini
3541 3173 3633 3230 Dei
3671 3185 3743 3226 sa-

371 3266 562 3323 trinus
593 3271 650 3322 et
677 3283 852 3335 unus,
885 3266 966 3320 ita
995 3266 1182 3322 deitas
1212 3268 1382 3322 debet
1411 3273 1466 3322 et
1493 3267 1646 3324 valet
1674 3269 1787 3325 dici
1819 3271 2016 3328 catho-

371 3354 482 3412 lice
509 3355 665 3412 trina
692 3360 750 3411 et
779 3372 916 3409 una.
949 3376 976 3405 ››
1013 3355 1178 3410 Forte
1208 3356 1360 3410 dicet
1393 3371 1406 3409 :
1442 3357 1573 3411 Ideo
1619 3357 1832 3413 dicitur
1861 3359 2017 3416 Deus

369 3444 583 3514 trinus,
613 3443 782 3516 quasi
824 3446 912 3500 ter
939 3461 1116 3511 unus,
1151 3447 1208 3498 et
1253 3443 1469 3498 dicitur
1516 3445 1703 3501 deitas
1747 3447 1923 3516 trina,
1956 3448 2014 3504 id

370 3536 460 3588 est
487 3537 578 3589 ter
605 3549 742 3588 una.
772 3531 988 3586 Contra
1017 3547 1190 3602 quem
1221 3530 1356 3586 hinc
1379 3537 1434 3587 et
1454 3551 1516 3588 se
1538 3539 1594 3588 et
1617 3551 1722 3590 nos
1743 3535 2017 3592 defendat

370 3621 604 3678 Boetius
632 3621 759 3677 sine
789 3619 950 3674 nulla
980 3619 1419 3691 interpositione
1467 3623 1836 3696 subsequens
1878 3642 2012 3682 cum

369 3708 512 3764 dicit
541 3725 554 3764 :
587 3731 616 3758 ι(
650 3708 774 3763 Non
803 3706 984 3778 igitur
1013 3707 1060 3761 si
1090 3707 1160 3762 de
1193 3709 1360 3764 Patre
1409 3711 1482 3764 ad
1535 3710 1676 3766 Filio
1706 3715 1762 3766 et
1793 3711 2014 3784 Spiritu

369 3799 572 3852 sancto
603 3795 774 3852 tertio
806 3796 1154 3867 praedicatur
1199 3797 1375 3866 Deus,
1408 3799 1621 3854 idcirco
1669 3801 1822 3856 trina
1868 3819 2011 3874 prae-

369 3883 584 3940 dicatio
611 3901 925 3940 numerum
956 3885 1114 3940 facit.
1147 3886 1266 3940 Hoc
1295 3887 1452 3942 enim
1485 3887 1621 3956 illis,
1655 3889 1805 3946 525
1829 3894 1894 3945 ut
1924 3892 2010 3946 di-

369 3975 531 4028 ctum
561 3975 668 4042 est,
700 3971 990 4040 imminet,
1016 3973 1114 4044 qui
1138 3973 1289 4029 inter
1309 3992 1407 4031 eos
1428 3976 1766 4033 distantiam
1791 3979 2014 4036 faciunt

369 4061 735 4118 meritorum.
771 4083 799 4110 »
829 4062 900 4116 Et
927 4061 1100 4133 paulo
1126 4063 1397 4134 superius
1433 4081 1445 4119 :
1479 4087 1507 4114 ‹‹
1542 4065 1648 4120 Ubi
1679 4083 1811 4122 vero
1849 4067 2012 4124 nulla

367 4154 458 4208 est
485 4145 830 4222 differentia,
863 4149 1026 4208 nulla
1053 4157 1144 4208 est
1181 4153 1420 4208 omnino
1471 4153 1796 4226 pluralitas,
1829 4173 2010 4228 quare

365 4257 472 4298 nec
494 4239 985 4313 numerus,igitur
1005 4240 1200 4296 unitas
1224 4245 1476 4297 tantum.
1503 4265 1532 4292 ‹‹
1552 4243 1697 4298 Nam
1721 4245 1876 4316 quod
1899 4249 2010 4301 ter-

361 4329 443 4386 tio
475 4329 755 4403 repetitur
782 4329 936 4385 Deus
963 4345 1098 4384 cum
1131 4329 1298 4386 Pater
1326 4337 1383 4385 et
1427 4330 1608 4387 Filius
1657 4335 1713 4387 et
1754 4333 2006 4405 Spiritus

362 4421 605 4475 sanctus
634 4422 1028 4490 nuncupatur,
1062 4422 1181 4474 tres
1211 4419 1468 4475 unitates
1501 4435 1616 4474 non
1642 4419 1864 4476 faciunt
1882 4421 2008 4494 plu-
2056 4431 2061 4437 '

363 4505 653 4598 ralitatem
670 4506 925 4598 numeri
943 4506 1001 4598 in
1029 4523 1096 4563 eo
1129 4508 1285 4598 quod
1327 4508 1464 4580 ipsae
1511 4512 1669 4578 sunt,
1702 4509 1760 4564 id
1811 4513 1900 4566 est
1947 4510 2005 4566 in
2035 4534 2084 4598 D

361 4591 598 4662 deitate,
637 4593 790 4650 sicut
835 4595 1079 4652 inferius
1124 4595 1297 4668 paulo
1347 4599 1710 4654 demonstrat
1756 4599 2002 4656 dicens:

361 4681 675 4738 Catholicis
703 4699 835 4738 vero
866 4682 1014 4738 nihil
1043 4683 1102 4738 in
1134 4684 1462 4740 differentia
1490 4687 2004 4760 constituentibus,

359 4769 672 4842 ipsamque
700 4769 947 4827 formam
989 4776 1054 4826 ut
1101 4777 1190 4828 est
1237 4790 1365 4830 esse
1412 4775 1785 4848 ponentibus,
1819 4793 2006 4849 neque

361 4855 522 4914 aliud
551 4873 681 4914 esse
709 4875 888 4930 quam
919 4863 1008 4914 est
1035 4859 1231 4932 ipsum
1264 4863 1416 4934 quod
1468 4867 1556 4918 est
1602 4865 2004 4936 opinantibus,

361 4951 514 5004 recte
542 4946 808 5020 repetitio
840 4947 911 5003 de
943 4949 1146 5004 eodem
1175 4967 1350 5022 quam
1399 4953 1761 5009 enumeratio
1790 4953 2003 5010 diversi

355 5037 588 5094 videtur
611 5053 739 5093 esse
763 5053 897 5093 cum
925 5036 1160 5106 dicitur,
1194 5043 1346 5096 Deus
1376 5041 1564 5109 Pater,
1597 5043 1750 5098 Deus
1796 5042 1998 5112 Filius,

356 5125 512 5184 Deus
547 5125 804 5199 Spiritus
853 5131 1116 5196 sanctus,
1150 5133 1322 5201 atque
1370 5128 1492 5185 hmo
1541 5130 1796 5186 Trinitas
1845 5148 2002 5188 unus

352 5214 530 5284 Deus,
561 5214 722 5271 velut
752 5215 932 5284 ensis,
967 5219 1140 5289 atque
1191 5234 1418 5286 mucro,
1450 5223 1508 5273 et
1555 5217 1808 5291 gladius,
1843 5237 1998 5276 unus

350 5302 603 5375 gladius,
634 5303 793 5360 velut
823 5303 929 5372 sol,
965 5304 1070 5374 sol,
1105 5305 1212 5372 sol,
1247 5323 1402 5362 unus
1441 5306 1547 5361 sol.
1583 5307 1707 5363 Non
1755 5325 1887 5364 vero
1918 5309 2000 5365 ita

349 5391 568 5449 dicitur
595 5393 763 5450 Pater
794 5398 852 5450 et
898 5393 1080 5450 Filius
1128 5400 1187 5450 et
1233 5395 1486 5467 Spiritus
1536 5399 1794 5463 sanctus,
1829 5397 1998 5468 quasi

348 5481 730 5539 multivocum
761 5483 1065 5555 quiddam.
1099 5485 1245 5539 Nam
1278 5500 1500 5550 mucro,
1533 5487 1590 5538 et
1611 5484 1860 5550 ensis,et
1881 5484 1998 5558 gla-

349 5565 505 5642 dius,
535 5573 594 5630 et
622 5571 747 5647 ipse
773 5577 862 5630 est
889 5577 948 5631 et
993 5573 1172 5649 idem,
1206 5573 1374 5630 Pater
1418 5587 1552 5630 vero
1606 5589 1672 5630 ac
1721 5573 1903 5631 Filius
1935 5578 1996 5634 et

2125 3267 2324 3336 baoth,
2360 3273 2418 3325 et
2451 3285 2464 3323 :
2494 3267 2654 3325 Pleni
2684 3272 2825 3324 sunt
2850 3266 2979 3324 cwli
3009 3271 3067 3323 et
3095 3271 3261 3324 terra
3300 3265 3486 3340 gloria
3512 3269 3622 3329 tua,
3650 3271 3742 3314 non

2125 3357 2310 3429 gloria
2337 3358 2726 3425 vestra,corde
2755 3357 3058 3412 credentes
3088 3357 3166 3412 ad
3191 3354 3620 3428 justitiam,ore
3635 3363 3746 3404 cou-

2125 3446 2356 3502 fitentes
2385 3446 2458 3502 ad
2489 3444 2742 3502 salutem
2773 3449 3106 3501 cantamus.
3141 3445 3243 3502 Sic
3293 3443 3454 3500 enim
3501 3437 3664 3497 sentit
3701 3437 3747 3489 et

2125 3533 2360 3606 scripsit
2407 3533 2720 3607 Dionysius
2765 3533 3166 3606 Areopagitas,
3203 3536 3265 3590 et
3311 3522 3749 3605 Cyprianus;sic

2124 3623 2376 3680 Basilius
2420 3624 2817 3696 Cappadocus,
2853 3623 2936 3679 sic
2984 3623 3314 3695 Gregorius
3365 3620 3746 3678 Nazianzenus,

2123 3711 2206 3768 sic
2224 3712 2538 3786 Gregorius
2559 3712 2890 3785 Nyssensis,
2913 3711 2997 3768 sic
3012 3711 3282 3768 Joannes
3305 3705 3752 3774 Constantinopo-

2121 3799 2364 3868 litanus,
2397 3801 2480 3856 sic
2512 3801 2856 3856 Timotheus
2885 3804 2942 3856 et
2970 3799 3232 3872 Cyrillus
3265 3793 3634 3856 Alexandrini
3652 3789 3752 3862 epi-

2121 3888 2279 3960 scopi
2301 3906 2314 3958 ;
2344 3889 2429 3945 sic
2449 3889 2812 3961 Epiphanius
2835 3887 3208 3961 Cyprius,sic
3233 3887 3496 3944 Hilarius
3515 3889 3570 3941 et
3585 3883 3751 3952 Augu-

2120 3980 2336 4047 stinus,
2369 3979 2453 4036 sic
2483 3979 2870 4052 Hieronymus
2901 3983 2958 4034 et
2981 3979 3137 4036 528
3160 3979 3457 4052 Prosper;
3483 3977 3564 4033 sic
3585 3973 3684 4028 Leo
3708 3970 3755 4022 et

2119 4071 2362 4124 sanctus
2387 4067 2698 4140 Gregorius
2731 4067 2978 4124 Romani
3009 4067 3354 4140 pontiﬁces,
3389 4069 3448 4122 et
3477 4061 3623 4120 Beda
3647 4071 3754 4112 ma-

2117 4157 2300 4229 gister
2325 4155 2614 4230 egregius,
2639 4171 2892 4228 quorum
2925 4155 3126 4211 omnia
3146 4173 3293 4212 cum
3319 4153 3670 4228 quibusdam
3689 4150 3760 4200 te—

2117 4245 2416 4314 stimonia,
2439 4262 2566 4317 quae
2587 4261 2656 4301 ex
2685 4261 2886 4301 eorum
2910 4244 3078 4300 libris
3104 4250 3466 4318 poteramus
3495 4238 3754 4310 colligam,

2117 4332 2211 4388 hic
2236 4337 2474 4406 propter
2503 4332 3002 4406 multiplicitatem
3022 4336 3079 4388 et
3097 4331 3592 4407 magnitudinem
3610 4321 3761 4382 volui-

2117 4438 2251 4477 mus
2282 4427 2580 4490 annotare,
2615 4421 2946 4490 omisimus,
2972 4421 3236 4479 scientes
3257 4423 3412 4494 quia
3436 4419 3646 4493 quibus
3666 4413 3759 4467 ista

2117 4528 2232 4566 non
2264 4510 2620 4578 suffecerint,
2657 4527 2761 4567 nec
2810 4509 2981 4583 plura
3023 4511 3388 4582 proderunt.
3421 4509 3497 4566 Et
3540 4521 3650 4563 non
3691 4501 3764 4556 est

2117 4591 2356 4667 mirum,
2377 4599 2428 4656 si
2457 4598 2601 4655 talia
2629 4603 2695 4655 ut
2715 4598 3106 4670 praemisimus
3132 4599 3310 4669 dicit,
3327 4599 3436 4672 qui
3459 4597 3533 4654 ab
3555 4591 3762 4650 ineunte

2115 4691 2279 4744 aetate
2311 4703 2542 4760 semper
2565 4703 2774 4744 vocum
2805 4687 3088 4744 novitates
3125 4686 3486 4761 exquisivit,
3518 4689 3576 4742 et
3599 4679 3766 4740 adhuc

2115 4793 2346 4848 semper
2373 4775 2639 4848 inquirit,
2675 4779 2964 4848 quatenus
2993 4774 3136 4830 talia
3185 4775 3411 4832 dicens
3461 4789 3592 4847 quae
3619 4778 3765 4825 nemo

2114 4864 2275 4922 aliud
2304 4864 2464 4931 dicit,
2497 4863 2776 4919 innotesci
2813 4867 2870 4919 et
2899 4862 2950 4918 si
2977 4879 3094 4919 non
3127 4863 3202 4920 de
3237 4863 3427 4920 bonis
3455 4860 3549 4920 vel
3577 4859 3770 4929 (lepes-

2113 4954 2280 5012 simis
2311 4953 2514 5026 possit.
2547 4953 2694 5008 Nam
2723 4957 2780 5010 et
2807 4953 2960 5008 inter
3005 4951 3120 5009 alia
3166 4952 3471 5010 haeretica
3502 4968 3612 5010 sua
3636 4946 3770 5004 dicte

2111 5043 2233 5099 haec
2259 5042 2401 5099 dicit
2429 5059 2442 5099 :

2845 5131 3016 5188 XVII.

2176 5227 2231 5288 ἐς
2279 5243 2307 5271 ‹‹
2344 5221 2607 5290 Quando,
2641 5222 2916 5294 inquiens,
2950 5218 3316 5293 singillatim
3369 5219 3678 5294 loquimur
3711 5208 3772 5268 ad

2107 5333 2134 5360 ‹‹
2169 5325 2646 5382 unamquamque
2675 5327 2744 5366 ex
2772 5309 3056 5366 Trinitate
3094 5325 3465 5381 personam,
3492 5325 3610 5366 non
3653 5309 3776 5360 tunc

2107 5421 2136 5448 ‹‹
2167 5415 2409 5470 prorsus
2431 5399 2503 5454 ad
2523 5403 2705 5454 totam
2729 5398 3079 5454 Trinitatem
3107 5394 3646 5468 loquimur.Verbi
3667 5405 3780 5465 gra-

2104 5507 2131 5537 «
2162 5485 2266 5552 tia,
2296 5485 2412 5542 Deo
2463 5486 2616 5542 Patri
2649 5486 2852 5559 utique
2883 5485 3092 5542 lumini
3123 5483 3409 5544 dicimus
3445 5504 3462 5545 :
3494 5489 3560 5543 In
3590 5481 3783 5541 ιωηίηϐ

2103 5596 2131 5628 ‹‹
2165 5581 2256 5633 tuo
2284 5573 2586 5635 videbimus
2617 5575 2939 5648 lumen,hoc
2968 5581 3059 5634 est
3088 5576 3148 5633 in
3179 5575 3318 5635 ﬁlio
3355 5581 3470 5636 tuo
3504 5572 3782 5656 Spiritum
