3896 6182
213 346 320 412 593

1227 345 1332 406 DE
1374 344 1534 407 UNA
1581 344 1680 406 ET
1724 342 1881 405 NON
1923 341 2164 406 TRINA
2207 343 2570 407 DEITATE.

3489 347 3614 422 59%

211 479 354 554 quod
385 477 604 536 dicenti
650 477 912 536 defertur
957 476 1187 534 facienti
1237 477 1518 551 negatur?
1547 479 1848 545 Quomodo
1877 475 1934 543 Α
1961 493 2027 534 eo
2057 481 2271 543 creata,
2303 477 2482 550 hujus
2513 478 2594 534 rei
2635 477 3030 552 signiﬁcanda:
3078 499 3255 540 causa
3302 482 3382 540 ita
3412 481 3630 560 imago.

211 573 416 634 autem,
433 567 548 626 nisi
581 567 792 624 Filium
813 584 1013 623 verum
1038 567 1232 634 sciret,
1247 565 1638 623 committeret
1665 565 1718 622 ei
1746 584 1848 622 vo-

210 657 442 720 luntatis
487 673 606 713 suae
645 655 953 723 unitatem,
987 660 1044 710 et
1091 656 1285 728 operis
1329 655 1674 711 veritatem?
1703 655 1849 711 Cum

208 747 351 807 enim
381 747 590 802 eadem
621 744 797 800 faciat
825 743 1005 800 Filius
1035 761 1210 816 opera
1248 761 1374 816 quae
1408 745 1575 800 Pater
1603 743 1760 812 facit,
1794 748 1853 800 et

204 851 342 910 quos
370 833 502 890 vult
530 833 780 889 viviﬁeet
809 833 990 889 Filius
1019 833 1173 889 sicut
1203 833 1488 906 scriptum
1511 836 1619 902 est,
1643 849 1748 888 nec
1769 832 1853 888 in-

207 923 474 980 diﬁ'erens
504 923 883 993 potestate,et
910 919 1057 976 liber
1087 925 1177 976 est
1205 920 1523 976 voluntate.
1542 921 1627 976 Ita
1655 919 1852 976 unitas

205 1015 484 1078 servatur,
504 1008 642 1082 quia
671 1013 727 1064 et
745 1007 931 1065 virtus
950 1009 1048 1064 Dei
1077 1010 1138 1064 in
1161 1009 1480 1066 divinitatis
1501 1009 1854 1082 proprietate

204 1105 299 1166 est,
332 1103 396 1155 et
438 1097 682 1154 libertas
726 1113 842 1153 non
890 1096 948 1152 in
997 1097 1196 1170 aliqua
1245 1098 1590 1166 differentia,
1633 1099 1734 1155 sed
1792 1099 1852 1154 in

204 1191 418 1250 unitate
448 1194 540 1244 est
565 1187 903 1244 voluntatis.
931 1209 958 1236 »
990 1189 1060 1243 Et
1089 1188 1296 1243 beatus
1314 1187 1699 1260 Augustinus,
1720 1187 1855 1244 licet

202 1277 614 1342 Gothescaleus
644 1277 717 1332 de
747 1293 812 1332 eo
842 1275 1088 1347 loquens
1120 1275 1419 1332 multoties
1446 1275 1738 1332 inculcare
1759 1293 1852 1332 so-

201 1368 304 1428 leat
346 1367 581 1432 dicens,
609 1364 976 1437 Augustinus
1034 1369 1252 1431 noster,
1285 1365 1630 1438 peregrinus
1680 1367 1752 1421 ab
1786 1381 1852 1421 eo

199 1457 383 1524 corde,
407 1471 532 1523 ore,
552 1457 610 1510 et
627 1470 817 1526 opere,
833 1470 1046 1510 sensus
1080 1453 1432 1522 humilitate,
1448 1458 1505 1509 et
1534 1453 1854 1527 ﬁde,longe

200 1545 356 1604 aliter
388 1545 516 1600 haec
547 1541 900 1609 testimonia,
924 1558 1109 1598 unum
1139 1543 1212 1598 de
1239 1541 1568 1616 Evangelio,
1601 1543 1854 1599 alterum

199 1635 260 1692 de
287 1631 530 1700 Genesi,
551 1631 610 1686 in
635 1630 886 1703 septimo
915 1629 1064 1686 libro
1098 1633 1238 1702 (cap.
1269 1632 1325 1699 5)
1359 1631 1429 1686 de
1459 1630 1746 1687 Trinitate
1767 1649 1857 1688 ex-

197 1721 389 1798 posuit
415 1721 624 1778 dicens
659 1735 672 1775 :
709 1741 738 1770 ‹‹
759 1719 908 1786 Non,
940 1719 1154 1791 inquit,
1169 1720 1359 1791 major
1378 1719 1634 1776 essentia
1653 1725 1742 1776 est
1759 1721 1857 1776 Pa-

1919 569 1924 576 ’
1958 570 2066 633 est,
2101 569 2168 622 ut
2195 567 2266 622 ad
2299 566 2616 641 imaginem
2649 569 2744 635 sit,
2759 567 2816 623 id
2847 571 2937 624 est
2966 585 3082 625 non
3114 575 3378 643 aequatur
3403 573 3610 649 parili-

1957 660 2095 723 tate,
2116 657 2218 712 sed
2251 657 2508 728 quadam
2555 655 2947 716 similitudine
2995 659 3234 715 accedit.
3267 661 3394 717 Non
3450 662 3608 720 enim

1960 741 2222 798 locorum
2251 741 2592 806 intervallis,
2629 745 2729 800 sed
2763 743 3151 803 similitudine
3199 749 3494 805 acceditur
3535 751 3609 807 ad

1961 831 2242 897 Deum,et
2280 831 2764 890 dissimilitudine
2793 835 3088 890 receditur
3129 837 3204 891 ab
3251 853 3338 893 eo.
3371 857 3399 888 »
3451 839 3522 893 Et
3549 838 3612 897 in

1961 923 2066 978 bro
2086 923 2430 978 duodecimo
2451 926 2592 995 (mp.
2625 926 2705 992 v1)
2739 941 2750 980 :
2780 947 2806 974 ‹‹
2840 923 2994 980 Dixit
3023 925 3180 980 enim
3227 925 3384 982 Deus
3421 927 3612 986 Facia—

1959 1027 2082 1067 mus
2112 1011 2388 1068 hominem
2413 1011 2484 1066 ad
2515 1014 2812 1082 imaginem
2838 1021 2889 1069 et
2919 1015 3347 1071 similitudinem
3372 1023 3617 1074 nostram

1962 1100 2112 1168 (Gen.
2147 1117 2186 1166 I,
2209 1102 2322 1167 26).
2375 1099 2552 1156 Paulo
2583 1105 2715 1172 post
2761 1105 2957 1157 autem
3007 1103 3231 1159 dictum
3269 1109 3384 1174 est,
3411 1107 3620 1177 et‘feei!

1961 1191 2101 1244 Deus
2132 1189 2406 1246 hominem
2433 1189 2505 1244 ad
2537 1191 2828 1260 imaginem
2859 1191 2976 1247 Dei.
2994 1191 3266 1248 Nostram
3298 1194 3620 1268 certe,quia

1961 1278 2206 1351 pluralis
2235 1283 2324 1335 est
2353 1296 2655 1348 numerus,
2691 1297 2805 1336 non
2839 1271 2992 1337 recte
3021 1281 3330 1349 diceretur,
3359 1283 3408 1340 si
3440 1283 3616 1342 homo

1963 1369 2033 1424 ad
2066 1369 2242 1425 unius
2275 1385 2533 1441 personae
2565 1367 2882 1441 imaginem
2918 1370 3098 1436 fieret,
3124 1370 3243 1426 sive
3273 1371 3618 1442 Patris,sive

1963 1455 2114 1528 Filii,
2147 1457 2266 1513 sive
2297 1457 2549 1529 Spiritus
2581 1457 2790 1512 sancti.
2821 1459 2932 1514 Sed
2960 1458 3100 1530 quia
3129 1459 3306 1516 ﬁebat
3351 1463 3426 1519 ad
3467 1461 3616 1520 ima-

1961 1545 2158 1618 ginem
2181 1545 2506 1614 Trinitatis,
2542 1550 2851 1619 propterea
2881 1547 3106 1602 dictum
3153 1551 3244 1604 est
3287 1549 3364 1606 ad
3408 1549 3618 1623 imagi-

1963 1651 2100 1690 nem
2131 1637 2414 1691 nostram.
2450 1635 2710 1690 Rursum
2741 1639 2957 1702 autem,
2992 1653 3063 1692 ne
3092 1635 3152 1691 in
3175 1637 3458 1696 Trinitate
3494 1655 3619 1708 creq-

1965 1725 2186 1780 dendos
2217 1723 2641 1780 arbitraremur
2669 1728 2790 1780 tres
2819 1726 2978 1791 deos,
3013 1742 3144 1780 eum
3179 1726 3256 1782 sit
3273 1728 3474 1786 eadem
3499 1727 3622 1786 Triv

199 1817 278 1873 ter
301 1816 364 1868 et
395 1808 587 1868 Filius
604 1813 662 1864 et
692 1807 947 1910 Spiritus
982 1811 1224 1864 sanctus
1263 1807 1660 1881 simul,quam
1691 1809 1854 1867 solus
1885 1843 1934 1910 Β
1964 1811 2118 1868 nitas
2147 1829 2302 1868 unus
2331 1811 2507 1878 Deus,
2539 1813 2606 1868 Et
2630 1815 2778 1882 fecit,
2809 1813 3022 1885 inquit,
3051 1812 3201 1870 Deus
3239 1815 3514 1872 hominem
3549 1815 3625 1876 ad

198 1902 354 1960 Pater
385 1903 494 1956 aut
521 1897 685 1956 solus
711 1896 916 1965 Filius,
934 1897 1034 1953 sed
1059 1902 1176 1952 tres
1199 1897 1378 1953 simul
1397 1897 1508 1953 illis
1531 1898 1853 1956 subsisten-

199 1989 300 2057 tia,
326 1989 456 2046 sive
487 1985 831 2059 personze,si
862 1985 944 2040 ita
975 1985 1232 2041 dicendae
1255 1991 1413 2052 sunt,
1438 1987 1690 2060 aequales
1713 1992 1855 2044 sunt

199 2077 630 2152 singulis,quod
645 2073 918 2130 animalis
939 2073 1113 2130 homo
1138 2092 1251 2130 non
1275 2074 1672 2148 percipit.Ndn
1695 2077 1854 2133 enim

196 2170 382 2240 potest
410 2164 670 2237 cogitare
706 2162 818 2219 nisi
849 2162 1056 2234 moles,
1073 2166 1129 2218 et
1158 2163 1471 2236 spatia,vel
1505 2165 1855 2232 minuta,vel

197 2253 460 2329 grandia,
492 2251 875 2309 volitantibus
903 2250 965 2306 in
997 2250 1194 2307 animo
1224 2252 1352 2323 ejus
1403 2253 1853 2326 phantasmatis,

198 2347 482 2416 tanquam
515 2339 876 2414 imaginibus
892 2357 1223 2412 corporum.
1238 2341 1321 2396 Ex
1339 2358 1456 2414 qua
1476 2341 1859 2399 immunditia

197 2433 374 2491 donec
408 2433 714 2503 purgetur,
745 2429 945 2484 credat
975 2428 1035 2482 in
1068 2428 1298 2484 Patrem
1331 2433 1388 2485 et
1423 2429 1636 2486 Filium
1657 2434 1716 2486 et
1734 2430 1858 2504 Spi-

199 2520 376 2578 ritum
402 2523 903 2586 sanctum,uuum
926 2515 1860 2591 Deum,solum,magnum,omni-

199 2613 522 2682 potentem,
547 2609 790 2674 bonum,
814 2607 1070 2678 justum,
1105 2605 1567 2680 misericordem,
1592 2607 1857 2663 omnium

199 2697 524 2756 visibilium
557 2699 615 2752 et
643 2693 1027 2750 invisibilium
1073 2695 1456 2763 conditorem,
1491 2701 1549 2752 et
1579 2696 1860 2768 qaidquid

203 2803 302 2860 pro
321 2787 593 2844 humana
643 2782 918 2840 facultate
966 2783 1140 2856 digne
1189 2800 1436 2855 vereque
1484 2784 1598 2840 dici
1649 2788 1858 2856 potest.

204 2876 402 2950 Neque
433 2891 570 2930 cum
601 2872 853 2929 audierit
880 2872 1108 2928 Patrem
1151 2871 1346 2928 solum
1395 2873 1601 2942 Deum,
1635 2877 1866 2945 separet

203 2965 336 3025 inde
369 2963 589 3022 Filium
621 2969 722 3018 aut
751 2961 1037 3033 Spiritum
1068 2961 1520 3017 sanctum.Cum
1551 2979 1618 3018 eo
1649 2962 1864 3034 quippe

203 3053 700 3124 solusDeus,cum
714 3067 828 3123 quo
841 3053 898 3106 et
915 3066 1070 3105 unus
1085 3049 1238 3105 Deus
1266 3053 1382 3116 est;
1408 3050 1548 3123 quia
1577 3054 1634 3106 et
1651 3049 1863 3106 Filium

1963 1903 2255 1974 imaginem
2299 1902 2399 1956 Dei
2425 1919 2444 1954 :
2477 1919 2582 1974 pro
2631 1919 2696 1957 eo
2729 1919 2795 1957 ac
2827 1903 2876 1958 si
2929 1901 3164 1968 diceret,
3196 1904 3268 1958 ad
3301 1903 3622 1976 imaginem

1963 2007 2192 2047 suam.»
2224 1989 2328 2046 Hic
2360 1989 2669 2045 manifeste
2698 1990 2955 2046 ostendit
2985 1995 3226 2047 sanctus
3253 1991 3625 2065 Augustinus

1965 2078 2200 2133 mentiri
2231 2081 2288 2133 et
2319 2077 2586 2133 haeretica
2606 2077 2766 2149 loqui
2798 2078 3269 2148 Gothescalcum,
3305 2080 3408 2152 qui
3439 2079 3618 2136 dicit:

1967 2188 1996 2218 ‹‹
2027 2167 2270 2236 Quando
2301 2165 2641 2238 singillatim
2674 2166 2931 2223 solitaria
2961 2167 3366 2240 supplicamus
3405 2167 3508 2224 uni
3555 2185 3626 2224 ex

1965 2254 2250 2311 Trinitate
2281 2271 2563 2327 personae,
2595 2255 2942 2328 suppliciter
2986 2256 3176 2312 cidem
3223 2273 3504 2328 personis,
3527 2257 3622 2314 cui

1965 2347 2106 2400 tunc
2125 2361 2191 2398 su
2201 2343 2588 2416 pplicavimus
2611 2349 2784 2417 atque
2807 2344 3230 2417 supplicamus,
3246 2344 3436 2402 dicere
3457 2346 3628 2404 debe~

1966 2450 2100 2488 mus
2125 2449 2138 2488 :
2165 2433 2294 2488 Tibi
2313 2432 2430 2489 Deo
2455 2433 2694 2505 gratias,
2718 2438 2776 2488 et
2805 2450 2940 2489 cum
2974 2434 3102 2506 ipsa
3131 2451 3383 2507 persona
3401 2435 3630 2502 caeteris

1966 2521 2197 2577 duabus
2227 2519 2463 2592 pariter,
2494 2519 2672 2576 Vobis
2705 2521 2820 2576 Deo
2851 2521 3122 2594 gratiam.
3163 2543 3185 2570 α
3220 2523 3516 2595 Scriptum
3537 2527 3628 2583 est

1965 2611 2122 2668 enim
2145 2613 2204 2665 et
2231 2609 2292 2664 in
2327 2610 2476 2681 Lege
2519 2613 2575 2664 et
2623 2609 2681 2663 in
2732 2609 3042 2682 Evangelio
3078 2628 3090 2665 :
3130 2614 3429 2668 Dominum
3456 2613 3628 2674 Deum

1967 2706 2124 2755 tuum
2151 2697 2424 2764 adorabis,
2459 2704 2511 2752 et
2540 2698 2630 2752 illi
2667 2699 2774 2752 soli
2813 2699 3033 2754 servies.
3067 2698 3231 2756 Unde
3279 2701 3626 2761 Ambrosius

1969 2787 2028 2842 in
2077 2785 2226 2840 libro
2278 2785 2536 2840 secundo
2583 2785 2654 2840 de
2705 2785 2844 2840 Fide
2873 2789 3014 2858 (cap.
3049 2788 3100 2853 4,
3134 2795 3260 2843 ante
3309 2789 3622 2860 medium):

1971 2897 1999 2925 ‹‹
2030 2871 2354 2930 Didicimus
2401 2890 2581 2928 unam
2631 2873 2818 2928 Patris
2864 2878 2922 2929 et
2963 2873 3092 2929 Filii
3125 2891 3254 2930 esse
3283 2875 3624 2948 imaginem,

1971 2978 2151 3018 unam
2185 2961 2655 3026 similitudinem,
2687 2978 2866 3016 unam
2899 2962 3452 3032 sanctiﬁcationem;
3475 2963 3626 3022 didi-

1969 3051 2160 3108 cimus
2207 3067 2384 3106 unam
2444 3051 2862 3121 operationem,
2898 3067 3077 3106 unam
3134 3049 3406 3123 gloriam,
3445 3068 3626 3110 unam

204 3160 336 3200 cum
369 3141 653 3200 audimus
702 3139 897 3196 solum
945 3139 1154 3205 Deum,
1176 3138 1300 3194 sine
1327 3138 1450 3194 ulla
1496 3140 1864 3212 separatione
1906 3210 1925 3214 Α
1971 3157 2201 3214 quoque
2233 3138 2797 3202 divinitatem.Unus
2821 3156 2958 3212 ergo
2988 3143 3046 3194 et
3073 3139 3234 3196 solus
3281 3140 3460 3206 Deus,
3489 3139 3629 3214 quia

204 3233 396 3292 Patris
425 3235 530 3287 aut
554 3229 810 3302 Spiritus
856 3228 1043 3284 sancti
1095 3231 1322 3300 oportet
1364 3210 1644 3300 accipere.
1677 3230 1864 3301 Atque
1894 3210 1938 3276 C
1972 3210 2254 3300 scriptum
2284 3231 2392 3294 est,
2409 3228 2699 3282 Dominum
2730 3210 2914 3282 Dauni
2934 3235 3090 3282 tuum
3135 3225 3410 3294 adorabis,
3441 3210 3631 3288 et‘illi

204 3320 288 3378 ita
301 3321 468 3377 dicat
484 3334 662 3374 unam
681 3316 1094 3384 essentiam,ut
1115 3333 1230 3372 non
1253 3316 1549 3374 existimet
1570 3315 1729 3372 aliud
1753 3316 1864 3374 alio
1971 3319 2076 3376 soli
2103 3318 2304 3373 servies
2335 3315 2538 3386 (Matth.
2573 3333 2646 3382 1v,
2677 3315 2784 3388 10).
2821 3315 2982 3370 Unus
3021 3315 3197 3384 Deus,
3232 3331 3349 3372 non
3399 3318 3468 3370 ut
3503 3314 3630 3389 ipse

202 3409 290 3467 vel
321 3408 546 3480 majus,
561 3406 650 3462 vel
682 3403 1002 3473 minus,vel
1033 3405 1233 3477 aliqua
1263 3421 1332 3461 ex
1361 3411 1524 3478 parte
1545 3405 1864 3464 diversum.

203 3497 332 3556 Non
355 3501 561 3552 tamen
593 3497 658 3550 ut
687 3494 854 3550 Pater
883 3494 1010 3566 ipse
1052 3493 1130 3550 sit
1171 3498 1229 3549 et
1283 3493 1467 3550 Filius
1509 3499 1568 3550 et
1613 3495 1867 3566 Spiritus

203 3589 476 3654 sanctus,
507 3587 565 3640 et
589 3581 878 3656 quidquid
909 3581 1069 3638 aliud
1121 3583 1191 3638 ad
1239 3570 1608 3638 alterutrum.
1634 3583 1870 3656 singula

205 3671 514 3740 dicuntur,
567 3671 722 3728 sicut
777 3671 1054 3740 Verbum,
1107 3671 1263 3742 quod
1322 3689 1438 3726 non
1498 3671 1710 3727 dicitur
1756 3672 1869 3729 nisi

207 3761 420 3830 Filius,
450 3764 554 3816 aut
584 3761 826 3826 donum,
857 3775 972 3814 non
1001 3759 1157 3830 quod
1190 3759 1408 3814 dicitur
1457 3760 1570 3815 nisi
1619 3760 1872 3833 Spiritus

203 3855 480 3909 sanctus.
516 3849 755 3920 Propter
800 3849 953 3920 quod
1006 3846 1182 3904 etiam
1233 3847 1518 3920 pluralem
1557 3867 1871 3906 numerum

203 3939 557 4005 admittunt,
582 3937 736 3993 sicut
763 3935 822 3991 in
849 3935 1158 4008 Evangelio
1189 3935 1471 4008 scriptum
1521 3925 1612 3993 est
1641 3954 1655 3966 '
1688 3940 1797 4010 Ego
1825 3946 1877 3995 et

202 4029 377 4085 Pater
405 4043 580 4083 unum
625 4041 816 4080 sumus
845 4026 1024 4093 (Joan.
1056 4043 1111 4091 x,
1144 4025 1256 4095 30),
1281 4029 1341 4080 et
1383 4043 1568 4081 unum
1620 4027 1786 4093 dixit,
1817 4031 1876 4083 et

204 4133 428 4174 sumus
463 4133 476 4169 :
509 4131 688 4170 unum
734 4114 1060 4170 secundum
1121 4113 1461 4181 essentiam,
1513 4115 1669 4186 quod
1720 4115 1876 4171 idem

203 4205 374 4262 Deus
401 4221 415 4270 ;
440 4220 634 4260 sumus
659 4203 985 4258 secundum
1019 4201 1348 4269 relativum,
1382 4203 1538 4274 quod
1570 4202 1667 4259 ille
1689 4204 1874 4272 Pater,

201 4291 310 4350 hic
337 4292 548 4350 Filius.
579 4291 906 4362 Aliquando
937 4295 994 4346 et
1014 4293 1239 4346 tacetur
1269 4291 1416 4348 531
1453 4291 1630 4348 unius
1679 4309 1876 4348 essen-

203 4381 332 4449 tiae,
367 4385 430 4436 et
475 4379 602 4437 sola
659 4378 966 4451 pluraliter
1023 4378 1261 4435 relative
1320 4385 1876 4437 commemorantur.

206 4469 510 4526 Veniemus
539 4469 611 4524 ad
638 4485 783 4534 eum,
815 4484 910 4539 ego
937 4474 988 4523 et
1016 4469 1195 4536 Pater,
1225 4475 1277 4524 et
1323 4468 1691 4526 habita-bimus
1736 4468 1882 4542 apud

1975 3406 2053 3462 sit
2083 3406 2252 3461 Pater
2275 3408 2332 3459 et
2363 3403 2565 3471 Filius,
2599 3403 2754 3458 sicut
2783 3403 3003 3475 impius
3033 3401 3326 3460 Sabellius
3371 3403 3582 3460 asserit
3613 3418 3628 3458 :

1977 3495 2077 3551 sed
2111 3493 2250 3566 quia
2282 3493 2470 3548 Patris
2503 3497 2559 3548 et
2587 3490 2715 3548 Filii
2747 3490 3119 3564 Spiritusque
3141 3490 3329 3548 sancti
3355 3508 3474 3547 una
3495 3490 3635 3548 divi—
3686 3533 3700 3539 -

1978 3584 2134 3639 nitas
2165 3583 2260 3638 sit.
2295 3581 2402 3636 Ubi
2435 3585 2628 3636 autem
2680 3597 2800 3634 una
2848 3579 3143 3647 divinitas,
3179 3597 3298 3635 una
3337 3579 3632 3648 voluntas,

1979 3677 2038 3729 et
2069 3690 2186 3728 una
2210 3670 2538 3743 praeceptio.
2577 3692 2603 3718 ››
2635 3671 2706 3724 Et
2748 3668 3116 3742 Augustinus
3157 3668 3216 3723 in
3266 3667 3514 3741 epistola
3561 3666 3634 3744 ad

1980 3761 2301 3818 Maximum
2333 3760 2509 3831 (epist.
2541 3760 2633 3824 66,
2656 3759 2757 3814 sub
2788 3758 3032 3829 initium)
3061 3775 3074 3812 :
3111 3779 3140 3808 «
3171 3755 3232 3814 Si
3280 3759 3338 3812 et
3383 3755 3540 3834 Patri
3579 3759 3640 3812 et

1983 3850 2126 3907 Filio
2147 3855 2204 3904 et
2224 3847 2465 3920 Spiritui
2497 3851 2700 3903 sancto
2733 3847 2900 3901 latria
2939 3846 3185 3901 debetur
3231 3849 3288 3901 et
3334 3844 3642 3906 exhibetur

1983 3959 2016 3995 a
2046 3939 2236 4004 nobis,
2260 3939 2332 3993 de
2363 3955 2477 4008 qua
2507 3935 2730 3990 dictum
2779 3939 2888 4000 est,
2937 3936 3231 3990 Dominum
3276 3936 3446 3990 Deum
3485 3943 3644 3998 tuum

1982 4027 2258 4092 adorabis,
2287 4033 2337 4081 et
2362 4027 2449 4080 illi
2477 4026 2582 4080 soli
2609 4026 2809 4079 servies
2840 4025 3013 4091 ξηραί.
3047 4041 3124 4088 v1,
3146 4022 3440 4094 3),procul
3463 4021 3642 4086 dubio

1985 4103 2269 4170 Dominus
2301 4113 2454 4168 Deus
2486 4117 2702 4178 noster,
2731 4111 2823 4166 cui
2855 4111 2962 4164 soli
3003 4129 3106 4183 per
3145 4110 3377 4170 latriam
3427 4111 3643 4178 servire

1985 4203 2421 4268 debemus,non
2455 4205 2544 4256 est
2575 4200 2743 4254 Pater
2773 4199 3076 4263 solus,nee
3107 4198 3268 4253 solus
3301 4197 3504 4266 Filius,
3537 4213 3642 4254 nec

1985 4291 2148 4348 solus
2180 4290 2435 4364 Spiritus
2453 4293 2712 4355 sanctus,
2734 4289 2834 4344 sed
2863 4289 2992 4359 ipsa
3021 4286 3280 4342 Trinitas
3307 4303 3462 4342 unus
3484 4285 3642 4349 Deus

1987 4380 2170 4448 solus,
2195 4381 2364 4435 Pater
2393 4382 2450 4434 et
2481 4377 2663 4433 Filius
2694 4380 2751 4432 et
2783 4375 3039 4447 Spiritus
3069 4378 3332 4430 sanctus.
3365 4373 3491 4430 Non
3527 4389 3643 4446 quo

1989 4468 2114 4542 ipse
2134 4467 2211 4524 sit
2231 4468 2398 4522 Pater
2419 4466 2518 4538 qui
2539 4465 2764 4531 Fillius,
2781 4463 2866 4519 vel
2889 4461 3143 4534 Spiritus
3165 4466 3406 4518 sanctus
3429 4462 3554 4534 ipse
3569 4461 3648 4518 sit

199 4575 343 4616 cum
374 4557 558 4627 (Joan.
591 4574 708 4623 xxv,
741 4556 852 4627 24).
884 4555 1202 4612 Veniemus
1230 4559 1287 4611 et
1315 4555 1736 4624 habitabimus,
1760 4557 1883 4629 plu—
1913 4578 1958 4642 ι)
1990 4561 2094 4613 aut
2129 4557 2294 4611 Pater
2317 4556 2468 4612 532
2494 4559 2596 4609 aut
2626 4553 2809 4642 Eilius
2835 4569 2847 4605 :
2873 4568 3008 4642 cum
3040 4549 3118 4642 sit
3146 4550 3204 4604 in
3223 4549 3334 4642 illa
3363 4549 3648 4642 Trinitate

203 4645 364 4703 ralis
395 4651 488 4702 est
518 4662 823 4713 numerus,
846 4644 986 4716 quia
1015 4643 1356 4716 praedictum
1387 4650 1474 4701 est
1495 4647 1604 4715 Ego
1633 4654 1685 4702 et
1701 4648 1882 4712 Pater,

201 4731 266 4788 id
302 4736 406 4788 est
435 4731 618 4788 Filius
648 4736 707 4788 et
731 4732 915 4798 Pater,
949 4748 1077 4802 qua:
1110 4731 1344 4789 relative
1373 4733 1448 4788 ad
1495 4732 1743 4789 invicem
1791 4733 1884 4788 di-

204 4825 458 4878 cuntur.
490 4821 818 4893 Aliquando
849 4819 1094 4876 latenter
1121 4820 1551 4888 omnino,sicut
1569 4823 1630 4876 in
1655 4821 1884 4888 Genesi,

199 4909 513 4965 Faciamus
545 4910 818 4966 hominem
847 4907 917 4963 ad
945 4907 1370 4964 similitudinem
1396 4917 1639 4966 nostram
1667 4911 1820 4980 (Gen.
1845 4927 1885 4977 ι,

201 4998 334 5066 26),
376 5001 434 5053 et
460 4999 747 5054 Faciamus
776 5000 835 5052 et
866 5000 1112 5052 nostram
1163 4995 1471 5068 pluraliter
1516 4996 1739 5053 dictum
1777 5002 1886 5068 est,

201 5085 430 5144 «δι-ηἰεὶ
454 5103 524 5142 ex
556 5084 812 5142 relativis
844 5083 1027 5156 accipi
1059 5099 1174 5139 non
1216 5088 1426 5156 potest.
1461 5085 1588 5140 Non
1637 5085 1796 5140 enim
1823 5089 1889 5141 ut

202 5175 488 5232 facerent
533 5173 636 5240 dii,
685 5177 787 5230 aut
831 5173 905 5228 ad
965 5172 1280 5245 imaginem
1329 5177 1386 5228 et
1438 5172 1888 5229 similitudinem

201 5262 497 5327 deorum,
527 5261 633 5318 sed
670 5265 732 5316 ut
759 5261 1015 5316 facerent
1045 5261 1212 5318 Pater
1241 5266 1298 5317 et
1327 5260 1510 5317 Filius
1548 5266 1606 5317 et
1637 5260 1889 5334 Spiritus

195 5354 476 5410 nanetus
520 5349 594 5406 ad
645 5349 965 5422 imaginem
1024 5349 1210 5405 Patris
1259 5353 1316 5405 et
1369 5349 1497 5405 Filii
1549 5355 1603 5406 et
1635 5351 1892 5423 Spiritus

195 5438 448 5506 sancti,
467 5442 532 5494 ut
561 5437 913 5495 subsisteret
943 5439 1118 5494 homo
1149 5439 1344 5512 imago
1371 5438 1666 5510 Dei,Deus
1695 5444 1890 5496 autem

194 5525 513 5587 Trinitas.
545 5527 662 5582 Sed
691 5526 831 5598 quia
859 5543 975 5583 non
1007 5528 1166 5582 omni
1217 5528 1389 5582 modo
1434 5528 1675 5600 aequalis
1717 5530 1894 5586 ﬁebat

195 5616 326 5676 illa
365 5615 561 5688 imago
589 5615 717 5679 Dei,
750 5619 1034 5687 tanquam
1085 5634 1199 5673 non
1243 5617 1315 5672 ab
1349 5615 1448 5672 illo
1480 5621 1636 5686 nata,
1667 5618 1769 5673 sed
1819 5619 1891 5675 ab

1995 4645 2160 4700 Pater
2191 4643 2316 4700 Filii
2349 4643 2553 4708 solius,
2587 4659 2643 4698 et
2693 4640 2872 4696 Filius
2922 4639 3110 4695 Patris
3157 4637 3362 4708 solius,
3394 4638 3650 4714 Spiritus

1994 4737 2189 4790 autem
2221 4736 2460 4786 sanctus
2490 4735 2547 4785 et
2580 4729 2728 4785 Patri
2755 4732 2810 4784 et
2841 4727 2970 4784 Filii
3003 4727 3078 4784 sit
3098 4725 3498 4800 Spiritus.Sed
3523 4745 3650 4800 pro-

1997 4826 2124 4894 pter
2155 4837 2331 4875 unam
2363 4819 2748 4890 eamdemque
2770 4815 3652 4890 naturam,atqueinseparabi-

1996 4911 2109 4966 lem
2132 4908 2330 4974 vitam,
2346 4908 2475 4980 ipsa
2487 4906 3060 4978 Trinitas,quantum
3087 4905 3158 4960 ab
3180 4904 3418 4961 homine
3439 4907 3650 4978 potest,

1999 4998 2112 5052 fide
2151 4997 2510 5068 praecedente
2553 4993 2920 5066 intelligatur
2973 5011 3129 5050 unus
3177 4993 3460 5050 Dominus
3499 4993 3652 5047 Deus

1998 5090 2215 5148 noster,
2248 5085 2318 5138 de
2367 5101 2482 5155 quo
2527 5083 2754 5138 dictum
2805 5088 2915 5150 est,
2948 5084 3240 5139 Dominum
3283 5082 3455 5136 Deum
3497 5087 3654 5136 tuum

1995 5173 2270 5239 adorabis,
2303 5179 2354 5227 et
2383 5173 2471 5228 illi
2496 5173 2601 5228 soli
2627 5175 2848 5228 seruies.
2878 5195 2904 5221 »
2933 5173 3003 5226 Et
3035 5172 3093 5226 in
3123 5169 3270 5225 libro
3292 5168 3362 5223 de
3387 5166 3656 5224 Doctrina

1998 5261 2331 5318 Christiana
2355 5260 2476 5330 (lib.
2511 5278 2549 5328 ι,
2582 5279 2630 5317 e.
2652 5262 2706 5333 3)
2745 5279 2758 5316 :
2795 5285 2822 5312 «
2856 5260 3114 5316 Trinitas
3135 5258 3256 5314 haec
3297 5273 3452 5312 unus
3474 5257 3653 5326 Deus,

1999 5367 2069 5406 ex
2099 5365 2212 5422 quo
2245 5349 2461 5414 omnia,
2494 5367 2598 5422 per
2637 5367 2813 5422 quem
2847 5349 3066 5418 omnia,
3098 5347 3157 5402 in
3181 5361 3296 5418 quo
3327 5343 3544 5401 omnia.
3569 5345 3657 5401 Ita

2001 5441 2169 5496 Pater
2218 5443 2277 5494 et
2337 5437 2516 5495 Filius
2569 5457 2634 5494 ac
2684 5437 2937 5510 Spiritus
2985 5439 3248 5502 sanctus,
3279 5437 3338 5488 et
3385 5432 3658 5506 singulus

2000 5528 2251 5602 quisque
2282 5528 2514 5596 horum,
2539 5527 2710 5599 plena
2745 5522 3100 5592 substantia,
3130 5525 3187 5578 et
3224 5521 3404 5578 simul
3452 5539 3660 5580 omnes

2001 5629 2121 5683 una
2151 5617 2500 5674 substantia.
2535 5616 2702 5671 Pater
2731 5630 2836 5669 nec
2886 5611 3070 5669 Filius
3109 5616 3218 5682 est,
3248 5629 3354 5670 nec
3403 5611 3660 5688 Spiritus
