3896 6182
287 317 426 401 5'95'

1237 333 1622 397 HINCMARI
1669 332 2112 398 RHEMENSIS
2154 333 2745 400 ARCHIEPISCOPI

3530 345 3630 407 596

289 475 558 540 sanctus;
584 470 764 527 Filius
787 485 893 524 nec
916 468 1082 524 Pater
1103 471 1330 538 est,nec
1370 469 1626 541 Spiritus
1666 472 1935 536 sanctus;
1966 467 2018 534 Α
2051 485 2242 540 unum,
2278 487 2392 526 non
2425 469 2612 526 deleat
2640 471 3008 528 Sabellianus
3036 489 3238 540 sumus,
3271 474 3364 530 sed
3394 476 3544 533 ambo
3560 494 3636 535 ve-

289 562 544 634 Spiritus
570 564 810 616 sanctus
831 575 936 614 nec
959 558 1128 614 Pater
1146 563 1254 622 est,
1275 575 1379 613 nec
1411 558 1610 615 Filius.
1627 559 1736 614 Sed
1771 558 1938 614 Pater

286 655 518 708 tantum
547 649 733 715 Pater,
767 650 824 701 et
855 646 1036 702 Filius
1067 651 1297 702 tantum
1343 645 1546 712 Filius,
1579 650 1636 701 et
1682 645 1936 718 Spiritus

289 743 528 796 sanctus
583 739 815 792 tantum
863 735 1117 807 Spiritus
1174 739 1432 790 sanctus.
1483 735 1698 790 Eadem
1747 734 1938 791 tribus

285 826 808 891 aeternitas,eadem
826 823 1619 891 incommutabilitas,eadem
1635 825 1936 896 majestas,

289 917 491 972 eadem
517 917 796 986 potestas.
825 913 886 968 In
911 914 1080 968 Patre
1113 913 1407 981 unitas,in
1431 912 1574 968 Filio
1609 911 1934 984 inqualitas,

285 1003 347 1058 in
379 1001 598 1074 Spiritu
623 1005 823 1057 sancto
847 1000 1090 1056 unitatis
1109 999 1577 1072 aaqualitatisque
1605 1001 1934 1055 concordia.

285 1093 358 1148 Et
389 1091 501 1146 tria
529 1089 650 1145 haec
683 1107 868 1144 unum
902 1092 1137 1160 propter
1183 1087 1698 1160 Patrem,a3qualia
1741 1089 1940 1144 omnia

263 1185 527 1254 'proptcr
557 1179 788 1247 Filium,
822 1195 1080 1233 connexa
1129 1177 1327 1232 omnia
1368 1182 1605 1250 propter
1652 1179 1936 1250 Spiritum

287 1274 582 1326 sanctum.
619 1292 646 1318 ››
677 1269 746 1323 Et
773 1267 829 1321 in
863 1271 1113 1322 tractatu
1140 1266 1349 1338 psalmi
1384 1267 1577 1338 quinti
1609 1285 1620 1322 :
1657 1289 1685 1317 «
1718 1269 1788 1322 Et
1817 1267 1938 1323 haec

286 1359 545 1416 Trinitas
595 1355 830 1412 nonnisi
878 1373 1033 1411 unus
1079 1356 1279 1411 Deus:
1315 1355 1452 1428 quia
1498 1373 1631 1411 cum
1693 1355 1940 1412 dixisset

284 1449 617 1524 Apostolus,
651 1449 734 1502 Ea:
763 1463 866 1520 quo
912 1449 1118 1514 omnia,
1147 1463 1246 1518 per
1292 1463 1450 1520 quem
1497 1449 1702 1512 omnia,
1735 1449 1797 1503 in
1835 1463 1939 1520 quo

285 1541 492 1603 omnia,
515 1535 861 1592 Trinitatem
899 1534 1090 1608 ipsam
1139 1534 1474 1591 insinuasse
1522 1535 1798 1602 creditur,
1833 1551 1938 1590 nec

283 1632 481 1682 tamen
503 1625 772 1696 subjecit,
793 1625 938 1696 ipsis
958 1624 1270 1697 gloria,sed
1294 1626 1401 1696 ipsi
1425 1625 1626 1696 gloria.
1653 1647 1681 1674 ‹‹
1705 1623 1821 1680 Soli
1857 1641 1938 1680 ero

285 1731 357 1790 go
380 1717 495 1772 Deo
516 1713 671 1770 Patri
693 1718 750 1770 et
781 1713 922 1769 Filio
945 1718 1002 1768 et
1041 1711 1284 1784 Spiritui
1315 1717 1516 1769 sancto
1549 1731 1668 1768 una
1697 1713 1940 1768 debetur

287 1805 570 1872 adoratio,
596 1802 802 1877 gloria,
826 1806 884 1858 et
913 1801 1183 1870 servitus,
1217 1806 1275 1858 et
1304 1803 1628 1875 gratiarum
1679 1801 1850 1867 actio,
1883 1803 1941 1855 et

285 1911 402 1948 non
435 1880 770 1964 separatim,
806 1895 872 1946 ut
901 1886 1318 1946 Gothescalcus
1366 1889 1739 1962 blasphemat
1763 1907 1775 1945 :
1801 1887 1942 1962 quia

287 1985 354 2036 ut
375 1981 511 2036 item
527 1979 890 2052 Augustinus
923 1979 982 2034 in
1009 1978 1156 2034 libro
1179 1980 1466 2051 quinto,et
1489 1979 1549 2034 in
1570 1980 1720 2034 libro
1741 1982 1940 2034 octavo

287 2070 358 2124 de
380 2069 666 2124 Trinitate
697 2067 871 2122 dicit:
895 2090 921 2117 «
947 2067 1239 2140 Quidquid
1273 2067 1736 2123 substantialiter
1756 2066 1815 2122 in
1843 2067 1942 2122 Pa-

295 2161 383 2213 tre
411 2160 470 2212 et
498 2155 644 2212 Filio
673 2159 730 2211 et
759 2155 978 2228 Spiritu
1002 2163 1202 2212 sancto
1226 2155 1588 2222 dicitur,non
1618 2155 1938 2227 pluraliter,

298 2246 398 2300 sed
430 2244 806 2318 singulariter
834 2244 947 2299 dici
980 2245 1150 2300 debet
1179 2248 1236 2299 et
1265 2243 1470 2316 accipi,
1502 2248 1569 2299 ut
1616 2244 1769 2299 Deus
1819 2259 1942 2296 ma-

299 2350 472 2408 gnus,
491 2333 702 2400 bonus,
737 2331 1129 2404 omnipotens,
1161 2332 1314 2388 sicut
1341 2331 1624 2404 scriptum
1657 2336 1766 2397 est,
1795 2333 1868 2386 Tu
1887 2347 1944 2386 es

294 2423 434 2478 Deus
479 2423 624 2478 solus
678 2421 847 2490 (Psal.
883 2438 1081 2484 1.xxxv,
1117 2422 1240 2487 10);
1291 2423 1370 2486 et,
1401 2421 1565 2476 Nemo
1615 2421 1785 2474 bonus
1831 2421 1945 2475 nisi

293 2527 439 2566 unus
467 2511 607 2566 Deus
637 2511 784 2580 (Luc.
813 2527 974 2575 xvm,
1005 2509 1152 2576 19).»
1174 2507 1282 2563 Uni
1305 2507 1488 2580 igitur
1525 2511 1582 2562 et
1611 2506 1716 2562 soli
1751 2507 1867 2563 Deo
1889 2512 1946 2563 et

293 2615 412 2654 una
439 2598 645 2671 gloria,
673 2603 729 2654 et
746 2615 863 2654 una
892 2596 1213 2670 gratiarum
1246 2595 1396 2652 actio
1419 2595 1766 2661 debetur,ut
1784 2593 1941 2651 idem

291 2685 656 2760 Augustinus
685 2685 821 2742 alibi
854 2689 1140 2741 monstrat
1173 2685 1374 2740 dicens
1408 2701 1420 2740 :
1457 2684 1582 2740 Una
1632 2688 1720 2740 est
1767 2683 1946 2756 igitur

292 2774 481 2832 Patris
500 2779 557 2832 et
583 2774 713 2831 Eilii
735 2779 793 2830 et
815 2774 1068 2847 Spiritus
1090 2773 1276 2830 sancti
1298 2773 1571 2839 essentia,
1593 2773 1651 2828 in
1685 2790 1802 2846 qua
1828 2791 1943 2829 non

290 2869 382 2920 est
411 2865 568 2920 aliud
602 2865 789 2932 Pater,
805 2863 964 2919 aliud
987 2862 1360 2926 Filius,aliud
1397 2861 1650 2935 Spiritus
1681 2865 1940 2926 sanctus,

291 2954 561 3026 quamvis
593 2952 980 3026 personaliter
1008 2952 1086 3007 sit
1115 2951 1265 3008 alius
1314 2951 1502 3006 Pater.
1535 2949 1688 3006 alius
1738 2950 1940 3017 Filius,

291 3031 442 3098 alius
474 3042 730 3115 Spiritus
761 3046 1022 3096 sanctus.
1050 3041 1213 3107 Quod
1247 3040 1415 3095 nobis
1439 3041 1692 3094 maxime
1722 3039 1783 3094 in
1815 3039 1942 3111 ipso

285 3135 628 3204 sanctarum
677 3129 1117 3200 Scripturarum
1144 3129 1579 3183 demonstratur
1617 3126 1806 3195 initio,
1841 3126 1940 3182 ubi

286 3223 438 3273 Deus
471 3217 646 3273 dicit:
674 3219 960 3272 Faciamus
991 3217 1264 3271 hominem
1295 3215 1364 3270 ad
1396 3217 1690 3285 imaginem
1711 3223 1762 3270 et
1777 3217 1939 3270 simi-
1972 3197 2015 3264 C

288 3307 576 3360 litudinem
607 3312 848 3360 nostram
878 3305 1028 3374 (Gen.
1063 3321 1102 3370 1,
1135 3305 1248 3370 26).
1283 3304 1428 3358 Cum
1459 3303 1614 3358 enim
1655 3302 1940 3374 singulari

287 3410 532 3448 numero
565 3392 709 3447 dixit
757 3391 1098 3464 imaginem,
1131 3391 1387 3446 ostendit
1437 3407 1616 3445 unam
1665 3396 1937 3446 naturam

285 3497 433 3547 esse,
457 3482 526 3536 ad
548 3481 718 3552 cujus
741 3480 1055 3552 imaginem
1080 3479 1254 3534 homo
1278 3480 1460 3534 ﬁeret.
1485 3482 1628 3534 Cum
1644 3496 1775 3534 vero
1799 3479 1939 3536 dicit

284 3569 592 3642 pluraliter
621 3574 904 3634 nostram,
929 3567 1184 3622 ostendit
1205 3567 1412 3634 Deum,
1430 3567 1501 3622 ad
1525 3568 1696 3637 cuius
1729 3567 1936 3642 imagi-

283 3675 418 3714 nem
441 3659 617 3714 homo
648 3658 962 3724 fiebat,non
990 3674 1167 3711 unam
1193 3673 1321 3712 esse
1342 3673 1674 3728 personam.
1701 3656 1758 3712 Si
1778 3657 1934 3712 enim

282 3747 386 3802 illa
415 3765 531 3802 una
562 3745 816 3801 essentia
849 3744 1033 3799 Patris
1067 3749 1122 3799 et
1171 3743 1296 3799 Filii
1345 3749 1402 3798 et
1445 3743 1700 3816 Spiritus
1749 3745 1934 3800 sancti

282 3852 400 3889 una
433 3840 587 3889 esset
616 3847 883 3906 persona,
919 3851 1030 3887 non
1063 3832 1354 3888 diceretur
1383 3833 1453 3887 ad
1477 3833 1791 3905 imaginem
1827 3852 1934 3890 no—

281 3927 484 3990 stram,
510 3923 610 3978 sed
635 3923 703 3977 ad
729 3920 1042 3994 imaginem
1068 3937 1288 3988 meum;
1315 3937 1420 3975 nec
1443 3921 1706 3988 dixisset,
1734 3923 1932 3977 Facia-

279 4029 434 4079 mus,
476 4013 599 4080 sed,
629 4011 878 4068 Faciam.
913 4011 968 4066 Si
997 4028 1131 4066 vero
1164 4011 1220 4065 in
1265 4011 1382 4066 illis
1429 4011 1618 4066 tribus
1669 4013 1934 4084 personis

277 4105 396 4158 tres
427 4107 624 4158 essent
651 4101 1042 4174 intelligenda:
1081 4099 1167 4154 vel
1219 4100 1520 4155 credenda:
1565 4099 1930 4167 substantiae,

278 4209 392 4247 non
409 4192 700 4246 (liceretur
719 4191 788 4245 ad
812 4189 1125 4262 imaginem
1145 4188 1536 4254 nostram,sed
1556 4189 1626 4243 ad
1645 4188 1932 4262 imagines

276 4285 528 4336 nostras.
575 4280 657 4335 Ad
721 4296 898 4334 unam
959 4278 1176 4350 quippe
1233 4275 1548 4350 imaginem
1595 4276 1772 4332 unius
1828 4278 1928 4333 Dei

275 4369 453 4424 homo
479 4370 664 4423 factus
687 4367 921 4425 dicitur.
940 4371 1002 4422 ut
1022 4384 1138 4422 una
1170 4370 1383 4421 sancta:
1405 4364 1710 4425 Trinitatis
1730 4384 1928 4422 essen-

271 4458 488 4512 tialiler
509 4456 784 4526 divinitas
815 4455 1138 4510 intimatur.
1155 4455 1234 4510 De
1252 4453 1515 4526 exemplo
1538 4459 1734 4510 autem
1756 4472 1928 4510 evan-

2043 556 2232 624 niant,
2263 562 2320 614 et
2348 557 2467 615 sint
2493 559 2669 614 etiam
2700 558 2812 632 ipsi
2843 560 2904 616 in
2934 561 3102 619 nobis
3131 579 3329 631 unum,
3349 563 3502 619 sieuti
3520 581 3634 637 ergo

2044 650 2101 702 et
2131 646 2296 702 Pater
2325 665 2507 702 unum
2543 650 2934 722 sumus.Ergo
2967 649 3014 705 si
3049 649 3212 706 Pater
3239 655 3294 706 et
3315 651 3482 708 Filius
3501 659 3634 722 sunt,

2045 734 2164 790 imo
2217 735 2355 808 quia
2402 736 2804 792 indubitanter
2841 755 3028 792 unum
3077 743 3232 805 sunt,
3265 756 3374 796 non
3419 741 3520 796 duo
3553 744 3636 798 sed

2045 840 2201 879 unus
2235 825 2404 890 Deus,
2429 829 2486 880 et
2539 825 2765 896 reliqua
2808 842 2936 898 quae
2985 825 3064 881 ibi
3123 827 3544 899 prosequitur.»
3583 831 3643 885 Et

2044 911 2184 966 item
2215 912 2286 968 de
2317 911 2428 967 alio
2471 913 2764 985 Evangelii
2813 915 2968 986 quod
3011 915 3205 987 posuit
3246 916 3570 974 testimonio.
3595 920 3648 976 Ut

2043 1003 2159 1057 sint
2186 1017 2378 1069 unum,
2411 1003 2554 1058 sicut
2579 1009 2630 1058 et
2655 1019 2754 1058 nos
2781 1019 2956 1058 unum
2980 1020 3169 1059 sumus
3193 1006 3371 1070 (Joan.
3400 1022 3528 1064 xvn.
3550 1007 3648 1070 2t),

2044 1089 2410 1161 Augustinus
2455 1089 2642 1144 dicit:
2681 1113 2707 1141 «
2741 1089 2829 1146 Illi
2876 1090 2936 1146 in
2986 1108 3094 1147 sua
3141 1095 3342 1147 natum
3391 1109 3558 1148 unum
3601 1093 3650 1148 in

2046 1177 2348 1242 charitate,
2382 1195 2488 1234 nos
2520 1178 2578 1232 in
2633 1183 2833 1235 nostra
2879 1197 3064 1235 unum
3111 1187 3326 1236 sumus
3365 1179 3420 1235 in
3462 1180 3668 1236 unitate

2047 1265 2389 1322 substantia:
2421 1270 2480 1322 et
2507 1266 2724 1337 gloriae.
2746 1269 2854 1339 Ego
2899 1270 3065 1334 in,eis
3093 1278 3144 1324 et
3175 1277 3234 1324 tu
3262 1271 3318 1324 in
3348 1286 3448 1324 me.
3477 1270 3582 1340 Ego
3609 1270 3657 1324 in

2047 1354 2132 1410 eis
2162 1353 2314 1410 sicut
2343 1359 2519 1426 caput
2549 1355 2607 1410 in
2639 1355 2943 1424 membris,
2967 1359 3026 1412 et
3047 1360 3111 1412 tu
3142 1356 3203 1412 in
3235 1374 3326 1413 me
3347 1357 3490 1412 sicut
3516 1357 3658 1414 Pater

2047 1442 2108 1498 in
2141 1442 2317 1509 Filio;
2351 1451 2412 1498 ut
2428 1445 2551 1516 sint
2577 1447 2938 1500 consummati
2961 1446 3022 1501 in
3043 1461 3236 1511 unum,
3253 1445 3309 1500 id
3327 1450 3416 1501 est
3435 1445 3660 1516 perfecti,

2047 1531 2204 1604 quod
2236 1532 2496 1604 perﬁciet
2527 1531 2625 1604 qui
2657 1549 2762 1588 nos
2795 1531 2980 1588 voluit
3027 1550 3214 1589 unum
3263 1549 3389 1589 esse
3431 1534 3486 1588 in
3529 1549 3584 1588 se
3615 1537 3664 1588 et

2049 1637 2152 1692 per
2182 1637 2274 1688 se;
2306 1629 2368 1676 ut
2392 1629 2676 1690 cognoscat
2717 1621 2956 1678 mundus
3003 1624 3138 1694 quia
3182 1629 3244 1678 tu
3276 1639 3362 1678 me
3403 1623 3590 1678 misisti
3627 1628 3670 1677 et

2047 1707 2296 1766 dilexisti
2325 1724 2412 1765 eos
2439 1711 2582 1765 sicut
2609 1716 2660 1766 et
2686 1726 2773 1766 me
2817 1709 3064 1766 dilexisti
3107 1711 3286 1783 (Joan.
3318 1727 3450 1781 xvn,
3472 1710 3574 1780 23).
3594 1708 3669 1764 Di-

2047 1797 2238 1854 lexisti
2271 1815 2392 1866 eos,
2425 1804 2490 1854 ut
2519 1804 2718 1855 essent
2745 1800 2900 1871 quod
2930 1816 3046 1856 non
3074 1803 3277 1866 erant;
3307 1797 3548 1855 dilexisti
3573 1813 3670 1863 me,

2048 1890 2114 1942 ut
2132 1903 2321 1943 essem
2354 1887 2508 1959 quod
2539 1903 2771 1960 semper
2819 1886 2934 1955 fui;
2967 1887 3226 1942 dilexisti
3259 1903 3353 1944 me
3383 1887 3528 1953 sicut
3564 1885 3673 1941 uni-

2049 1975 2344 2041 cum,illos
2367 1977 2566 2047 utique
2589 1975 2741 2032 sicut
2769 1976 3091 2048 adoptivos.
3108 1976 3378 2032 Dilexisti
3397 1978 3578 2043 eos,ut
3594 1989 3678 2046 per

2051 2081 2144 2120 me
2176 2064 2233 2118 in
2255 2059 2311 2120 te
2339 2069 2563 2132 essent;
2595 2057 2850 2120 dilexisti
2875 2069 3070 2132 me,ut
3096 2083 3206 2138 per
3221 2069 3278 2121 te
3309 2064 3367 2120 in
3388 2069 3443 2120 te
3462 2079 3679 2120 essem.»

2050 2153 2264 2209 Contra
2292 2153 2402 2208 hoc
2431 2153 2584 2226 quod
2619 2152 2779 2208 solus
2817 2152 2970 2209 inter
3015 2169 3228 2210 omnes
3268 2152 3559 2208 haereticos
3599 2151 3678 2206 di-

2050 2241 2206 2298 xisse
2236 2241 2452 2314 legitur
2481 2259 2492 2298 :
2522 2264 2549 2292 «
2573 2242 2679 2308 Qui
2712 2241 2854 2298 dicit
2881 2241 3238 2299 unicuilibet
3269 2259 3543 2315 personae,
3573 2238 3682 2295 Tibi

2051 2335 2164 2388 Deo
2195 2330 2433 2404 gratias,
2462 2333 2636 2402 atque
2666 2347 2828 2402 eaque
2853 2331 3078 2387 caeteris
3111 2331 3354 2387 duabus
3399 2328 3644 2403 personis
3669 2342 3681 2382 :

2049 2419 2229 2476 Vobis
2255 2419 2370 2474 Deo
2401 2418 2641 2492 gratias,
2675 2435 2872 2475 revera
2913 2419 3248 2476 catholicus
3296 2423 3407 2487 est,
3437 2435 3501 2474 ac
3543 2432 3689 2472 verus

2053 2509 2256 2581 utique
2277 2507 2742 2571 Christianus,et
2761 2507 2898 2564 hinc
2930 2524 2993 2564 se
3021 2509 3234 2566 crebro
3256 2507 3474 2564 dixisse
3505 2507 3689 2561 fatetur

2053 2597 2296 2670 Spiritui
2355 2600 2555 2652 sancto
2607 2613 2620 2652 :
2668 2595 2834 2668 Veni,
2895 2596 3206 2653 benedicte
3265 2597 3424 2654 Deus
3479 2591 3693 2652 Domine

2052 2685 2351 2760 paraclite,
2393 2683 2520 2740 veni
2579 2684 2803 2742 missus
2856 2701 2890 2740 a
2939 2685 3256 2742 benedicto
3306 2686 3424 2742 Deo
3475 2681 3690 2740 Domino

2051 2775 2353 2849 paraclito,
2386 2773 2444 2828 in
2496 2773 2731 2829 nomine
2779 2773 3065 2829 benedicti
3111 2774 3222 2830 Dei
3253 2779 3312 2830 et
3346 2771 3567 2830 Domini
3603 2787 3692 2843 pa-

2052 2863 2274 2932 racliti;
2307 2867 2365 2918 et
2395 2879 2409 2917 :
2444 2862 2532 2918 Sit
2563 2878 2794 2934 semper
2841 2861 3034 2917 omnis
3077 2861 3298 2930 honor,
3326 2862 3475 2930 laus,
3509 2864 3561 2916 et
3585 2857 3694 2929 glo-

2050 2953 2138 3008 ria
2168 2953 2373 3009 merilo
2420 2951 2584 3007 vobis
2624 2951 2926 3006 benedicto
2969 2950 3085 3007 Deo
3133 2950 3396 3008 Domino
3443 2945 3696 3023 paraclito

2050 3043 2205 3098 trino
2253 3046 2310 3098 et
2359 3040 2479 3108 uni,
2512 3044 2818 3111 vestroque
2866 3039 3046 3096 simul
3103 3039 3414 3097 benedicti
3472 3034 3695 3104 nomini,

2051 3148 2276 3186 necnon
2307 3133 2364 3185 et
2393 3127 2641 3184 numini.
2669 3129 2876 3184 Amen.
2907 3151 2935 3177 »
2967 3129 3233 3186 Sanctus
3275 3126 3590 3203 Gregorius
3627 3123 3698 3180 l0-

2049 3236 2234 3291 quens
2266 3218 2326 3272 in
2357 3215 2600 3272 homilia
2620 3217 2846 3272 decima
2862 3219 3024 3272 sexta
3044 3217 3385 3273 Ezechielis
3409 3215 3696 3288 prOphetze,

2049 3306 2219 3362 aliter
2248 3323 2424 3378 quam
2454 3304 2678 3361 Veteris
2707 3321 2773 3360 ac
2797 3305 2939 3360 Novi
2970 3305 3350 3362 Testamenti
3402 3303 3564 3360 electi
3609 3298 3696 3356 Dei

2047 3395 2314 3452 homines
2344 3397 2655 3450 senserunt
2685 3409 2818 3448 cum
2849 3391 3068 3448 sentire
3101 3393 3434 3460 convincit,
3468 3392 3695 3448 dicens:

2048 3506 2075 3533 ‹‹
2111 3481 2435 3555 Spiritales,
2462 3481 2769 3554 inquit,illi
2802 3481 3001 3538 Patres
3032 3483 3518 3555 omnipotentem
3535 3479 3696 3536 Deum

2012 3571 2393 3655 ‘Trinitatem
2452 3571 2532 3625 ita
2589 3587 2715 3626 esse
2773 3569 3180 3640 crediderunt,
3243 3571 3409 3628 sicut
3463 3569 3703 3626 eamdem

2045 3659 2392 3716 Trinitatem
2425 3658 2554 3714 novi
2601 3658 2800 3714 Patres
2848 3662 3046 3730 aperte
3101 3657 3299 3716 locuti
3334 3649 3497 3714 sunt.
3547 3655 3703 3711 Isaias

2047 3765 2301 3820 namque
2332 3745 2554 3802 audivit
2582 3745 2846 3818 angelica
2870 3745 3112 3818 agmina
3165 3747 3234 3802 in
3287 3747 3440 3804 cmlo
3473 3746 3706 3802 claman-

2044 3837 2146 3905 tia,
2177 3836 2426 3902 Sanctus,
2484 3838 2737 3901 Sanctus,
2795 3834 3044 3902 Sanctus,
3108 3838 3398 3892 Dominus
3451 3837 3589 3890 Deus
3635 3847 3705 3886 sa-

2045 3925 2208 3980 baoth
2257 3925 2383 3995 (lsa.
2434 3925 2610 3995 v1,3).
2659 3923 2732 3978 Ut
2786 3923 2943 3978 enim
3003 3940 3419 3995 personarum
3474 3920 3710 3979 Trinitas

2044 4016 2488 4068 monstraretur
2523 4010 2690 4066 tertio
2737 4017 2976 4067 sanctus
3029 4011 3304 4080 dicitur;
3333 4015 3440 4070 sed
3493 4016 3557 4067 ut
3607 4023 3708 4062 una

2041 4118 2171 4156 esse
2227 4100 2557 4156 substantia
2603 4099 2909 4154 Trinitatis
2959 4106 3280 4172 appareat,
3319 4119 3442 4158 non
3495 4094 3712 4156 Domini

2041 4190 2309 4259 sabaotb,
2329 4189 2429 4244 sed
2464 4188 2742 4244 Dominus
2771 4204 2900 4243 esse
2924 4187 3312 4260 perhibetur.
3349 4190 3519 4256 Quod
3550 4183 3708 4242 David

2041 4294 2272 4349 quoque
2295 4276 2566 4332 similiter
2613 4275 2870 4332 sentiens
2919 4273 3004 4330 ait
3035 4292 3048 4330 :
3081 4277 3410 4335 Benedicat
3437 4294 3538 4336 nos
3595 4276 3712 4332 Deus

2038 4367 2178 4421 Deus
2207 4373 2406 4430 noster,
2442 4363 2718 4420 benedicat
2759 4379 2858 4419 nos
2903 4365 3044 4420 Deus
3092 4365 3292 4431 (Psal.
3333 4385 3490 4432 LXVI,
3521 4368 3594 4435 8),
3626 4361 3711 4434 qui

2037 4470 2163 4508 cem
2197 4454 2366 4508 tertio
2389 4452 2631 4508 dixisset
2655 4452 2936 4518 Deum,ut
2957 4469 3144 4507 unum
3171 4453 3350 4511 hunc
3375 4471 3512 4512 esse
3541 4455 3712 4509 osten-

272 4543 476 4613 gelico,
508 4519 620 4614 Egi;
673 4553 724 4600 et
774 4545 937 4599 Pater
998 4561 1170 4598 unum
1224 4519 1437 4598 sumus-
1473 4548 1658 4612 (Joan.
1709 4561 1765 4610 x,
1813 4544 1922 4614 30),
1955 4552 2003 4616 D
2037 4542 2216 4611 deret,
2251 4541 2514 4596 subdidit
2548 4558 2560 4596 :
2595 4541 2662 4596 Et
2691 4547 2934 4595 malua-ut
2961 4557 3086 4595 eum
3117 4558 3332 4600 omnes
3362 4547 3509 4616 ﬁnes
3552 4551 3713 4598 terra.

274 4632 426 4687 538
462 4632 807 4686 Ambrosius
867 4631 1072 4686 scribit
1130 4631 1248 4704 (lib.
1299 4649 1317 4685 1
1369 4631 1436 4686 de
1469 4631 1616 4696 Fide,
1647 4648 1766 4704 cap.
1821 4633 1918 4703 l):

270 4744 298 4769 ‹‹
335 4720 548 4786 Unum,
581 4718 1053 4790 inquiens,dixit,
1079 4737 1150 4774 ne
1183 4721 1286 4773 fiat
1315 4720 1584 4774 discretio
1619 4719 1924 4790 potestatis

268 4810 326 4862 et
375 4810 593 4861 natura:
631 4821 644 4860 :
677 4822 867 4861 sumus
913 4806 1161 4873 addidit,
1195 4811 1260 4861 ut
1309 4807 1534 4862 Patrem
1591 4806 1922 4880 Filiumquc

263 4911 607 4967 cognoscas,
641 4895 792 4966 quod
831 4896 1122 4966 perfectus
1155 4895 1321 4950 Pater
1340 4896 1659 4966 perfectum
1707 4895 1918 4951 Filium

265 4984 539 5054 genuisse
561 4983 853 5045 credatur,
872 4988 929 5038 et
955 4983 1120 5038 Pater
1135 4999 1202 5038 ac
1227 4983 1405 5037 Filius
1428 5001 1614 5039 unum
1646 4983 1783 5052 sint,
1800 5002 1916 5039 non

264 5089 646 5145 personarum
675 5073 1037 5134 confusione,
1071 5073 1168 5126 sed
1221 5071 1443 5126 unitate
1492 5076 1735 5126 natum.
1774 5095 1800 5119 ››
1850 5075 1918 5128 Et

261 5161 628 5234 Augustinus
650 5161 710 5216 in
732 5160 880 5215 libro
907 5165 1109 5215 contra
1129 5159 1391 5230 quinque
1425 5159 1675 5216 haereses
1699 5175 1712 5215 :
1737 5183 1764 5210 ‹‹
1790 5160 1918 5216 Per-

260 5253 414 5315 eant,
445 5249 654 5321 inquit,
687 5247 980 5319 vaniloqui
1015 5251 1072 5302 et
1113 5247 1327 5302 mentis
1375 5247 1732 5315 seductores,
1759 5249 1912 5304 Aria-

261 5354 374 5391 nus
405 5341 460 5392 et
490 5337 878 5393 Sabellianus.
911 5336 1056 5390 Nam
1087 5335 1195 5405 Ego
1223 5343 1275 5390 et
1297 5335 1462 5389 Pater
1492 5352 1665 5390 unum
1699 5353 1908 5392 sumus.

260 5426 382 5480 Non
408 5427 574 5492 dixit,
595 5429 711 5498 Ego
741 5433 800 5482 et
831 5427 998 5480 Pater
1027 5441 1211 5479 unum
1235 5425 1506 5488 sum,sed
1537 5443 1643 5497 ego
1665 5432 1721 5481 ct
1747 5427 1912 5482 Pater

260 5529 444 5582 unum
465 5515 862 5581 sumus.Quod
885 5514 1014 5569 dico
1030 5512 1431 5577 unum,audiat
1449 5513 1730 5582 Arianus;
1753 5517 1906 5586 quod

259 5599 387 5654 dico
416 5617 625 5672 sumus,
643 5603 848 5658 audiat
869 5600 1398 5658 Sabellianus.Non
1421 5600 1638 5658 dividat
1657 5603 1906 5659 Arianus

2034 4629 2248 4685 Paulus
2281 4646 2512 4702 quoque
2543 4628 2802 4702 loquiiur
2841 4627 3078 4684 dicens:
3113 4633 3428 4700 Quoniam
3476 4648 3549 4688 ea:
3595 4631 3715 4701 ipso,

2030 4727 2082 4774 et
2104 4735 2202 4791 per
2231 4721 2428 4790 ipsum,
2459 4726 2510 4774 et
2532 4719 2591 4773 in
2621 4720 2735 4790 ipso
2762 4725 2892 4773 sunt
2917 4720 3127 4774 omnia.
3157 4721 3252 4776 Ex
3282 4720 3427 4794 ipso
3465 4719 3718 4775 videlicet

2032 4808 2264 4864 584ex
2278 4808 2470 4874 Patre;
2496 4807 2825 4878 peripsum,
2849 4823 2953 4878 per
2969 4806 3232 4877 Filium;
3263 4809 3328 4864 in
3347 4809 3486 4882 ipso
3510 4811 3718 4869 autem,

2027 4896 2088 4951 in
2145 4895 2366 4968 Spiritu
2417 4900 2639 4951 sancto.
2681 4897 2864 4960 Quem
2905 4911 3042 4968 ergo
3082 4895 3309 4967 ipsum
3371 4916 3519 4954 cum
3565 4894 3719 4952 tertio

2027 4985 2288 5052 dixisset,
2340 4983 2608 5055 adjunxit
2642 5000 2654 5038 :
2691 4985 2799 5056 Ipsi
2855 4985 3035 5054 gloria
3089 4986 3158 5039 in
3219 4989 3456 5044 saecula
3500 4983 3715 5043 saeculo-

2025 5091 2170 5128 rum.
2204 5074 2308 5140 Qui
2345 5073 2500 5128 enim
2535 5089 2648 5128 non
2682 5071 2823 5128 dicit
2852 5071 3016 5144 ipsis,
3041 5073 3147 5132 sed
3186 5073 3321 5147 ipsi
3358 5076 3619 5133 dicendo
3647 5077 3724 5127 ter

2025 5162 2238 5234 ipsum.
2276 5161 2544 5217 distinxit
2575 5177 2874 5234 personas,
2909 5167 2965 5217 et
2994 5161 3456 5236 subjungendo
3487 5165 3601 5236 ipsi
3624 5161 3722 5232 glo-

2022 5251 2132 5319 ria,
2166 5267 2283 5305 non
2316 5249 2514 5304 divisit
2545 5249 2963 5304 substantiam.
3000 5271 3028 5298 »
3062 5251 3202 5314 Quo
3251 5259 3484 5309 contra
3533 5250 3730 5308 Goths.

2021 5338 2269 5402 scalcus,
2305 5338 2472 5410 quasi
2505 5337 2682 5393 altius
2712 5354 2774 5392 se
2806 5337 3132 5410 intelligere
3188 5341 3475 5397 efferens
3521 5344 3726 5396 sancta:

2021 5424 2326 5481 Trinitatis
2359 5442 2739 5497 personarum
2773 5425 3402 5500 divinitatem,quam
3456 5427 3728 5503 angelica:

2019 5513 2327 5586 Seraphim
2347 5513 2405 5568 in
2428 5513 2570 5568 coelo
2591 5514 3023 5582 virtutes,inter
3041 5529 3209 5585 quas
3234 5522 3302 5572 et
3343 5523 3544 5574 Deum
3593 5513 3727 5572 nulli

2017 5601 2114 5658 alii
2146 5601 2388 5675 spiritus
2419 5602 2804 5672 intersunt,et
2822 5601 2920 5666 illa
2941 5602 3120 5659 etiam
3149 5605 3432 5676 agmina
3447 5603 3729 5673 ccelestia,
