3896 6182
203 357 320 420 597

1237 358 1339 420 DE
1384 359 1546 421 UNA
1591 358 1693 421 ET
1736 357 1895 420 NON
1939 357 2178 422 TRINA
2222 362 2586 428 DEITATE.

3495 372 3614 438 598

202 507 326 579 qua;
349 489 656 564 plenitudo
687 490 946 548 scientiis
986 490 1388 561 nominantur,
1411 491 1694 565 dignitate
1714 509 1854 564 prae-
1880 491 1937 559 Α
1963 490 2111 549 lium
2134 512 2475 568 separemus
2499 517 2512 566 ;
2540 517 2748 572 neque,
2775 505 2838 557 ut
2858 502 3066 574 Judaei,
3090 508 3291 564 natum
3322 523 3391 565 ex
3420 508 3612 579 Patre,

199 578 516 636 cellunt.Et
538 579 707 652 quasi
732 579 950 636 rectius
975 580 1372 652 interpretans
1393 581 1548 652 quod
1570 579 1683 636 illa:
1705 579 1864 636 velut

197 685 306 724 non
339 666 743 741 intelligentes
775 668 916 741 quid
949 670 1212 725 dicerent
1243 674 1646 735 cantaverunt,
1681 685 1859 740 quam

199 756 401 822 Isaias,
437 756 540 829 qui
571 758 808 814 easdem
839 757 1088 814 virtutes
1123 757 1387 814 cmlestes
1426 758 1711 832 hymnum
1743 759 1859 814 Deo

197 844 448 917 dignum
473 849 776 902 cantantes
799 846 1023 902 audivit
1048 872 1063 913 ;
1094 852 1150 904 et
1181 848 1530 919 profundius
1556 864 1733 903 sensu
1765 863 1858 901 ca-

195 933 354 1006 piens
387 931 692 988 canticum
724 931 938 1004 psalmi
972 933 1255 1000 Davidici,
1289 951 1467 1006 quam
1500 934 1624 1007 ipse
1656 934 1854 1001 David,

196 1021 284 1094 qui
307 1037 498 1093 super
517 1021 777 1077 seniores
799 1037 961 1088 suos,
987 1027 1044 1078 et
1068 1040 1244 1094 super
1265 1039 1470 1078 omnes
1501 1023 1778 1078 docentes
1796 1041 1858 1079 sc

193 1109 518 1177 intellexit;
553 1113 611 1166 et
641 1109 820 1166 altius
881 1117 1077 1167 mente
1132 1112 1460 1184 percipiens
1519 1129 1647 1184 quae
1707 1113 1858 1168 dans

194 1199 310 1256 sine
345 1203 549 1256 mente
579 1216 790 1256 sonum
837 1199 1053 1257 Paulus
1085 1200 1248 1267 dixit,
1283 1200 1382 1274 qui
1419 1219 1606 1274 usque
1636 1201 1707 1256 ad
1741 1206 1857 1256 ter-

194 1288 332 1344 tium
361 1288 581 1355 caelum
614 1293 818 1360 raptus
837 1289 968 1358 fuit,
987 1293 1044 1345 et
1063 1288 1123 1344 in
1145 1288 1418 1362 paradiso
1440 1307 1654 1346 arcana
1681 1291 1858 1346 verba

195 1377 438 1445 audivit,
488 1382 544 1434 et
575 1393 679 1450 per
707 1394 904 1450 quem,
937 1383 1004 1434 ut
1033 1379 1220 1434 isdem
1251 1379 1584 1448 conﬁtetur,
1621 1379 1855 1434 locutus

193 1471 273 1522 est
299 1465 600 1534 Christus,
633 1483 749 1522 non
787 1465 871 1522 sic
904 1465 1268 1538 insipienter,
1302 1467 1458 1522 sicut
1482 1467 1711 1523 videtur
1741 1467 1854 1524 sibi

192 1554 381 1610 visum
415 1555 624 1623 fuisse,
659 1559 724 1610 ut
755 1555 993 1628 agmina
1021 1556 1292 1612 dixerunt
1337 1555 1601 1612 coelestia
1633 1573 1647 1612 :
1682 1557 1854 1613 Plena

191 1651 262 1700 est
284 1645 477 1700 omnis
507 1652 652 1700 terra
679 1646 860 1718 gloria
888 1647 1025 1718 ejus,
1055 1645 1142 1700 vel
1189 1645 1341 1700 sicut
1387 1646 1522 1701 inde
1569 1645 1854 1702 catholica

191 1734 358 1790 docta
386 1735 592 1789 cantat
617 1732 878 1789 Ecclesia
909 1749 922 1788 :
956 1735 1095 1788 Peni
1151 1741 1282 1789 sunt
1326 1735 1451 1790 caeli
1479 1742 1533 1790 et
1555 1743 1699 1790 terra
1729 1736 1848 1805 glo-

1971 586 2104 639 ante
2122 587 2386 657 tempora
2424 591 2482 643 et
2519 605 2587 644 ex
2614 589 2850 662 Virgine
2881 597 3082 663 postea
3111 595 3332 654 editum
3365 598 3612 674 denege-

1971 687 2104 727 mus
2130 691 2143 740 ;
2179 691 2386 746 neque,
2409 681 2476 731 ut
2501 677 2810 747 Sabellius,
2837 681 3065 736 Patrem
3097 685 3525 743 confundamus
3555 692 3615 745 et

1967 757 2246 832 Verbum,
2271 769 2336 818 ut
2354 767 2626 822 eumdem
2651 768 2876 823 Patrem
2907 786 3241 829 asseramus
3268 777 3325 828 et
3355 774 3566 832 Filium
3593 795 3608 845 ;

1967 863 2177 920 neque,
2213 855 2278 906 ut
2310 853 2610 921 Photinus,
2644 857 2878 912 initium
2921 858 3047 912 Filii
3079 877 3146 914 ex
3174 859 3410 933 Virgine
3432 864 3612 936 depu-

1965 938 2159 994 temus
2187 957 2200 1007 ;
2233 957 2441 1011 neque,
2474 948 2538 996 ut
2566 943 2759 1010 Arius,
2793 945 2992 1016 plures
3037 948 3324 1004 credendo
3356 953 3414 1005 et
3442 950 3614 1008 dissi-

1967 1025 2136 1082 miles
2149 1033 2487 1100 potestates,
2509 1031 2706 1102 plures
2720 1033 2857 1088 deos
2871 1035 3074 1107 gentili
3089 1054 3281 1092 errore
3303 1038 3610 1110 faciamus,

1966 1115 2107 1186 quia
2128 1116 2413 1189 scriptum
2447 1124 2536 1173 est
2566 1137 2578 1178 :
2612 1121 2774 1186 Audi,
2805 1123 2993 1190 Israel,
3025 1125 3288 1183 Dominus
3317 1129 3459 1185 Deus
3488 1137 3614 1186 tnus

1963 1204 2104 1260 Deus
2128 1221 2272 1260 unus
2301 1216 2380 1262 est
2402 1209 2577 1276 (Deut,
2606 1227 2684 1276 v1,
2718 1212 2790 1281 4).
2823 1211 2976 1267 Deus
3022 1214 3178 1270 enim
3229 1220 3286 1272 et
3333 1217 3612 1276 Dominus

1965 1309 2179 1348 nomen
2221 1297 2689 1368 magnificentia},
2727 1316 2936 1356 nomen
2981 1307 3070 1358 est
3100 1305 3426 1375 potestatis,
3461 1307 3615 1365 sicut

1964 1380 2089 1453 ipse
2111 1382 2252 1438 dicit
2285 1401 2297 1438 :
2330 1385 2594 1440 Dominus
2624 1388 2764 1442 Deus
2793 1406 2989 1445 nomen
3024 1401 3103 1447 est
3130 1395 3273 1449 mihi
3300 1396 3494 1464 (Exod.
3527 1414 3611 1465 ιιι,

1967 1470 2074 1541 15),
2107 1475 2165 1526 et
2195 1471 2348 1528 sicut
2375 1473 2515 1529 alibi
2547 1476 2829 1548 propheta
2885 1479 3112 1548 asserit,
3161 1482 3424 1540 Dominus
3476 1486 3615 1542 Deus

1961 1561 2297 1632 omnipotens
2356 1579 2551 1618 nomen
2608 1573 2687 1619 est
2732 1567 2787 1619 ei
2809 1567 2999 1634 (Exod.
3030 1585 3139 1636 xv;
3169 1571 3276 1626 Isa.
3307 1571 3464 1644 XLII).
3497 1573 3614 1630 Do-

1963 1646 2160 1703 minus
2191 1665 2328 1721 ergo
2359 1657 2416 1705 et
2447 1651 2622 1718 Deus,
2644 1653 2728 1708 vel
2759 1655 2914 1725 quod
2947 1657 3282 1714 dominetur
3311 1661 3608 1728 omnibus,

1959 1735 2046 1792 vel
2079 1739 2234 1808 quod
2285 1744 2508 1810 spectet
2555 1740 2774 1808 omnia,
2805 1747 2861 1796 et
2905 1743 3181 1800 timeatur
3209 1764 3244 1801 a
3273 1749 3519 1806 cunctis.
3553 1749 3613 1806 Si

194 1825 273 1878 ria
299 1831 406 1878 tua
430 1843 452 1888 ;
482 1839 597 1878 non
629 1822 965 1895 intelligens
995 1823 1187 1878 dicere
1221 1839 1234 1878 :
1271 1821 1424 1895 pleni
1461 1828 1603 1878 sunt
1634 1823 1760 1879 caeli
1796 1827 1852 1877 et
1881 1861 1930 1925 Β
1959 1840 2095 1897 ergo
2130 1843 2284 1881 unus
2317 1832 2487 1895 Deus,
2523 1846 2705 1884 unum
2750 1848 2983 1899 nomen,
3020 1851 3138 1890 una
3185 1839 3462 1906 potestas,
3495 1855 3614 1894 una

194 1916 342 1968 terra
374 1911 567 1985 gloria
591 1915 819 1978 vestra;
851 1915 910 1966 et
941 1928 954 1966 :
988 1911 1254 1967 Metuant
1300 1929 1457 1979 eum,
1489 1917 1546 1967 et
1575 1929 1691 1967 non
1723 1929 1848 1968 me-

191 2005 357 2057 tuant
393 2017 500 2058 vos
535 2017 742 2057 omnes
772 2001 920 2056 ﬁnes
950 2005 1116 2056 terrae
1143 2018 1156 2068 ;
1181 2004 1238 2056 et
1267 2000 1378 2074 ipsi
1403 2001 1608 2073 gloria,
1643 2005 1701 2057 et
1732 2019 1846 2056 non

189 2089 347 2145 vobis
382 2087 590 2162 gloria,
625 2088 773 2144 dixit
823 2089 882 2144 in
931 2088 1306 2145 conclusione
1345 2107 1463 2145 sure
1493 2089 1848 2146 laudationis

190 2182 359 2250 atque
389 2177 694 2247 orationis,
729 2178 872 2250 quin
903 2178 1100 2250 potius
1130 2178 1654 2251 blasphemationis
1687 2197 1700 2234 :

925 2319 1120 2376 XVIII.

266 2451 322 2514 -ξι
348 2469 378 2496 «
408 2445 496 2502 Sit
517 2462 748 2518 semper
765 2445 932 2501 vobis
953 2445 1158 2512 honor,
1179 2445 1330 2511 laus,
1347 2450 1404 2502 et
1415 2445 1622 2520 gloria,
1639 2447 1846 2502 merito

191 2559 218 2586 α
246 2535 420 2591 vobis
445 2534 749 2591 benedicto
763 2535 880 2591 Deo
901 2535 1148 2591 Domino
1171 2535 1449 2607 paraclito
1466 2535 1618 2591 trino
1639 2540 1696 2591 et
1719 2536 1842 2604 uni,

192 2627 562 2696 «vestroque
618 2622 794 2679 simul
852 2623 1156 2680 benedicto
1214 2623 1437 2679 nomini
1487 2628 1544 2680 et
1594 2623 1842 2691 numini,

195 2735 222 2764 ι
247 2715 498 2768 Amen.»
521 2713 785 2784 Itemque
809 2715 941 2785 post
966 2713 1204 2785 praefata
1229 2713 1639 2784 subsequitur:
1663 2713 1846 2768 «Cum

196 2825 223 2852 α
253 2801 332 2857 sit
361 2818 436 2857 ex
464 2800 769 2866 Trinitate,
802 2818 908 2857 ceu
939 2800 1141 2872 liquet,
1178 2819 1544 2874 unaquaeque
1597 2819 1848 2874 persona

200 2911 222 2939 ι
251 2908 354 2963 per
384 2907 449 2946 se
477 2889 766 2946 Dominus
799 2889 1011 2946 Deus.»
1045 2892 1116 2946 Et
1143 2889 1317 2962 paulo
1348 2895 1512 2962 post:
1551 2913 1578 2942 «
1610 2892 1772 2946 Sicut
1791 2894 1850 2946 et

198 3001 224 3029 α
252 2979 310 3036 in
345 2977 580 3035 Psalmo
614 2997 628 3034 :
660 2979 850 3035 Nonne
894 2979 1000 3034 Deo
1045 2978 1284 3052 subjecta
1331 2981 1438 3034 erit
1473 2981 1662 3034 anima
1685 2983 1850 3034 mea?

197 3091 224 3118 «ι
255 3069 325 3124 de
356 3069 530 3124 Patre
560 3067 802 3135 dicitur,
835 3071 901 3122 ut
949 3066 1207 3123 declarat
1234 3066 1380 3122 illud
1416 3068 1570 3139 quod
1601 3068 1672 3124 de
1705 3066 1847 3122 Filio

197 3180 223 3206 ‹‹
254 3157 526 3230 sequitur
559 3172 572 3210 :
607 3157 681 3212 Ab
713 3159 830 3228 ipso
857 3158 1006 3212 enim
1033 3157 1278 3212 salutare
1299 3157 1644 3212 meum.Nam
1662 3165 1715 3212 et
1733 3159 1847 3228 ipse

1963 1917 2052 1967 est
2083 1914 2360 1970 Trinitas.
2395 1917 2658 1989 Denique
2681 1918 2804 1990 ipse
2827 1921 3104 1989 dicitzlte,
3141 1923 3406 1996 baptizate
3433 1935 3614 1997 gentes

1959 2003 2020 2058 in
2047 2004 2271 2060 nomine
2297 2005 2482 2060 Patris
2510 2013 2562 2060 et
2587 2007 2722 2062 Filii
2777 2016 2828 2063 et
2882 2010 3122 2080 Spiritus
3179 2015 3357 2069 sancti
3405 2014 3608 2085 (Matth.

1955 2109 2148 2160 XXVIII,
2187 2095 2296 2161 19).
2327 2093 2388 2148 In
2418 2097 2642 2151 nomine
2686 2097 2910 2168 utique,
2947 2115 3059 2153 non
3094 2099 3151 2154 in
3186 2102 3546 2160 nominibus.
3581 2125 3610 2153 ››

1955 2180 2080 2236 Non
2108 2181 2286 2253 igitur
2316 2188 2555 2239 sanctus
2584 2184 2930 2240 Ambrosius
2960 2185 3062 2242 uni
3091 2203 3159 2242 ex
3175 2188 3461 2246 Trinitate
3480 2208 3610 2264 per-

1956 2286 2112 2326 sonae
2143 2269 2488 2343 singillatim
2520 2271 2798 2338 solitario,
2833 2273 2986 2329 sicut
3015 2276 3612 2353 Gothescalcus,sup-

1955 2357 2228 2430 plicando
2249 2360 2458 2415 debere
2481 2361 2595 2415 dici
2637 2361 2838 2416 docuit
2861 2379 2873 2416 :
2899 2364 3028 2418 Tibi
3053 2365 3168 2420 Deo
3189 2367 3431 2437 gratias,
3454 2376 3511 2424 et
3541 2387 3614 2426 ne

1955 2447 2145 2502 simus
2166 2449 2388 2503 czeteris
2410 2449 2641 2504 duabus
2663 2451 2928 2515 personis
2949 2451 3454 2526 ingrati,oportere
3466 2458 3611 2514 sub-

1946 2535 2073 2606 jici,
2107 2535 2286 2591 Vobis
2312 2537 2426 2591 Deo
2455 2538 2676 2608 gratias
2711 2555 2723 2592 :
2761 2539 2900 2610 quia
2931 2541 3110 2597 unius
3141 2542 3242 2598 Dei
3273 2561 3487 2600 nomen
3519 2549 3610 2603 est

1956 2624 2127 2680 Pater
2145 2629 2201 2679 et
2223 2624 2404 2680 Filius
2425 2631 2482 2680 et
2504 2626 2779 2697 Spiritus.
2805 2627 2970 2684 Sicut
2989 2630 3346 2689 Athanasius
3367 2633 3427 2688 in
3459 2633 3607 2692 libro

1956 2712 2146 2784 primo
2167 2712 2236 2766 de
2256 2711 2393 2768 Fide
2413 2714 2668 2768 ostendit
2688 2713 2890 2769 dicens
2914 2733 2927 2770 :
2960 2718 3136 2774 «Haac
3167 2726 3276 2787 est,
3309 2720 3606 2794 inquiens,

1956 2799 2210 2855 materiae
2235 2799 2484 2855 formula
2504 2801 2564 2855 in
2586 2802 2962 2858 conclusione
2985 2805 3608 2876 hmreticorum,etbaao

1957 2887 2114 2944 tituli
2131 2887 2374 2943 victoria
2395 2887 2454 2943 in
2479 2889 2849 2946 absolutionc
2871 2892 3318 2964 catholicorum,
3341 2914 3515 2968 quam
3535 2897 3611 2953 si.

1955 2975 2194 3050 gniﬁcat
2225 2977 2548 3049 principale
2579 2980 2925 3034 mandatum
2957 2981 3086 3036 Dei:
3111 2983 3311 3039 Euntes
3345 2985 3609 3060 baptizata

1957 3081 2140 3121 omnes
2193 3073 2376 3134 gentes
2429 3067 2490 3121 in
2540 3069 2760 3122 nomine
2812 3069 2995 3124 Patris
3040 3077 3092 3125 et
3135 3072 3270 3127 Filii
3297 3080 3348 3128 et
3369 3072 3608 3145 Spiritus

1955 3155 2132 3210 sancti
2162 3154 2366 3225 (Matth.
2398 3172 2596 3222 xxvm,
2631 3157 2740 3224 19).
2773 3154 2923 3212 Audi
2983 3157 3042 3212 in
3097 3158 3206 3215 hoc
3264 3161 3608 3219 admirabile

199 3267 225 3296 α
253 3251 398 3303 Deus
429 3262 583 3301 meus
613 3253 666 3301 et
695 3246 956 3302 salutaris
993 3261 1165 3314 meus,
1198 3246 1308 3302 hoc
1332 3251 1422 3301 est
1449 3245 1623 3302 Jesus
1654 3262 1842 3302 meus.
1874 3226 1919 3294 (αἶ
1957 3259 2022 3298 ac
2055 3243 2245 3315 regale
2276 3243 2596 3310 decretum,
2630 3244 2689 3299 in
2723 3263 2838 3316 quo
2870 3263 3042 3302 omne
3081 3253 3513 3306 sacramentum
3546 3251 3608 3308 in

199 3356 226 3384 α
253 3334 362 3391 Ubi
383 3335 526 3390 dum
552 3351 668 3390 non
682 3334 925 3390 dicitur:
942 3334 1226 3408 Namipse
1239 3335 1596 3403 Deusmeus,
1620 3334 1721 3390 sed
1744 3351 1844 3407 po-

197 3445 223 3472 σε
251 3423 394 3489 tius,
416 3431 469 3479 et
480 3425 596 3494 ipse
607 3425 748 3478 Deus
770 3439 944 3489 meus,
963 3421 1358 3495 proculdubio
1373 3422 1642 3494 patefecit
1662 3427 1720 3478 et
1745 3440 1843 3494 pa-

197 3533 224 3561 α
253 3512 452 3568 tel'acit
463 3512 619 3568 Deus
632 3511 889 3584 Spiritus
902 3516 1162 3577 sanctus,
1179 3511 1334 3582 quod
1349 3511 1666 3567 sicutDeus
1681 3512 1847 3567 Pater

197 3623 222 3650 σι
252 3605 343 3657 est
375 3618 480 3674 per
497 3617 562 3656 se
583 3601 757 3668 Deus,
782 3599 867 3657 sic
887 3604 977 3656 est
997 3605 1055 3655 et
1079 3599 1280 3656 Filius.
1304 3599 1488 3672 Igitur
1509 3601 1845 3672 ubicunque

200 3688 428 3746 «tacito
478 3689 581 3745 Dei
629 3689 715 3745 vel
763 3689 992 3744 Domini
1046 3688 1282 3744 nomine
1312 3687 1650 3744 nominatur
1679 3689 1848 3744 Pater

199 3801 225 3828 κ
254 3783 312 3834 et
340 3777 526 3834 Filius
557 3782 613 3834 et
643 3777 899 3850 Spiritus
929 3781 1192 3844 sanctus,
1217 3782 1283 3833 ut
1313 3781 1404 3832 est
1431 3776 1576 3833 illud
1611 3795 1624 3833 :
1657 3779 1844 3850 Bapti-

199 3890 224 3916 α
257 3874 436 3923 zantes
487 3883 576 3923 eos
634 3869 690 3921 in
747 3868 970 3922 nomine
1012 3868 1215 3934 Patris,
1247 3874 1300 3922 et
1344 3867 1496 3934 Filii,
1529 3875 1580 3922 et
1607 3866 1846 3938 Spiritus

201 3977 226 4004 ει
255 3957 450 4023 sancti,
471 3971 836 4027 unaquaeque
865 3971 1115 4027 persona
1144 3970 1377 4026 semper
1395 3954 1679 4010 Dominus
1693 3955 1845 4010 Deus

202 4065 230 4094 κ
256 4044 428 4099 debet
461 4043 730 4115 intelligi.
763 4042 902 4099 Tale
931 4047 1022 4098 est
1051 4042 1195 4098 illud
1232 4059 1246 4098 :
1281 4045 1592 4099 Paraclitus
1642 4052 1844 4115 autem,

200 4155 226 4181 ς(
255 4148 415 4204 quem
443 4133 618 4188 mittet
644 4133 806 4188 Pater
836 4133 896 4187 in
924 4133 1146 4187 nomine
1189 4149 1328 4187 meo.
1362 4131 1522 4188 Misit
1568 4149 1842 4204 namque,

199 4243 226 4268 κ
255 4221 454 4288 mittit,
479 4225 538 4276 et
565 4221 760 4277 mittet
790 4222 977 4277 Deum
1007 4221 1162 4276 Deus
1192 4221 1251 4276 in
1285 4221 1520 4276 nomine
1553 4221 1676 4276 Dei.
1712 4221 1846 4277 Ideo

199 4332 226 4358 α
261 4308 378 4364 dixi
424 4326 540 4365 non
590 4309 762 4382 longe
805 4309 1078 4382 superius
1111 4325 1125 4364 :
1159 4309 1268 4365 Uni
1299 4327 1368 4364 ex
1397 4309 1683 4366 Trinitate
1711 4326 1846 4382 per-

199 4421 228 4448 ιι
263 4415 438 4464 sonte,
457 4399 552 4453 cui
570 4397 913 4471 singillatim
932 4397 1189 4453 solitario
1207 4397 1848 4470 supplicamus,debere

200 4509 228 4536 α
262 4486 375 4542 dici
409 4503 422 4544 :
460 4488 581 4542 Tibi
608 4489 710 4544 Deo
738 4488 967 4558 gratias,
1000 4490 1058 4542 et
1089 4502 1161 4541 ne
1195 4486 1383 4542 simus
1431 4485 1651 4542 caeteris
1703 4487 1847 4542 dua-

1955 3332 2168 3388 deitate
2199 3332 2504 3388 Trinitatis
2535 3334 2726 3388 uniter
2755 3335 3225 3404 continetur.Qui
3256 3338 3402 3394 dixit
3429 3342 3490 3396 in
3516 3357 3610 3398 no-

1954 3422 2122 3486 mine,
2155 3421 2450 3476 evidentcr
2493 3438 2672 3476 unam
2705 3422 2978 3479 deitatem
3013 3425 3072 3480 in
3105 3425 3390 3484 Trinitate
3421 3428 3606 3486 consi-

1955 3514 2108 3564 stere
2139 3509 2470 3580 declaravit,
2505 3515 2562 3565 et
2611 3513 2766 3582 quod
2824 3518 3172 3583 prosccutus
3203 3520 3312 3583 est,
3343 3519 3530 3573 Patris
3560 3525 3612 3574 et

1953 3599 2090 3654 Filii
2117 3607 2168 3653 et
2196 3599 2436 3670 Spiritus
2465 3601 2661 3667 smicti,
2683 3617 2783 3672 per
2813 3601 3046 3673 singula
3076 3603 3315 3660 nomina
3344 3605 3610 3678 singulas

1954 3703 2235 3758 personas
2266 3685 2457 3741 inesse
2479 3686 2808 3743 distinxit.»
2846 3689 2914 3742 Et
2944 3689 3082 3745 item
3114 3691 3172 3745 in
3205 3692 3409 3747 eodem
3436 3693 3606 3750 libro.

1961 3795 1983 3824 ι
2021 3774 2182 3830 Verbo
2215 3776 2445 3830 Domini
2474 3771 2594 3830 εωιί
2621 3779 2830 3847 ﬁrmati
2867 3785 3014 3844 sunt,
3046 3786 3098 3834 et
3123 3781 3325 3850 spiritu
3353 3782 3465 3838 oris
3491 3783 3610 3856 ejus

1955 3865 2132 3920 omnis
2155 3865 2325 3918 virtus
2353 3880 2540 3918 eorum
2572 3866 2742 3936 (I’sal.
2785 3883 2960 3936 xxxn,
2991 3869 3068 3936 6).
3104 3868 3314 3940 Utique
3352 3868 3608 3926 Verbum

1956 3952 2169 4009 Filium
2194 3951 2489 4020 indicavit,
2517 3954 2831 4008 Dominum
2856 3961 3053 4010 autem
3078 3957 3612 4020 Patrem.essedesi-

1954 4040 2528 4112 gnavit,etspiritum
2562 4043 2679 4096 oris
2691 4044 2820 4112 ejus
2841 4043 3123 4113 Spiritum
3149 4050 3418 4102 sanctum
3440 4047 3608 4103 dixit.

1953 4129 2130 4184 Vides
2153 4129 2210 4182 in
2235 4128 2326 4184 his
2358 4131 2622 4200 personis
2651 4131 2880 4185 unitum
2912 4149 3041 4187 esse
3069 4149 3281 4188 nomen
3305 4135 3610 4201 Trinitatis

1955 4217 2015 4272 in
2039 4221 2268 4284 natura,
2303 4217 2758 4290 Psalmographo
2789 4237 3024 4290 quoque
3055 4221 3444 4297 approbante:
3479 4228 3611 4280 Pro-

1951 4315 2137 4380 pterea
2183 4308 2348 4361 unxit
2375 4314 2424 4362 te
2452 4307 2593 4361 Deus
2643 4309 2781 4362 Deus
2812 4316 2938 4362 tuus
2970 4308 3140 4380 (Psal.
3173 4325 3322 4378 κων,
3353 4311 3431 4382 6).
3464 4311 3609 4368 Ecce

1957 4396 2140 4451 Deum
2155 4395 2550 4462 etDeum,non
2564 4399 2758 4451 tamen
2779 4394 3086 4467 pluraliter
3104 4395 3364 4453 invenies
3385 4397 3610 4470 dictum

1957 4483 2017 4538 in
2039 4483 2131 4538 his
2155 4483 2420 4554 personis
2443 4485 2638 4538 deos.»
2663 4485 2770 4540 Sed
2796 4483 3270 4542 necAtbanasius
3292 4485 3394 4542 uni
3415 4487 3614 4561 singu-

203 4597 232 4624 ιι
263 4574 372 4630 bus
402 4575 668 4647 personis
697 4575 935 4648 ingrati,
985 4579 1248 4647 oportere
1298 4573 1530 4646 subjici,
1566 4575 1719 4631 Vobis
1745 4576 1850 4634 Deo
1883 4594 1930 4658 ι)
1963 4571 2163 4627 lariter
2192 4588 2453 4644 persona:
2486 4589 2654 4644 posse
2683 4571 3022 4644 supplicari,
3056 4577 3159 4629 aut
3204 4573 3415 4631 debere
3445 4575 3558 4632 dici
3595 4594 3609 4632 :

201 4666 483 4734 «gratias.
517 4665 666 4730 Quia
723 4665 995 4736 quisquis
1055 4663 1304 4736 loquens
1357 4665 1426 4719 ad
1490 4681 1668 4719 unam
1724 4681 1854 4736 per-

199 4774 232 4802 α
265 4769 466 4809 sonam
525 4751 686 4820 dicit,
755 4754 872 4809 Tibi
931 4755 1185 4808 Trinitati
1263 4755 1367 4808 Deo
1417 4754 1646 4824 gratias,
1709 4769 1854 4824 pene

200 4861 234 4890 α
269 4839 348 4895 sic
393 4844 548 4896 errat
605 4844 670 4894 ut
724 4839 964 4896 Judteus
1012 4843 1071 4894 et
1118 4838 1504 4895 Sabellianus.
1541 4838 1714 4894 Porro
1748 4839 1850 4911 qui

203 4950 234 4976 α
269 4927 424 4996 dicit,
469 4928 638 4986 Vobis
695 4927 805 4984 diis
859 4929 1087 5000 gratias,
1134 4932 1236 4984 aut
1294 4944 1558 5000 paganus
1615 4931 1706 4983 est
1751 4931 1853 4983 aut

206 5037 237 5065 α
268 5017 535 5074 Arianus.
566 5019 640 5073 At
691 5016 792 5090 qui
841 5017 983 5072 dicit
1031 5015 1376 5072 unicuilibet
1416 5033 1695 5088 personae,
1735 5017 1854 5072 Tibi

205 5127 234 5153 ιε
269 5105 366 5161 Deo
395 5109 625 5177 gratias,
659 5110 836 5177 atque
867 5122 1028 5176 aeque
1059 5105 1397 5178 caeterisque
1420 5099 1431 5111 ’
1455 5105 1686 5160 duabus
1716 5122 1850 5177 per-

207 5215 238 5243 α
271 5195 447 5263 sonis,
485 5195 638 5251 Vobis
700 5196 808 5250 Deo
859 5195 1086 5266 gratias,
1119 5211 1317 5250 revera
1345 5193 1667 5250 catholicus
1698 5193 1848 5250 535

206 5305 235 5331 α
270 5287 374 5353 est,
405 5301 470 5339 ac
499 5300 674 5339 verus
705 5282 908 5354 utique
937 5282 1324 5338 Christianus.
1360 5305 1388 5332 ››

277 5385 364 5424 ιιι.
387 5369 600 5426 Contra
620 5369 729 5425 bas
749 5375 918 5426 antea
938 5369 1234 5426 inauditas
1265 5369 1684 5442 blasphemiae,
1715 5387 1849 5426 san-

204 5460 336 5513 ctus
355 5459 702 5516 Ambrosius
721 5459 781 5514 in
805 5458 953 5515 libro
974 5460 1164 5532 primo
1187 5460 1257 5514 de
1280 5459 1416 5515 Fide
1453 5459 1639 5530 capite
1661 5459 1851 5530 primo

205 5543 436 5602 dicit:«
460 5548 740 5615 Assertio,
765 5547 1058 5620 inquiens,
1085 5553 1295 5604 nostra:
1334 5547 1467 5604 ﬁdei
1502 5547 1625 5604 haec
1646 5553 1752 5612 est,
1789 5553 1854 5604 ut

207 5649 390 5692 unum
409 5636 597 5694 Deum
617 5651 747 5694 esse
778 5637 1126 5706 credamus;
1161 5653 1368 5707 neque,
1394 5640 1459 5693 ut
1490 5641 1717 5709 gentes,
1753 5638 1848 5695 Fi-

1963 4659 2091 4716 Tibi
2127 4660 2242 4715 Deo
2275 4659 2514 4732 gratias,
2547 4664 2604 4715 et
2651 4661 2875 4716 caeteris
2927 4661 3194 4732 personis
3225 4679 3238 4718 :
3270 4662 3451 4720 Vobis
3497 4665 3614 4722 Deo

1961 4748 2202 4820 gratias,
2229 4748 2445 4803 docuit.
2473 4749 2542 4803 Et
2579 4747 2717 4803 item
2759 4749 2915 4804 idem
2937 4750 2995 4804 in
3018 4751 3166 4807 libro
3189 4751 3300 4808 alio
3320 4753 3392 4810 de
3423 4752 3614 4810 Trini-

1961 4840 2080 4892 tate
2105 4853 2116 4892 :
2148 4860 2167 4884 «ι
2195 4836 2471 4908 Nunquid
2505 4837 2976 4909 praevaricatores
3007 4839 3266 4896 mandati
3297 4841 3614 4899 Salvatoris

1963 4925 2212 4998 apostoli
2261 4925 2448 4980 effecti
2499 4930 2657 4991 sunt,
2691 4930 2749 4981 et
2793 4933 2996 4982 contra
3051 4929 3426 4986 traditionem
3482 4931 3612 5002 ejus

1962 5015 2406 5086 baptizaverunt
2425 5019 2646 5069 tantam
2661 5015 3100 5073 multitudinem
3115 5018 3141 5072 ‘?
3158 5019 3280 5073 Non
3301 5006 3458 5074 enim
3476 5017 3612 5074 scri-

1961 5107 2126 5175 ptum
2147 5107 2234 5158 cst
2254 5102 2392 5174 quia
2411 5103 2851 5174 baptizaverunt
2870 5105 2926 5159 in
2947 5107 3181 5161 nomine
3202 5106 3456 5161 Patriset
3481 5105 3610 5161 Filii

1961 5196 2018 5248 et
2049 5192 2301 5264 Spiritus
2353 5191 2559 5260 sancti,
2595 5194 2694 5247 sed
2747 5198 2974 5249 tantum
3009 5195 3064 5248 in
3097 5193 3330 5249 nomine
3377 5194 3608 5250 Domini

1959 5281 2122 5338 Jesu.
2146 5283 2255 5337 Sed
2272 5299 2386 5337 non
2405 5286 2543 5337 sunt
2561 5281 2940 5354 prmvaricati,
2966 5282 3136 5336 absit.
3161 5281 3304 5336 Nam
3323 5281 3459 5337 licet
3480 5281 3610 5338 Filii

1962 5387 2173 5426 nomen
2209 5371 2360 5426 536
2390 5371 2798 5426 tantummodo
2831 5369 3262 5435 dicutur,hubet
3291 5373 3485 5425 tamen
3513 5370 3613 5426 Pa-

1962 5464 2111 5514 trem
2142 5463 2199 5514 et
2229 5460 2511 5530 Spiritum
2553 5464 2820 5515 sanctum
2872 5456 3336 5528 pronuntiatum,
3370 5457 3522 5514 sicut
3550 5459 3611 5514 in

1963 5547 2286 5618 Scripturis
2334 5547 2552 5602 sanctis
2598 5547 2992 5618 probavimus.
3029 5544 3228 5614 Itaque
3272 5551 3329 5602 et
3359 5545 3614 5618 Spiritus

1964 5640 2206 5694 sanctus
2267 5635 2520 5694 Sabaoth
2576 5635 2808 5702 dicitur,
2840 5638 2896 5689 et
2925 5637 3014 5690 est
3061 5649 3196 5690 cum
3245 5635 3363 5694 Deo
3393 5639 3616 5695 etcum
