3896 6182
273 367 391 432 599

1202 358 1590 427 IIINGMARI
1635 351 2083 425 RHEMENSIS
2123 350 2742 426 ARCHIEPlSCOPI.

3550 349 3664 426 ϐω

271 505 416 565 Filio
448 521 483 561 a
511 503 816 576 Seraphim
865 500 1177 569 adoratus;
1210 504 1446 573 prepter
1487 501 1642 572 quod
1681 499 1803 554 haec
1827 502 1918 554 ter
1943 495 2002 564 Α
2029 495 2239 563 sancti,
2274 513 2390 552 non
2443 497 2570 553 sine
2627 497 2794 554 Patre
2821 499 2881 552 et
2913 485 3074 576 Filio.
3109 494 3264 553 Satis
3319 498 3521 554 notum
3579 499 3668 553 es’t

271 597 476 654 dicunt
531 597 800 654 Sanctus.
833 595 1104 657 Sanctus,
1153 592 1422 656 Sanctus,
1459 594 1524 645 ut
1573 589 1916 644 Trinitatem

269 684 774 760 pronuntiarent.»
789 681 933 737 Hinc
945 680 1126 736 etsub
1140 679 1248 735 hoc
1270 697 1444 735 sensu
1462 679 1614 734 hanc
1645 679 1917 749 quaestio-

271 793 404 832 nem
427 775 632 828 beatus
645 767 1916 840 solvitAmbrosius.EtsanctusAugustinus,

271 865 342 919 de
373 879 486 934 quo
516 859 932 917 Gothescalcus
965 857 1262 914 multoties
1293 856 1435 911 dicit
1459 857 1792 925 Augustinus
1820 871 1916 912 no-

270 961 398 1019 ster,
429 956 496 1006 ut
522 949 748 1006 alienus
780 967 814 1003 a
841 947 1219 1004 Gothescalco
1248 951 1305 1002 et
1343 945 1425 1000 illi
1480 947 1830 1012 contrarius,
1864 949 1920 1000 ct

272 1058 388 1096 non
421 1057 566 1096 suus
614 1038 886 1110 proprius
932 1037 1018 1091 vel
1051 1036 1430 1101 domesticus,
1462 1040 1664 1091 contra
1693 1052 1826 1091 eum
1859 1035 1916 1090 in

268 1129 420 1185 libro
450 1133 655 1184 contra
682 1126 944 1198 quinque
973 1115 1222 1180 hiereses
1243 1125 1421 1180 dicit:
1451 1149 1479 1174 «
1506 1125 1613 1191 Qui
1636 1124 1916 1196 Spiritum

273 1222 540 1274 sanctum
571 1235 605 1273 a
635 1217 800 1272 Patre
831 1219 888 1270 et
919 1214 1062 1270 Filio
1119 1214 1439 1294 aeternitate
1487 1218 1543 1270 et
1589 1213 1920 1270 substantia

269 1307 358 1364 vel
381 1297 793 1364 communione
815 1307 1130 1376 separat,et
1151 1304 1248 1375 qui
1281 1307 1455 1375 negat
1482 1303 1764 1378 Spiritum
1791 1319 1920 1359 esse

272 1401 329 1452 et
349 1396 538 1452 Patris
563 1397 618 1450 et
641 1393 1007 1464 Filii,plenus
1027 1397 1116 1448 est
1137 1392 1344 1465 spiritu
1367 1379 1920 1463 immundo,vacuus

272 1484 493 1558 Spiritu
525 1485 747 1538 sancto.
786 1503 808 1531 ιο
841 1481 1088 1536 Videtur
1133 1480 1286 1537 enim
1329 1498 1598 1554 separare
1628 1481 1688 1536 in
1719 1485 1921 1537 sancta

271 1573 555 1630 Trinitate
583 1581 865 1644 personas
897 1570 1335 1636 Gothescalcus,
1369 1570 1466 1643 qui
1500 1570 1642 1627 dicit
1673 1587 1686 1626 :
1721 1593 1748 1620 «
1773 1571 1919 1628 Cum

271 1662 350 1719 sit
379 1679 448 1718 ex
478 1661 784 1728 Trinitate,
818 1677 922 1716 ceu
971 1660 1176 1732 liquet,
1211 1677 1330 1716 una
1375 1677 1622 1732 qumque
1670 1677 1923 1734 persona

271 1767 374 1824 per
402 1769 465 1806 se
496 1751 782 1806 Dominus
813 1750 986 1815 Deus,
1011 1753 1067 1805 et
1098 1749 1196 1804 uni
1226 1767 1294 1805 ex
1323 1749 1606 1805 Trinitate
1637 1767 1918 1822 personae,

272 1841 364 1896 cui
397 1839 740 1910 singillatim
773 1837 1031 1894 solitaria
1079 1838 1482 1912 supplicamus
1533 1840 1674 1895 dicit
1711 1840 1921 1895 debere

273 1928 386 1984 dici
419 1945 432 1982 :
467 1926 595 1983 Tibi
649 1928 766 1982 Deo
822 1927 1061 2000 gratias,
1095 1931 1152 1983 et
1183 1945 1253 1984 ne
1284 1929 1472 1984 simus
1519 1927 1741 1984 caeteris
1790 1947 1919 2001 per-

272 2017 434 2072 sonis
454 2015 692 2087 ingrati,
732 2019 994 2086 oportere
1025 2016 1256 2090 subjici,
1287 2016 1466 2074 Vobis
1496 2019 1612 2073 Deo
1643 2019 1920 2092 gratias.»

273 2107 638 2176 Quapropter
657 2104 810 2158 sicut
836 2105 1222 2177 Augustinus,
1243 2105 1313 2162 de
1343 2124 1459 2178 quo
1493 2124 1606 2162 non
1632 2107 1925 2178 jactanter

273 2196 331 2248 et
361 2193 736 2258 mendaciter,
771 2196 836 2248 ut
867 2193 1305 2264 Gothescalcus,
1340 2195 1440 2250 sed
1471 2195 1733 2250 lcetanter
1761 2200 1819 2251 et
1838 2213 1924 2251 vc-

275 2281 484 2338 raciter
503 2281 788 2337 catholica
811 2283 1067 2339 Ecclesia
1084 2284 1448 2356 Augustinus
1469 2288 1669 2340 noster
1697 2285 1922 2353 dicit,in

276 2372 514 2444 praefato
548 2370 696 2429 libro
744 2373 976 2439 fatetur,
1009 2373 1218 2445 plenus
1247 2377 1336 2428 est
1367 2373 1778 2430 Gothescalcus
1802 2375 1926 2430 hanc

277 2460 478 2517 dicens
525 2460 737 2533 spiritu
787 2461 1120 2529 immundo,
1162 2479 1382 2519 vacuus
1431 2463 1648 2534 Spiritu
1701 2467 1922 2519 sancto.

275 2550 490 2606 Contra
511 2549 620 2606 hoc
650 2551 806 2622 quod
839 2551 980 2606 dicit
1010 2549 1426 2608 Gothescalcus
1455 2570 1676 2608 vacuus
1707 2552 1926 2626 Spiritu

279 2642 507 2695 sancto:
539 2661 560 2690 α
577 2639 722 2694 Cum
742 2639 818 2694 sit
833 2656 902 2694 ex
917 2638 1200 2694 Trinitate
1223 2657 1328 2694 ceu
1352 2639 1536 2712 liquet
1563 2657 1929 2713 unaquaeque

278 2745 546 2800 persona,
567 2727 660 2783 cui
692 2727 1034 2800 singillatim
1063 2727 1319 2784 solitaria
1351 2729 1810 2802 supplicamus,»
1827 2748 1930 2803 per

280 2833 342 2872 se
372 2816 656 2872 Dominus
688 2817 862 2881 Deus,
885 2815 1027 2872 dicit
1057 2816 1266 2889 plenus
1297 2817 1518 2890 Spiritu
1539 2821 1740 2874 sancto
1757 2819 1930 2876 Jesus

280 2904 565 2960 Dominus
597 2905 750 2961 Deus
783 2923 795 2962 :
829 2907 937 2977 Ego
967 2913 1020 2962 et
1045 2907 1206 2962 Pater
1233 2924 1408 2962 unum
1434 2923 1624 2963 sumus
1654 2911 1838 2977 (Joan.
1872 2925 1927 2974 x,

278 2995 388 3066 30).
422 2993 493 3049 Et
520 2993 658 3051 item
693 3010 706 3049 :
739 2991 1013 3068 Philippe,
1041 2997 1138 3068 qui
1165 2995 1310 3052 ridet
1327 3013 1414 3054 me
1441 2997 1586 3052 videt
1609 3005 1662 3053 et
1689 2999 1926 3054 Patrem.

281 3082 548 3152 Quomodo
585 3091 644 3138 tu
671 3082 809 3138 dicis
840 3103 858 3138 :
886 3083 1111 3148 Ostende
1163 3085 1321 3142 nobis
1371 3087 1588 3141 Patrem
1607 3088 1633 3140 .9
1659 3085 1778 3140 Non
1813 3101 1928 3140 cre-

217 3187 223 3194 '
275 3171 363 3228 dis
394 3173 524 3244 quia
551 3188 644 3243 ego
673 3173 734 3227 in
763 3173 943 3240 Patre,
977 3179 1032 3229 et
1073 3174 1236 3228 Pater
1283 3176 1343 3230 in
1371 3191 1459 3230 me
1486 3181 1565 3230 est
1593 3174 1774 3246 (Joan.
1807 3187 1922 3242 xw,

2027 588 2181 640 recte
2203 584 2699 652 credentibus,vel
2730 573 2916 639 etiam.
2938 588 3004 639 ut
3030 588 3280 657 possunt
3306 584 3670 658 intelligenti-

2027 673 2159 737 bus,
2189 678 2246 729 et
2277 673 2406 729 ideo
2454 673 2598 729 illud
2658 671 2879 728 dictum
2919 689 3048 728 esse
3077 673 3150 728 de
3179 673 3366 740 Patre,
3397 675 3516 746 Ipse
3541 674 3673 744 facit

2027 776 2208 833 opera,
2241 763 2396 834 quod
2430 761 2501 816 ab
2532 761 2630 816 illo
2672 761 2748 816 sit
2795 761 2956 835 origo
2993 762 3168 817 etiam
3200 779 3463 834 operum,
3496 779 3530 817 a
3559 778 3671 835 quo

2027 855 2116 906 est
2147 850 2456 906 cxistentia
2505 850 2941 922 cooperantium
2985 866 3369 921 personarum
3404 868 3417 906 :
3451 850 3594 923 quia
3619 855 3674 906 et

2029 938 2212 995 Filius
2233 940 2304 994 de
2324 956 2390 994 eo
2413 943 2588 993 natus
2607 941 2714 1004 est,
2743 943 2800 994 et
2829 938 3086 1010 Spiritus
3117 943 3360 994 sanctus
3389 939 3675 1012 principa-

2027 1027 2159 1082 liter
2179 1029 2250 1082 de
2275 1026 2374 1082 illo
2397 1027 2678 1099 procedit,
2702 1027 2772 1082 de
2793 1043 2908 1098 quo
2927 1031 3100 1082 natus
3129 1031 3221 1083 est
3248 1027 3514 1094 Filius,et
3543 1045 3674 1084 cum

2028 1133 2144 1188 quo
2186 1116 2269 1170 illi
2321 1115 2654 1172 communis
2703 1119 2792 1171 est
2819 1115 2972 1172 idem
3005 1103 3278 1188 Spiritus.
3310 1139 3338 1167 »
3370 1118 3516 1172 Ecce
3544 1133 3679 1188 quo-

2028 1200 2201 1260 modo
2233 1204 2516 1260 mentitur
2563 1203 3000 1271 Gothescalcus,
3033 1203 3234 1261 dicens
3280 1205 3674 1278 Augustinum

2027 1309 2156 1350 esse
2185 1309 2382 1361 suum,
2417 1294 2754 1362 Augustinus
2791 1293 3066 1366 inquiens
3123 1293 3420 1350 multoties
3476 1301 3678 1350 noster.

2027 1383 2174 1438 Nam
2207 1381 2388 1438 claret
2427 1381 2566 1454 quia
2613 1379 3031 1438 Gothescalcus
3079 1389 3195 1438 non
3227 1386 3317 1438 est
3341 1377 3678 1454 Augustini,

2029 1458 2307 1543 quoniam
2349 1486 2464 1526 non
2514 1469 2716 1537 credit,
2750 1487 2854 1526 nec
2902 1469 3256 1542 dogmatizat
3293 1469 3448 1526 sicut
3475 1473 3678 1544 Augu-

2030 1559 2242 1628 stinus,
2276 1576 2382 1615 nec
2409 1559 2774 1632 Augustinus
2830 1562 2920 1615 est
2976 1557 3359 1627 Gotbescalci,
3392 1559 3537 1632 quia
3567 1559 3682 1616 dis-

2030 1649 2209 1703 sentit
2237 1665 2270 1703 a
2302 1636 2702 1714 Gothescalco,
2725 1651 2784 1704 et
2811 1647 3092 1704 catholico
3146 1648 3341 1716 sentit,
3376 1649 3535 1720 quod
3572 1662 3683 1704 non

2031 1735 2167 1792 facit
2197 1735 2634 1804 Gothescalcus,
2659 1737 2862 1792 dicens
2883 1735 3023 1808 quia
3052 1737 3223 1792 Pater
3251 1731 3341 1792 est
3371 1735 3554 1804 Dens,
3587 1735 3682 1792 sed

2029 1842 2144 1880 non
2175 1825 2246 1880 de
2277 1825 2411 1892 Deo,
2449 1824 2629 1880 Filius
2681 1828 2769 1880 est
2812 1825 2988 1890 Deus,
3017 1825 3117 1880 sed
3167 1823 3322 1881 Deus
3351 1825 3422 1881 de
3454 1825 3601 1890 Deo,
3631 1829 3694 1881 et

2031 1929 2145 1969 non
2180 1913 2264 1968 sic
2295 1912 2456 1978 dicit,
2489 1913 2644 1968 sicut
2692 1909 3108 1969 Gothescalcus
3156 1909 3304 1970 falso
3344 1913 3514 1980 dicit,
3551 1914 3686 1986 quia

2031 2017 2397 2073 unaquaeque
2427 2017 2497 2055 ex
2526 1999 2811 2056 Trinita‘te
2830 2017 3082 2073 persona
3101 2017 3205 2074 per
3217 2018 3278 2058 se
3297 2001 3376 2058 sit
3396 1999 3689 2059 Dominus

2033 2092 2208 2147 Deus.
2243 2091 2354 2146 Sed
2405 2095 2460 2145 et
2502 2090 2929 2158 testimonium,
2960 2091 3213 2146 abusum
3244 2107 3279 2146 a
3307 2091 3692 2148 Gothescalco

2033 2180 2105 2235 ad
2137 2170 2306 2234 suam
2335 2179 2798 2234 conﬁrmandam
2848 2169 3222 2248 sententiam,
3254 2193 3370 2252 quo
3401 2179 3554 2236 dicit
3583 2180 3689 2237 Do-

2033 2267 2252 2335 minus,
2311 2268 2627 2323 Paracletus
2682 2275 2865 2323 autem
2938 2268 3198 2340 Spiritus,
3231 2276 3476 2340 sanctus,
3533 2285 3692 2342 quem

2032 2357 2207 2412 mittet
2245 2361 2406 2411 Pater
2451 2357 2508 2410 in
2557 2356 2779 2410 nomine
2833 2371 2970 2424 meo,
2997 2355 3171 2430 longe
3229 2355 3397 2412 aliter
3453 2355 3694 2430 exponit

2036 2439 2275 2501 sanctus
2317 2439 2630 2516 Gregorius
2675 2443 2897 2516 Spiritu
2945 2448 3146 2500 sancto
3197 2444 3474 2517 repletus,
3509 2461 3690 2518 quam

2037 2531 2452 2589 Gothescalcus
2482 2531 2692 2604 spiritu
2731 2532 3040 2588 immundo
3073 2531 3372 2606 impletus.
3402 2533 3504 2590 Ait
3520 2527 3690 2590 enim

2037 2621 2244 2678 beatus
2278 2621 2592 2694 Gregorius
2622 2619 2682 2676 in
2713 2619 2958 2678 homilia
2985 2621 3280 2695 Evangelii
3329 2621 3645 2695 trigesima
3674 2638 3690 2678 :

2040 2710 2354 2765 Paraetetus
2383 2717 2566 2765 autem
2593 2709 2832 2781 Spiritus
2868 2717 3106 2778 sanctus,
3139 2727 3299 2782 quem
3323 2713 3502 2767 mittet
3529 2716 3696 2768 Pater

2038 2800 2101 2854 in
2143 2801 2366 2855 nomine
2410 2815 2550 2866 meo,
2601 2799 2696 2854 itte
2749 2814 2841 2854 vos
2883 2793 3093 2856 decebit
3131 2801 3336 2868 omnia,
3368 2807 3419 2856 et
3441 2807 3700 2872 suggeret

2037 2887 2186 2944 vobis
2215 2888 2408 2944 omnia
2454 2899 2786 2960 quascunque
2821 2887 3012 2944 dixero
3038 2889 3187 2944 vobis
3215 2882 3389 2956 (Joan.
3419 2905 3542 2955 xxv,
3579 2891 3690 2958 26).

2037 2975 2256 3045 Nostis,
2290 2973 2528 3048 plurimi
2576 2977 2782 3031 fratres
2811 2975 2946 3044 mei,
2982 2977 3138 3048 quod
3171 2977 3365 3032 Graeca
3393 2972 3697 3034 locutione

2033 3066 2364 3138 paraetetus,
2399 3064 2604 3120 Latina
2631 3064 2920 3121 advocatus
2949 3065 3182 3132 dicitur,
3213 3062 3313 3121 vel
3335 3067 3650 3123 consolator
3675 3084 3695 3120 :

2041 3155 2180 3227 quia
2209 3153 2424 3230 idcirco
2455 3153 2771 3209 advocatus
2800 3152 3034 3222 dicitur,
3059 3155 3198 3227 quia
3227 3171 3332 3227 pro
3359 3171 3564 3211 errore
3597 3157 3694 3210 de-

276 3227 655 3332 9,1é)?ou3d
673 3261 879 3316 beatus
900 3227 1266 3334 Augustinus
1288 3227 1504 3318 gain;
1520 3227 1756 3335 135mm
1789 3227 1923 3318 at:
1957 3227 1999 3297 ο
2038 3227 2429 3335 ιίηᾳυθτιιίξιέη
2476 3242 2630 3335 apud
2672 3241 2970 3335 justitjam
2997 3243 3550 3335 Patrjgjntervenit-
3589 3243 3696 3312 Qui

279 3351 371 3402 cto
402 3349 638 3402 afﬂatus
669 3364 962 3420 exponens
1006 3349 1148 3403 dicit
1177 3349 1372 3420 (tract.
1395 3351 1458 3406 in
1477 3349 1666 3420 Joan.)
1702 3367 1715 3404 :
1753 3373 1780 3400 «
1813 3350 1929 3424 Cur

277 3433 698 3506 inscparabiles
726 3437 1039 3507 separatim
1075 3437 1372 3493 desideras
1405 3455 1576 3494 nosse
1597 3437 1626 3492 ?
1651 3459 1678 3488 ι)
1710 3437 1928 3493 Deinde

278 3540 394 3578 non
427 3523 497 3578 ad
529 3518 718 3579 solum
753 3524 1106 3597 Philippum,
1141 3527 1240 3581 scd
1273 3527 1344 3582 ad
1377 3543 1476 3584 eos
1508 3526 1811 3600 pluraliter
1837 3527 1926 3582 lo-

279 3611 484 3684 quitur
515 3630 528 3668 :
565 3635 592 3661 «
629 3613 794 3668 Verba
822 3629 948 3686 quae
974 3630 1070 3683 ego
1101 3616 1291 3687 loquor
1317 3616 1486 3684 vobis,
1516 3633 1552 3671 a
1578 3632 1664 3671 me
1693 3617 1928 3688 ipsonon

281 3699 469 3772 loquor
498 3719 516 3756 :
547 3702 710 3758 Pater
737 3710 918 3758 autem
950 3705 1007 3758 in
1038 3719 1124 3758 me
1150 3720 1378 3760 manens
1424 3705 1539 3776 ipse
1585 3705 1719 3776 facit
1766 3721 1926 3777 opera

279 3789 480 3862 (ibid.).
517 3790 663 3855 Quid
715 3795 806 3846 est
847 3808 882 3846 a
930 3808 1023 3847 me
1062 3791 1190 3864 ipso
1220 3810 1334 3846 non
1369 3793 1592 3865 loquor,
1626 3793 1736 3850 nisi
1771 3811 1805 3848 a
1834 3809 1927 3848 me

281 3875 409 3947 ipso
438 3893 551 3930 non
585 3893 717 3931 sum
769 3877 868 3948 qui
921 3877 1170 3950 loquor?
1197 3879 1259 3934 Ei
1293 3881 1509 3953 quippe
1539 3880 1744 3936 tribuit
1772 3883 1926 3954 quod

279 3963 440 4030 facit,
475 3964 546 4019 de
575 3981 694 4036 quo
726 3970 816 4020 est
858 3965 982 4037 ipse
1030 3967 1128 4039 qui
1180 3968 1336 4022 facit.
1368 3969 1536 4023 Pater
1583 3969 1738 4024 enim
1773 3971 1928 4026 Deus

281 4069 396 4107 non
428 4054 517 4106 est
545 4053 614 4108 de
645 4052 862 4125 aliquo,
897 4053 1076 4110 Filius
1134 4059 1329 4111 autem
1393 4057 1540 4112 Deus
1570 4061 1660 4112 est
1689 4058 1924 4130 quidem

282 4140 433 4196 Patri
457 4140 718 4214 aequalis,
744 4143 843 4198 sed
869 4143 939 4199 de
961 4143 1126 4200 Patre
1165 4144 1301 4200 Dco.
1327 4144 1459 4200 Ideo
1499 4144 1596 4201 ille
1618 4147 1791 4215 Deus,
1825 4148 1924 4203 sed

281 4245 395 4282 non
417 4229 489 4284 de
512 4229 648 4295 Deo,
673 4233 729 4284 et
748 4228 968 4296 lumen,
993 4232 1094 4286 sed
1121 4223 1234 4287 non
1257 4233 1326 4288 de
1347 4231 1570 4289 lumine
1595 4251 1608 4301 ;
1653 4231 1762 4290 iste
1793 4251 1925 4292 vero

282 4317 430 4372 Deus
453 4317 524 4372 de
549 4318 684 4384 Deo,
709 4317 906 4374 lumen
931 4320 1002 4375 de
1022 4319 1264 4376 lumine.
1293 4343 1319 4369 »
1342 4321 1603 4393 Denique
1634 4320 1923 4396 adjungit,

278 4409 332 4460 et
361 4405 477 4462 ait:
512 4429 542 4456 «
572 4407 691 4462 Non
747 4408 966 4464 creditis
1015 4409 1144 4480 quia
1171 4426 1264 4481 ego
1295 4411 1355 4464 in
1384 4415 1564 4477 Patre,
1597 4418 1649 4466 et
1674 4413 1836 4468 Pater
1865 4415 1925 4468 in

276 4509 362 4548 me
391 4497 514 4548 est?
541 4495 792 4567 alioquin
835 4503 1054 4569 propter
1108 4499 1265 4570 opera
1314 4501 1432 4570 ipsa
1481 4498 1679 4556 credite
1720 4499 1920 4573 (ibid).

2035 3331 2214 3388 unius
2259 3331 2602 3388 substantia:
2651 3347 2785 3387 cum
2833 3328 3002 3386 Patre
3031 3336 3088 3387 et
3119 3327 3282 3401 Filio,
3313 3346 3560 3388 exorare
3592 3345 3694 3405 pro

2035 3419 2512 3492 delinquentibus
2543 3414 3047 3492 perhibetur,quia
3075 3433 3175 3476 eos
3204 3437 3352 3493 quos
3380 3421 3698 3492 repleverit

2035 3513 2339 3564 exorantes
2374 3507 2528 3564 facit.
2580 3513 2656 3564 De
2687 3525 2801 3580 quo
2833 3507 3121 3581 paracleto
3151 3505 3370 3582 Spiritu
3401 3509 3552 3566 item
3589 3511 3696 3566 Do-

2036 3597 2234 3654 minus
2265 3597 2406 3653 dicit
2437 3615 2451 3652 :
2481 3598 2618 3653 Cum
2646 3600 2854 3668 venerit
2879 3591 3214 3666 Paracletus,
3246 3613 3404 3671 quem
3429 3613 3532 3671 ego
3561 3602 3698 3656 init:

2035 3693 2144 3741 tam
2175 3687 2324 3742 vobis
2351 3703 2385 3740 a
2414 3680 2599 3754 Patre,
2627 3687 2886 3758 spiritum
2915 3688 3158 3743 veritatis
3183 3689 3282 3760 qui
3311 3705 3346 3742 a
3374 3683 3548 3744 Patre
3574 3705 3700 3762 pro-

2033 3774 2192 3840 cedit,
2227 3775 2323 3830 itte
2365 3776 2736 3830 testimonium
2781 3775 3085 3846 perhibebit
3123 3775 3189 3830 de
3216 3792 3322 3844 me,
3348 3783 3401 3833 et
3427 3792 3522 3833 vos
3551 3779 3698 3834 testi-

2033 3865 2282 3919 monium
2334 3859 2707 3934 perhibebitis.
2763 3863 2938 3934 (Joan.
2988 3879 3082 3931 xv,
3131 3866 3222 3932 26,
3271 3867 3384 3933 27).
3449 3865 3517 3920 In
3575 3877 3695 3937 qua

2035 3952 2329 4007 sententia
2357 3953 2678 4007 notandum
2711 3952 2768 4006 in
2803 3953 3010 4024 primis
3039 3958 3281 4010 sanctus
3301 3954 3457 4008 Beda
3488 3954 3697 4010 doctor

2035 4039 2321 4095 mirabilis
2347 4057 2415 4094 ex
2445 4040 2866 4096 catholicorum
2897 4040 3087 4096 verbis
3117 4045 3176 4096 et
3207 4040 3483 4098 sensibus
3515 4042 3578 4096 in
3597 4042 3700 4097 bo-

2035 4127 2200 4184 milia
2226 4127 2518 4202 Evangelii
2545 4129 2703 4197 dicit,
2737 4129 2888 4200 quod
2923 4130 3210 4187 Dominus
3231 4125 3520 4203 Spiritum
3550 4129 3698 4186 veri-

2032 4217 2171 4274 tatis
2200 4223 2257 4274 ct
2285 4234 2318 4272 a
2349 4235 2412 4273 se
2443 4214 2794 4273 mittendum
2853 4233 2983 4274 esse
3021 4219 3289 4287 testatur,
3322 4223 3381 4274 et
3409 4218 3693 4276 eumdem

2033 4323 2169 4360 mox
2197 4323 2231 4362 a
2259 4307 2427 4362 Patre
2465 4307 2775 4378 procedere
2831 4305 3140 4379 subjungit
3167 4323 3180 4362 :
3215 4321 3330 4362 non
3361 4307 3507 4380 quia
3527 4309 3690 4364 idem

2034 4391 2288 4466 Spiritus
2317 4393 2486 4450 aliter
2513 4411 2546 4449 a
2578 4395 2743 4450 Patre
2773 4395 3050 4466 procedit,
3085 4410 3262 4466 quam
3308 4411 3444 4451 cum
3474 4413 3512 4452 a
3542 4396 3694 4453 Filio

2033 4482 2325 4550 mittitur;
2359 4483 2458 4538 sed
2506 4482 2634 4538 ideo
2685 4482 2869 4539 Filius
2914 4480 3050 4540 eum
3081 4501 3118 4539 a
3147 4499 3209 4540 se
3239 4484 3414 4552 mitti,
3448 4503 3485 4540 a
3517 4485 3694 4542 Patre

276 4581 462 4634 Antea
483 4581 644 4638 solus
677 4583 978 4656 Philippus
1009 4569 1382 4659 arguebatur,
1413 4600 1569 4642 nunc
1591 4569 1814 4642 autem]

2157 4576 2176 4626 t
2204 4569 2536 4642 procedere,
2570 4575 2634 4626 ut
2662 4571 2836 4628 aliam
2871 4571 3076 4639 Patris,
3111 4571 3288 4630 aliam
3338 4589 3510 4628 suam
3555 4589 3695 4630 esse

278 4667 376 4722 ubi
390 4682 524 4722 eum
541 4667 731 4726 solum
753 4673 933 4728 fuisse
946 4673 1044 4746 qui
1058 4677 1924 4747 cssetarguendusostenditur:

275 4761 505 4826 Propter
541 4773 701 4828 opera
747 4763 885 4832 ipsa,
922 4761 1132 4834 inquit,
1164 4764 1363 4820 credite
1391 4767 1520 4836 quia
1549 4781 1642 4837 ego
1673 4767 1728 4820 in
1762 4771 1924 4822 Patre

273 4852 327 4899 et
359 4850 518 4900 Pater
544 4847 600 4900 in
632 4863 718 4902 me
743 4856 839 4904 est.
872 4849 1070 4922 Neque
1093 4851 1328 4918 cnim,si
1350 4853 1601 4926 separati
1630 4870 1685 4909 cs
1698 4871 1916 4920 scmus,

275 4930 977 5007 inseparabiliteroperari
998 4937 1118 4994 ulla
1140 4939 1361 4996 ratione
1379 4957 1704 5012 possemus.
1725 4965 1752 4992 »
1770 4943 1838 4996 Et
1857 4941 1917 4998 in

273 5037 542 5076 sermone
563 5022 634 5076 ad
660 5022 962 5094 populum,
987 5026 1085 5081 ubi
1114 5028 1528 5100 exposuitque:
1561 5028 1638 5084 sit
1667 5029 1918 5085 irremis-

271 5107 462 5164 sibilis
483 5107 848 5183 blasphemia
869 5111 926 5167 in
951 5113 1234 5186 Spiritum
1257 5117 1645 5184 sanctum,ait
1667 5117 1746 5174 ita
1769 5118 1920 5174 inter
1979 5175 1984 5180 .

271 5202 476 5253 caetera
524 5199 620 5270 (de
654 5201 829 5256 Verb.
865 5204 1028 5256 Dom.
1059 5219 1234 5258 serm.
1271 5205 1355 5272 11,
1387 5221 1522 5280 cap.
1558 5209 1643 5276 16)
1678 5224 1690 5262 :
1727 5231 1754 5257 «
1787 5207 1916 5262 Haec

269 5285 350 5340 ita
362 5287 602 5341 dicuntu
614 5305 658 5356 r,
674 5293 738 5342 ut
753 5293 945 5344 tamen
975 5291 1382 5364 inseparabilis
1405 5295 1767 5366 intelligatur
1780 5313 1914 5368 ope-

269 5373 414 5429 ratio
441 5375 782 5444 Trinitatis;
817 5376 897 5432 ita
929 5382 993 5433 ut
1031 5396 1166 5434 cum
1225 5382 1481 5452 operatio
1537 5383 1724 5438 Patris
1782 5383 1918 5439 dici-

269 5465 384 5526 tur,
415 5479 528 5516 non
563 5480 690 5520 eam
724 5465 851 5521 sine
885 5467 1027 5523 Filio
1057 5473 1116 5524 et
1142 5469 1361 5541 Spiritu
1395 5475 1594 5526 sancto
1627 5472 1914 5546 intelliga-

269 5552 364 5602 tur
390 5551 534 5606 581
571 5554 826 5624 operari;
861 5559 916 5610 et
963 5572 1096 5612 cum
1155 5557 1409 5629 operatio
1464 5559 1610 5626 Filii,
1642 5577 1755 5615 non
1790 5560 1916 5616 sine

272 5635 436 5692 Patre
464 5644 524 5694 et
551 5640 770 5712 Spiritu
805 5649 1048 5714 sancto;
1080 5651 1137 5703 et
1168 5663 1302 5703 cum
1352 5649 1608 5720 operatio
1659 5648 1914 5723 Spiritus

2032 4673 2342 4732 personam
2374 4659 2732 4733 designet,et
2759 4659 2820 4714 in
2849 4655 3051 4717 eadem
3081 4660 3458 4718 distinctione
3488 4676 3694 4735 perso~

2032 4763 2446 4815 narum,unam
2471 4763 2598 4804 esse
2627 4748 3022 4820 operationem
3043 4749 3114 4804 ad
3136 4749 3496 4806 voluntatem
3511 4765 3690 4808 suam

2029 4851 2163 4893 cum
2188 4837 2375 4893 Patris
2406 4835 2698 4892 voluntate
2728 4839 2785 4892 et
2813 4837 3149 4909 operatione
3179 4839 3506 4895 denuntiet.
3535 4840 3692 4895 Cum

2027 4926 2184 4982 enim
2206 4926 2466 4998 ejusdem
2491 4925 2746 4996 Spiritus
2757 4925 2946 4999 gratia
2961 4927 3138 4984 datur
3157 4926 3518 4994 hominibus,
3544 4921 3690 4984 mit-

2028 5009 2173 5070 titur
2201 5014 2457 5087 profecto
2489 5013 2742 5084 Spiritus
2774 5031 2808 5069 a
2838 5014 3026 5086 Patre,
3057 5015 3312 5071 mittitur
3339 5020 3398 5072 et
3427 5033 3460 5072 a
3493 5010 3690 5083 Filio;

2027 5103 2288 5176 procedit
2315 5119 2348 5158 a
2381 5102 2564 5169 Patre,
2599 5103 2861 5174 procedit
2905 5109 2962 5160 et
2991 5121 3026 5160 a
3056 5103 3220 5172 Filio,
3256 5104 3395 5176 quia
3442 5109 3500 5162 et
3545 5105 3691 5177 ejus

2028 5191 2230 5248 missio
2261 5191 2390 5262 ipsa
2417 5191 2711 5262 processio
2743 5194 2851 5258 est,
2883 5206 3002 5263 qua
3029 5208 3100 5248 ex
3131 5192 3298 5248 Patre
3327 5193 3598 5265 procedit
3629 5200 3691 5249 et

2027 5281 2190 5338 Filio.
2224 5279 2394 5334 Venit
2421 5284 2478 5334 et
2506 5295 2615 5334 sua
2646 5284 2872 5351 sponte,
2905 5281 3003 5353 qui
3041 5281 3195 5336 sicut
3239 5280 3558 5353 cozequalis
3591 5287 3692 5337 est

2025 5369 2181 5425 Patri
2213 5373 2268 5424 et
2300 5366 2462 5434 Filio,
2499 5367 2582 5422 ita
2611 5366 2876 5424 eamdem
2926 5369 3100 5426 habet
3148 5370 3505 5427 voluntatem
3535 5387 3690 5428 cum

2025 5459 2190 5515 Patre
2215 5463 2274 5515 et
2306 5456 2450 5513 Filio
2480 5473 2853 5512 communem
2888 5473 2902 5511 :
2935 5458 3174 5530 Spiritus
3227 5461 3378 5516 enim
3433 5460 3530 5514 ubi
3561 5461 3694 5516 vult

2021 5552 2197 5620 spirat
2224 5549 2398 5616 (Joan.
2433 5563 2516 5615 Ill,
2548 5546 2624 5618 8).
2657 5545 2728 5602 Et
2758 5547 2912 5602 sicut
2947 5548 3257 5620 Apostolus
3309 5548 3690 5606 enumeratis

2023 5640 2192 5700 donis
2221 5633 2574 5699 coelestibus,
2605 5633 2686 5695 ait
2713 5651 2725 5691 :
2757 5636 2886 5693 Haec
2912 5639 3100 5694 omnia
3125 5645 3380 5708 operatur
3421 5647 3568 5692 unus
3594 5645 3690 5694 σε.
