3896 6182
200 319 293 386 605

1183 317 1286 379 DE
1328 315 1488 378 UNA
1532 313 1632 376 ET
1677 315 1834 377 NON
1878 313 2120 376 TRINA
2167 315 2532 378 DEITATE.

3443 318 3563 384 606

201 478 225 506 α
249 453 382 509 dicto
409 449 525 507 Deo
564 448 810 508 Domino
857 448 1169 516 Paracleto,
1193 449 1347 506 trino
1389 448 1540 506 542
1591 447 1808 520 pariter
1835 447 1886 515 Α
1916 447 2036 503 tuis
2063 464 2135 503 ne
2165 447 2330 504 alteri
2361 447 2641 520 injuriam
2665 449 2850 508 facere
2868 450 3155 508 videaris?
3180 451 3391 510 absit.»
3413 454 3564 511 Sunt

205 567 222 594 ι
249 547 296 598 et
320 539 411 596 uni
443 545 636 596 vestro
667 539 842 596 simul
888 538 1190 594 benedicto
1228 538 1473 605 nomini,
1498 554 1722 592 necnon
1755 541 1813 592 et
1917 540 1976 592 et
2007 535 2192 592 multa
2221 536 2358 592 hinc
2388 538 2727 594 testimonia
2755 539 2813 594 in
2845 539 3162 612 Scripturis
3191 545 3310 598 tam
3337 543 3562 600 Veteris

203 656 225 684 α
251 628 478 696 numini,
502 645 698 699 amen,
725 629 897 684 Porro
921 645 991 682 ne
1024 632 1076 683 te
1098 632 1326 682 moveat
1347 625 1512 692 illud,
1538 625 1691 696 quod
1729 623 1810 678 ibi

201 716 528 792 «pluraliter
567 717 802 784 dicitur,
837 733 1068 788 semper
1115 715 1309 770 omnis
1357 715 1562 780 honor,
1594 712 1724 768 laus
1755 716 1813 767 et

203 832 223 860 σε
247 804 428 880 gloria,
449 805 655 861 merito
675 804 840 861 vobis
861 803 1164 860 benedicto
1187 804 1302 858 Deo
1325 801 1642 871 Paraclcto,
1657 800 1810 856 trino

203 921 222 947 α
248 895 443 969 pariter
463 898 521 949 ct
544 893 665 961 uni,
687 899 998 965 vestroque
1020 891 1200 948 simul
1223 890 1526 946 benedicto
1550 889 1769 970 nomini
1795 905 1808 942 :

202 1009 222 1035 α
247 999 510 1057 cognosce
531 983 670 1055 quia
691 982 774 1038 sic
796 981 994 1054 procul
1021 979 1198 1036 dubio
1219 980 1489 1052 congruit
1513 977 1645 1034 dici.
1665 979 1809 1034 Nam

201 1099 221 1124 ιι
247 1071 458 1146 quando
483 1071 782 1144 loquimur
797 1071 869 1126 ad
888 1086 1063 1125 unam
1089 1087 1158 1124 ex
1173 1067 1455 1124 Trinitate
1479 1084 1810 1140 personam,

201 1186 222 1211 «
247 1177 342 1216 non
370 1160 444 1214 ad
478 1159 823 1215 Trinitatem
847 1158 1165 1230 loquimur,
1188 1159 1288 1214 scd
1311 1158 1382 1212 ad
1410 1174 1592 1212 unum
1618 1173 1815 1228 quem-

200 1273 221 1299 ε(
247 1248 366 1304 libet
393 1265 465 1302 ex
485 1247 828 1303 Trinitate.»
852 1249 919 1302 Et
949 1247 1044 1302 hic
1075 1246 1244 1318 plura
1263 1247 1371 1302 hoc
1395 1247 1566 1301 modo
1589 1244 1811 1300 scribit.

199 1335 483 1408 Deiloquus
513 1339 711 1391 autem
746 1335 960 1391 Paulus
990 1352 1105 1390 non
1139 1333 1332 1390 taliter
1350 1333 1553 1400 oravit,
1580 1350 1684 1390 nec
1708 1351 1814 1388 nos

199 1441 330 1481 orare
357 1423 554 1479 taliter
583 1423 802 1490 docuit,
825 1429 891 1479 ut
922 1425 1286 1497 Augustinus
1315 1423 1453 1479 hinc
1481 1422 1540 1478 in
1576 1422 1722 1478 libro
1744 1423 1816 1478 de

199 1515 324 1571 Bono
353 1513 796 1585 perseverantiae
828 1513 970 1569 dicit
998 1517 1138 1585 (cap.
1165 1513 1255 1584 23)
1281 1529 1338 1568 :u
1372 1513 1508 1568 Nam
1539 1511 1670 1584 quid
1697 1528 1816 1568 ore-

199 1619 311 1670 mus,
348 1604 495 1658 sicut
539 1609 743 1674 oportet
786 1603 1090 1669 nescimus,-
1133 1601 1235 1657 Sed
1284 1603 1398 1673 ipse
1443 1602 1703 1672 Spiritus,
1737 1599 1820 1654 ait

195 1690 502 1763 Apostolus,
528 1691 839 1762 interpellat
863 1707 962 1762 pro
980 1691 1138 1745 nobis
1156 1689 1446 1759 gemitibus
1477 1687 1818 1744 inenarrabi-

199 1780 333 1835 libus.
363 1780 477 1847 Qui
497 1780 649 1834 enim
683 1786 959 1834 scrutatur
986 1778 1166 1844 corda,
1189 1780 1292 1834 scit
1318 1778 1449 1850 quid
1486 1779 1663 1850 sapiat
1698 1778 1816 1848 spi-

196 1869 328 1938 ritus,
357 1869 495 1940 quia
530 1867 830 1924 secundum
876 1869 1047 1923 Deum
1103 1867 1413 1938 interpellat
1465 1882 1562 1938 pro
1617 1866 1819 1920 sanctis

194 1957 338 2023 (Rern.
359 1974 490 2022 νιιι,
509 1958 623 2025 26).
649 1956 796 2024 Quid
827 1961 916 2012 est
944 1958 1058 2028 ipse
1086 1957 1316 2028 spiritus
1346 1956 1671 2027 interpellat,
1705 1955 1818 2010 nisi

193 2044 538 2118 interpellare
588 2045 728 2100 facit
779 2045 1095 2118 gemitibus
1152 2043 1661 2110 inenarrabilibus,
1716 2044 1816 2098 sed

190 2134 489 2200 veracibus,
521 2134 798 2207 quoniam
829 2133 1043 2190 veritas
1086 2137 1174 2188 est
1222 2131 1522 2204 Spiritus?
1572 2133 1699 2204 Ipse
1729 2137 1818 2187 est

188 2222 338 2288 enim,
363 2223 440 2279 de
468 2240 586 2295 quo
617 2223 676 2278 in
709 2221 824 2278 alio
862 2225 988 2278 loco
1016 2221 1176 2290 dicit,
1207 2221 1356 2276 Misit
1379 2223 1518 2276 Deus
1547 2222 1818 2293 Spiritum

186 2311 299 2366 Filii
331 2316 426 2368 sui
475 2315 535 2367 in
588 2312 752 2368 corda
807 2319 994 2367 nostra
1037 2311 1370 2366 clamantem
1402 2328 1420 2363 :
1453 2308 1620 2375 Abba,
1655 2316 1818 2365 Pater

186 2399 282 2454 Cal.
304 2416 378 2468 Iv,
403 2401 480 2467 6).
503 2401 574 2454 Et.
605 2399 701 2454 hic
737 2399 878 2471 quid
917 2403 1006 2454 est
1035 2400 1384 2464 clamantem,
1417 2397 1529 2452 nisi
1563 2397 1816 2454 clamare

185 2487 515 2544 facientem?
543 2494 712 2560 tropo
742 2487 842 2541 illo
862 2504 978 2559 quo
1010 2487 1263 2542 dicimus
1292 2485 1490 2541 laetum
1512 2485 1688 2550 diem,
1713 2487 1814 2558 qui

183 2573 322 2632 latos
365 2576 530 2644 facit,
559 2577 723 2643 Quod
773 2575 914 2631 alibi
965 2575 1320 2643 manifestat,
1355 2574 1455 2628 ubi
1505 2575 1664 2642 dicit,
1698 2575 1816 2630 Non

183 2666 307 2720 enim
334 2667 621 2738 accepistis
649 2667 910 2738 spiritum
938 2666 1216 2721 servitutis
1255 2666 1454 2720 iterum
1484 2666 1544 2719 in
1574 2665 1766 2720 timore
1795 2683 1815 2719 :

185 2753 264 2808 sed
305 2756 586 2826 accepistis
642 2755 902 2826 spiritum
951 2753 1257 2825 adoptionis
1302 2753 1567 2824 ﬁliorum,
1609 2755 1668 2809 in
1713 2768 1815 2824 quo

187 2842 468 2910 clamamus
499 2862 520 2898 :
551 2843 718 2914 Abba,
749 2845 913 2898 Pater
935 2843 1108 2915 (Rom.
1132 2859 1255 2909 νιιι,
1282 2841 1390 2913 15).
1417 2841 1500 2896 lbi
1533 2839 1679 2896 dixit
1709 2841 1817 2896 cla-

185 2939 421 3000 mantem,
451 2931 545 2987 hic
577 2949 710 2988 vero
750 2934 809 2987 in
839 2947 942 3004 quo
979 2932 1280 2987 clamamus
1311 2949 1330 2984 :
1361 2931 1628 3002 aperiens
1657 2929 1813 2984 vide-

181 3018 296 3075 licet
322 3021 618 3093 quomodo
649 3019 860 3076 dixerit
889 3020 1261 3087 clamantem,
1286 3018 1345 3073 id
1377 3023 1484 3087 est,
1510 3019 1663 3074 sicut
1685 3018 1813 3089 jam

181 3110 422 3180 exposui,
443 3109 698 3165 clamare
731 3109 1093 3164 facientem.»
1118 3108 1243 3164 Non
1273 3111 1472 3164 tamen
1502 3107 1612 3163 iste
1642 3106 1812 3180 spiri-

1919 643 2097 698 quam
2147 627 2287 682 Novi
2319 627 2699 683 Testamenti.
2724 629 2792 683 Et
2834 632 2899 683 ut
2945 629 3151 684 beatus
3197 632 3564 702 Augustinus

1921 714 2073 771 543
2133 713 2190 770 in
2249 715 2397 771 libro
2455 717 2524 771 de
2581 717 2866 772 Trinitate
2919 717 3064 772 dicit
3103 735 3170 772 τα
3223 719 3565 794 Ubicunque

1921 803 1978 858 in
2043 803 2344 875 Scriptura
2387 810 2590 860 sancta
2639 805 2853 878 legitur
2900 805 3060 861 solus
3107 807 3281 872 Deus,
3331 825 3444 863 non
3495 811 3567 866 de

1921 891 2182 963 qualibet
2210 910 2457 964 persona
2488 894 2546 949 in
2577 898 2779 950 sancta
2805 895 3092 950 Trinitate
3120 895 3566 969 intelligendum

1922 985 2030 1047 est,
2063 982 2162 1036 sed
2195 983 2266 1037 de
2313 985 2435 1037 tota
2489 989 2694 1038 sancta
2749 983 3053 1048 Trinitate,
3088 1001 3214 1056 quae
3272 983 3572 1057 aequaliter

1922 1073 2198 1142 operatur
2226 1071 2425 1126 omnia
2455 1089 2816 1143 quaecunque
2847 1073 3141 1144 operanda
3169 1089 3296 1128 esse
3317 1073 3567 1145 judicat.

1923 1157 2087 1214 Unde
2117 1160 2271 1230 quod
2314 1159 2371 1214 in
2424 1159 2669 1232 psalmis
2695 1160 2928 1226 dicitur,
2953 1163 3068 1232 ()ui
3109 1163 3244 1232 facit
3281 1163 3571 1218 mirabilia

1921 1264 2121 1319 mgna
2147 1249 2296 1303 solus
2317 1248 2484 1320 (Psal.
2511 1266 2692 1316 LXXVI,
2719 1250 2835 1316 13);
2859 1253 2934 1315 et,
2958 1251 3073 1320 Qui
3099 1251 3242 1321 facit
3269 1251 3572 1307 luminaria

1923 1352 2123 1407 magna
2157 1338 2306 1392 solus
2345 1338 2516 1408 (Psal.
2549 1340 2888 1405 cxxxm,7);
2911 1342 2989 1403 et,
3018 1340 3092 1393 Tu
3135 1355 3192 1394 es
3237 1341 3378 1396 Deus
3423 1341 3572 1396 solus

1927 1425 2096 1496 (Psal.
2131 1443 2330 1493 Lxxxv,
2369 1428 2485 1496 10);
2529 1431 2605 1496 et,
2652 1427 2814 1482 Nemo
2860 1427 3030 1482 bonus
3077 1429 3193 1483 nisi
3236 1429 3385 1484 solus
3431 1430 3572 1486 Deus

1927 1516 2077 1583 (Luc.
2110 1531 2269 1581 xvm,
2306 1515 2422 1582 19);
2471 1515 2630 1582 Audi,
2681 1514 2876 1584 Israel,
2925 1517 3188 1572 Dominus
3235 1518 3376 1573 Deus
3422 1525 3569 1588 tuus,

1926 1605 2067 1660 Deus
2097 1621 2240 1659 unus
2269 1612 2348 1659 est
2375 1605 2548 1673 (Deut.
2573 1622 2649 1668 vr,
2675 1606 2730 1672 4)
2757 1621 2770 1659 :
2797 1621 2908 1660 non
2934 1605 3004 1660 de
3035 1604 3158 1661 solo
3200 1606 3386 1675 Patre,
3422 1605 3576 1663 sicut

1929 1692 2243 1748 adversarii
2273 1691 2494 1763 volunt,
2534 1692 2882 1766 intelligitur
2928 1693 3188 1750 dictum:
3220 1695 3318 1750 sed
3353 1696 3424 1751 de
3453 1699 3577 1752 tota

1929 1785 2132 1837 sancta
2153 1781 2457 1848 Trinitate,
2473 1798 2598 1854 qua:
2621 1786 2709 1837 est
2734 1799 2889 1838 unus
2913 1781 3073 1838 solus
3096 1783 3270 1838 Deus.
3293 1783 3576 1839 Similiter

1926 1871 1998 1926 de
2031 1871 2194 1925 Patre
2220 1870 2342 1925 solo
2365 1887 2480 1924 non
2503 1875 2592 1925 est
2621 1870 3065 1943 intelligendum
3089 1872 3242 1942 quod
3261 1873 3576 1944 Apostolus

1927 1959 2028 2026 ait,
2062 1961 2257 2015 Beatus
2304 1967 2356 2015 et
2400 1961 2548 2016 solus
2589 1967 2792 2031 potens,
2828 1961 2941 2016 Rex
2987 1977 3174 2032 regum
3217 1969 3270 2017 et
3315 1962 3576 2018 Dominus

1925 2047 2350 2118 dominantium,
2385 2051 2482 2120 qui
2523 2049 2672 2103 solus
2710 2049 2869 2104 habet
2897 2050 3376 2116 immortalitatem,
3404 2058 3456 2106 et
3497 2051 3579 2105 lu-

1923 2154 2039 2192 cem
2067 2137 2276 2192 habitat
2307 2137 2768 2203 inaccessibilem;
2800 2153 2957 2209 quem
2999 2153 3155 2192 nemo
3183 2137 3467 2192 hominum
3494 2139 3576 2193 vi-

1923 2227 2026 2291 dit,
2047 2243 2146 2281 nec
2175 2225 2356 2281 videre
2379 2233 2550 2297 potest
2570 2226 2616 2297 (1
2639 2227 2773 2280 Tim.
2797 2243 2874 2293 γι,
2901 2226 3010 2296 15).
3035 2225 3098 2280 In
3121 2224 3339 2297 quibus
3363 2225 3575 2294 verbis,

1925 2332 2030 2370 nec
2077 2315 2245 2370 Pater
2293 2314 2522 2386 pr0prie
2573 2315 2910 2370 nominatus
2958 2318 3067 2384 est,
3100 2331 3206 2369 nec
3241 2313 3438 2381 Filius,
3472 2332 3578 2372 nec

1925 2402 2178 2475 Spiritus
2209 2408 2481 2470 sanctus;
2517 2404 2617 2459 sed
2663 2402 2929 2458 absolute
2960 2403 3170 2460 beatus
3197 2406 3256 2459 et
3283 2402 3445 2461 solus
3475 2421 3576 2476 po-

1924 2497 2075 2559 tens,
2101 2493 2217 2548 Rex
2240 2509 2446 2564 regum
2465 2497 2522 2547 et
2543 2491 2831 2546 Dominus
2849 2490 3462 2564 dominantium,quod
3482 2495 3580 2549 est

1925 2599 2081 2636 unus
2111 2580 2293 2648 solus,
2320 2582 2527 2636 beatus
2568 2585 2796 2652 potens,
2821 2579 3155 2646 invisibilis,
3179 2597 3351 2636 verus
3399 2581 3574 2651 Deus,

1923 2669 2054 2742 ipsa
2103 2669 2378 2736 Trinitas,
2413 2687 2541 2742 quae
2573 2667 2876 2740 zequaliter
2923 2669 3094 2724 beata
3135 2672 3244 2737 est,
3277 2669 3580 2742 aequaliter

1925 2763 2150 2831 potens,
2181 2758 2297 2813 imo
2328 2757 2723 2829 omnipotens,
2747 2755 2923 2812 etiam
2974 2760 3032 2812 et
3079 2757 3415 2828 unipotens,
3439 2759 3578 2830 quia

1925 2863 2042 2901 una
2072 2847 2331 2918 potentia
2371 2850 2460 2901 est
2506 2845 2688 2901 totius
2736 2848 2951 2902 sancta:
3001 2843 3326 2900 Trinitatis.
3378 2845 3578 2918 Neque

1924 2934 2103 3002 enim,
2127 2933 2266 3006 quia
2296 2934 2419 3006 ipse
2445 2933 2622 2988 Filius
2649 2932 2786 2988 alibi
2817 2932 3064 3004 loquens
3087 2949 3221 2988 voce
3251 2932 3574 3004 sapientiae,

1922 3023 2047 3094 ipse
2073 3027 2160 3078 est
2179 3022 2333 3078 enim
2357 3021 2645 3094 sapientia
2667 3021 2788 3088 Dei,
2815 3020 2932 3076 ait:
2963 3020 3169 3092 Cyrum
3195 3021 3316 3076 caeli
3339 3023 3577 3078 circuivi

1921 3113 2040 3168 sola
2070 3111 2258 3180 (Eccli.
2283 3128 2433 3177 xxxv,
2457 3113 2534 3178 8),
2559 3108 2847 3181 separavit
2888 3126 2923 3165 a
2959 3125 3023 3165 se
3064 3109 3330 3165 Patrem:
3357 3113 3574 3180 quanto

176 3199 280 3264 tus,
300 3198 404 3270 qui
427 3215 534 3254 nos
555 3197 808 3254 clamare
830 3197 968 3252 facit
989 3198 1174 3264 Abba,
1201 3197 1390 3265 Pater,
1417 3195 1678 3268 ingratos
1709 3214 1816 3252 nos
1845 3181 1888 3247 C
1927 3199 2116 3272 magis
2145 3216 2282 3272 ergo
2330 3216 2444 3254 non
2495 3203 2584 3254 est
2630 3214 2866 3254 necesse
2897 3202 2962 3254 ut
2991 3198 3062 3253 de
3093 3197 3260 3253 Patre
3309 3201 3573 3254 tantum-

178 3285 317 3352 facit,
339 3287 498 3343 sicut
521 3285 940 3343 Gothescalcus
962 3286 1235 3358 superius
1257 3285 1420 3352 dicit,
1447 3285 1670 3342 caeteris
1694 3303 1818 3358 per-

175 3373 336 3442 sonis,
361 3373 423 3430 id
473 3378 564 3431 est
615 3392 875 3447 personis
929 3374 1073 3442 Filii,
1107 3378 1165 3429 et
1210 3390 1512 3442 suae,cum
1559 3373 1814 3429 dicimus

173 3462 336 3531 Abba,
364 3463 555 3534 Pater,
583 3463 710 3518 sine
742 3463 1140 3519 nominatione
1173 3462 1298 3517 Filii
1320 3467 1376 3518 et
1395 3462 1660 3534 ejusdem
1685 3462 1812 3534 Spi-

175 3549 308 3606 ritus
328 3551 542 3607 sancti.
558 3552 628 3606 Et
649 3551 787 3606 item
803 3550 1166 3624 Augustinus
1182 3567 1250 3606 ex
1265 3549 1540 3622 Apostolo
1558 3551 1816 3606 testimo-

175 3637 323 3696 nium
361 3640 531 3714 ponit
567 3640 790 3709 dicens,
817 3664 844 3690 «
879 3641 1186 3712 Accipimus
1213 3641 1472 3712 spiritum
1509 3639 1814 3712 adoptionis

172 3729 423 3798 ﬁliorum,
450 3732 510 3786 in
541 3746 646 3802 quo
673 3731 976 3785 clamamus
999 3748 1016 3783 :
1045 3729 1210 3797 Abba,
1235 3731 1447 3784 Pater.»
1477 3729 1638 3794 Quod
1669 3729 1814 3784 vidit

174 3821 221 3871 et
239 3817 444 3875 beatus
464 3817 830 3874 Ambrosius.
851 3819 945 3872 Ait
965 3817 1118 3872 enim
1142 3836 1190 3873 ;‹‹
1213 3819 1284 3872 Et
1303 3835 1468 3873 orare
1487 3823 1666 3873 Deum
1687 3836 1814 3890 gra~

174 3904 254 3959 tie
283 3905 568 3979 spiritalis
588 3911 702 3978 est,
722 3906 875 3962 sicut
906 3905 1190 3980 scriptum
1213 3910 1323 3972 est,
1346 3908 1509 3962 Nemo
1529 3907 1684 3976 dicit,
1708 3909 1812 3964 Do-

171 3995 342 4051 minus
364 3997 542 4061 Jesus,
558 3997 674 4051 nisi
692 3998 753 4051 in
773 3996 987 4068 Spiritu
1004 4003 1188 4050 sancto
1209 3995 1254 4059 (ι
1273 3995 1392 4051 Cor.
1416 4012 1537 4062 xm,
1563 3997 1638 4064 3).
1667 3996 1811 4050 Hinc

168 4083 528 4154 Augustinus
543 4088 603 4140 et
617 4084 962 4140 Ambrosius
978 4101 1046 4139 ex
1059 4083 1316 4156 Apostoli
1338 4084 1672 4138 testimonio
1696 4101 1811 4140 non

168 4170 366 4228 docent
389 4189 499 4229 nos
525 4173 585 4228 in
608 4172 868 4229 oratione
897 4171 1202 4245 loquentes
1223 4173 1294 4228 ad
1329 4189 1507 4227 unam
1531 4188 1598 4226 ex
1619 4172 1809 4227 Trini-

166 4262 277 4316 tate
295 4277 610 4334 personam
627 4266 829 4334 postea
844 4261 1055 4316 debere
1071 4260 1261 4316 dicere
1278 4260 1501 4316 caeteris
1522 4260 1806 4332 personis,

164 4346 224 4402 Et
253 4349 418 4406 vobis
447 4351 668 4422 gratias
716 4350 969 4422 agimus,
995 4350 1065 4405 Et
1100 4348 1264 4405 vobis
1293 4348 1717 4422 supplicamus.
1742 4351 1812 4404 Et

163 4436 296 4492 alibi
337 4438 481 4494 dicit
508 4438 841 4511 Apostolus,
869 4440 962 4494 Vos
991 4440 1120 4494 estis
1151 4439 1408 4510 templum
1437 4439 1537 4493 Dei
1565 4439 1700 4506 vivi,
1729 4440 1806 4493 si-

159 4533 244 4614 cut
270 4525 407 4582 dicit
431 4527 574 4583 Deus
603 4545 623 4582 :
650 4528 918 4595 Quoniam
948 4526 1261 4582 inhabitabo
1290 4528 1350 4582 in
1381 4528 1516 4594 illis,
1549 4535 1600 4583 et
1629 4529 1807 4582 inam-
1838 4550 1886 4614 Β

162 4613 352 4670 bulabn
373 4633 394 4668 :
416 4624 467 4672 et
488 4632 580 4672 ero
613 4617 837 4672 illorum
867 4617 1023 4682 Deus,
1047 4623 1098 4671 et
1129 4617 1240 4686 ipsi
1283 4623 1444 4670 erunt
1470 4615 1613 4670 mihi
1634 4631 1807 4687 popu-

159 4701 241 4758 lus
279 4703 354 4771 (11
375 4703 495 4759 Cor.
520 4721 597 4772 vi,
627 4706 733 4771 16).
755 4705 863 4760 llas
902 4706 1074 4776 igitur
1104 4705 1493 4776 promissiones
1527 4703 1803 4772 habentes,

158 4789 499 4860 charissimi,
558 4791 880 4848 mandemus
925 4808 1024 4848 nos
1073 4793 1141 4847 ab
1196 4793 1347 4847 omni
1392 4793 1805 4864 inquinamento

157 4881 337 4935 asrnis
366 4888 420 4936 et
458 4881 707 4952 spiritus,
736 4881 1073 4952 perﬁcientes
1119 4881 1601 4951 sanctiﬁcationem
1629 4881 1689 4935 in
1730 4882 1803 4935 ti-

154 4983 302 5024 more
331 4968 536 5024 Christi
563 4969 636 5038 (11
661 4969 782 5025 Cor.
804 4987 904 5037 vn,
933 4971 1005 5037 1).
1030 4969 1097 5024 Et
1127 4985 1241 5024 non
1295 4968 1492 5023 timuit
1538 4968 1806 5040 ingratus

155 5070 282 5112 esse
325 5056 550 5113 caeteris
597 5057 884 5128 personis,
915 5057 1070 5113 Patri
1127 5055 1394 5112 videlicet
1449 5062 1506 5111 et
1561 5055 1804 5128 Spiritui

153 5150 382 5213 sancto,
411 5146 552 5218 quia
580 5150 811 5201 tantum
861 5146 920 5200 in
967 5145 1176 5200 timore
1204 5143 1416 5200 Christi
1469 5161 1575 5200 nos
1607 5145 1806 5200 docuit

149 5234 429 5304 perﬁcere
480 5235 1027 5290 sanctiﬁcationem.
1058 5256 1086 5283 ››
1116 5235 1184 5290 Et
1233 5237 1475 5289 sanctus
1520 5233 1804 5306 Augusti-

147 5339 258 5377 nus
290 5322 356 5376 in
392 5321 536 5378 libro
567 5328 768 5378 contra
805 5323 1059 5390 Judieos,
1091 5326 1146 5378 et
1174 5339 1454 5394 paganos,
1477 5327 1652 5394 atque
1681 5322 1802 5377 hce-

144 5410 366 5466 reticos
399 5426 411 5464 :
443 5435 464 5459 ι
501 5412 647 5478 Quid
696 5413 844 5486 agis,
879 5412 1090 5484 inquit,
1127 5412 1269 5466 Loth
1324 5412 1566 5466 sancte?
1612 5413 1800 5485 Ange-

142 5496 228 5553 los
260 5498 451 5566 vides,
475 5504 532 5555 et
561 5518 675 5556 non
708 5519 891 5556 unum
920 5501 1020 5557 sed
1052 5501 1221 5568 duos,
1245 5505 1301 5556 et
1323 5500 1489 5567 dicis,
1517 5499 1800 5555 Domine?

139 5587 226 5641 Ad
273 5603 468 5642 unum
496 5587 737 5644 verbum
786 5590 952 5657 facis,
977 5607 1162 5645 unum
1211 5589 1489 5661 precaris,
1512 5607 1626 5644 non
1678 5607 1797 5645 me-

1924 3289 2117 3355 modo,
2152 3292 2358 3359 praeter
2393 3285 2599 3342 Filium
2631 3291 2687 3342 et
2716 3285 3001 3358 Spiritum
3033 3290 3326 3354 sanctum,
3361 3286 3572 3343 intelli-

1923 3381 2097 3450 gatur
2125 3377 2279 3448 quod
2312 3375 2534 3431 dictum
2568 3379 2676 3442 est,
2699 3375 2859 3430 Solus
2889 3375 3048 3431 habet
3089 3377 3571 3441 immortalitatem,

1921 3468 1996 3532 et,
2029 3465 2204 3520 lucem
2233 3464 2444 3519 habitat
2486 3463 3004 3519 innacccssibilem?
3034 3463 3129 3518 Sic
3169 3480 3274 3518 nec
3313 3467 3572 3519 tantum-

1924 3554 2096 3608 modo
2117 3553 2188 3608 de
2211 3551 2371 3618 Filio,
2390 3557 2598 3624 praeter
2617 3551 2846 3606 Patrem
2869 3549 2956 3605 vel
2976 3550 3256 3622 Spiritum
3277 3556 3574 3620 sanctum,

1922 3658 2056 3696 cum
2079 3639 2296 3696 dicitur
2314 3639 2599 3711 Sapientia
2626 3639 2985 3710 superborum
3003 3646 3054 3694 et
3079 3639 3406 3694 sublimium
3432 3641 3574 3696 colla

1917 3731 2142 3802 propria
2171 3731 2370 3784 virtute
2406 3729 2655 3783 calcavit.
2691 3726 2785 3782 Sic
2830 3743 2934 3782 nec
2983 3727 3054 3782 de
3101 3726 3320 3800 Spiritu
3369 3733 3571 3784 sancto

1921 3818 2350 3882 tantummodo,
2375 3820 2582 3888 praeter
2603 3817 2829 3871 Patrem
2852 3819 2909 3870 et
2934 3815 3162 3882 Filium,
3178 3832 3312 3871 cum
3334 3816 3568 3883 dicitur,

1919 3907 2158 3978 Spiritus
2187 3907 2408 3961 Domini
2435 3905 2663 3976 replevit
2686 3905 2870 3960 orbem
2899 3912 3192 3971 terrarum,
3215 3913 3266 3960 et
3290 3905 3406 3972 hoc,
3431 3905 3574 3978 quod

1918 3997 2156 4052 continet
2181 3996 2386 4056 omnia.
2419 3995 2706 4049 scientiam
2743 3993 2901 4050 habet
2937 3995 3080 4050 vocis
3109 3995 3260 4066 (Sap.
3293 4011 3332 4060 ι,
3363 3997 3442 4063 7).
3475 3995 3571 4050 Sic

1918 4082 2305 4138 nihilominus
2336 4080 2784 4153 intelligendum
2816 4085 2906 4137 est
2935 4083 3090 4154 quod
3129 4081 3342 4137 dicitur
3372 4098 3386 4138 :
3418 4082 3574 4138 Sicut

1918 4173 2082 4227 Pater
2108 4172 2375 4240 viviﬁcat,
2401 4171 2483 4224 sic
2511 4178 2562 4225 et
2589 4171 2764 4225 Filius
2794 4186 2925 4242 quos
2956 4171 3071 4225 vult
3099 4171 3282 4240 viﬁcat
3310 4171 3486 4237 (Joan.
3514 4187 3565 4237 ν,

1916 4261 2030 4328 21).
2053 4260 2176 4314 Νοη
2209 4263 2408 4313 tamen
2456 4257 2602 4313 alios
2631 4256 2718 4312 vel
2750 4256 2920 4312 aliter
2966 4257 3151 4324 Pater,
3181 4260 3238 4311 et
3284 4255 3432 4312 alios
3479 4255 3566 4311 vel

1918 4347 2086 4404 aliter
2119 4347 2296 4403 Filius
2320 4365 2332 4402 :
2359 4347 2458 4402 sed
2492 4345 2727 4402 eosdem
2751 4362 2899 4418 quos
2925 4346 3093 4400 Pater
3121 4343 3391 4412 vivificat,
3423 4344 3563 4400 vivi-

1917 4439 2053 4493 ficat
2073 4442 2130 4493 et
2153 4436 2349 4492 Filius.
2377 4435 2656 4490 Similiter
2679 4451 2781 4490 nec
2801 4433 3054 4506 Spiritus
3083 4438 3322 4489 sanctus
3352 4434 3424 4489 ab
3456 4433 3566 4490 hac

1919 4525 2301 4580 vivificatione
2332 4523 2722 4579 secernendus
2753 4527 2878 4578 est:
2905 4521 3044 4594 quia
3080 4539 3265 4578 unum
3296 4539 3446 4594 opus
3475 4527 3567 4578 est

1919 4613 2104 4670 Patris
2133 4618 2192 4670 ct
2225 4612 2345 4667 Filii
2377 4617 2435 4668 et
2458 4610 2712 4684 Spiritus
2741 4609 3119 4680 sancti,sicut
3140 4627 3256 4665 una
3285 4611 3563 4668 substan-

1912 4704 1995 4759 tia
2015 4709 2190 4775 atque
2221 4701 2476 4756 essentia
2497 4705 2604 4756 est.
2631 4700 2778 4773 Ergo
2812 4700 2978 4755 Pater
2997 4699 3194 4755 vivens
3218 4699 3355 4768 vita,
3386 4699 3565 4757 Filius

1910 4791 2029 4847 vita
2061 4791 2258 4847 vivens
2282 4808 2315 4845 a
2335 4789 2575 4858 vivente,
2599 4788 2851 4861 Spiritus
2883 4793 3122 4844 sanctus
3151 4788 3270 4844 vita
3303 4794 3360 4845 et
3388 4789 3566 4846 vivifi-

1913 4884 2075 4936 cator
2103 4879 2440 4944 viventium,
2465 4882 2522 4933 et
2553 4895 2668 4932 non
2699 4881 2820 4933 tres
2847 4877 2998 4946 vitae,
3019 4878 3118 4933 sed
3153 4895 3271 4933 una
3288 4877 3408 4934 vita
3433 4883 3522 4934 est
3545 4896 3558 4934 :

1913 4973 1970 5025 et
2003 4969 2170 5024 Pater
2197 4966 2382 5022 virtus
2419 4970 2476 5021 et
2524 4965 2831 5037 sapientia,
2855 4969 2912 5020 et
2947 4965 3143 5034 Filius,
3175 4983 3349 5039 quem
3398 4971 3564 5022 vocat

1912 5056 2227 5129 Apostolus
2257 5056 2534 5111 Christum
2573 5055 2672 5110 Dei
2698 5057 3045 5123 virtutem,ct
3095 5057 3190 5110 Dei
3235 5056 3562 5126 sapientiam

1915 5146 1961 5218 (1
1982 5147 2103 5218 Cor.
2131 5163 2166 5214 I,
2189 5145 2303 5211 24)²
2328 5143 2598 5198 similiter
2636 5143 2823 5198 virtus
2869 5148 2926 5199 et
2974 5143 3299 5216 sapientia:
3323 5159 3438 5196 non
3470 5146 3558 5196 ta-

1913 5251 2049 5290 men
2071 5239 2188 5290 tres
2206 5232 2474 5300 virtutes,
2493 5249 2596 5288 nec
2623 5236 2741 5288 tres
2771 5231 3090 5304 sapientiai,
3114 5231 3215 5286 sed
3239 5246 3354 5284 una
3373 5229 3560 5286 virtus

1913 5328 1970 5380 et
1990 5341 2107 5378 una
2127 5322 2434 5395 sapientia,
2457 5321 2625 5376 Pater
2653 5326 2708 5376 et
2733 5321 2908 5376 Filius
2928 5325 2986 5374 ct
3010 5319 3264 5391 Spiritus
3285 5322 3556 5392 sanctus;

1911 5413 2050 5485 quia
2069 5411 2191 5466 bac
2216 5410 2452 5465 nomina
2473 5409 2891 5464 substantialia
2911 5413 3051 5462 sunt
3074 5411 3131 5462 et
3156 5423 3270 5461 non
3300 5405 3555 5476 relativa,

1910 5501 2063 5557 sicut
2095 5517 2210 5556 una
2241 5497 2591 5566 substantia,
2626 5503 2682 5552 et
2730 5514 2844 5551 una
2881 5495 3324 5567 omnipotentis,
3356 5500 3414 5552 et
3444 5495 3561 5552 alia

1909 5607 2036 5662 quae
2058 5590 2130 5646 de
2157 5588 2490 5646 substantia
2509 5583 2831 5642 divinitatis
2862 5584 3174 5642 dicuntur:
3197 5589 3255 5641 et
3274 5591 3364 5643 est
3393 5586 3560 5644 Pater
