3896 6182
305 322 426 390 607

1256 325 1642 390 HINCMARI
1685 323 2138 389 RHEMENSIS
2181 326 2778 392 ARCHIEPISCOPI

3587 329 3702 394 608

304 477 506 521 verum
537 460 759 528 lumen,
791 463 848 516 et
887 459 1066 516 Filius
1096 475 1296 516 verum
1345 457 1544 515 lumen
1593 477 1660 516 ex
1707 457 1948 526 lumine,
1982 457 2036 524 Α
2063 462 2180 529 tus,
2205 459 2359 517 sicut
2377 461 2553 518 etiam
2570 462 2641 519 de
2666 461 2808 518 Filio
2829 461 3047 518 tradita
3065 462 3138 519 ab
3160 463 3440 536 apostolis
3453 463 3706 537 Symboli

307 547 561 626 Spiritus
583 553 824 608 sanctus
844 566 1044 605 verum
1072 548 1270 605 lumen
1295 553 1352 605 et
1370 567 1507 606 vera
1525 548 1966 616 illuminatio,et
2073 549 2360 606 confessio
2394 555 2553 606 tenet
2575 550 2840 618 dicentis,
2863 552 3037 606 Sedet
3065 551 3136 607 ad
3167 551 3463 608 dexteram
3505 551 3706 620 Patris,

305 653 422 699 non
454 640 568 697 tria
599 639 844 706 lumina,
871 639 971 694 sed
1006 655 1192 694 unum
1224 639 1446 694 lumen.
1481 639 1644 694 Unde
1675 637 1963 710 scriptum

305 735 413 800 est,
447 731 504 786 In
558 730 767 784 lumine
813 735 902 784 tuo
953 727 1256 784 videbimus
1303 728 1488 783 lumen
1520 727 1691 796 (Psal.
1727 743 1960 794 xxxvm,

308 819 416 892 10),
441 815 594 874 sicut
623 821 681 874 et
725 834 845 873 una
869 816 1076 884 virtus,
1109 821 1166 872 et
1205 833 1324 872 una
1364 815 1650 888 sapientia
1685 832 1697 870 :
1734 816 1874 887 quia
1902 813 1961 870 in

304 905 405 963 illa
426 905 804 979 simplicitate
825 905 1034 960 divinae
1065 909 1286 960 natura:
1321 923 1432 960 non
1457 908 1545 960 est
1571 904 1729 960 aliud
1758 920 1962 976 sapere

304 1010 483 1070 quam
531 1012 680 1066 esse,
715 1011 829 1050 non
862 997 952 1050 est
981 993 1135 1050 544
1165 994 1324 1048 aliud
1377 1010 1506 1050 esse
1536 1010 1714 1066 quam
1764 1011 1958 1066 posse,

304 1079 411 1142 nec
437 1084 600 1140 ‘aliud
643 1101 814 1156 posse
849 1099 1027 1156 quam
1057 1082 1266 1138 vivere.
1303 1083 1519 1138 Eadem
1551 1083 1631 1138 ibi
1673 1083 1962 1154 sapientia

303 1181 430 1249 quae
462 1173 740 1239 essentia,
763 1172 964 1228 eadem
1010 1171 1128 1226 vita
1175 1188 1302 1243 quae
1336 1176 1392 1226 et
1420 1171 1695 1239 essentia,
1733 1177 1790 1228 et
1837 1172 1960 1229 haec

303 1263 502 1320 omnia
532 1276 715 1318 unum
739 1265 795 1317 et
825 1277 980 1316 unus
1011 1260 1224 1315 Deus.»
1247 1261 1316 1314 Et
1346 1259 1482 1314 item
1509 1265 1749 1316 sanctus
1769 1262 1961 1333 Augu-

301 1338 494 1408 stinus
515 1351 576 1408 in
598 1349 872 1406 Tractatu
903 1347 1114 1420 psalmi
1137 1348 1478 1422 octogesimi
1514 1349 1702 1420 quinti
1739 1367 1788 1404 :«
1815 1349 1956 1404 Nul-

301 1435 425 1496 lum
447 1439 642 1510 majus
659 1439 876 1493 donum
903 1440 1178 1508 prmstare
1201 1441 1398 1508 posset
1415 1437 1569 1492 Deus
1595 1437 1954 1504 hominibus,

301 1545 480 1604 quam
511 1531 576 1584 ut
603 1525 860 1583 Verbum
892 1543 1088 1594 suum,
1112 1541 1216 1596 per
1245 1526 1401 1596 quod
1440 1525 1699 1581 condidit
1732 1526 1952 1595 omnia,

301 1615 514 1674 faceret
541 1615 876 1688 illiscaput,
900 1619 958 1670 et
996 1614 1128 1670 illos
1157 1613 1206 1668 ei
1241 1618 1524 1686 tanquam
1558 1615 1824 1670 membra
1853 1631 1954 1670 co-

299 1709 544 1779 eptaret,
575 1709 642 1760 ut
691 1709 846 1762 esset
894 1703 1076 1760 Filius
1124 1702 1242 1770 Dei,
1276 1706 1332 1758 et
1377 1703 1534 1758 ﬁlius
1585 1704 1863 1770 hominis,
1897 1709 1956 1760 et

2075 638 2208 694 inde
2226 643 2508 695 venturus
2533 641 2800 710 judicare
2820 640 2980 696 vivos
3001 645 3058 694 et
3078 643 3360 696 mortuos.
3386 640 3562 697 Vides
3582 657 3716 714 ergo

2073 730 2366 800 quomodo
2398 747 2501 802 per
2529 729 2680 784 hanc
2710 729 3032 784 orationem
3064 745 3126 786 se
3159 733 3218 784 et
3255 729 3478 785 Patrem
3511 730 3572 784 in
3602 746 3714 788 una

2073 818 2422 884 substantia,
2457 823 2514 873 et
2556 817 2617 873 in
2648 835 2766 873 una
2812 817 3028 873 deitate
3076 817 3400 891 conjungit.
3432 819 3580 874 Ecce
3623 819 3716 875 ille

2073 907 2254 962 futuri
2285 906 2497 978 judicii
2528 907 2674 972 dies,
2707 906 2808 979 qui
2838 907 3033 962 venire
3081 923 3183 979 per
3230 905 3354 962 Filii
3405 907 3712 964 adventum

2070 995 2452 1068 promittitur,
2489 997 2560 1050 de
2610 995 2798 1051 Patris
2845 995 3159 1066 praesentia
3203 994 3595 1066 prastolatus,
3642 996 3716 1052 sit

2071 1085 2221 1141 545
2245 1085 2372 1155 jam
2413 1084 2755 1140 indubitatae
2805 1083 3048 1138 unitatis
3085 1083 3517 1150 testimonium,
3541 1083 3626 1139 sic
3653 1089 3714 1140 ut

2069 1173 2140 1228 de
2174 1171 2298 1227 Filii
2331 1173 2583 1228 adventu
2608 1171 2868 1244 loquitur
2892 1171 3242 1243 promissus,
3266 1172 3338 1226 de
3367 1170 3558 1226 Patris
3587 1189 3715 1244 pre-

2068 1262 2259 1316 sentia
2291 1263 2567 1317 doceatur
2593 1259 2940 1332 impletus.»
2965 1260 3034 1314 Et
3062 1257 3362 1328 aliquanto
3392 1259 3665 1332 superius
3696 1277 3710 1316 :

2069 1371 2096 1399 «
2121 1349 2182 1405 Si
2201 1366 2338 1422 ergo
2369 1351 2651 1420 majorem
2677 1348 2902 1404 Patrem
2925 1353 2982 1404 et
3002 1347 3288 1404 minorem
3313 1347 3528 1404 Filium
3551 1348 3711 1416 dicis,

2065 1439 2315 1510 gradum
2349 1437 2513 1504 facis,
2543 1442 2604 1493 et
2653 1436 2941 1492 unitatem
2991 1435 3168 1503 tollis,
3193 1440 3252 1492 et
3288 1453 3423 1492 cum
3451 1437 3632 1492 offers
3658 1437 3714 1492 in

2065 1525 2376 1593 oblatione,
2403 1544 2516 1581 non
2563 1529 2727 1598 potes
2776 1524 2987 1593 dicere,
3009 1522 3198 1579 Oil‘ero
3229 1524 3356 1592 tibi,
3380 1525 3566 1592 Deus,
3595 1525 3712 1592 sed,

2065 1613 2255 1670 Oil‘ero
2276 1614 2460 1681 vobis,
2487 1613 2597 1682 dii;
2623 1615 2777 1686 quod
2805 1617 2894 1668 est
2915 1612 3236 1668 absurdum
3257 1619 3318 1670 et
3342 1613 3676 1668 inauditum
3697 1629 3711 1670 :

2065 1708 2167 1760 aut
2199 1709 2371 1771 certe,
2397 1703 2444 1758 si
2477 1703 2704 1758 vicibus
2736 1707 2792 1758 et
2823 1701 3166 1773 singillatim
3196 1702 3426 1767 offeras,
3447 1704 3506 1756 et
3541 1701 3712 1758 semel

300 1809 454 1852 unus
485 1793 641 1851 Dens
670 1811 806 1850 cum
829 1794 1014 1860 Patre,
1041 1810 1196 1848 unus
1227 1792 1403 1847 homo
1425 1809 1558 1848 cum
1581 1791 1949 1867 hominibus;
1988 1825 2036 1889 B
2063 1794 2272 1848 otl'eras
2305 1791 2482 1858 Patri,
2507 1789 2688 1847 semel
2727 1790 2936 1846 oll'eras
2979 1789 3138 1856 Filio,
3164 1806 3299 1844 cum
3333 1790 3486 1846 Patri
3523 1791 3711 1857 θεῖοι-ε,

299 1889 365 1941 ﬁt
393 1889 451 1941 et
482 1884 715 1957 quando
745 1881 1047 1955 loquimur
1075 1882 1147 1937 ad
1185 1881 1370 1938 Deum
1401 1882 1800 1953 deprecantes,
1835 1899 1951 1938 non

297 1968 434 2029 inde
464 1972 676 2029 Filium
699 1988 1040 2044 separemus
1065 1988 1078 2025 :
1103 1973 1160 2027 et
1181 1971 1416 2042 quando
1449 1975 1721 2044 precatur
1739 1988 1952 2043 corpus

299 2055 502 2128 Filius,
535 2076 648 2116 non
681 2077 715 2116 a
747 2075 808 2115 se
839 2061 1068 2130 separet
1117 2064 1295 2130 caput
1343 2077 1542 2125 suum,
1570 2059 1764 2132 sitque
1797 2077 1952 2116 unus

299 2149 424 2221 ipse
469 2147 734 2205 Salvator
760 2147 1020 2220 corporis
1065 2147 1158 2202 sui
1209 2148 1494 2202 Dominus
1535 2153 1735 2204 noster
1777 2149 1952 2206 Jesus

297 2230 567 2294 Christus
599 2234 778 2292 Filius
808 2223 930 2302 Dei,
954 2235 1052 2307 qui
1084 2239 1142 2291 et
1165 2239 1288 2291 oret
1317 2253 1422 2308 pro
1453 2237 1642 2303 nobis,
1668 2242 1724 2292 et
1744 2243 1868 2292 oret
1889 2239 1948 2293 in

297 2323 486 2390 nobis,
511 2327 568 2380 et
597 2328 795 2379 oretur
825 2341 859 2378 a
889 2323 1058 2379 nobis
1091 2341 1104 2378 :
1141 2327 1267 2378 orat
1313 2341 1416 2396 pro
1447 2323 1616 2380 nobis
1645 2329 1710 2379 ut
1757 2342 1947 2382 sacer-

294 2415 403 2471 dos
422 2416 637 2479 noster,
661 2415 788 2468 orat
816 2412 876 2466 in
903 2412 1072 2468 nobis
1093 2415 1158 2466 ut
1179 2417 1356 2485 caput
1377 2417 1668 2480 nostrum,
1690 2417 1892 2470 oratur
1913 2433 1948 2472 a

295 2502 488 2574 nobis,
509 2505 575 2557 ut
605 2499 760 2558 Deus
811 2504 1066 2557 noster.»
1089 2501 1157 2556 Et
1204 2500 1263 2556 in
1315 2517 1582 2558 sermone
1613 2502 1684 2558 de
1715 2490 1946 2560 Unitate

295 2586 482 2646 Patris
501 2594 560 2646 et
589 2587 715 2644 Filii
743 2591 800 2644 et
832 2588 1086 2662 Spiritus
1116 2589 1303 2645 sancti
1343 2594 1543 2646 contra
1579 2591 1826 2647 Arianos
1857 2593 1943 2648 di-

295 2678 374 2735 cit
405 2694 458 2734 :«
479 2676 628 2745 Quia
655 2676 1026 2732 ministrante
1057 2677 1304 2733 Domino
1335 2678 1516 2734 habes
1545 2679 1943 2736 abundantem

291 2761 579 2822 Dominici
607 2765 766 2822 verbi
797 2781 1031 2838 panem,
1065 2781 1214 2838 pone
1245 2766 1438 2822 adhuc
1469 2783 1649 2840 super
1675 2785 1940 2824 mensam

289 2854 482 2912 cordis
513 2853 672 2910 illius
703 2857 914 2926 panem
946 2871 1179 2928 quoque
1209 2853 1524 2910 Dominica:
1555 2855 1857 2924 orationis,
1885 2862 1942 2913 et

289 2959 686 3002 commemora
713 2943 902 3009 illum,
927 2943 1207 3016 quoniam
1239 2944 1525 3000 Dominus
1546 2944 1604 2998 in
1629 2945 1939 3018 Evangelio

289 3029 454 3101 dixit,
472 3033 749 3107 Quidquid
775 3035 836 3089 in
863 3035 1086 3089 nomine
1112 3049 1230 3089 meo
1255 3051 1288 3089 τι
1320 3039 1482 3088 Patre
1521 3035 1810 3105 petieritis,
1842 3051 1938 3104 ego

285 3134 321 3177 a
348 3122 512 3178 Patre
538 3130 657 3194 peto
703 3129 756 3177 et
799 3121 1024 3176 dabitur
1067 3121 1216 3177 vobis
1248 3121 1430 3194 (Marc.
1453 3138 1531 3188 χι,
1551 3123 1662 3194 24).
1691 3123 1760 3177 Et
1791 3140 1934 3195 quo-

2065 1881 2272 1936 Filium
2315 1879 2738 1954 praetermittis,
2760 1883 2817 1934 et
2847 1895 2981 1934 cum
3015 1877 3154 1933 Filio
3205 1879 3398 1945 offers,
3421 1879 3654 1936 Patrem
3681 1897 3710 1936 ε

2060 1987 2304 2024 munere
2325 1968 2624 2024 offerentis
2645 1966 2990 2024 excludis.Si
3013 1970 3208 2022 autem
3239 1965 3378 2022 Filio
3399 1966 3534 2022 sine
3559 1968 3711 2024 Patre

2061 2058 2256 2126 oil‘ers,
2281 2059 2407 2130 jam
2439 2074 2553 2112 non
2604 2057 2824 2130 poteris
2865 2073 2966 2128 per
2993 2055 3312 2112 orationem
3347 2055 3712 2112 Dominicam

2062 2146 2320 2220 mysterii
2357 2150 2726 2202 sacramenta
2754 2143 3066 2216 complere,
3089 2148 3154 2198 ut
3173 2143 3334 2200 dicas
3365 2143 3437 2198 ad
3471 2143 3714 2216 plenitu-

2059 2236 2256 2292 dinem
2287 2235 2522 2308 perfecti
2551 2233 2873 2290 holocausti
2898 2232 3219 2288 orationem
3244 2230 3710 2297 Dominicam,id

2057 2328 2168 2391 est,
2200 2325 2368 2380 Pater
2397 2329 2597 2380 noster
2627 2322 2724 2395 qui
2767 2338 2830 2378 es
2882 2321 2940 2376 in
2969 2319 3149 2386 caelis,
3175 2319 3314 2392 quia
3343 2320 3710 2388 Patrem,cui

2058 2430 2172 2468 non
2205 2413 2396 2479 oil'ers,
2428 2429 2532 2467 nec
2562 2411 2777 2467 orabis.
2811 2409 2870 2466 Si
2904 2409 3116 2465 iterum
3164 2409 3318 2464 Patri
3366 2407 3708 2482 incorporeo

2056 2503 2249 2569 offers,
2273 2506 2330 2558 et
2361 2501 2568 2556 Filium
2611 2498 3026 2573 praetermittis,
3061 2497 3238 2555 oblati
3286 2499 3460 2570 panis
3492 2505 3706 2572 myste-

2054 2590 2208 2646 rium
2239 2608 2354 2646 non
2404 2589 2620 2661 poterit
2646 2589 2705 2643 in
2739 2587 2999 2660 corporis
3029 2591 3397 2644 sacramenta
3435 2588 3704 2656 transire,

2053 2693 2242 2750 neque
2273 2677 2330 2732 in
2364 2677 2798 2734 consecratione
2838 2675 3164 2732 holocausti
3192 2677 3705 2744 commemoratio-

2052 2785 2185 2824 nem
2208 2767 2525 2824 Dominicce
2538 2784 2713 2822 ccenaa
2736 2767 2924 2822 facere
2945 2765 3330 2838 poteris,quia
3345 2767 3507 2838 quod
3533 2766 3706 2822 Filius

2051 2873 2362 2928 corporeus
2407 2873 2515 2912 suo
2564 2854 2790 2927 corpori
2835 2842 3239 2926 deputavitret
3285 2853 3358 2908 ad
3409 2853 3705 2926 passionis

2049 2963 2168 3002 suae
2186 2944 2528 3000 memoriam
2561 2943 2849 3016 pertinere
2869 2942 3071 3012 jussit,
3096 2942 3249 2998 Patri
3279 2941 3626 3014 incorporeo
3645 2946 3702 2998 et

2049 3052 2082 3091 a
2110 3034 2382 3106 passione
2421 3033 2630 3102 alieno,
2659 3031 2707 3087 si
2739 3049 2774 3088 a
2807 3031 2947 3086 Filio
2995 3035 3304 3103 separatus
3351 3031 3557 3098 fuerit,
3589 3048 3698 3087 non

2045 3121 2257 3197 poterit
2285 3121 2572 3194 deputari.
2607 3121 2666 3176 Si
2712 3136 2848 3192 ergo
2898 3120 3071 3175 offers
3119 3119 3273 3174 Patri
3323 3124 3384 3174 et
3437 3119 3610 3188 Filio,
3642 3118 3700 3175 in

287 3209 460 3266 modo
499 3187 557 3264 in
591 3209 993 3264 demonstrata
1021 3227 1055 3264 a
1085 3227 1147 3266 se
1189 3187 1468 3276 oratione,
1501 3187 1667 3282 quasi
1716 3187 1933 3269 oblitus
1965 3187 2008 3256 (ἶ
2047 3187 2272 3268 imitate
2303 3187 2546 3266 Deitatis
2575 3209 2750 3265 oll‘ers
2771 3187 2842 3264 ei.
2869 3210 3035 3264 Tunc
3055 3207 3399 3281 mysterium
3434 3187 3706 3281 carperis

285 3295 388 3352 illa
407 3312 535 3369 quae
559 3297 800 3362 dixerat,
826 3313 888 3352 se
933 3297 1346 3368 praetermissio,
1373 3299 1600 3354 Patrem
1629 3299 1820 3355 solum
1852 3318 1941 3356 ro-

287 3391 428 3458 gare
468 3385 640 3454 jubet
669 3383 868 3440 dicens
901 3401 915 3438 :
948 3385 1028 3440 Ita
1063 3387 1309 3454 ambitis,
1345 3388 1507 3442 Pater
1551 3397 1732 3445 noster
1760 3391 1854 3462 qui
1883 3407 1939 3446 es

287 3475 347 3529 ῆι
377 3473 570 3528 cretis?
598 3472 742 3540 (Mat.
776 3490 853 3538 v1,
884 3473 962 3543 9.)
983 3473 1054 3528 Et
1086 3475 1185 3530 ubi
1217 3478 1306 3530 est
1333 3477 1488 3547 quod
1523 3477 1669 3532 dixit
1701 3494 1714 3533 :
1751 3480 1811 3532 In
1839 3495 1938 3533 no-

285 3563 436 3616 mine
453 3575 570 3616 meo
589 3577 623 3616 τι
642 3565 806 3616 Patre
821 3563 1006 3633 petite,
1027 3568 1078 3617 et
1096 3578 1198 3635 ego
1219 3580 1253 3618 α
1272 3565 1433 3618 Patre
1448 3571 1566 3634 peto
1583 3568 1604 3619 Ρ
1622 3566 1796 3632 (Joan.
1821 3585 1936 3636 xvr,

282 3643 400 3721 27.)
421 3649 722 3716 Quomodo
750 3666 961 3705 nomen
993 3667 1190 3718 suum,
1217 3669 1319 3723 per
1341 3653 1493 3724 quod
1519 3653 1636 3724 peti
1661 3653 1785 3726 ipse
1807 3655 1938 3726 jus-

285 3736 380 3806 sit,
407 3738 464 3794 in
500 3738 763 3794 oratione
794 3757 829 3794 a
858 3755 920 3794 se
951 3739 1352 3796 demonstrata
1383 3743 1792 3812 praetermisit?
1827 3743 1938 3798 Sed

285 3825 424 3898 quia
453 3826 608 3882 idem
633 3815 766 3898 ipse
791 3825 1032 3893 dixerat,
1059 3828 1165 3896 Qui
1184 3845 1271 3884 me
1295 3829 1458 3894 videt,
1481 3829 1625 3884 videt
1644 3837 1694 3885 et
1721 3832 1942 3885 Patrem

285 3915 462 3982 (Joan.
496 3931 608 3980 xw,
629 3915 708 3983 9),
739 3915 922 3970 voluit
964 3915 1073 3970 hoc
1114 3917 1459 3986 mysterium
1500 3933 1533 3970 a
1575 3916 1848 3974 ﬁdelibus
1879 3918 1937 3974 in

285 4001 589 4058 Dominica
616 4003 876 4059 oratione
909 4003 1162 4076 impleri,
1195 4009 1259 4058 ut
1289 4021 1392 4075 per
1436 4005 1585 4059 hunc
1616 4007 1936 4062 orationem

283 4092 341 4146 in
365 4091 530 4148 Patre
551 4091 726 4147 etiam
753 4091 934 4148 Filius
963 4096 1268 4165 rogaretur
1291 4110 1303 4147 :
1330 4097 1385 4148 et
1409 4092 1546 4164 quia
1581 4095 1638 4148 in
1662 4095 1938 4166 Symbolo

280 4180 494 4236 iterum
513 4184 570 4236 et
591 4186 897 4254 separatus
915 4199 949 4236 a
966 4181 1133 4236 Patre
1160 4180 1659 4250 nominatur,cum
1684 4184 1900 4239 dicitur
1923 4203 1936 4242 ε

280 4269 462 4326 Credo
495 4269 554 4324 in
587 4270 773 4326 Deum
809 4269 1058 4337 Patrem,
1083 4274 1140 4326 et
1179 4270 1236 4324 in
1279 4270 1481 4326 Jesum
1516 4270 1814 4327 Christum
1853 4273 1938 4327 Fi-

283 4357 426 4414 lium
457 4359 615 4430 ejus;
649 4361 714 4413 ut
744 4361 980 4430 propter
1022 4357 1306 4412 unitatem
1339 4357 1576 4412 deitatis
1607 4358 1691 4413 sic
1721 4364 1876 4414 esset
1907 4377 1941 4414 a

282 4447 448 4502 Patre
479 4446 538 4502 in
561 4445 835 4520 Symbolo
859 4451 1185 4517 separatus,
1205 4449 1269 4500 ut
1294 4449 1447 4500 esset
1472 4444 1684 4500 iterum
1719 4447 1778 4502 in
1809 4463 1937 4504 ora-

2041 3295 2224 3358 etiam
2257 3299 2444 3354 Patris
2474 3302 2842 3355 sacramenta
2871 3297 3214 3369 suscipiant,
3229 3296 3317 3352 vel
3340 3301 3489 3352 tunc
3520 3297 3704 3352 oratio

2047 3387 2353 3445 Dominica
2380 3390 2534 3442 recte
2565 3386 2625 3440 in
2653 3384 2756 3440 filii
2789 3384 3080 3441 oblatione
3111 3385 3346 3440 dicitur.
3380 3385 3702 3458 Separatus

2047 3482 2246 3532 autem
2279 3477 2446 3530 Pater
2474 3492 2510 3530 a
2539 3473 2682 3530 Filio
2709 3471 3089 3529 offerentibus
3118 3471 3228 3528 sibi
3263 3477 3702 3528 sacramentum

2049 3563 2306 3636 corporis
2340 3581 2455 3619 non
2489 3561 2700 3635 poterit
2728 3560 3000 3616 exhibere
3030 3561 3186 3632 quod
3231 3577 3345 3615 non
3385 3559 3572 3616 habet
3605 3576 3618 3616 :
3647 3563 3704 3615 et

2047 3654 2272 3710 divisus
2301 3669 2336 3708 a
2367 3652 2533 3707 Patre
2569 3649 2745 3712 Filius
2787 3651 2844 3704 in
2877 3649 3168 3705 oblatione
3207 3667 3315 3706 sua
3353 3667 3460 3722 per
3490 3649 3702 3706 oratio-

2049 3759 2180 3798 nem
2231 3739 2616 3804 Dominicam,
2641 3739 2794 3810 quod
2830 3738 2888 3792 in
2919 3739 3048 3810 ipso
3080 3755 3196 3794 non
3245 3741 3335 3795 est
3379 3737 3703 3812 incongrue

2049 3830 2236 3886 Patris
2268 3846 2480 3884 nomen
2505 3827 2769 3900 accipiet.
2794 3827 3192 3883 Confiteamur
3218 3844 3352 3899 ergo
3383 3827 3620 3884 Patrem
3647 3830 3706 3884 et

2053 3919 2259 3975 Filium
2293 3935 2477 3972 unum
2509 3933 2638 3972 esse
2669 3917 2948 3984 Deum,et
2975 3915 3149 3972 unius
3177 3933 3304 3972 esse
3333 3916 3700 3983 substantiae,

2048 4015 2106 4066 et
2137 4007 2321 4062 Patris
2353 4003 2674 4078 paternitas
2703 4021 2839 4060 cum
2876 4004 2999 4059 Filii
3029 4003 3244 4060 deitate
3276 4021 3337 4059 se
3373 4005 3617 4076 jungat,
3645 4007 3704 4058 et

2049 4100 2389 4154 consecrata
2423 4093 2546 4148 Filii
2579 4111 2713 4149 caro
2742 4111 2877 4148 cum
2918 4093 3104 4148 Patris
3143 4109 3375 4164 semper
3393 4091 3616 4148 deitate
3644 4107 3702 4146 se

2050 4187 2380 4252 misceat,et
2397 4188 2540 4238 tunc
2552 4183 2678 4254 jam
2696 4182 2795 4255 qui
2821 4186 3012 4254 potest
3025 4181 3111 4237 sic
3132 4181 3189 4235 in
3209 4197 3392 4236 unum
3411 4195 3704 4236 connexos

2048 4274 2327 4348 mysticus
2349 4273 2568 4328 formas
2588 4288 2623 4326 a
2643 4269 2876 4326 deitatis
2913 4269 3137 4325 unitate
3153 4267 3454 4335 dissolvat,
3482 4285 3623 4324 cum
3645 4268 3700 4324 in

2049 4381 2166 4420 uno
2198 4359 2506 4426 sacrificio,
2533 4364 2591 4415 et
2637 4359 2805 4414 Pater
2833 4359 2890 4414 in
2937 4375 3001 4414 se
3047 4361 3231 4414 totam
3285 4355 3411 4412 Filii
3461 4372 3700 4412 carnem

2049 4449 2329 4522 suscepit,
2355 4452 2411 4504 et
2445 4447 2622 4504 Filius
2653 4447 2712 4502 in
2753 4464 2816 4503 se
2845 4451 3036 4503 totum
3071 4446 3256 4502 Patris
3293 4459 3513 4502 nomen
3545 4462 3704 4502 assu-

279 4531 436 4589 tione
467 4535 838 4605 conjunctus,
871 4539 1163 4606 quatenus
1207 4533 1328 4589 haec
1377 4537 1625 4606 utraque
1657 4537 1933 4608 mysteria
1963 4555 2009 4619 D
2041 4541 2207 4598 mit.»
2229 4541 2300 4595 Et
2344 4537 2486 4593 item
2527 4535 2607 4592 ibi
2631 4552 2680 4593 :«
2717 4534 2880 4592 Unus
2911 4535 3146 4608 quidem
3198 4550 3434 4590 carnem
3486 4537 3700 4607 portat,

281 4622 540 4694 Symboli
563 4627 619 4678 et
639 4623 1011 4691 orationis,et
1033 4623 1377 4679 Trinitatem
1402 4623 1459 4678 in
1491 4623 1713 4680 unitate
1734 4629 1930 4680 osten-

281 4706 567 4775 derent,et
588 4710 801 4766 iterum
823 4711 1108 4767 unitatem
1132 4711 1191 4766 in
1209 4711 1496 4766 Trinitate
1513 4716 1926 4769 monstrarent.

208 4851 212 4856 .
274 4799 407 4854 Non
438 4815 574 4872 ergo
605 4815 666 4855 se
697 4799 754 4854 in
788 4800 1048 4855 oratione
1087 4800 1482 4871 prmtermisit,
1517 4801 1617 4856 sed
1650 4800 1707 4855 in
1744 4801 1932 4858 Patris

282 4888 508 4943 unitate
536 4888 858 4959 conjunxit.
893 4888 1058 4943 Sicut
1095 4903 1409 4960 ergo,cum
1461 4889 1612 4944 Patri
1644 4892 1836 4958 otI'ers,
1870 4891 1930 4946 in

279 4975 570 5034 oblatione
606 4973 731 5030 Filii
763 4991 976 5048 corpus
1022 4976 1300 5044 associas,
1332 4977 1417 5033 sic
1447 4981 1504 5032 et
1531 4977 1591 5032 in
1623 4978 1934 5034 Dominica

280 5064 562 5131 oratione,
581 5067 852 5120 mutuata
882 5064 1142 5138 mysterii
1166 5065 1306 5131 vice,
1330 5082 1464 5120 cum
1489 5065 1715 5121 Patrem
1739 5083 1930 5137 rogas,

284 5152 407 5210 Filii
430 5169 663 5227 quoque
692 5169 906 5208 nomen
931 5153 1234 5226 imploras.
1259 5154 1328 5208 Et
1358 5157 1423 5208 ut
1447 5153 1640 5209 adhuc
1671 5153 1933 5226 apertius

280 5242 598 5316 intelligas,
620 5243 760 5315 quia
787 5241 847 5296 in
893 5242 1060 5298 Patre
1090 5248 1148 5299 et
1177 5261 1239 5298 se
1269 5247 1410 5298 tunc
1443 5243 1595 5298 orari
1617 5243 1818 5313 jussit,
1843 5242 1930 5298 di-

281 5325 530 5403 ligenter
558 5331 862 5402 sequentia
891 5337 1276 5403 perscrutare.
1313 5331 1375 5385 In
1407 5329 1595 5402 ipsius
1625 5330 1780 5385 enim
1810 5348 1933 5386 ora-

279 5419 460 5475 tionis
488 5419 774 5491 principio
807 5419 1034 5475 Patrem
1075 5423 1308 5475 tantum
1351 5419 1602 5474 invocari
1638 5419 1931 5491 praeepit,

281 5511 340 5560 et
366 5506 606 5562 inferius
638 5507 797 5576 dicit,
835 5508 1099 5564 Adveniet
1126 5525 1355 5580 regnum
1383 5513 1538 5562 tuum
1567 5506 1716 5578 (Luc.
1751 5526 1828 5576 χι,
1851 5509 1932 5578 2),

281 5599 418 5649 cum
443 5594 652 5665 utique
672 5612 790 5652 non
821 5595 1008 5654 Patris
1037 5598 1139 5654 sed
1176 5595 1300 5652 Filii
1331 5599 1698 5666 exspectetur
1722 5597 1932 5654 adven-

2041 4629 2141 4686 sed
2164 4643 2297 4682 caro
2329 4623 2590 4680 indivisa:
2628 4622 2864 4679 deitatis
2906 4621 3182 4696 mysterio
3211 4625 3613 4677 consecratur.
3635 4619 3704 4675 Et

2039 4717 2170 4772 ideo
2192 4731 2326 4771 caro
2366 4713 2426 4768 in
2450 4712 2637 4768 Patris
2671 4717 2730 4767 et
2759 4709 2882 4766 Filii
2903 4713 3270 4766 sacramento
3293 4709 3697 4780 transmigrat,

2041 4811 2099 4861 et
2129 4801 2487 4860 consecratio
2508 4800 2594 4856 vel
2627 4798 3083 4856 communicatio
3114 4797 3373 4870 corporis
3405 4797 3566 4853 hunc
3599 4797 3700 4852 ho-

2041 4910 2243 4950 norem
2275 4890 2431 4947 Patri
2454 4891 2678 4946 confcrt
2699 4906 2874 4961 quem
2907 4892 3145 4961 praastat
3173 4892 3230 4942 et
3263 4885 3402 4942 Filio
3427 4903 3442 4940 :
3467 4891 3526 4942 et
3545 4885 3703 4942 sicut

2040 4982 2283 5038 oti'ertur
2329 4980 2490 5049 Filio,
2514 4979 2598 5035 sic
2628 4979 2870 5034 oti‘ertur
2913 4981 2972 5033 et
3023 4975 3198 5042 Patri,
3218 4978 3278 5031 et
3314 4973 3586 5030 oﬂ‘erenti
3614 4972 3700 5029 vel

2041 5067 2501 5126 communicanti
2547 5068 2616 5123 ad
2671 5066 2874 5134 altare,
2905 5065 2966 5120 in
2999 5082 3117 5120 una
3164 5063 3488 5135 eademque
3535 5061 3701 5118 obla-

2041 5158 2216 5226 tione,
2252 5158 2408 5229 quod
2459 5159 2696 5228 priest-at
2737 5153 2938 5223 Filius,
2972 5154 3082 5210 hoc
3113 5155 3350 5226 prastat
3399 5156 3459 5208 et
3505 5151 3701 5207 Pater.

2042 5247 2188 5302 Nam
2221 5245 2269 5301 si
2297 5245 2506 5300 Filium
2539 5261 2574 5298 a
2604 5245 2771 5300 Patre
2821 5260 3080 5314 separas,
3133 5257 3269 5314 ergo
3318 5240 3472 5296 Patri
3504 5239 3703 5296 incor-

2042 5350 2216 5406 poreo
2246 5350 2438 5406 neque
2465 5333 2660 5399 offers,
2683 5348 2872 5404 neque
2891 5330 3314 5397 communicas,
3339 5327 3477 5401 quia
3502 5325 3706 5383 omnis

2042 5421 2258 5477 oblatio
2291 5421 2350 5477 in
2383 5419 2644 5492 corporis
2695 5423 3064 5476 sacramenta
3109 5417 3510 5488 transmigrat.
3547 5414 3706 5470 Cum

2042 5509 2199 5565 enim
2233 5509 2470 5577 dicitur,
2503 5511 2610 5565 Hoc
2637 5517 2717 5566 est
2743 5525 2936 5581 corpus
2963 5524 3164 5572 meum,
3189 5507 3360 5562 Pater
3387 5502 3484 5576 qui
3509 5501 3707 5558 incor-

2043 5613 2254 5668 poreus
2282 5601 2372 5653 est
2414 5597 2462 5653 si
2512 5602 2815 5669 separetur
2851 5614 2886 5653 a
2927 5596 3090 5665 Filio,
3119 5597 3282 5651 extra
3327 5594 3708 5650 sacramenta
