3904 6190
149 303 270 364 609

1177 301 1280 365 DE
1327 306 1486 368 UNA
1526 306 1626 366 ET
1670 305 1828 368 NON
1874 301 2117 367 TRINA
2160 305 2525 369 DEITA'I‘E.

3429 315 3557 378 ﬁli)

147 435 342 492 Patris
375 435 569 490 omnis
619 440 928 509 separatur
947 436 1186 494 oblatio.
1205 437 1352 493 Nam
1400 440 1693 510 quomodo
1715 437 1801 494 di-
1829 440 1884 508 Α
1915 441 2140 496 ostendi
2173 440 2298 508 tibi,
2325 457 2428 513 per
2459 439 2683 497 Patrem
2709 445 2763 496 et
2797 441 3003 498 Filium
3027 448 3084 499 et
3104 445 3388 517 Spiritum
3419 465 3555 506 san-

151 526 257 590 cis,
283 540 414 580 cum
451 524 607 580 Patri
639 525 836 592 offers,
858 525 965 581 Hoc
992 535 1070 581 est
1095 543 1285 598 corpus
1314 527 1580 594 meum,si
1617 527 1800 583 Patris

149 613 339 668 deitas
367 612 712 684 incorporea
740 631 858 668 non
901 614 1076 670 habet
1105 615 1164 670 in
1201 615 1323 670 Filii
1353 633 1592 688 corpore
1617 616 1798 672 socie-

151 700 369 757 tatem?
397 699 458 756 Si
493 705 690 756 autem
725 701 908 758 Patris
938 701 1280 776 incorporea
1299 704 1488 760 deitas
1513 721 1647 760 cum
1677 703 1798 759 Filii

151 803 422 862 corporea
439 787 657 844 deitate
685 790 986 858 miscetur,
1003 791 1155 846 sicut
1175 795 1264 848 est
1281 793 1494 848 veritas
1515 793 1797 866 mysterii,

155 879 372 936 Patrem
388 882 445 933 et
466 877 679 933 Filium
703 879 814 934 sub
837 879 1154 936 indiscreta
1174 881 1388 937 deitate
1408 899 1592 936 unum
1617 882 1798 937 Deum

153 982 272 1022 esse
297 966 714 1039 testaris,quia
733 983 868 1022 cum
900 970 1074 1024 olfers
1099 969 1454 1026 oblationem
1485 987 1598 1024 non
1631 969 1799 1040 dicis,

153 1053 332 1112 Offero
365 1054 521 1112 ειη
550 1055 740 1125 vobis,
763 1059 858 1112 sed
884 1058 1062 1114 otfero
1093 1059 1219 1127 tibi,
1241 1064 1299 1114 et
1321 1059 1402 1116 sic
1424 1059 1619 1116 omnis
1647 1060 1802 1116 obla-

155 1143 228 1198 tio
261 1142 415 1199 Patri
447 1144 690 1216 quidem
723 1151 782 1201 et
814 1145 954 1202 Filio
984 1148 1245 1217 offertur,
1270 1149 1372 1204 sed
1421 1149 1532 1204 sub
1581 1149 1799 1204 utrius-

154 1247 257 1306 que
286 1233 528 1289 nomine
559 1233 663 1289 uni
696 1235 811 1290 Deo
843 1241 1209 1292 monstratur
1237 1236 1450 1292 oblata.
1477 1239 1545 1292 Et
1573 1237 1710 1292 item
1741 1237 1799 1292 in

151 1323 343 1377 eodem
377 1322 699 1378 Sermone:
741 1323 907 1380 Pater
937 1329 1108 1392 Deus,
1135 1324 1315 1380 Pilius
1356 1325 1530 1393 Deus,
1557 1331 1802 1398 uterque

155 1416 337 1465 tamen
362 1410 494 1464 sine
509 1411 766 1466 duorum
791 1413 1034 1469 deorum
1060 1430 1304 1468 numero
1327 1431 1482 1470 unus
1502 1415 1801 1470 Deus.Hoc

155 1504 207 1553 et
243 1497 422 1553 David
470 1499 808 1572 patriarcha
837 1501 1150 1557 confitetur
1177 1502 1380 1558 dicens
1425 1519 1438 1558 :
1480 1504 1618 1558 Deus
1665 1505 1803 1559 Deus

154 1603 308 1652 m,
340 1589 551 1659 respice
593 1590 656 1643 in
679 1605 769 1644 me
796 1589 967 1660 (Psal.
995 1607 1110 1656 xxi,
1133 1594 1224 1658 2);
1260 1595 1318 1646 et
1357 1607 1472 1646 non
1516 1591 1678 1656 dicit,
1713 1609 1803 1646 re-

157 1675 347 1747 spicite
377 1675 440 1730 in
473 1692 570 1731 me
605 1693 616 1732 :
651 1680 709 1732 et
749 1677 964 1733 iterum
995 1678 1171 1734 dicit:
1196 1681 1334 1734 Deus
1365 1681 1502 1736 Deus
1527 1696 1702 1750 naeus,
1733 1680 1803 1736 ad

149 1773 202 1819 te
223 1764 285 1820 de
311 1764 436 1820 luce
483 1765 654 1837 vigilo
683 1765 854 1837 (Psal.
883 1783 1015 1834 LXII,
1038 1767 1124 1838 2);
1153 1772 1210 1822 et
1239 1784 1354 1822 non
1388 1767 1547 1836 dicit,
1581 1770 1652 1824 ad
1701 1785 1802 1824 vos

149 1851 222 1906 de
244 1851 374 1906 luce
401 1852 602 1925 vigilo.
627 1855 762 1919 Qua
783 1855 1073 1911 confessio
1104 1855 1283 1912 David
1309 1856 1538 1911 D0'nini
1561 1873 1798 1930 quoque

161 1940 524 2013 msponsione
554 1941 843 2012 firmatur,
871 1959 1005 1998 cum
1028 1945 1327 2016 respondit
1345 1946 1534 2001 oranti
1557 1951 1614 2001 et
1633 1946 1794 2015 dicit,

161 2027 282 2084 Dm
308 2029 455 2084 Deus
493 2037 620 2084 tuus
659 2046 755 2102 ego
783 2048 905 2086 sum
934 2033 1105 2100 (Psal.
1136 2051 1286 2101 xux,
1306 2036 1385 2102 7),
1408 2037 1465 2088 et
1509 2052 1622 2090 non
1655 2035 1799 2090 dicit

158 2133 348 2173 mus.
377 2117 450 2173 Et
497 2118 710 2174 iterum
760 2119 942 2175 David
989 2121 1179 2176 dicit:
1218 2121 1292 2176 Tu
1339 2139 1394 2178 es
1440 2124 1581 2178 Deus
1626 2126 1794 2192 solus,

163 2209 246 2279 qui
293 2209 433 2278 facis
487 2209 779 2264 mirabilia
818 2210 984 2281 (Psal.
1023 2227 1218 2278 Lxxxv,
1265 2213 1372 2283 10).
1419 2212 1602 2267 Deum
1661 2230 1797 2286 ergo

161 2301 210 2350 et
247 2296 430 2351 Deum
483 2297 768 2369 propheta
824 2297 1137 2354 nominans
1189 2300 1416 2355 Patrem
1475 2306 1532 2356 et
1589 2302 1797 2358 Filium

162 2385 477 2452 conﬁtetur,
511 2401 647 2440 cum
706 2385 918 2442 iterum
975 2386 1168 2442 dicit:
1206 2390 1279 2444 Tu
1321 2406 1377 2444 es
1435 2395 1577 2446 Deus
1629 2393 1796 2457 solus,

163 2478 428 2546 utrosque
467 2473 527 2528 in
573 2490 692 2528 una
737 2474 950 2530 deitate
981 2476 1411 2548 complectitur,
1445 2479 1600 2534 sicut
1644 2480 1799 2535 Deus

163 2565 212 2616 et
259 2562 450 2628 Deus,
509 2561 636 2618 sine
691 2563 944 2618 duorum
1001 2565 1246 2620 deorum
1319 2584 1564 2623 numero
1620 2585 1796 2636 nunc,

165 2653 406 2722 uterque
451 2649 514 2705 in
575 2651 799 2707 unitate
857 2654 1253 2727 conjungitur.
1283 2656 1447 2712 Sicut
1494 2674 1631 2731 ergo
1689 2663 1800 2714 Da-

164 2738 244 2794 vid
271 2739 326 2794 in
353 2740 623 2796 oratione
653 2758 762 2797 sua
789 2746 1069 2814 utrosque
1100 2743 1382 2814 nominat,
1417 2750 1476 2800 et
1507 2764 1689 2803 unum
1721 2753 1803 2803 ta-

168 2843 282 2883 men
309 2833 461 2897 orat,
487 2829 574 2884 sic
601 2833 659 2884 et
688 2835 752 2885 tu
786 2846 921 2886 cum
948 2832 1173 2888 Patrem
1195 2837 1252 2889 et
1275 2833 1482 2890 Filium
1506 2837 1798 2905 nominas,

169 2915 220 2972 in
243 2917 507 2990 utrisque
537 2933 725 2973 unum
770 2917 956 2976 Deum
1003 2925 1062 2976 et
1108 2938 1293 2978 unum
1325 2923 1640 2980 Dominum
1670 2941 1803 2980 con-

168 3005 324 3062 ﬁtere.
352 3028 383 3056 ››
411 3005 484 3062 Et
512 3007 654 3062 item
692 3007 753 3062 in
783 3008 989 3064 eodem
1038 3025 1326 3066 sermone.
1349 3034 1380 3062 «
1411 3013 1623 3086 Legisti
1663 3030 1800 3087 ergo

168 3093 370 3150 Patrem
412 3093 623 3160 Deum,
659 3095 869 3152 Filium
929 3097 1137 3167 Deum,
1189 3099 1471 3172 Spiritum
1529 3107 1798 3158 sanctum

1909 534 2090 592 ctum,
2123 528 2180 583 in
2215 529 2431 584 deitate
2481 529 2787 584 Trinitatis
2831 548 3017 586 unum
3062 533 3262 601 Deum,
3300 539 3366 591 ut
3402 536 3558 594 sicut

1909 634 2012 688 per
2041 617 2405 689 designatam
2458 617 2750 690 Evangelii
2783 619 3030 674 formam
3081 621 3138 675 in
3190 639 3308 678 una
3333 623 3426 680 via
3455 641 3558 697 per

1909 705 2155 777 aaqualia
2183 706 2360 760 trium
2395 705 2648 761 millium
2681 707 2890 778 spatia,
2917 724 3030 762 non
3062 708 3175 764 tria
3204 709 3434 778 itinera,
3455 713 3555 770 sed

1909 809 2094 848 unum
2127 794 2237 848 iter
2264 796 2514 863 ostendi,
2539 794 2625 850 sic
2656 800 2713 850 et
2749 800 2812 850 tu
2843 800 3084 852 secutus
3114 797 3270 853 hunc
3302 800 3556 872 Evange-

1909 882 2160 953 gelicum
2193 885 2508 950 tramitem,
2537 903 2648 939 non
2672 888 2790 940 tres
2815 885 2974 951 deos,
3001 886 3099 940 sed
3125 903 3307 941 unum
3329 904 3561 960 semper

1909 968 2093 1022 Deum
2123 968 2179 1022 in
2215 969 2498 1025 Trinitate
2527 971 2764 1026 deitatis
2809 971 3124 1044 intelligas,
3149 978 3213 1027 ut
3241 990 3376 1029 cum
3407 975 3562 1034 obla-

1909 1055 2127 1111 tionem
2169 1058 2445 1130 mysterio
2475 1058 2781 1114 Trinitatis
2818 1061 3012 1125 oll‘ers,
3047 1078 3163 1118 non
3203 1061 3392 1118 tribus
3423 1063 3558 1131 diis,

1910 1145 2012 1199 sed
2069 1146 2169 1200 uni
2231 1147 2346 1202 Deo
2404 1148 2613 1202 offeras
2655 1147 3231 1222 :quianbicumque
3286 1150 3348 1206 in
3406 1152 3560 1210 Scri-

1910 1233 2099 1305 pturis
2127 1233 2340 1290 divinis
2379 1236 2548 1290 audis
2594 1240 2825 1292 Patrem
2867 1238 3072 1306 Deum,
3110 1239 3317 1294 Filium
3351 1239 3559 1309 Deum,

1912 1321 2055 1377 541
2096 1323 2378 1393 Spiritum
2411 1330 2684 1380 sanctum
2719 1325 2925 1391 Deum,
2951 1332 3007 1381 et
3039 1331 3233 1383 tamen
3265 1343 3560 1400 nusquam

1908 1412 2027 1464 tres
2059 1411 2216 1477 deos,
2241 1411 2342 1465 sed
2375 1428 2609 1483 semper
2631 1429 2813 1466 unum
2845 1415 3024 1469 Deum
3054 1413 3220 1486 legis,
3243 1419 3300 1470 et
3327 1431 3564 1490 semper

1909 1497 2015 1552 tibi
2037 1515 2190 1554 unus
2209 1499 2798 1566 Deus,annuntiatur.
2815 1501 3020 1556 Retine
3041 1517 3178 1574 ergo
3195 1518 3427 1574 semper
3439 1503 3562 1560 haec

1911 1585 2080 1658 signa
2110 1603 2236 1658 quae
2269 1587 2374 1642 tibi
2404 1589 2829 1664 demonstravi,
2853 1589 2994 1661 quia
3037 1606 3142 1645 nec
3189 1591 3338 1646 Patri
3369 1589 3562 1663 possis

1911 1674 2114 1730 olI‘erre
2144 1675 2270 1731 sine
2321 1676 2482 1742 Filio,
2506 1694 2694 1749 neque
2739 1677 2877 1732 Pilio
2924 1677 3053 1734 sine
3101 1678 3267 1734 Patre
3299 1695 3312 1734 :
3347 1679 3485 1750 quia
3509 1679 3561 1740 si

1910 1765 2140 1818 tantum
2165 1765 2316 1820 Patri
2341 1766 2680 1839 incorporeo
2701 1766 3055 1823 oblationem
3087 1768 3279 1835 offers,
3313 1767 3560 1826 oblatio-

1911 1869 2041 1907 nem
2075 1854 2133 1908 in
2162 1855 2421 1926 corporis
2443 1861 2812 1911 sacramenta
2841 1872 2956 1911 non
2987 1855 3226 1928 redigis,
3252 1873 3367 1912 non
3395 1861 3562 1928 potes

1905 1941 2117 2009 dicere,
2149 1943 2339 1998 Pridie
2369 1960 2533 2016 quam
2567 1951 2844 2016 pateretur
2883 1945 3134 2000 formam
3165 1943 3434 2002 sacrificii
3469 1945 3558 2002 in-

1907 2030 2118 2098 stituit,
2149 2048 2255 2087 nec
2279 2036 2440 2103 potes
2461 2032 2652 2087 dicere
2675 2049 2690 2086 :
2715 2034 2821 2088 Hoc
2847 2041 2925 2088 est
2951 2049 3145 2106 corpus
3172 2049 3357 2089 meum
3375 2051 3395 2088 :
3422 2033 3562 2104 quia

1907 2119 2077 2174 Pater
2107 2137 2292 2192 neque
2331 2137 2544 2192 corpus
2593 2120 2823 2188 habuit,
2857 2137 3043 2194 neque
3093 2138 3306 2192 passus
3335 2125 3424 2177 est
3456 2138 3471 2176 :
3502 2126 3563 2176 et

1907 2207 2142 2269 iterum.
2167 2209 2213 2262 si
2253 2208 2389 2262 Pilio
2422 2209 2548 2264 sine
2571 2209 2736 2264 Patre
2760 2210 2990 2275 olferas,
3013 2209 3339 2266 orationem
3370 2210 3564 2269 Demi-

1907 2296 2098 2351 nicam
2123 2298 2192 2351 ad
2217 2297 2712 2368 complementum
2747 2297 2986 2369 perfecti
3013 2297 3337 2354 holocausti
3369 2299 3563 2360 dicere

1909 2402 2022 2439 non
2073 2391 2256 2457 potes,
2289 2387 2428 2458 quia
2469 2387 2528 2442 in
2561 2387 2822 2442 oratione
2873 2385 2998 2442 Filii
3043 2387 3298 2459 separati
3331 2403 3366 2442 a
3398 2387 3563 2447 Patue

1909 2473 2096 2528 Patris
2127 2490 2336 2530 nomen
2367 2491 2484 2530 non
2530 2479 2695 2546 potes
2727 2475 3017 2530 invocare.
3040 2474 3185 2531 Vide
3213 2491 3352 2547 ergo
3383 2491 3561 2548 quam

1908 2562 2052 2617 adeo
2085 2561 2561 2635 inexpugnabilia
2585 2567 2744 2631 sunt,
2769 2567 2827 2618 et
2855 2563 3271 2636 derelinquens
3302 2569 3423 2620 tam
3451 2563 3563 2626 ha-

1909 2651 2155 2706 reticum
2203 2667 2480 2719 errorem,
2535 2651 2882 2708 catholicam
2941 2669 3184 2724 sequere
3230 2653 3558 2716 veritatem.

1906 2739 2176 2811 Alioquin
2197 2740 2298 2812 qui
2319 2740 2422 2795 tibi
2448 2738 2608 2795 aliud
2627 2757 2804 2811 quam
2823 2758 2858 2796 a
2875 2756 2968 2796 me
2989 2742 3430 2798 demonstratur
3449 2741 3562 2803 iter

1909 2827 2183 2894 ostendit,
2205 2829 2363 2884 dicat
2403 2828 2510 2884 tibi
2541 2829 2832 2900 quomodo
2863 2827 3274 2900 praetermissis
3323 2828 3418 2885 his
3465 2847 3560 2890 so-

1908 2915 2202 2971 lemnibus
2231 2915 2384 2972 inter
2409 2917 2688 2989 mysteria
2716 2916 2997 2988 loquaris.
3021 2915 3122 2972 Sin
3150 2918 3346 2972 autem
3374 2915 3436 2972 in
3465 2917 3562 2977 de-

1909 3004 2139 3076 signata
2158 3021 2194 3060 a
2214 3021 2307 3061 me
2329 3003 2594 3060 claritate
2625 3003 2864 3060 luminis
2884 3003 3071 3076 caligo
3091 3003 3304 3064 defecit
3323 3004 3556 3078 erroris,

1908 3093 2231 3166 pertinacia
2273 3091 2450 3149 simul
2499 3093 2752 3161 deﬁciat,
2786 3110 2857 3149 ne
2886 3093 3026 3149 dum
3075 3092 3137 3148 in
3182 3109 3378 3150 errore
3405 3093 3558 3155 vinci

171 3185 324 3238 Deum
353 3181 454 3238 :in
484 3182 595 3239 hac
624 3188 820 3240 tamen
851 3185 1088 3242 deitatis
1108 3169 1391 3244 Trinitate
1412 3206 1703 3262 nusquam
1726 3191 1805 3247 le-
1831 3169 1874 3236 C
1912 3182 2278 3250 erubescitis,
2309 3182 2762 3255 promissionem
2803 3186 3028 3238 eterna":
3068 3181 3196 3238 vita:
3235 3183 3307 3239 de
3343 3181 3558 3244 Christi

168 3271 283 3343 gisti
301 3272 454 3328 duos
473 3269 562 3328 vel
593 3276 714 3327 tres
733 3273 894 3341 deos,
920 3275 1020 3330 sed
1047 3268 1363 3332 multifarie
1386 3295 1570 3334 unum
1591 3280 1799 3336 Deum.

168 3361 306 3424 Quod
328 3359 531 3433 legisti
554 3361 726 3416 crede
745 3366 802 3416 et
823 3363 1126 3420 conﬁtere:
1143 3364 1243 3420 illa
1257 3381 1390 3421 vero
1413 3367 1526 3422 noli
1549 3385 1803 3440 querere

169 3453 217 3502 et
241 3465 524 3522 usurpare
569 3467 697 3522 quis
737 3467 855 3506 non
901 3451 1068 3524 legis.
1097 3475 1125 3503 »
1149 3454 1216 3508 Et
1244 3453 1384 3510 item
1411 3472 1460 3510 ;‹‹
1490 3456 1668 3513 Visus
1714 3463 1804 3515 est

167 3537 394 3594 Abrahae
414 3539 572 3595 Deus
599 3539 673 3594 ad
705 3538 919 3596 illicem
951 3541 1382 3610 Mambre,cum
1416 3545 1642 3603 sederet
1668 3551 1803 3604 ante

173 3626 368 3682 ostium
397 3627 762 3684 tabernaculi
793 3629 884 3686 sui
925 3630 984 3685 in
1017 3630 1208 3687 medio
1249 3631 1362 3701 die,
1387 3639 1446 3689 et
1484 3635 1804 3708 respiciens

173 3715 330 3772 oculis
366 3717 534 3785 vidit,
555 3721 613 3772 et
654 3734 788 3774 ecce
834 3723 953 3774 tres
990 3718 1097 3774 viri
1143 3722 1381 3776 stabant
1431 3739 1607 3795 super
1634 3724 1800 3793 eum;

170 3807 220 3858 et
234 3821 363 3862 eum
380 3805 627 3862 vidisset
645 3823 766 3875 eos,
787 3809 1042 3864 occurrit
1063 3809 1290 3865 obviam
1314 3811 1453 3883 illis,
1467 3817 1524 3868 et
1545 3813 1806 3870 adoravit

175 3895 222 3946 et
243 3893 382 3949 dixit
406 3911 419 3949 :
452 3895 700 3962 Domine,
732 3897 784 3951 si
811 3897 1001 3952 inveni
1027 3899 1262 3968 gratiam
1291 3900 1350 3953 in
1375 3911 1659 3972 conspectu
1689 3911 1800 3971 tuo,

173 3982 271 4038 uti
317 3985 563 4039 transire
615 4000 851 4056 puerum
901 3993 1057 4041 tuum
1094 3985 1247 4055 (Gen.
1279 4005 1441 4056 xvm,
1475 3989 1547 4062 1).
1579 3990 1806 4046 Dicitur

176 4085 306 4142 ergo,
339 4072 616 4146 apparuit
645 4071 728 4127 illi
760 4073 936 4142 Deus,
969 4078 1028 4130 et
1069 4074 1128 4128 in
1173 4075 1282 4131 hoc
1313 4094 1430 4132 uno
1460 4078 1801 4149 respiciens,

175 4159 292 4215 vidit
319 4166 442 4219 tres
471 4162 649 4228 viros,
678 4166 736 4218 et
776 4179 910 4219 cum
947 4163 1300 4220 occurrisset
1329 4165 1538 4233 tribus,
1561 4171 1618 4222 et
1666 4169 1804 4224 ado-

176 4255 337 4306 rasset
365 4267 557 4306 unum
590 4251 800 4319 Deum,
843 4252 1067 4324 rogavit
1102 4253 1325 4320 dicens,
1358 4255 1605 4321 Domine,
1635 4259 1688 4312 si
1718 4259 1806 4312 in.

173 4341 529 4410 migratimn
547 4341 610 4396 in
629 4348 910 4413 conspectu
935 4349 1045 4397 luo.
1071 4341 1252 4398 Nemo
1282 4341 1450 4398 illum
1481 4344 1806 4402 calumnia-

174 4428 255 4481 tus
270 4433 354 4484 est
371 4429 531 4501 quod
556 4429 615 4484 in
636 4429 828 4485 tribus
849 4429 989 4486 viris
1009 4446 1194 4486 unum
1215 4431 1397 4486 Deum
1420 4437 1477 4488 et
1497 4450 1681 4489 unum
1701 4435 1808 4491 Do-

1914 3273 2153 3330 veritate
2200 3273 2479 3344 perdatis.
2502 3272 2562 3328 Si
2605 3270 2737 3343 quis
2783 3270 2890 3326 tibi
2947 3287 3084 3344 ergo
3129 3269 3358 3338 dixerit,
3393 3270 3564 3326 Pater

1912 3363 2101 3432 major
2130 3361 2306 3430 Deus,
2343 3359 2521 3416 Filius
2567 3359 2760 3416 minor
2812 3361 2983 3427 Deus,
3017 3357 3270 3431 Spiritus
3319 3363 3561 3415 sanctus
3591 3432 3600 3440 .

1911 3449 2120 3506 tertius
2170 3450 2345 3518 Deus,
2378 3454 2435 3505 et
2464 3449 2524 3504 in
2564 3448 2659 3506 bis
2706 3447 2898 3504 tribus
2955 3465 3071 3503 non
3113 3451 3204 3503 est
3252 3464 3372 3503 una
3416 3447 3560 3504 sub-

1913 3538 2149 3605 stantia,
2181 3539 2282 3594 sed
2324 3537 2642 3611 separatim
2685 3537 2746 3592 in
2795 3536 2975 3592 trium
3025 3537 3267 3593 deorum
3315 3552 3562 3592 numero

1911 3629 2038 3686 sine
2091 3627 2325 3683 deitatis
2381 3627 2606 3683 unitate
2657 3627 3034 3682 consistunt:
3077 3625 3362 3697 responde
3417 3625 3559 3691 illis,

1912 3718 2100 3792 primo
2132 3717 2294 3772 illam
2328 3716 2612 3772 rationem
2646 3733 2773 3789 quae
2821 3715 2928 3772 tibi
2976 3713 3238 3787 exposita
3282 3717 3392 3785 est,
3424 3713 3562 3786 quia

1913 3810 2192 3880 separata».
2213 3823 2247 3861 a
2268 3822 2330 3861 se
2349 3805 2621 3861 Trinitati
2643 3806 2836 3861 olferri
2859 3822 2974 3861 non
2997 3803 3355 3877 potest,quia
3375 3819 3561 3875 neque

1915 3899 2080 3954 Pater
2109 3911 2424 3968 corporeus
2468 3900 2578 3964 est,
2602 3912 2791 3967 neque
2830 3911 3042 3968 passus
3079 3898 3188 3962 est,
3219 3898 3277 3950 et
3315 3891 3559 3950 oblatio-

1913 4003 2046 4042 nem
2071 3985 2131 4042 in
2152 3984 2410 4057 corporis
2429 3985 2522 4041 sui
2545 3988 2914 4041 sacramenta
2932 3983 3193 4056 redigere
3210 3999 3324 4038 non
3347 3986 3558 4054 potest,

1913 4091 2101 4146 neque
2132 4078 2342 4131 testem
2389 4073 2682 4146 passionis
2728 4072 2993 4144 sum,qui
3026 4088 3140 4128 non
3187 4076 3278 4126 est
3324 4087 3556 4144 passus,

1914 4162 2076 4218 illam
2106 4163 2470 4218 Dominicam
2509 4178 2732 4218 omnem
2785 4162 2971 4217 facere
3017 4164 3230 4232 potest,
3259 4175 3452 4231 neque
3498 4159 3558 4213 in

1913 4251 2350 4307 consecratione
2374 4249 2656 4323 .mysterii
2685 4249 2876 4304 dicere
2920 4252 3130 4322 potest,
3163 4246 3270 4314 Qui
3311 4247 3557 4302 formam

1914 4340 2186 4398 sacrificii
2231 4339 2502 4412 perennis
2545 4336 2819 4394 instituit.
2843 4337 3006 4403 Quod
3037 4335 3195 4392 enim
3245 4336 3412 4392 Pater
3440 4350 3558 4390 non

1914 4430 2193 4496 instituit,
2216 4429 2316 4486 sed
2346 4426 2660 4498 Filius,qui
2689 4431 2748 4482 et
2777 4442 2989 4498 corpus
3028 4422 3234 4480 habuit
3260 4428 3318 4478 et
3346 4440 3558 4496 passus

175 4513 374 4572 minum
393 4518 702 4575 adorasset
727 4523 822 4574 :et
849 4519 1085 4585 iterum,
1109 4521 1262 4592 quod
1296 4519 1354 4576 in
1377 4538 1494 4576 uno
1516 4523 1652 4594 Deo,
1666 4528 1725 4580 et
1744 4523 1804 4578 in
1834 4539 1881 4603 D
1915 4525 2023 4591 est,
2038 4524 2096 4575 et
2118 4519 2363 4574 formam
2395 4515 2649 4571 instituit
2667 4513 3024 4582 sacriﬁcii,si
3055 4514 3125 4569 de
3155 4513 3322 4603 Patre
3351 4530 3387 4570 a
3419 4510 3558 4568 Filio

177 4618 274 4659 uno
301 4605 546 4662 Domino
587 4610 707 4663 tres
733 4606 889 4663 viros
915 4607 1130 4664 vidisse
1175 4625 1240 4664 se
1285 4609 1522 4666 diceret.
1557 4612 1666 4666 Sed
1701 4612 1800 4684 qui

177 4690 267 4748 hoc
293 4696 636 4768 mysterium
687 4697 772 4752 sic
819 4713 933 4753 non
985 4696 1280 4769 intelligit,
1311 4699 1512 4756 oculos
1557 4701 1801 4757 Abrahzs

179 4797 275 4837 non
305 4784 496 4840 habet.
520 4787 752 4852 Quaerat
798 4803 934 4859 ergo
985 4786 1217 4842 caeleste
1265 4787 1594 4861 collyrium,
1625 4794 1682 4845 et
1711 4807 1803 4847 su-

182 4871 504 4946 perinungat
533 4873 734 4931 oculos
783 4893 942 4942 suos,
978 4881 1044 4931 ut
1082 4882 1307 4932 remota
1353 4877 1600 4951 caligine
1644 4879 1802 4951 igno-

183 4961 380 5030 rantit'e,
424 4962 486 5018 in
538 4963 761 5020 unitate
808 4964 1044 5020 deitatis
1102 4964 1446 5037 mysterium
1496 4966 1830 5025 Trinitatis-

184 5056 452 5119 agnoscat,
475 5055 534 5108 et
563 5052 623 5108 in
655 5070 772 5108 uno
804 5053 942 5125 Deo,
968 5054 1122 5109 sicut
1162 5055 1480 5121 Abraham,
1500 5059 1618 5111 tres
1647 5056 1802 5113 viros

185 5133 294 5192 sine
317 5138 664 5198 discretione
685 5142 1056 5209 meritorum,
1071 5142 1155 5198 vel
1188 5142 1313 5198 sine
1340 5142 1536 5215 aliqua
1555 5143 1807 5201 diminu-

183 5222 317 5281 tione
345 5231 648 5300 potestatis
668 5231 880 5300 videat,
901 5236 958 5288 et
988 5236 1369 5304 posteaquam
1401 5233 1591 5289 tribus
1611 5251 1807 5292 occur-

183 5313 458 5381 rerit,.non
477 5327 619 5392 tres,
639 5321 740 5376 sed
773 5337 958 5376 unum
981 5323 1163 5377 Deum
1186 5325 1246 5376 et
1275 5338 1456 5377 unum
1488 5322 1802 5382 Dominum

183 5409 401 5474 roget,et
413 5421 520 5480 per
534 5407 714 5480 hujus
725 5409 1033 5466 divisionis
1049 5409 1510 5466 demonstratam
1532 5412 1776 5470 formam
1787 5458 1801 5484 ,

185 5488 508 5554 Trinitatem
535 5513 767 5571 semper
794 5498 972 5556 unius
1013 5514 1144 5556 esse
1172 5498 1408 5556 deitatis
1439 5499 1747 5575 intelligat.
1774 5526 1802 5554 »

164 5575 242 5636 Et
258 5579 385 5644 item
408 5585 489 5648 ibi
507 5587 798 5665 :«Adiuro
819 5591 876 5648 te
895 5603 1000 5667 per
1014 5587 1136 5647 haec
1164 5587 1295 5666 ipsa
1313 5604 1442 5665 quae
1464 5590 1802 5670 angariatus

1912 4612 2180 4681 separato
2202 4605 2452 4674 dicatur,
2477 4603 2848 4660 mendacium
2868 4607 2978 4670 est,
2993 4606 3059 4658 ut
3077 4602 3232 4675 quod
3259 4603 3424 4660 Pater
3439 4619 3558 4660 non

1913 4697 2059 4753 dixit
2110 4698 2332 4752 Patrem
2382 4693 2597 4748 dixisse
2645 4694 3002 4765 confingant.
3028 4692 3136 4758 Qui
3179 4708 3316 4764 ergo
3347 4691 3562 4748 Patria

1913 4787 2056 4843 Filio
2077 4788 2343 4858 separato
2364 4783 2568 4838 otferre
2591 4781 2735 4849 vult,
2762 4780 3022 4838 relictam
3039 4781 3166 4852 jam
3189 4781 3359 4837 nobis
3379 4781 3558 4837 sacri-

1911 4876 2027 4932 ficii
2051 4877 2320 4939 formam,
2345 4871 2602 4928 relictam
2626 4871 2802 4927 etiam
2833 4870 3153 4927 Ecclesium
3177 4888 3210 4926 a
3229 4871 3479 4938 Christo,
3502 4875 3560 4934 et

1911 4965 1983 5019 ab
2006 4961 2287 5036 apostolis
2310 4961 2636 5028 fundatam,
2659 4960 2731 5016 ad
2759 4961 3130 5034 Synagogam
3153 4965 3209 5018 et
3237 4961 3306 5016 ad
3342 4957 3561 5030 templa

1911 5053 1982 5108 ad
2001 5051 2216 5106 vitulos
2235 5053 2290 5104 et
2309 5049 2382 5104 ad
2406 5048 2644 5105 arietem
2659 5049 2927 5106 victimas
2943 5048 3308 5121 sedeat,quia
3327 5049 3560 5118 separat

1916 5159 1950 5196 a
1996 5140 2134 5196 l-‘ilio
2182 5141 2408 5196 Patrem
2440 5138 2500 5194 in
2531 5138 2716 5194 Patris
2746 5137 3038 5195 oblatione
3075 5136 3558 5196 sacriﬁciorum-a

1915 5230 2054 5286 Filio
2098 5229 2383 5296 instituta,
2409 5245 2524 5282 non
2563 5226 2784 5300 jungit.
2810 5227 2868 5284 Si
2901 5233 3097 5284 autem
3131 5224 3278 5282 Patri
3309 5227 3366 5280 et
3414 5219 3555 5286 Filio

1912 5318 2090 5377 simul
2134 5319 2318 5384 offert,
2369 5317 2597 5373 Patrem
2644 5321 2703 5374 et
2755 5316 2960 5371 Filium
2992 5333 3026 5370 a
3054 5311 3286 5370 deitatis
3335 5310 3555 5371 unitate

1911 5428 2028 5466 non
2061 5411 2311 5480 separet.
2327 5407 2387 5463 Si
2410 5405 2617 5462 dixerit
2637 5422 2774 5478 ergo
2795 5405 2944 5460 duos
2961 5405 3121 5474 deos,
3145 5401 3282 5458 licet
3300 5401 3374 5457 ad
3404 5415 3558 5456 vere-

1911 5499 2186 5556 cundiam
2209 5497 2396 5570 ipsius
2420 5496 2687 5551 sufficere
2707 5494 2914 5549 debeat
2935 5492 3160 5547 reddita
3178 5489 3450 5547 sacriﬁcii
3470 5505 3558 5545 ra-

1911 5589 1992 5648 tio
2015 5606 2030 5646 :
2050 5592 2248 5648 tamen
2268 5599 2664 5648 commemora
2686 5580 3016 5658 illumquia
3031 5577 3351 5656 Apostolus
3371 5578 3552 5652 dixit:
