3896 6182
417 287 525 344 6H

1358 277 1734 338 HINCMARI
1785 276 2232 338 RHEMENSIS
2275 276 2871 340 ABCH‘IEPISCOPI
3625 295 3716 356 612

401 433 561 474 unus
590 417 730 472 Deus
751 413 890 486 (Gal.
915 429 999 477 In,
1023 411 1134 482 30),
1158 415 1216 466 et
1247 409 1336 466 lex
1365 411 1437 465 ad
1471 409 1708 481 Moysen
1742 410 1880 465 data
1898 408 2058 475 dicit,
2089 409 2144 476 Α
2175 413 2354 464 tatem
2386 409 2746 466 sufﬁcienter
2791 409 3106 482 aliquando
3134 414 3458 484 nominatur,
3474 420 3550 476 vel
3591 423 3720 482 Pater

413 509 680 562 Dominus
726 505 864 560 Deus
910 510 1034 557 tuus
1082 501 1222 555 Deus
1273 516 1418 555 unus
1465 507 1542 554 est
1572 501 1744 570 (Deut.
1776 516 1855 564 vr,
1889 499 1940 568 4)
1968 515 1981 552 :
2007 502 2065 554 et

413 596 512 652 ille
542 593 962 664 blasphemans
985 587 1128 644 dicit
1152 589 1302 644 duos
1330 587 1418 642 vel
1450 593 1566 642 tres
1598 587 1746 642 duos
1777 586 1901 642 sine
1931 585 2060 642 uni-

413 691 533 742 tate
563 679 815 738 deitatis.
845 678 1005 744 Quod
1038 677 1087 732 si
1118 676 1310 732 adimo
1340 675 1426 730 sic
1455 675 1662 731 dividit
1691 674 2058 743 Trinitatem,

414 778 480 830 ut
509 773 568 826 in
603 785 784 826 unum
815 784 930 822 non
961 765 1206 821 resociet
1231 763 1573 837 mysterium
1605 763 1928 831 Trinitatis,
1951 763 2064 820 sal-

411 867 530 918 tem
551 860 622 916 ad
637 855 896 929 Symboli
921 854 1207 910 rationem
1229 855 1424 908 redeat
1443 853 1543 907 ubi
1563 853 1982 918 dicitur,Credo
1999 851 2060 906 in

412 955 592 1006 Deum
615 949 842 1004 Patrem
865 945 1350 1016 omnipotentem,
1375 946 1431 998 et
1455 941 1514 996 in
1537 941 1835 996 Christum
1856 941 2059 996 Jesum

411 1037 622 1094 Filium
652 1036 802 1107 ejus,
828 1032 930 1106 qui
952 1037 1128 1088 natus
1157 1035 1246 1086 est
1273 1032 1344 1086 de
1375 1030 1598 1102 Spiritu
1619 1034 1840 1086 sancto.
1866 1029 2059 1084 Primo

409 1125 623 1184 Christi
657 1125 882 1180 Patrem
922 1122 1106 1177 Deum
1138 1119 1597 1191 omnipotentem
1628 1135 1756 1175 esse
1791 1117 2056 1186 testaris;

408 1215 620 1272 deinde
669 1220 872 1268 natum
903 1209 1201 1266 Christum
1245 1209 1317 1264 de
1365 1207 1586 1280 Spiritu
1635 1212 1836 1264 sancto
1887 1207 2054 1262 dicis.

411 1303 563 1360 548
590 1300 648 1358 Si
679 1315 815 1373 ergo
837 1313 1074 1370 separes
1092 1295 1460 1361 Trinitatem,
1483 1295 1780 1352 Christum
1803 1296 2055 1351 duorum

409 1397 640 1465 patrum
665 1388 852 1443 ﬁlium
877 1385 1093 1450 reddis,
1117 1389 1180 1439 ut
1210 1385 1280 1440 de
1304 1385 1467 1440 Patre
1489 1385 1885 1456 omnipotente
1905 1387 1962 1440 et
1986 1384 2057 1439 de

408 1481 625 1553 Spiritu
660 1484 861 1533 sancto
890 1480 1064 1530 natus
1096 1491 1222 1530 esse
1253 1473 1500 1529 dicatur.
1526 1473 1720 1558 Junge
1747 1490 1884 1546 ergo
1921 1489 2054 1529 cum

409 1571 574 1624 Patre
612 1565 891 1639 Spiritum
929 1567 1218 1632 sanctum,
1247 1567 1314 1618 ut
1353 1567 1504 1618 recte
1536 1563 1726 1636 possis
1757 1562 2054 1618 Christum

407 1657 584 1712 unius
607 1653 792 1710 Patris
815 1653 1020 1708 Filium
1045 1651 1306 1707 conﬁteri
1331 1667 1345 1706 ε
1370 1655 1580 1707 etcum
1601 1669 1704 1724 per
1724 1651 1874 1706 hanc
1895 1652 2057 1724 Sym-

404 1744 521 1802 boli
551 1743 870 1800 orationem
911 1741 972 1796 in
1021 1758 1201 1796 unum
1254 1741 1483 1796 Patrem
1515 1745 1572 1795 et
1601 1740 1883 1812 Spiritum
1917 1757 2050 1796 san-
2081 1783 2128 1847 Β

404 1839 564 1890 ctum
594 1829 926 1894 sociaveris,
955 1829 1161 1884 Filium
1193 1845 1637 1902 quoquc,quem
1662 1845 1774 1884 non
1809 1828 2049 1884 tertium

402 1923 503 1979 sed
527 1920 788 1976 medium
813 1920 871 1974 in
893 1917 1179 1974 Trinitate
1206 1919 1370 1986 facis,
1392 1919 1582 1990 magis
1605 1935 1638 1973 a
1658 1917 1892 1974 deitatis
1919 1917 2048 1973 uni-

402 2015 520 2066 tate
551 2027 666 2065 non
699 2025 955 2081 separes.
985 2029 1014 2056 ››
1036 2007 1104 2062 Et
1133 2007 1192 2061 in
1235 2005 1382 2062 libro
1411 2007 1583 2063 tertio
1612 2009 1682 2062 de
1714 2007 1998 2062 Trinitate
2033 2023 2046 2062 :

403 2122 430 2148 ‹‹
468 2099 529 2154 In
561 2098 778 2170 quibus
809 2095 1033 2169 angelis
1079 2099 1203 2152 erat
1233 2097 1435 2169 utique
1481 2100 1538 2153 et
1587 2097 1753 2152 Pater
1781 2101 1838 2152 et
1871 2096 2050 2151 Filius

400 2191 457 2242 et
487 2187 742 2259 Spiritus
773 2191 1034 2253 sanctus,
1061 2189 1120 2240 et
1163 2184 1477 2257 aliquando
1519 2185 1706 2256 Pater,
1735 2184 2048 2256 aliquando

403 2275 602 2342 Filius,
638 2275 954 2347 aliquando
986 2273 1238 2346 Spiritus
1285 2278 1544 2340 sanctus,
1577 2273 1892 2344 aliquando
1922 2274 2049 2329 sine

399 2365 520 2422 ulla
542 2364 918 2420 distinctione
939 2380 1198 2435 persona:
1217 2363 1371 2417 Deus
1395 2379 1495 2434 per
1514 2362 1645 2418 illos
1665 2363 2046 2435 ﬁgurabatur,

398 2459 454 2510 et
475 2459 679 2510 caetera
695 2470 824 2525 qua:
847 2453 923 2508 ibi
949 2451 1380 2524 prosequitur.»
1395 2452 1463 2506 Et
1480 2452 1685 2506 beatus
1705 2452 2048 2508 Ambrosius

397 2543 458 2598 in
519 2543 780 2616 llymnis,
835 2558 982 2614 quos
1037 2539 1324 2595 catholica
1383 2541 1712 2612 frequentat
1768 2541 2044 2608 Ecclesia,

398 2649 552 2688 nunc
577 2633 648 2686 ad
672 2632 924 2696 Patrem,
949 2646 1106 2684 nunc
1133 2629 1205 2684 ad
1237 2629 1466 2694 Filium,
1491 2647 1648 2684 nunc
1669 2630 1736 2685 ad
1763 2630 2046 2702 Spiritum

399 2725 668 2778 sanctum
699 2718 967 2791 loquens,
1001 2735 1117 2774 ncn
1168 2717 1426 2774 solitaria
1452 2718 1642 2773 eidem
1695 2719 2047 2791 personae-in

398 2814 602 2866 sancta
631 2807 938 2874 Trinitate,
963 2807 1034 2862 ad
1057 2823 1237 2879 quam
1267 2805 1550 2880 loquitur,
1573 2806 1818 2880 gloriam
1852 2807 2049 2881 singu-

397 2897 504 2954 lari
535 2914 778 2954 numero
809 2897 1004 2961 refert,
1037 2900 1096 2951 et
1137 2899 1340 2967 postea
1378 2895 1590 2968 plurali
1631 2913 1876 2952 numero
1904 2897 2050 2952 alias

395 3004 696 3061 personas,
729 2989 795 3040 ut
827 2984 1196 3058 blasphemat
1224 2983 1660 3050 Gothescalcus,
1691 2983 2044 3057 alloquitur:

397 3077 498 3132 sed
521 3073 807 3148 quidquid
832 3073 1298 3130 substantialiter
1317 3075 1386 3129 de
1409 3073 1544 3139 Deo,
1559 3073 1825 3129 videlicet
1845 3078 2050 3128 sancta

399 3163 683 3220 Trinitate
704 3163 866 3229 dicit,
894 3161 1180 3234 singulari
1213 3178 1460 3217 numero
1482 3162 1675 3229 effert;
1711 3166 1776 3217 ut
1805 3165 1892 3216 est
1925 3178 1938 3216 :

461 3269 658 3318 Somno
687 3267 896 3316 refectis
915 3267 1154 3329 artubus,
1177 3270 1359 3329 spreto
1381 3265 1544 3329 cubili
1569 3267 1851 3329 surgimus,

459 3330 642 3389 Nobis,
663 3331 832 3390 Pater,
855 3328 1192 3386 canentibus,
1207 3327 1402 3378 adesse
1433 3332 1484 3377 te
1516 3327 1874 3392 deposcimus.

399 3409 516 3463 Et:

462 3493 728 3559 Splendor
745 3493 1208 3559 paternmglorire,
1232 3494 1298 3559 de
1318 3494 1630 3559 lucelucem
1654 3496 1947 3559 proferens,

461 3555 573 3608 Lux
602 3557 732 3606 lucis
750 3555 814 3606 'et
841 3555 963 3606 fons
993 3555 1228 3618 luminis,
1251 3557 1387 3607 diem
1419 3557 1532 3607 dies
1557 3555 1884 3609 illuininans.

400 3638 516 3694 Et:

464 3728 616 3776 Nunc
637 3711 818 3775 sancte
849 3725 1002 3775 nobis
1023 3725 1267 3790 Spiritus.
1292 3740 1432 3775 unus
1452 3727 1622 3776 Patris
1642 3743 1761 3778 cum
1788 3730 1935 3790 Filio,

463 3791 694 3852 Dignarc
723 3793 1004 3852 promptus
1019 3789 1206 3851 iugeri,
1232 3793 1416 3838 nostro
1437 3791 1644 3840 refusus
1661 3793 1878 3854 pectori.

401 3877 462 3932 in
495 3893 744 3948 quorum
773 3876 1123 3948 hymnorum
1151 3876 1524 3933 conclusione
1546 3885 1758 3935 sanctae
1781 3881 2048 3938 Trinitati

401 3981 634 4036 semper
665 3981 842 4019 unam
874 3968 931 4018 et
958 3963 1240 4036 aequalem
1265 3964 1509 4038 gloriam
1543 3969 1717 4024 refert
1746 3970 1944 4026 dicens
1978 3988 1991 4025 :

464 4063 676 4128 Praesta,
696 4063 864 4128 Pater
891 4061 1143 4128 piissime,
1167 4063 1413 4126 Patrique
1443 4077 1663 4128 compar
1692 4067 1868 4124 unice,

463 4125 592 4174 Cum
620 4124 818 4188 Spiritu
849 4124 1118 4187 paraclito,
1141 4124 1375 4188 regnans
1404 4139 1499 4189 per
1527 4124 1686 4178 omne
1711 4130 1984 4180 saeculum.

399 4203 503 4261 Vel
533 4221 548 4260 :

463 4293 572 4356 Deo
602 4292 840 4356 Patrisit
866 4291 1049 4356 gloria,
1081 4291 1306 4356 ejusque
1337 4293 1431 4342 soli
1465 4293 1612 4351 Filio,

463 4355 593 4406 Cum
623 4355 820 4418 Spiritu
849 4355 1125 4428 paraclito,
1146 4360 1200 4405 et
1224 4355 1370 4406 nunc
1401 4361 1452 4406 et
1480 4357 1536 4405 in
1565 4362 1904 4422 perpetuum.

399 4435 504 4493 Vel
538 4452 552 4490 :

463 4524 620 4586 Laus,
641 4522 833 4582 honor,
854 4523 1042 4581 virtus,
1063 4523 1250 4586 gloria,
1273 4521 1379 4572 Deo
1401 4523 1539 4573 Patri
1569 4528 1622 4574 et
1648 4526 1801 4584 Filio,

2171 496 2445 561 solus,vcl
2470 498 2647 555 Filius
2670 499 2852 564 solus,
2867 497 3282 571 adimpleturus
3303 520 3398 558 nos
3422 504 3595 564 laetitia
3615 527 3720 569 cum

2168 585 2332 640 vultu
2356 603 2484 654 suo,
2510 604 2615 642 nec
2644 587 2780 642 inde
2802 592 3106 659 separatur
3130 589 3414 663 utriusque
3429 595 3659 667 Spiritus,
3675 601 3718 655 id

2169 679 2259 728 est
2290 674 2476 732 Patris
2507 679 2563 730 et
2597 674 2722 730 Filii
2755 675 3027 747 Spiritus.
3052 675 3156 742 Qui
3183 677 3415 748 Spiritus
3443 686 3635 755 proprie
3657 688 3722 742 di-

2169 763 2321 818 citur
2341 764 2596 837 Spiritus
2624 764 2904 836 veritatis,
2925 781 3096 836 quem
3121 765 3213 821 hic
3241 767 3382 824 549
3410 773 3628 830 mundus
3650 793 3720 831 ac-

2169 851 2360 924 cipere
2393 869 2508 908 non
2539 857 2750 924 potest.
2775 853 2891 908 Hoc
2921 858 3009 909 est
3037 854 3191 908 enim
3239 855 3458 926 plenum
3498 863 3721 932 gaudium

2167 945 2457 1010 nostrum,
2473 959 2588 1014 quo
2611 941 2866 1010 amplius
2888 959 3002 998 non
3024 947 3132 1009 est,
3151 943 3262 998 frui
3281 943 3482 1002 scilicet
3499 949 3722 1008 Trinitate

2166 1029 2302 1098 Deo,
2327 1031 2399 1085 ad
2433 1031 2604 1102 cujus
2635 1029 2952 1103 imaginem
3001 1030 3138 1086 facti
3184 1049 3399 1090 sumus.
3419 1035 3623 1108 Propter
3641 1038 3724 1096 hoc

2166 1117 2482 1190 aliquando
2514 1119 2596 1174 ita
2624 1119 2884 1192 loquitur
2911 1120 2982 1176 de
3019 1120 3238 1192 Spiritu
3267 1126 3474 1192 sancto,
3500 1128 3722 1199 tanquam

2164 1206 2326 1262 solus
2348 1207 2473 1280 ipse
2494 1207 2749 1263 sufﬁciat
2769 1209 2841 1264 ad
2865 1208 3280 1264 beatitudinem
3303 1215 3613 1280 nostram,et
3627 1214 3725 1273 ideo

2164 1295 2402 1366 sufﬁcit,
2421 1297 2558 1368 quia
2588 1297 2843 1368 separari
2875 1314 2910 1352 a
2939 1297 3106 1352 Patre
3153 1303 3210 1352 et
3254 1298 3384 1355 Filio
3411 1317 3514 1356 non
3541 1308 3722 1375 potest:

2164 1383 2318 1440 sicut
2348 1385 2518 1441 Pater
2558 1385 2720 1442 solus
2771 1385 3008 1456 sufficit,
3041 1386 3181 1458 quia
3225 1389 3464 1460 separari
3492 1407 3522 1444 a
3550 1391 3661 1448 Filio
3681 1400 3725 1450 et

2164 1474 2386 1546 Spiritu
2417 1480 2618 1530 sancto
2649 1492 2766 1530 non
2813 1479 3044 1548 potest:
3079 1481 3136 1531 et
3191 1476 3360 1533 Filius
3403 1478 3518 1534 ideo
3558 1481 3725 1537 sumsit

2163 1561 2346 1632 solus,
2371 1561 2512 1634 quia
2557 1563 2816 1636 separari
2849 1579 2883 1618 a
2913 1564 3077 1620 Patre
3103 1569 3162 1620 et
3191 1565 3399 1638 Spiritu
3445 1572 3615 1624 sancto
3639 1587 3724 1624 non

2163 1655 2370 1723 potest.
2397 1673 2422 1701 η
2449 1652 2519 1706 Et
2555 1651 2692 1707 item
2725 1655 2864 1725 (cap.
2889 1652 2942 1724 9)
2963 1669 2980 1714 ,ε
3008 1675 3034 1702 ‹‹
3065 1653 3300 1726 Propter
3342 1653 3724 1713 insinuationem

2162 1740 2484 1808 Trinitatis,
2501 1740 2766 1812 personis
2787 1741 2963 1796 etiam
2982 1741 3233 1814 singulis
3254 1743 3726 1812 nominatis,dicun-

2161 1834 2258 1884 tur
2287 1829 2554 1902 quaedam
2587 1831 2924 1900 separatim,
2960 1848 3075 1886 non
3107 1836 3303 1886 tamen
3347 1831 3470 1888 aliis
3505 1835 3727 1904 separatis

2157 1916 2591 1990 intelliguntur,
2615 1923 2852 1990 propter
2871 1919 3136 1990 ejusdem
3167 1919 3458 1975 Trinitatis
3485 1921 3727 1987 unitatem,

2161 2023 2456 2079 unamque
2477 2007 2894 2074 substantiam,
2909 2011 3084 2080 atque
3105 2007 3379 2064 deitatem
3398 2009 3562 2064 Patris
3577 2014 3624 2064 et
3639 2009 3731 2065 Filii

2159 2100 2216 2150 et
2247 2092 2501 2166 Spiritus
2533 2095 2742 2151 sancti.
2774 2119 2802 2146 ››
2823 2119 2850 2146 ‹‹
2887 2101 2950 2151 tn
2983 2097 3256 2153 sacrificii
3287 2097 3454 2153 etiam
3481 2097 3734 2170 singularis

2158 2181 2568 2252 celebratione,
2603 2185 2758 2240 sicut
2785 2189 2844 2240 et
2888 2185 3095 2241 beatus
3127 2185 3480 2259 Augustinus
3521 2185 3571 2240 in
3611 2185 3736 2240 libris

2159 2271 2286 2326 suis
2307 2277 2746 2341 commemorat,
2770 2273 2988 2346 gratias
3015 2274 3262 2331 Domino
3285 2275 3395 2330 Deo
3417 2279 3590 2330 nostro
3607 2289 3734 2346 agere

2159 2377 2622 2429 commonemur,
2647 2361 2788 2433 quia
2811 2367 2867 2417 et
2899 2362 3004 2418 hoc
3037 2365 3196 2435 quod
3229 2363 3376 2418 inter
3402 2379 3550 2418 sacra
3576 2367 3735 2434 myste-

2159 2449 2246 2504 ria
2275 2465 2374 2502 cor
2405 2449 2620 2504 habere
2653 2467 2888 2506 sursum
2913 2451 3218 2521 jubemur,
3251 2453 3374 2525 ipso
3406 2453 3670 2523 adjuvante
3691 2449 3732 2503 id

2157 2537 2420 2593 valemus
2453 2555 2568 2610 quo
2602 2539 2846 2610 jubente
2897 2539 3398 2596 admonemurzet
3425 2540 3538 2594 ideo
3579 2535 3734 2610 praci-

2158 2643 2270 2698 pue
2302 2626 2360 2681 in
2393 2626 2518 2698 ipso
2565 2627 2852 2682 sacriﬁcio
2873 2628 3134 2700 corporis
3155 2628 3365 2685 Christi
3406 2646 3438 2684 a
3479 2627 3734 2700 gratiarum

2158 2715 2386 2770 actione
2436 2714 2773 2788 incipimus,
2806 2717 3114 2772 reddentes
3169 2717 3394 2773 debitas
3437 2715 3614 2772 laudes
3649 2713 3734 2768 Deo

2161 2801 2334 2874 Patri,
2358 2801 2460 2875 qui
2491 2801 2548 2857 in
2599 2804 2962 2876 plenitudine
3003 2808 3338 2878 temporum
3383 2804 3532 2860 misit
3576 2801 3734 2858 Filium

2158 2909 2356 2958 suum,
2404 2892 2623 2947 factum
2681 2908 2748 2948 ex
2802 2893 3067 2966 muliere,
3117 2896 3340 2951 factum
3393 2894 3494 2950 sub
3547 2891 3666 2963 lege,
3689 2892 3735 2944 ut

2159 2997 2258 3036 eos
2287 2979 2388 3053 qui
2417 2981 2526 3036 sub
2574 2980 2699 3054 lege
2743 2987 2910 3038 erant
2953 2983 3291 3054 redimeret,
3323 2988 3386 3038 ut
3431 2981 3734 3054 adoptionem

2159 3069 2414 3126 ﬁliorum
2474 3070 2886 3142 reciperemus,
2948 3074 3278 3129 secundum
3341 3069 3734 3146 praadicationem

2080 3147 2123 3214 C
2159 3159 2310 3214 beati
2364 3159 2509 3214 Petri
2543 3159 2827 3214 dicentis:
2855 3160 2992 3228 Quia
3037 3178 3152 3217 non
3182 3159 3601 3234 corruptibiiibus
3638 3169 3738 3211 auro

2159 3250 2242 3304 vel
2270 3257 2494 3320 argento
2523 3247 2790 3320 redempti
2815 3265 3006 3304 sumus
3032 3249 3098 3306 de
3141 3268 3286 3308 vana
3313 3259 3490 3307 nostra
3513 3259 3739 3304 convom-

2159 3339 2303 3392 tione
2327 3345 2577 3409 paternae
2613 3337 2945 3405 traditionis,
2967 3338 3059 3394 sed
3097 3343 3338 3410 pretioso
3365 3338 3606 3411 sanguine
3629 3330 3742 3407 Quasi

2157 3428 2290 3498 agni
2319 3427 2744 3482 incontaminati
2770 3435 2822 3482 et
2851 3429 3200 3486 immaculati
3221 3431 3346 3488 Iesu
3367 3428 3555 3484 Christi
3574 3425 3616 3496 (ι
3630 3429 3740 3479 Patr.

2158 3532 2197 3583 ι,
2235 3517 2344 3584 18),
2374 3533 2476 3588 per
2519 3532 2694 3588 quem
2725 3520 2782 3572 et
2812 3517 3120 3588 majestem
3154 3519 3288 3590 ejus
3325 3517 3554 3573 laudant
3579 3507 3740 3584 angeli,

2158 3608 2214 3660 ct
2245 3621 2351 3661 nos
2382 3605 2508 3660 sine
2529 3604 2768 3676 speciali
2800 3605 3034 3661 nomine
3065 3611 3245 3664 tenus
3267 3599 3744 3663 commemoratione

2159 3693 2346 3748 sancti
2371 3691 2621 3764 Spiritus
2652 3693 2703 3748 ei
2735 3693 2956 3766 gratias
2987 3695 3245 3767 agimus,
3271 3699 3596 3764 nostrasque
3617 3699 3743 3743 voces

2159 3781 2501 3854 angelorum
2532 3780 2772 3836 vocibus
2811 3781 3098 3838 catholica
3137 3789 3198 3840 ct
3239 3782 3546 3858 apostolica
3569 3775 3745 3833 institu-

2159 3870 2316 3925 tione
2348 3869 2577 3925 formati
2613 3869 2844 3926 admitti
2877 3871 3276 3944 deposcimus.
3303 3874 3506 3944 Sicque
3546 3873 3620 3924 tcr
3641 3879 3744 3919 san-

2159 3963 2318 4014 ctum
2341 3957 2626 4032 hymnum
2647 3976 2744 4014 ore
2761 3961 3104 4016 conﬁtentes
3124 3955 3747 4027 oﬁ‘erimus,etviviﬁcam

2159 4047 2504 4103 Trinitatem
2555 4047 2668 4102 ﬁde
2699 4064 2766 4103 ac
2797 4048 3012 4106 mentis
3041 4050 3434 4126 intelligentia
3461 4046 3616 4104 unius
3653 4053 3749 4096 esse

2159 4135 2506 4203 divinitatis,
2547 4136 2790 4208 aqualis
2851 4137 3068 4211 gloriae,
3129 4145 3432 4198 coaeternae
3487 4127 3751 4207 majestatis

2119 4224 2564 4298 oprzndicantes,
2616 4225 2906 4283 catholica
2953 4232 3011 4284 et
3069 4230 3395 4300 apostolica
3449 4219 3751 4282 institutione

2159 4313 2414 4382 formati,
2435 4330 2554 4370 una
2582 4313 2766 4387 gloria
2799 4315 3206 4374 collaudamus
3239 4320 3518 4382 dicentes,
3536 4312 3752 4370 Sanctus.

2158 4405 2430 4471 Sanetus,
2449 4404 2702 4460 Sanctus
2724 4404 3009 4461 Dominus
3034 4411 3186 4464 Deus
3206 4407 3474 4475 sabaoth,
3495 4399 3632 4478 pleni
3651 4395 3754 4453 sunt

2157 4492 2286 4548 coeli
2317 4496 2375 4548 et
2404 4495 2559 4548 terra
2587 4491 2774 4564 gloria
2801 4500 2938 4550 tua:
2971 4500 3030 4552 et
3073 4513 3209 4553 cum
3247 4499 3474 4556 Patrem
3503 4510 3596 4568 per
3615 4491 3755 4546 totum

2159 4581 2557 4654 praefationem
2615 4581 3004 4654 alloquamur,
3055 4603 3173 4642 non
3231 4591 3434 4643 tamen
3490 4577 3754 4641 secundum

2157 4670 2603 4726 Goteschalcum
2637 4670 3065 4742 adjicimus,vel
3099 4676 3480 4748 subjicimus,
3502 4688 3570 4728 ne
3591 4659 3755 4739 ingrati

2161 4758 2300 4815 Filio
2330 4763 2388 4816 et
2429 4759 2672 4832 Spiritui
2731 4765 2933 4817 sancto
2991 4763 3180 4820 simus
3214 4781 3227 4820 :
3263 4767 3336 4822 Et
3382 4763 3542 4820 vobis
3587 4753 3758 4832 grati”

2158 4848 2419 4919 agimus;
2444 4851 2520 4916 et,
2549 4847 2706 4904 Pleni
2742 4854 2882 4904 sunt
2919 4850 3047 4907 coeli
3079 4858 3136 4908 et
3168 4858 3329 4910 terra
3353 4851 3537 4928 gloria
3563 4847 3754 4904 vestra:

2089 4969 2120 4994 ο
2157 4937 2296 5008 quia
2344 4953 2449 4992 nec
2495 4937 2812 5007 Abraham,
2838 4941 3074 5010 quando
3120 4940 3439 4999 exsultavit
3486 4943 3547 4995 ut
3587 4929 3760 4991 videret

2159 5023 2314 5079 diem
2343 5023 2667 5092 Domini,et
2686 5025 2834 5080 vidit
2862 5030 2920 5082 et
2950 5027 3186 5098 gavisus
3215 5033 3328 5097 est,
3345 5033 3463 5084 tres
3487 5025 3627 5083 viros
3647 5020 3694 5074 et
3715 5012 3758 5067 in

2159 5114 2330 5168 corde
2359 5117 2418 5168 et
2446 5113 2505 5167 in
2537 5114 2709 5168 domo
2732 5115 2848 5170 ﬁde
2877 5120 2934 5170 et
2960 5132 3132 5188 opere
3165 5116 3422 5174 ﬁdeliter
3443 5112 3590 5170 ﬁdeli
3615 5101 3760 5166 susci-

464 4585 581 4634 Una
607 4598 731 4634 cum
761 4589 943 4635 sancto
971 4585 1186 4648 Spiritu,
1211 4587 1264 4636 in
1295 4586 1618 4648 sempiterna
1646 4589 1858 4638 srecula.

401 4662 506 4719 Vel
542 4679 555 4718 :

464 4751 644 4816 Claria
673 4751 784 4813 tibi,
809 4752 1044 4811 Domine,
1068 4752 1160 4816 qui
1193 4754 1467 4804 surrexisli
1498 4769 1529 4804 a
1557 4758 1800 4816 mortuis,

463 4815 593 4864 Cum
616 4815 764 4864 Patre
794 4818 847 4864 et
875 4819 1059 4864 sancto
1081 4815 1301 4878 Spiritu,
1323 4817 1377 4864 in
1398 4819 1726 4880 sempiterna
1755 4815 1966 4870 sazcula.

403 4893 504 4950 Vel
535 4911 548 4949 :

464 4983 992 5052 Christumrogemus
1005 4986 1058 5031 et
1075 4984 1281 5052 Patrem
1291 4983 1496 5041 ,Christi
1510 4962 1783 5052 Patrisque
1796 4989 2048 5052 Spiritum

466 5047 638 5096 Unum
661 5050 853 5108 potens
874 5059 970 5107 per
989 5047 1188 5101 omnia.
1211 5047 1332 5096 fove
1348 5051 1628 5110 precantes
1645 5047 1893 5101 Trinitas.

401 5136 472 5191 Et
501 5133 678 5190 simul
721 5138 986 5190 sanctam
1025 5134 1369 5190 Trinitatem
1411 5135 1736 5208 alloquens,
1779 5139 2052 5198 similiter

403 5223 688 5297 singulari
721 5239 964 5278 numero
994 5223 1135 5296 pem
1165 5222 1364 5278 dicens
1396 5240 1408 5278 ε
1546 5201 1563 5208 ’
1723 5201 1730 5205 ⁷
2159 5201 2326 5274 piens
2342 5201 2622 5297 hospitio,
2647 5203 2930 5297 offensam
2960 5203 3226 5271 incurrit,
3251 5205 3358 5262 sed
3391 5201 3649 5260 meritum
3673 5205 3764 5286 ma:

2158 5308 2286 5363 gnae
2334 5289 2468 5346 ﬁdei
2518 5291 2848 5362 reportavit,
2881 5294 3117 5364 quando
3164 5299 3284 5350 tres
3331 5293 3500 5364 vidit,
3536 5293 3590 5346 et
3632 5275 3765 5357 quaSi

2161 5397 2344 5436 unum
2389 5378 2714 5452 alloquens,
2747 5397 2933 5436 unum
2973 5381 3150 5438 etiam
3182 5381 3466 5438 adoravit.
3490 5381 3558 5436 Et
3586 5371 3766 5432 collati

2161 5468 2504 5540 hujusmodi
2536 5485 2738 5540 preces
2769 5485 2845 5525 ac.
2861 5471 3228 5542 praefationes
3247 5465 3772 5555 receptibilesetct-

2161 5556 2408 5631 tholicae,
2433 5557 2788 5618 confirmatas
2819 5576 2853 5618 a
2881 5559 3020 5623 sede
3047 5557 3372 5638 apostolica
3390 5561 3567 5636 atque
3586 5553 3654 5618 ab
3675 5553 3774 5610 ιιιιιο

463 5313 504 5362 Ο
533 5313 624 5362 lux
654 5312 808 5362 beata
835 5311 1080 5374 Trinitas,
1111 5315 1167 5359 et
1195 5310 1459 5374 pricipalis
1487 5313 1682 5372 unitas,

461 5375 578 5425 Jam
610 5374 688 5424 sol
720 5373 920 5424 recedit
948 5373 1158 5437 igneus,
1179 5373 1402 5422 infunde
1432 5373 1613 5424 lumen
1643 5377 1910 5428 cordibus.

403 5463 473 5518 Et
503 5467 741 5518 sanctus
771 5460 1138 5536 Augustinus
1166 5460 1226 5514 in
1258 5459 1406 5514 libro
1447 5459 1636 5530 primo
1667 5463 1738 5518 de
1769 5465 2050 5524 Trinitate

405 5553 544 5627 (cap.
569 5553 626 5626 8)
645 5550 806 5624 dicit,
822 5573 850 5604 ‹‹
869 5550 1133 5627 Denique
1153 5551 1388 5626 propter
1417 5549 1607 5626 ipsam
1637 5551 2051 5630 inseparabili-
