3896 6182
376 361 498 426 ωε

1323 365 1710 426 HINCMARI
1757 365 2206 428 RHEMENSIS
2251 367 2845 430 ARCHIEPISCOPI

379 529 3718 563 ww

1634 665 1838 735 ὅθί
1903 669 2528 757 PB/EFATIO.

381 869 603 954 σαι-..αα
643 884 820 954 omnes
861 871 1176 953 generaliter
1219 871 1507 954 εσνξᾷαιηςι
1554 871 1619 920 de
1663 873 2027 954 interrogalfo-
2057 875 2113 941 Α
2142 873 2354 930 ctionis
2379 874 2644 930 studium
2668 874 3723 954 ergahonoremsuum;undescriptum

439 939 592 992 nibus
627 940 702 990 ad
743 955 797 991 se
843 942 1012 991 missis
1056 957 1169 1006 qus.-
1212 942 1476 992 scribendi
1517 945 1826 992 occasionem
1873 943 2027 993 dede-

441 1014 584 1062 runt.

450 1142 714 1200 Dominis
755 1143 992 1216 regibus
1029 1144 1318 1216 gloriosis,
1353 1149 1410 1199 ct
1439 1146 1783 1202 venerandis
1819 1163 2024 1202 consa-

376 1230 712 1288 cerdotibus
739 1232 975 1298 nostris,
1009 1249 1074 1288 ac
1105 1233 1332 1289 cunctis
1365 1233 1423 1288 in
1447 1233 1580 1289 sinu
1604 1234 1902 1290 catholicae
1923 1237 2024 1291 Ec-

377 1320 564 1378 clesia:
595 1320 910 1390 collocatis,
945 1321 1314 1386 llmcsmnus,
1348 1323 1606 1389 nomine,
1640 1341 1750 1378 non
1794 1323 2022 1392 merito,

379 1410 736 1467 Rhemorum
767 1410 1098 1482 episcopus,
1132 1429 1198 1467 ac
1233 1411 1418 1483 plebis
1451 1412 1548 1468 Dei
1594 1412 1872 1481 famulus,
1909 1431 2027 1469 una

377 1516 514 1556 cum
545 1499 784 1572 collegis
815 1499 1069 1555 dominis
1091 1505 1147 1554 et
1179 1500 1456 1555 fratribus
1487 1500 1633 1556 meis
1666 1502 2024 1558 Rhcmorum

376 1588 694 1645 diceeeseos
717 1589 1066 1644 venerandis
1097 1589 1408 1662 episcopis.

445 1676 528 1734 De
557 1677 834 1734 omnibus
865 1677 1061 1733 dubiis
1079 1677 1170 1733 vel
1187 1677 1455 1733 obscuris
1473 1694 1598 1750 quae
1618 1679 1688 1733 ad
1709 1684 1876 1734 recta:
1892 1679 2024 1734 fidei

373 1770 636 1824 tenorem
665 1765 754 1823 vel
787 1766 1020 1840 pietatis
1053 1767 1332 1840 dogmata
1361 1768 1674 1840 pertinent,
1694 1774 1898 1824 sancta
1921 1769 2025 1824 Ro-

374 1872 552 1912 mana
577 1855 854 1922 Ecclesia,
891 1859 954 1910 ut
993 1855 1257 1911 omnium
1305 1856 1698 1913 Ecclesiarum
1751 1861 1940 1913 mater
1967 1861 2027 1914 et

375 1943 886 2018 magistra,nutrix
917 1961 983 1999 ac
1013 1944 1258 2010 doctrix,
1292 1949 1382 2000 est
1408 1945 1786 2014 consulenda,
1818 1949 1874 2001 et
1893 1947 2024 2017 ejus

374 2031 636 2088 salubria
665 2031 891 2087 monita
920 2036 1062 2087 sunt
1101 2033 1372 2100 tenenda,
1409 2034 1659 2089 maxime
1691 2035 1763 2089 ab
1794 2034 1888 2090 his
1921 2035 2024 2106 qui

373 2119 433 2176 in
465 2119 584 2175 illis
613 2117 951 2193 regionibus
983 2119 1250 2175 habitant
1279 2120 1338 2176 in
1372 2123 1589 2193 quibus
1620 2123 1816 2178 divina
1835 2123 2025 2196 gratia

374 2224 477 2280 per
505 2207 635 2279 ejus
665 2207 1136 2299 praedicationem
1167 2225 1372 2266 omnes
1403 2209 1461 2266 in
1487 2212 1599 2266 fide
1621 2210 1906 2283 genuit,et
1931 2229 2024 2268 ca-
2055 2248 2102 2312 B

372 2296 590 2354 tholico
619 2293 768 2353 lacte
793 2297 1036 2353 nutrivit
1067 2315 1216 2370 quos
1256 2300 1328 2354 ad
1382 2300 1562 2356 vitam
1613 2300 2022 2372 praeordinavit

377 2390 678 2443 aeternam.
712 2385 873 2442 Unde
903 2387 1203 2460 quoniam,
1239 2388 1390 2445 sicut
1421 2390 1627 2444 beatus
1647 2389 2021 2445 Innocentius

371 2475 444 2531 ad
474 2475 817 2531 Decentium
848 2476 1222 2548 Eugubinum
1254 2477 1814 2550 scribitepiscopum
1837 2481 2017 2550 (epist.

367 2562 460 2632 29,
486 2565 546 2620 in
560 2565 846 2636 princip.),
863 2565 1287 2621 «manifestum
1311 2570 1402 2621 est
1422 2565 1480 2620 in
1508 2583 1740 2622 omnem
1766 2567 2016 2637 Italiam,

370 2649 608 2722 Gallias,
642 2652 973 2727 Hispanias,
1001 2655 1253 2710 Africam
1278 2659 1453 2726 atque
1475 2655 1756 2724 Siciliam,
1774 2655 2022 2714 insulas~
2043 2711 2058 2722 ,

370 2757 485 2808 que
513 2742 946 2813 interjacentes,
972 2741 1202 2798 nullum
1234 2741 1564 2800 instituisse
1587 2743 2019 2813 Ecclesias,nisi

369 2847 468 2887 eos
499 2847 646 2904 quos
673 2830 1021 2889 venerabilis
1066 2831 1272 2887 Petrus
1319 2836 1422 2887 aut
1470 2833 1601 2904 ejus
1648 2849 2018 2892 successores

371 2919 782 2976 constituerint
801 2920 1151 2986 sacerdotes,
1177 2924 1402 2993 oportet
1421 2937 1520 2977 eos
1540 2921 1652 2977 hoc
1671 2921 1836 2995 sequi
1859 2923 2015 2995 quod

369 3002 632 3065 Ecclesia
662 3009 926 3064 Romana
955 3007 1272 3077 custodit,a
1291 3025 1409 3082 qua
1429 3026 1528 3066 eos
1551 3011 1906 3084 principium
1929 3028 2017 3068 ac-

366 3097 591 3170 cepisse
622 3115 738 3153 non
763 3097 1010 3153 dubium
1034 3101 1221 3163 est,ne
1243 3098 1384 3154 dum
1406 3099 1730 3172 peregrinis
1751 3101 2020 3156 assertio-

366 3183 542 3243 nibus
573 3187 832 3255 student,
853 3190 1031 3259 caput
1051 3186 1491 3243 institutionum
1519 3187 1826 3243 videantur
1843 3189 2014 3246 amit-

363 3277 504 3330 tere.
540 3296 568 3323 ››
599 3275 711 3330 Sed
742 3277 800 3330 et
829 3275 990 3346 quia,
1023 3279 1087 3330 ut
1116 3275 1322 3330 beatus
1355 3275 1721 3344 leestinus,
1746 3277 2014 3347 ejusdem

363 3361 567 3433 primae
592 3363 748 3418 sedis
768 3363 1098 3435 episcopus,
1115 3365 1185 3418 ad
1206 3363 1520 3418 Venerium
1543 3369 1600 3419 et
1621 3369 1856 3422 caeteros
1878 3365 2012 3422 Gal-

363 3447 587 3506 licanos
614 3450 756 3506 dicit
785 3451 1090 3523 episcopos
1118 3453 1296 3521 (epist.
1331 3453 1385 3519 8)
1419 3466 1432 3507 :
1469 3474 1496 3501 ‹‹
1525 3452 1652 3506 Non
1700 3457 1789 3508 est
1837 3471 2011 3527 agen-

361 3537 514 3594 tium
544 3555 723 3595 causa
761 3539 1042 3607 solorum,
1077 3539 1313 3610 quando
1361 3540 1708 3596 universalis
1756 3541 2016 3600 Ecclesia

2137 965 2267 1018 est:
2302 963 2484 1019 Honor
2529 965 2674 1034 regis
2712 963 2991 1035 judicium
3037 964 3222 1036 diligit
3261 966 3424 1038 (Psal.
3455 983 3622 1036 xcvni,
3650 971 3723 1040 1t);

2135 1055 2193 1106 et
2225 1067 2238 1106 :
2271 1053 2492 1108 Iustitia
2539 1053 2795 1123 ﬁrmatur
2850 1053 3080 1109 thronus
3129 1056 3244 1126 ejus
3291 1059 3466 1124 (Prov,
3512 1074 3626 1124 xxv,
3649 1059 3723 1129 5);

2136 1143 2192 1194 et
2224 1140 2361 1195 item
2397 1156 2410 1194 :
2443 1141 2662 1196 Iustitia
2691 1148 2745 1197 et
2773 1141 3074 1214 judicium,
3103 1145 3428 1215 prmparatio
3475 1144 3603 1200 sedis
3642 1154 3727 1200 tua

2137 1229 2309 1298 (Psal.
2345 1247 2609 1296 Lxxxvm,
2645 1230 2753 1302 13).
2786 1229 2855 1284 Et
2884 1229 3020 1286 licet
3053 1231 3170 1286 sint
3209 1231 3330 1288 alia:
3377 1231 3599 1289 virtutes
3624 1233 3724 1290 sine

2137 1317 2352 1390 quibus
2372 1318 2442 1372 ad
2476 1335 2720 1390 regnum
2753 1336 2868 1374 non
2903 1320 3238 1391 pervenitur
3264 1324 3722 1389 :eternum,tamen

2137 1407 2263 1462 sine
2294 1406 2387 1461 bis
2405 1405 2591 1461 tribus
2615 1424 2763 1479 quas
2784 1407 2949 1479 posui
2959 1412 3397 1482 mus,tyrannus
3417 1409 3530 1464 ﬁeri
3549 1414 3722 1482 potest,

2137 1511 2386 1568 regnum
2415 1499 2611 1552 autem
2639 1491 2958 1552 salubriter
2987 1512 3159 1554 nemo
3189 1503 3374 1570 potest
3391 1498 3726 1555 obtinerem-

2136 1601 2363 1652 renum,
2396 1585 2454 1639 id
2505 1589 2595 1640 est
2639 1585 2764 1641 sine
2821 1585 3294 1653 mansuetudine,
3333 1589 3458 1660 quia
3495 1589 3726 1643 mansueti

2137 1672 2532 1729 luereditabunt
2586 1682 2785 1729 terram
2847 1673 3050 1747 (Matth.
3091 1692 3148 1744 v,
3183 1675 3270 1747 4);
3302 1675 3422 1732 sine
3473 1675 3726 1748 patientia,

2135 1763 2269 1834 quia
2293 1763 2490 1818 melior
2517 1770 2598 1818 est
2616 1765 2832 1835 patiens
2876 1766 2994 1819 viro
3042 1765 3206 1835 forte,
3237 1771 3288 1820 et
3332 1765 3424 1837 qui
3467 1763 3728 1820 dominatur

2133 1853 2321 1907 animo
2349 1868 2448 1908 suo
2475 1859 2844 1924 expugnatore
2889 1851 3117 1908 urbium
3156 1856 3337 1922 (Prov.
3365 1869 3472 1918 xvx,
3503 1851 3614 1922 32);
3640 1855 3687 1909 et
3711 1869 3722 1910 :

2133 1944 2202 1995 In
2215 1943 2482 2012 patientia
2495 1949 2668 1996 vestra
2689 1941 3033 2013 possidebilis
3052 1943 3269 1997 animus
3289 1950 3478 1998 vestras
3491 1943 3622 2012 (Luc.
3632 1955 3722 2008 xxx,

2136 2030 2258 2098 19);
2293 2028 2418 2086 sine
2447 2045 2584 2086 vera
2609 2029 2939 2098 dilectione,
2972 2030 3045 2086 de
3089 2048 3208 2102 qua
3255 2031 3470 2086 dictum
3498 2033 3577 2086 est
3603 2047 3614 2086 :
3642 2029 3724 2100 Qui

2131 2115 2370 2184 diligitis
2425 2117 2740 2186 Dominum,
2789 2116 2932 2174 edite
2977 2117 3194 2173 malum
3241 2118 3421 2188 (t’sal.
3458 2134 3590 2185 xcvi,
3637 2116 3720 2187 10),

2133 2207 2393 2278 quoniam
2423 2207 2518 2278 qui
2543 2205 2730 2278 diligit
2776 2207 3151 2280 iniquitatem,
3183 2207 3295 2264 odit
3337 2209 3562 2264 animum
3600 2221 3720 2262 mm

2131 2294 2306 2362 (Psat.
2339 2311 2396 2355 x.
2416 2293 2492 2362 6).
2515 2295 2586 2350 Et
2617 2294 2756 2352 item
2788 2295 2848 2351 in
2878 2295 3106 2368 psalmo
3145 2295 3427 2370 scriptum
3453 2294 3723 2352 estdata!!-

2131 2381 2214 2449 de,
2244 2398 2499 2454 prospere
2541 2383 2768 2456 procede
2811 2391 2863 2440 et
2888 2401 3057 2459 regna
3087 2404 3106 2440 :
3137 2393 3358 2460 propter
3401 2386 3659 2451 veritatem,
3681 2387 3723 2438 et

2128 2470 2623 2538 mansuetudinem,
2654 2480 2706 2528 et
2722 2473 2999 2546 justitiam
3028 2475 3212 2543 (Psal.
3244 2492 3384 2544 LXIV,
3413 2474 3485 2546 ὅ),
3513 2471 3631 2546 quia
3651 2486 3718 2526 ve-

2131 2557 2360 2615 ritatem
2418 2577 2764 2634 exsequens,
2805 2563 3324 2620 mansuetudinem
3371 2578 3494 2618 cum
3530 2557 3718 2634 justiti:

2131 2649 2516 2718 conservabit,
2533 2654 2722 2706 utnec
2748 2650 2938 2708 zelum
2969 2651 3345 2710 rectitudinis
3365 2651 3420 2707 in
3443 2649 3719 2707 mansuetu-

2129 2735 2286 2793 dinis
2317 2739 2570 2810 pondere
2590 2739 3092 2812 derelinquat,nec
3105 2758 3350 2798 rursum
3370 2740 3580 2815 pondus
3595 2752 3719 2794 man-

2129 2825 2461 2882 suetudinis
2492 2827 2865 2884 rectitudinis
2895 2828 3015 2886 zelo
3046 2831 3372 2902 perturbet,
3403 2825 3717 2903 quoniam,ut

2129 2911 2424 2986 Sapientia
2453 2914 2596 2972 dicit
2625 2932 2640 2972 :
2669 2917 2782 2972 Rea:
2810 2919 2909 2990 qui
2933 2918 3078 2975 sedet
3107 2921 3178 2975 in
3205 2920 3338 2977 solio
3367 2917 3554 2991 judieii
3588 2912 3716 2970 dissi-

2122 3009 2219 3075 pat
2245 3019 2402 3060 omne
2429 3005 2639 3061 malum
2670 3008 2878 3063 intuitu
2905 3023 3004 3064 suo
3031 3007 3226 3081 (Prov.
3258 3025 3347 3077 xx,
3378 3007 3464 3080 8);
3492 3009 3544 3062 et
3567 3003 3676 3059 item
3701 3016 3713 3056 :

2127 3093 2242 3148 Rea:
2270 3095 2369 3165 qui
2383 3093 2604 3164 judicat
2631 3111 2893 3168 pauperes
2933 3097 2994 3152 in
3040 3097 3291 3164 veritate,
3321 3097 3528 3153 thronus
3553 3092 3648 3164 ejus
3670 3090 3712 3143 in

2124 3190 2390 3238 (rtemum
2414 3183 2748 3254 fundabitur
2775 3189 2961 3254 (Prov.
2993 3203 3155 3258 xxxx,
3193 3187 3302 3255 14).

2198 3271 2280 3326 Ex
2308 3272 2687 3329 sacerdotalis
2717 3290 2850 3330 vero
2873 3290 3204 3331 consensus
3226 3277 3395 3347 atque
3415 3264 3711 3328 discriminis

2125 3365 2288 3432 parte
2318 3361 2565 3418 Domino
2597 3361 2812 3418 dicitur
2843 3379 2856 3418 :
2889 3362 3266 3420 Misericordia
3315 3371 3408 3419 tua
3439 3367 3550 3418 ante
3569 3354 3711 3414 oculo!

2121 3465 2267 3505 meos
2287 3457 2382 3519 est,
2415 3451 2719 3524 complacui
2746 3459 2802 3508 tn
2833 3453 3056 3508 veritate
3087 3461 3206 3508 tua.
3238 3453 3351 3508 Non
3373 3449 3480 3506 sedi
3494 3464 3599 3504 eum
3619 3457 3713 3500 con-

2123 3539 2254 3594 cilio
2284 3541 2563 3608 vanitatis,
2593 3548 2794 3596 etcum
2824 3543 3016 3614 iniqua
3045 3542 3360 3613 gerentibus
3377 3557 3479 3598 non
3506 3532 3708 3593 introibo.

362 3643 714 3702 quacunque
729 3627 879 3685 562
894 3627 1149 3683 novitate
1162 3626 1661 3698 pulsatur;»etad
1675 3630 2008 3688 Nestorium
2043 3617 2085 3684 C
2125 3626 2286 3683 0divi
2332 3629 2628 3686 Ecclesium
2682 3631 3137 3700 malignantium,
3174 3640 3227 3688 et
3262 3647 3384 3686 cum
3428 3627 3592 3702 impiis
3625 3631 3709 3678 ποπ

361 3713 1073 3788 Coustantinopolitanum
1107 3715 1370 3772 scribens
1401 3717 1635 3789 (epist.5,
1669 3720 1729 3774 in
1757 3721 1887 3791 ﬁne)
1911 3721 2010 3776 de-

361 3805 547 3861 cernit
575 3827 604 3854 «
637 3804 791 3876 quod
840 3820 1044 3859 omnes
1089 3804 1339 3860 debeant
1388 3824 1559 3862 nosse
1609 3809 1763 3880 quod
1815 3809 2013 3882 agitur

361 3892 592 3963 quoties
618 3891 885 3948 omnium
916 3909 1098 3948 causa
1126 3897 1430 3961 tractatur,
1457 3897 1528 3951 ad
1552 3913 1758 3953 omnes
1777 3915 1884 3953 vox
1906 3914 2008 3953 no-

360 3981 495 4034 stra:
519 3978 874 4036 humilitatis
910 3981 1213 4051 emittitur,
1250 4006 1278 4032 »
1310 3983 1449 4056 quia
1490 3984 1626 4040 licet
1672 3986 1743 4039 de
1793 4002 1925 4058 rege
1953 3990 2010 4042 et

360 4066 710 4141 regina,viro
739 4069 962 4126 scilicet
989 4075 1047 4126 ct
1069 4087 1266 4139 uxore,
1290 4072 1388 4144 qui
1421 4073 1746 4129 secundum
1779 4091 2006 4130 sacram

359 4155 764 4213 auctoritatem
782 4157 909 4230 jam
941 4175 1056 4214 non
1088 4164 1228 4214 sunt
1257 4160 1392 4228 duo,
1427 4161 1529 4216 sed
1562 4179 1680 4216 una
1709 4179 1864 4231 caro,
1883 4167 2007 4218 tra-

357 4248 566 4314 ctetur,
599 4245 670 4302 de
695 4262 874 4303 causa
901 4247 1167 4304 omnium
1189 4248 1536 4320 generaliter
1553 4249 1900 4322 agiturque:
1920 4267 2009 4306 sa-

356 4340 722 4392 crumentum
753 4353 1036 4409 magnum
1063 4354 1097 4392 a
1128 4337 1323 4392 divino
1367 4337 1642 4409 Apostolo
1685 4338 1746 4393 in
1776 4339 2004 4396 Christo

355 4427 416 4480 et
438 4423 499 4479 in
529 4423 789 4481 Ecclesia
837 4424 1168 4497 appellatur
1199 4425 1411 4497 (Ephes.
1445 4443 1502 4491 ν,
1534 4427 1647 4494 32),
1682 4426 1740 4480 in
1787 4427 2005 4498 quibus

355 4511 519 4568 salus
550 4512 954 4569 universorum
987 4513 1306 4570 consistere
1348 4515 1626 4570 creditur.
1663 4515 1742 4570 De
1772 4513 2004 4573 Christo

354 4600 513 4656 enim
545 4600 746 4657 Petrus
777 4599 1076 4673 apostolus
1107 4607 1426 4674 protestatu
1438 4620 1480 4658 r.
1493 4605 1643 4676 Quia
1671 4621 1781 4659 non
1808 4613 1887 4660 est
1905 4623 2002 4662 no-

355 4705 478 4744 men
503 4688 603 4744 sub
633 4690 762 4745 σωιο
789 4689 977 4745 datum
1005 4691 1337 4758 hominibus,
1375 4693 1433 4746 in
1473 4707 1576 4763 quo
1624 4701 1862 4764 oporteat
1905 4710 2004 4750 nos

351 4778 528 4832 salvos
555 4779 680 4849 ﬁeri
705 4781 843 4849 (Act.
878 4797 954 4846 1v,
990 4782 1114 4849 12);
1151 4785 1206 4835 et
1237 4780 1392 4834 sicut
1421 4779 1480 4834 in
1530 4780 1748 4836 diluvio
1795 4798 2001 4838 omnes

351 4866 652 4940 perierunt
679 4848 831 4940 quos
862 4885 977 4923 non
1009 4885 1143 4924 arca
1165 4867 1569 4936 continuit,ita
1592 4887 1762 4927 nemo
1790 4870 2000 4927 salvari

351 4959 544 5028 potest
573 4956 674 5028 qui
707 4957 820 5052 lide
851 4962 1006 5012 recta
1037 4962 1092 5012 et
1123 4955 1292 5012 bonis
1341 4957 1617 5052 operibus
1671 4959 1728 5013 in
1779 4959 2003 5016 unitate
2032 4989 2078 5052 Β

351 5049 564 5102 sancta:
596 5045 862 5102 Ecclesia:
897 5064 1010 5102 non
1043 5046 1448 5118 permanserit.

421 5135 532 5192 Sed
565 5139 621 5191 et
650 5135 758 5191 bac
791 5133 1036 5206 spiritali
1071 5135 1295 5191 ratione
1327 5135 1582 5207 prmlata,
1607 5136 1677 5191 de
1709 5141 1827 5192 tam
1853 5137 1996 5194 emi-

349 5225 678 5280 nentissimi
695 5224 952 5279 nominis
965 5224 1246 5297 dignitate
1260 5231 1317 5280 et
1333 5224 1551 5280 talibus
1573 5226 1839 5296 personis
1861 5243 1996 5282 cau-

349 5329 416 5370 sa
437 5331 552 5369 non
573 5314 783 5387 exigua
800 5311 1205 5382 ventilatur,ut
1226 5330 1389 5385 reges
1411 5318 1872 5380 terra2,etomnes
1894 5332 1997 5388 po-

349 5402 494 5475 puli,
527 5402 841 5476 principes,
865 5407 924 5458 et
952 5420 1157 5458 omnes
1187 5403 1423 5473 judices
1454 5406 1638 5470 terrae,
1665 5403 1912 5474 juvenes
1938 5409 1998 5459 et

345 5489 620 5564 virgines,
649 5509 819 5548 senes
865 5509 999 5547 cum
1041 5491 1402 5564 junioribus,
1439 5489 1496 5545 in
1529 5491 1638 5546 hac
1686 5491 1992 5549 intendere

345 5579 615 5648 debeant,
646 5585 704 5636 et
726 5581 939 5653 judicii
971 5581 1297 5645 veritatem,
1330 5584 1387 5634 et
1415 5579 1835 5636 sacerdotalem
1862 5599 1996 5637 con-

345 5683 606 5743 sensum,
639 5673 697 5728 et
727 5669 896 5745 regiae
928 5666 1422 5738 mansuetudinis,
1457 5667 1751 5744 patientiae
1773 5673 1829 5726 et
1849 5669 1992 5726 dile-

2120 3716 2328 3772 sedebo.
2361 3717 2575 3773 Lavabo
2615 3719 2758 3774 inter
2786 3719 3094 3776 innocentes
3145 3736 3343 3796 nuinus
3385 3731 3536 3782 metis,
3563 3720 3606 3770 et
3625 3710 3708 3766 cir-

2119 3805 2382 3860 cumdabo
2411 3806 2586 3862 altare
2613 3815 2789 3877 tuum,
2822 3809 3072 3878 Domine,
3101 3818 3173 3866 ut
3199 3808 3422 3865 audiam
3454 3819 3609 3862 vocem
3625 3800 3715 3855 lal-

2121 3893 2206 3950 dis
2245 3902 2370 3961 tuaz,
2397 3903 2450 3950 et
2497 3911 2750 3952 enarrem
2805 3898 3063 3954 universa
3117 3898 3408 3955 mirabilia
3457 3903 3540 3951 tua
3576 3885 3708 3965 (Ρειιιο

2118 3983 2472 4051 xxv,3).Sed,
2498 3988 2563 4038 ut
2590 3989 2830 4042 sanctus
2860 3985 3002 4043 dicit
3032 3986 3351 4061 Gregorius
3379 3980 3568 4055 (Morel.
3592 3988 3710 4061 nl!)

2118 4086 2237 4143 cap.
2268 4073 2324 4143 6)
2359 4087 2372 4126 ε
2411 4095 2431 4121 σι
2467 4071 2646 4129 Video
2678 4073 2823 4130 alios
2855 4075 3074 4147 quibus
3104 4060 3216 4148 per
3241 4073 3429 4132 locum
3449 4060 3710 4157 magistefli
3819 4141 3821 4157 ί

2117 4159 2461 4216 exhortandi
2493 4165 2635 4217 sunt
2652 4161 2844 4218 ofﬁcia
2868 4163 3277 4236 arguendique
3294 4149 3714 4226 eommissa,quia
3817 4229 3819 4245 Ι

2115 4248 2314 4304 vident
2343 4249 2566 4322 aliquid
2601 4249 2871 4307 illicitum
2901 4253 3224 4323 admitti,et
3255 4258 3445 4309 tamen
3464 4248 3587 4303 dum
3605 4253 3712 4314 quo-

2117 4339 2390 4394 rumdam
2421 4343 2730 4411 potentum
2760 4342 3051 4398 offendere
3079 4341 3337 4414 gratiam
3366 4336 3708 4414 metuuntur:

2114 4441 2291 4498 gnere
2321 4444 2436 4482 non
2468 4412 3144 4502 prmsumunt.Quisquis
3177 4430 3291 4487 iste
3309 4432 3417 4493 est,
3438 4422 3565 4498 quid
3583 4412 3706 4476 aliud

2115 4513 2392 4580 facit,nisi
2414 4516 2571 4572 videt
2593 4517 2746 4574 563
2768 4517 2974 4590 lupum
2997 4519 3326 4576 venientem
3347 4520 3404 4573 et
3433 4509 3603 4586 fugit?
3622 4505 3709 4562 Fu-

2115 4603 2220 4676 git,
2248 4603 2385 4676 quia
2407 4605 2620 4675 tacuit;
2645 4607 3307 4680 tacuit,quia,despecta
3328 4609 3530 4661 aeterna
3545 4592 3708 4687 grati}.

2114 4693 2493 4764 temporalem
2525 4694 2768 4767 gloriam
2791 4695 2927 4767 plus
2949 4695 3338 4752 amavit.Ecce
3359 4696 3486 4749 ante
3506 4682 3709 4761 potentis

2113 4779 2320 4836 faciem
2353 4781 2506 4837 intra
2535 4799 2642 4838 sua
2671 4800 2734 4838 se
2779 4781 3035 4840 latebras
3087 4781 3307 4839 silentii
3355 4768 3711 4862 abscondit,

2114 4868 2266 4924 sicut
2295 4871 2684 4941 persecutioni
2713 4871 2965 4944 publice,
2999 4871 3084 4927 sic
3111 4869 3340 4927 occulte
3373 4867 3551 4922 locum
3587 4853 3710 4912 dedit

2113 4957 2330 5014 timori.
2362 4959 2514 5014 Bene
2544 4959 2615 5015 de
2651 4959 2866 5016 talibus
2899 4961 3115 5016 dicitur
3140 4978 3154 5016 :
3182 4947 3710 5040 Dilexeruntglomf"

2111 5049 2396 5104 hominum
2441 5051 2616 5121 magis
2665 5067 2826 5123 quam
2861 5053 2984 5108 Dei.
3019 5051 3176 5125 (Joan
3207 5067 3309 5116 xu,
3343 5048 3450 5114 43).
3482 5039 3708 5126 Ουὶειιωξ

2109 5137 2290 5209 igitur
2328 5137 2462 5193 talis
2510 5143 2618 5203 est,
2652 5140 2700 5193 si
2752 5139 2872 5195 haec
2921 5139 3187 5196 districta
3227 5127 3707 5210 judicantur,et51

2109 5225 2434 5297 persecutio
2465 5227 2702 5298 publica
2731 5227 2936 5299 defuit,
2961 5233 3158 5284 tamen
3182 5226 3428 5282 tacendo
3458 5215 3704 5276 Christum

2109 5314 2360 5386 negavit.
2399 5337 2427 5362 ››
3599 5389 3606 5391 _
3668 5381 3694 5391 Δ,

2176 5400 2488 5458 Judicibus
2517 5407 2712 5458 autem
2745 5404 3078 5478 praecipitur
3110 5421 3122 5460 :
3156 5403 3223 5460 Si
3249 5417 3372 5458 vere
3401 5399 3574 5468 utique
3581 5388 3708 5478 jwf"

2110 5492 2246 5545 tiam
2277 5491 2590 5562 loquimini,
2628 5468 2771 5548 recta
2797 5468 3060 5566 judicate,
3092 5493 3204 5565 ﬁlii
3251 5489 3524 5547 hominum
3566 5468 3704 5566 (P‘f‘l'

2107 5595 2236 5647 LVII,
2272 5561 2353 5650 1).
2378 5579 2452 5636 Ut
2479 5596 2613 5636 cum
2655 5561 2906 5654 quisque
2954 5561 3296 5639 mortalium
3336 5561 3705 5666 ἱῑιάίοίΡἚᾳῗ

2103 5668 2254 5726 derit
2277 5667 2604 5748 publicum,
2621 5650 2894 5730 siverum
2915 5671 3414 5751 loquitur,verum
3435 5650 3702 5735 etjudiw‘:
