3896 6182
196 351 304 418 625

1098 356 1200 418 DE
1243 356 1618 420 DIVORTIO
1662 358 2034 422 LOTHABII
2078 360 2178 422 ET
2223 361 2683 426 TETBERGE.

3472 370 3599 436 626

193 504 288 546 nec
318 490 500 562 ponat
526 485 828 545 blanditiis
865 503 1205 546 sermonum
1237 489 1634 564 muscipulam
1658 492 1829 548 dece-
1864 493 1916 562 Α
1947 492 2028 549 tio
2049 492 2306 550 hominis
2327 497 2655 563 confitetur,
2669 497 2834 554 liberi
2849 499 3080 570 judices
3099 520 3228 560 esse
3251 521 3365 562 non
3390 521 3598 578 possu-

193 576 417 653 ptionis.
437 594 540 650 per
558 593 737 650 quam
757 577 985 634 occulte
1017 579 1316 635 interimat
1343 578 1704 647 innocentes,
1738 585 1828 636 at-

190 667 421 725 tendens
449 666 590 739 quia
633 665 812 722 homo
856 667 1018 724 videt
1061 667 1120 723 in
1153 669 1318 737 facie,
1352 669 1507 726 Deus
1537 673 1736 726 autem
1767 669 1827 725 in

189 757 383 825 corde;
410 760 468 812 et
509 755 558 812 si
598 755 823 825 oculus,
851 757 907 813 id
941 761 1030 813 est
1055 758 1301 814 intentio
1333 760 1544 827 cordis,
1580 761 1829 834 simplex

185 845 362 914 fuerit,
387 849 578 902 totum
597 861 832 918 corpus,
852 845 911 902 id
933 850 1022 903 est
1043 848 1238 904 omnis
1259 849 1410 904 actio
1440 847 1636 905 lucida
1666 849 1776 905 erit
1809 868 1822 906 :

186 935 227 993 si
256 937 455 991 autem
486 935 614 1008 ipsa
645 935 891 992 intentio
937 937 1246 992 tenebrosa
1277 938 1474 1004 fuerit,
1497 939 1626 1010 jam
1659 943 1825 996 tene-

185 1025 304 1092 brn,
327 1040 463 1096 qua:
485 1023 545 1078 in
567 1023 794 1081 actione
822 1028 1014 1092 erunt,
1047 1029 1114 1081 ut
1145 1027 1498 1095 modum,ita
1526 1032 1583 1084 et
1612 1045 1824 1084 nomen

185 1113 547 1170 tenebrarum
593 1130 738 1186 pene
783 1115 1092 1170 excedunt.
1126 1116 1195 1170 Et
1225 1120 1466 1172 sanctus
1512 1117 1826 1189 Gregorius

184 1201 309 1260 dicit
337 1201 554 1274 (Horat.
592 1220 744 1271 χχιχ,
774 1221 892 1276 cap.
925 1204 978 1276 6)
1015 1219 1028 1259 :
1080 1227 1107 1254 ‹‹
1139 1205 1320 1263 Video
1370 1223 1626 1280 namque
1675 1225 1826 1264 non-

183 1290 360 1348 nullos
389 1290 478 1347 ita
504 1308 816 1364 personam
847 1293 1104 1366 potentis
1135 1295 1420 1368 accipere,
1452 1299 1536 1363 ut,
1559 1296 1824 1370 requisiti

181 1380 246 1437 ab
262 1396 345 1449 eo,
361 1397 474 1454 pro
495 1381 684 1439 favore
706 1383 836 1454 ejus
863 1399 978 1439 non
1001 1382 1272 1440 dubitent
1291 1383 1352 1439 in
1374 1401 1554 1440 causa
1573 1385 1824 1457 proximi

179 1469 470 1526 veritatem
501 1486 733 1543 negare.
765 1471 835 1526 Et
865 1471 999 1544 quis
1042 1477 1134 1528 est
1180 1472 1418 1541 veritas,
1453 1472 1566 1529 nisi
1594 1471 1692 1530 ille
1722 1475 1824 1546 qui

179 1557 304 1614 dixit
331 1573 348 1612 :
381 1559 508 1631 Ego
534 1575 660 1614 sum
702 1560 814 1626 via,
856 1561 1077 1627 veritas,
1123 1567 1176 1616 et
1205 1563 1358 1617 vita?
1389 1561 1564 1628 (Joan.
1597 1577 1710 1630 xw,
1743 1563 1824 1632 6.)

177 1647 358 1720 Reque
387 1646 552 1703 enim
581 1648 840 1705 Joannes
870 1649 1135 1722 Baptista
1165 1650 1235 1705 de
1267 1650 1632 1706 confessione
1660 1651 1822 1706 Chri-

178 1736 260 1803 sti,
290 1737 392 1792 sed
443 1737 518 1792 de
538 1736 787 1808 justitiae
836 1736 1078 1794 veritate
1125 1739 1467 1811 requisitas,
1501 1738 1775 1795 occubuit
1807 1756 1820 1794 :

177 1825 264 1924 sed
291 1824 440 1897 quia
465 1824 736 1928 Christus
755 1829 846 1882 est
864 1825 1110 1928 veritas,
1127 1827 1200 1882 ad
1233 1832 1482 1927 mortem
1515 1845 1704 1900 usque
1732 1826 1820 1882 id-
1853 1864 1899 1928 Β

133 1973 138 1978 ,
177 1912 311 1970 circo
332 1929 450 1986 pro
498 1913 748 1981 Christo,
783 1913 921 1986 quia
939 1914 1208 1971 videlicet
1229 1933 1334 1989 pro
1355 1915 1594 1972 veritate
1625 1933 1822 1988 perve-

176 2001 270 2058 nit.
298 2024 328 2052 n
355 2003 436 2058 Et
465 2003 672 2060 beatus
703 2003 858 2060 Beda
887 2005 972 2072 (in
1006 2005 1222 2073 Lucam,
1257 2021 1377 2078 cap.
1407 2008 1501 2074 22)
1534 2023 1548 2062 :
1586 2029 1615 2057 ‹‹
1648 2006 1816 2063 Multi

177 2087 332 2146 hodie
360 2089 534 2147 Judze
565 2089 779 2160 scelus,
813 2093 970 2164 quod
1019 2092 1334 2148 Dominum
1369 2111 1436 2150 ac
1467 2093 1817 2167 magistrum

176 2178 470 2251 Deumque
490 2196 668 2236 suum
689 2179 937 2253 pecunia
953 2182 1463 2251 vendiderit,velut
1483 2183 1742 2240 immane
1763 2189 1822 2240 et

175 2267 456 2324 nefarium
515 2268 844 2336 exhorrent,
879 2287 983 2326 nec
1014 2274 1212 2326 tamen
1244 2277 1466 2328 cavent.
1501 2273 1648 2328 Nam
1681 2289 1819 2328 cum

175 2372 264 2428 pro
275 2355 628 2414 muneribus
639 2357 852 2414 falsum
866 2362 1070 2415 contra
1082 2359 1402 2432 quemlibet
1413 2361 1818 2418 testimonium

171 2444 387 2515 dicunt,
412 2445 673 2519 profecto
693 2447 832 2519 quia
851 2446 1152 2504 veritatem
1175 2466 1278 2521 pro
1303 2451 1551 2520 pecunia
1581 2454 1816 2523 negant,

171 2533 478 2590 hminum
494 2533 744 2607 pecunia
753 2536 1031 2592 vendunt.
1051 2537 1178 2609 Ipse
1191 2537 1347 2594 enim
1360 2537 1532 2594 dixit:
1551 2543 1671 2612 Ego
1689 2556 1819 2594 sum

170 2623 557 2680 ceritaaCum
589 2623 925 2680 societatem
958 2625 1340 2682 fraternitatis
1371 2625 1571 2700 aliqua
1593 2627 1820 2684 discor—

175 2711 272 2768 dia
319 2715 490 2785 peste
537 2711 990 2782 commaculant,
1025 2713 1339 2770 Dominum
1371 2717 1648 2787 produnt,
1681 2715 1823 2788 quia

177 2805 314 2860 Deus
339 2802 617 2858 auritas
642 2811 728 2857 est
757 2801 803 2872 (ι
825 2806 1099 2870 Jaan.1v,
1123 2805 1180 2872 8)
1205 2821 1218 2872 ;
1250 2804 1372 2876 qui,
1403 2805 1580 2860 etiam
1611 2803 1662 2860 si
1693 2803 1823 2859 nul-

177 2888 262 2946 lus
280 2891 598 2962 pecuniam
618 2891 734 2958 det,
749 2891 1064 2947 Dominum
1087 2890 1379 2966 argenteis
1397 2891 1823 2964 vendunt,quia

1938 599 2074 638 mus
2102 583 2216 639 nisi
2245 602 2314 640 ex
2343 585 2515 640 corde
2543 589 2599 641 et
2631 603 2728 642 ore
2759 605 2894 643 vera
2922 587 3188 647 dicamus
3223 609 3236 647 :
3268 609 3418 664 vere,
3451 595 3592 668 quia

1937 675 2078 727 tunc
2114 673 2278 743 justo
2312 673 2670 744 judicemus,
2706 680 2764 731 et
2792 676 2902 732 hoc
2932 677 3106 733 etiam
3138 696 3272 735 cum
3302 681 3511 741 timore
3533 687 3592 744 et

1938 766 2210 828 tremore,
2227 779 2299 816 ne
2315 762 2459 818 forte
2475 762 2807 836 ignorantia
2823 765 3264 838 delinquamus;
3288 770 3587 841 quoniam,

1937 867 2072 906 cum
2097 849 2173 906 sit
2195 850 2417 906 dictum
2443 869 2454 906 :
2483 853 2541 906 In
2575 869 2682 925 quo
2700 854 2914 926 judicio
2939 855 3343 926 judicaveritis,
3365 859 3592 931 judica-

1937 939 2084 994 bitur
2109 939 2175 995 de
2203 942 2354 996 vobis
2385 942 2603 1012 (Matth.
2637 961 2737 1014 vn,
2767 948 2824 1012 2)
2849 962 2862 1012 ;
2895 950 2988 1000 et:
3023 945 3086 1000 Si
3112 962 3222 1000 non
3243 946 3594 1018 reprehende-

1934 1029 2012 1084 rit
2037 1045 2135 1084 nos
2163 1045 2256 1084 cor
2274 1037 2546 1098 nostrum,
2576 1034 2753 1103 major
2801 1041 2879 1088 est
2922 1034 3063 1088 Deus
3116 1034 3274 1090 corde
3308 1043 3512 1104 nostra,
3541 1044 3596 1094 et

1934 1120 2087 1174 novit
2113 1120 2300 1174 omnia
2331 1119 2406 1188 (II
2430 1120 2586 1176 Joan.
2623 1137 2706 1184 ιιι,
2733 1121 2826 1188 20)
2853 1139 2864 1187 ς
2898 1124 2955 1177 et
3005 1120 3132 1176 ideo
3181 1121 3241 1177 in
3288 1123 3383 1179 his
3409 1123 3587 1180 etiam

1935 1223 2062 1279 quas
2095 1208 2250 1280 apud
2283 1207 2553 1264 homines
2584 1213 2740 1264 certa
2770 1209 3126 1276 sunt,securi
3156 1227 3286 1267 esse
3315 1229 3429 1267 non
3461 1229 3594 1284 pos-

1935 1311 2165 1364 sumus,
2200 1295 2470 1363 scientes,
2507 1299 2572 1352 ut
2604 1296 2818 1353 Paulus
2850 1297 3006 1364 dicit,
3043 1297 3181 1369 quia
3221 1299 3486 1358 Dominus
3514 1309 3596 1360 est

1935 1385 2031 1456 qui
2075 1401 2174 1440 nos
2206 1384 2424 1456 judicat
2472 1385 2517 1455 (1
2537 1389 2660 1442 Cor.
2696 1404 2772 1454 1v,
2807 1385 2880 1457 4),
2916 1385 3016 1458 qui
3047 1403 3200 1460 saepe
3221 1387 3448 1459 judicio
3478 1390 3590 1448 hu-

1934 1489 2108 1530 mano
2131 1473 2554 1544 justiﬁcamur.

2006 1565 2370 1636 Quapropter
2399 1564 2637 1636 regibus
2667 1564 3074 1633 scribimus,ut
3094 1583 3243 1638 quos
3276 1567 3426 1624 Deus
3459 1567 3588 1624 ideo

1934 1651 1994 1707 in
2029 1655 2148 1707 tam
2189 1650 2676 1708 excellentissimo
2725 1652 2850 1708 loco
2901 1651 3114 1724 posuit,
3149 1658 3216 1709 ut
3245 1671 3281 1710 a
3306 1655 3590 1727 subjectis

1933 1740 2208 1798 omnibus
2239 1741 2470 1798 valeant
2499 1741 2780 1814 conspici,
2814 1745 2872 1796 et
2905 1743 2973 1796 ad
3009 1741 3226 1813 speculi
3262 1743 3445 1799 vicem
3477 1743 3586 1800 ha-

1932 1829 2077 1897 beri,
2125 1833 2415 1901 quatenus
2458 1829 2652 1902 pravis
2683 1834 2740 1885 et
2768 1829 2941 1886 rectis
2969 1830 3056 1886 vel
3091 1831 3295 1886 terrori
3327 1848 3456 1888 esse
3484 1833 3585 1888 de-

1931 1919 2107 1974 beant
2127 1917 2214 1973 vel
2237 1918 2442 1987 amori,
2457 1917 2559 1972 illa
2579 1922 2851 1990 satagunt
2873 1918 3059 1973 facere
3083 1919 3153 1973 de
3174 1918 3390 1990 quibus
3413 1937 3586 1978 nemo

1928 2007 2327 2078 subjectorum
2375 2021 2474 2060 eos
2519 2005 2682 2076 juste
2731 2003 2923 2059 valeat
2954 2004 3396 2076 reprehendere,
3431 2010 3488 2061 et
3515 2023 3586 2062 ea

1928 2095 2206 2151 studeant
2236 2109 2607 2164 summopere
2636 2093 2892 2148 devitare
2923 2110 3050 2165 qua:
3077 2092 3136 2147 in
3169 2093 3450 2164 subjectis
3480 2111 3584 2166 pro

1929 2181 2253 2238 ministerio
2284 2181 2395 2237 sibi
2429 2199 2464 2236 a
2492 2182 2608 2236 Deo
2641 2181 2916 2253 imposito
2973 2197 3211 2237 necesse
3257 2181 3368 2237 erit
3407 2181 3587 2238 corri-

1929 2289 2082 2344 gere,
2118 2287 2190 2326 ne
2219 2269 2461 2325 audiant
2489 2287 2525 2325 a
2553 2269 2938 2342 redarguente
2968 2286 3030 2325 se
3055 2269 3360 2341 Apostolo:
3385 2270 3588 2326 Existi-

1927 2378 2045 2416 mas
2075 2376 2218 2432 ergo,
2245 2375 2275 2415 ο
2305 2359 2480 2426 homo,
2517 2361 2614 2432 qui
2633 2359 2854 2432 judzcas
2883 2359 2948 2413 de
2977 2359 3063 2414 his
3093 2360 3189 2430 qui
3217 2359 3354 2414 talia
3395 2366 3585 2431 agunt,

1927 2459 1980 2507 et
2004 2451 2143 2521 facis
2171 2466 2254 2514 ea,
2285 2450 2545 2520 quoniam
2575 2455 2633 2504 tu
2659 2449 2880 2520 effugies
2918 2447 3202 2517 judicium
3246 2449 3380 2504 Dei?
3409 2450 3585 2516 (Rom.

1930 2557 1990 2606 ιι,
2013 2538 2091 2609 3.)
2113 2539 2182 2592 Et
2203 2537 2414 2592 iterum
2445 2535 2727 2607 scriptum
2752 2541 2840 2592 est
2864 2553 2880 2590 ε
2913 2536 3192 2592 Iudicium
3219 2536 3585 2592 durissimum

1929 2631 1989 2688 in
2019 2629 2105 2684 his
2133 2627 2230 2699 qui
2248 2633 2498 2698 praesunt
2523 2625 2615 2695 ﬁet
2643 2625 2790 2697 (Sep.
2825 2643 2898 2692 vx,
2931 2628 3010 2694 6).
3035 2626 3105 2680 Et
3133 2629 3374 2682 sanctus
3405 2625 3583 2699 Spiri-

1929 2721 2025 2774 tus
2050 2734 2152 2789 per
2170 2709 2372 2770 beatos
2393 2713 2548 2769 viros
2571 2713 2946 2769 Benedictum
2979 2719 3035 2768 et
3064 2712 3418 2786 Cyprianum
3449 2731 3582 2772 con-

1930 2807 2126 2862 ﬁrmat
2172 2803 2314 2876 quia
2368 2801 2778 2874 unusquisque
2808 2819 2905 2857 rex
2937 2802 3010 2856 de
3039 2801 3314 2858 omnibus
3334 2801 3581 2874 judiciis

1929 2893 2055 2950 suis
2087 2891 2422 2964 δεᾳαίεεὶωο
2464 2890 2651 2963 judioi
2700 2891 2816 2946 Deo
2848 2889 3132 2945 rationem
3163 2889 3366 2946 reddet
3395 2889 3455 2945 in
3485 2891 3580 2946 die

178 2978 456 3052 principis
515 2979 712 3034 seculi
761 2979 1100 3053 imaginem,
1135 2981 1192 3036 id
1223 2984 1312 3037 est
1340 2979 1606 3053 exempla
1635 2979 1821 3036 hostis
1921 2983 2157 3056 judicii,
2189 2985 2246 3038 et
2275 2998 2379 3053 pro
2410 2980 2591 3036 tantis
2623 2979 2907 3034 rationem
2928 2979 3150 3044 reddet,
3183 2981 3438 3050 quantos
3466 2979 3578 3037 sub

178 3066 418 3140 antiqui,
450 3067 719 3141 neglecta
755 3069 1107 3137 Couditoris,
1139 3070 1212 3125 ad
1243 3086 1421 3141 quam
1452 3069 1628 3125 creati
1661 3073 1820 3135 sunt,

177 3153 444 3230 imagine,
463 3161 730 3213 sumunt.
747 3179 776 3206 ››
800 3157 900 3213 Ille
921 3157 1098 3214 etiam
1121 3157 1434 3214 Dominum
1454 3157 1670 3226 vendit,
1695 3157 1818 3230 qui,

1931 3089 2074 3128 cura
2101 3089 2209 3128 sua
2236 3067 2661 3137 habuerit,sine
2683 3067 2860 3123 dubio
2893 3066 3094 3122 addita
3109 3071 3166 3122 et
3183 3065 3392 3122 animas
3425 3083 3572 3124 suae:

1930 3166 1987 3218 et
2007 3161 2162 3218 sicut
2185 3160 2247 3214 in
2278 3159 2487 3215 throno
2509 3155 2819 3213 hominum
2849 3155 3076 3228 primus
3105 3153 3464 3212 constitutus
3489 3158 3581 3212 est

173 3229 530 3314 ejusamore
560 3261 627 3302 ac
654 3245 866 3302 timore
913 3245 1196 3318 neglecto,
1228 3250 1460 3302 terrena
1487 3249 1544 3302 et
1573 3229 1812 3316 caduca,
1847 3229 1890 3296 (ἶ
1928 3249 2042 3306 nisi
2063 3266 2126 3306 se
2145 3253 2202 3305 et
2222 3247 2332 3304 sibi
2355 3247 2704 3304 commissos
2726 3246 2872 3302 bene
2892 3243 3414 3316 rexerit,quantum
3440 3259 3576 3300 cum

175 3329 283 3388 imo
294 3333 476 3390 etiam
490 3333 828 3402 criminosa,
853 3333 986 3406 plus
1005 3351 1204 3391 amare
1223 3339 1282 3392 et
1301 3352 1506 3392 curare
1525 3336 1816 3392 convinci-

173 3424 280 3487 tur.
311 3421 464 3478 Cum
497 3422 620 3479 hinc
647 3423 732 3478 ita
761 3440 822 3480 se
853 3423 1127 3492 habeant,
1167 3441 1404 3481 necesse
1432 3429 1522 3480 est
1549 3429 1608 3480 et
1635 3425 1817 3482 eccle-

173 3508 422 3567 siasticis
452 3514 512 3566 et
541 3510 787 3582 publica:
819 3510 901 3568 rei
923 3511 1248 3584 judicibus,
1285 3517 1352 3568 ut
1380 3513 1461 3568 ita
1490 3513 1600 3569 sub
1631 3513 1818 3570 oculis

169 3598 403 3670 superni
427 3599 654 3670 judicia
685 3599 744 3656 in
775 3617 1126 3674 quacunque
1156 3618 1352 3668 causa,
1371 3607 1428 3656 et
1457 3602 1528 3656 de
1559 3619 1818 3674 quacun-

171 3701 276 3758 qne
304 3704 562 3760 persona
587 3689 904 3746 decernant
923 3690 1241 3761 judicium,
1275 3694 1567 3762 quatenus
1596 3707 1711 3747 non
1743 3691 1822 3748 sit

169 3772 224 3831 in
245 3777 455 3833 eodem
468 3775 698 3849 judicio
718 3776 936 3850 aliquid
964 3779 1230 3834 fermenti
1254 3778 1511 3846 malitim,
1535 3779 1672 3849 doli,
1693 3780 1816 3852 pla-

169 3863 441 3934 ciditatis,
476 3866 873 3924 simulationis
904 3868 1022 3924 sive
1052 3866 1409 3940 cupiditatis,
1435 3867 1521 3924 vel
1554 3885 1687 3940 spes
1715 3886 1819 3924 cu-

162 3951 406 4022 juslibet
426 3955 860 4027 acquisitionis,
887 3957 988 4013 sed
1011 3961 1199 4012 totum
1232 3973 1436 4030 azyma
1465 3957 1820 4014 sinceritatis

169 4045 223 4097 st
236 4044 526 4110 veritatis,
551 4042 611 4099 id
633 4047 722 4100 est
733 4045 1028 4116 judicium
1045 4045 1314 4116 justitize,
1337 4045 1582 4117 aequitas
1611 4045 1816 4102 verita-

169 4128 256 4196 tis,
281 4132 516 4204 paritas
535 4133 820 4201 veritatis,
845 4151 938 4202 ne,
962 4134 1118 4206 quod
1141 4133 1314 4204 absit,
1350 4133 1817 4192 maledictionem

159 4218 394 4289 judices
415 4221 816 4290 incurramus,
841 4239 968 4294 qua:
989 4221 1337 4296 generaliter
1357 4240 1391 4279 a
1411 4223 1580 4279 nobis
1603 4223 1746 4296 ipsis
1761 4229 1822 4280 et

166 4323 202 4362 a
227 4313 448 4365 cuncta
498 4309 856 4382 imprecetur
901 4310 1162 4379 Ecclesia
1189 4310 1248 4365 in
1280 4311 1432 4367 dicto
1474 4312 1768 4385 prophetaa
1800 4329 1814 4368 :

162 4396 306 4455 luta
331 4401 474 4470 fiant
505 4401 658 4456 labia
699 4400 882 4458 dolosa
911 4402 1085 4472 (Psal.
1114 4419 1244 4468 xxx,
1279 4402 1368 4470 19)
1392 4419 1406 4469 ;
1439 4405 1496 4458 et
1524 4419 1537 4457 :
1572 4402 1636 4458 In
1663 4403 1820 4459 corde

163 4497 214 4541 at
234 4487 403 4544 corde
432 4489 600 4544 locuti
625 4497 774 4558 sunt,
791 4489 1067 4562 disperdat
1091 4489 1354 4546 Dominus
1387 4492 1649 4547 universa
1672 4493 1822 4548 labia

1927 3339 2029 3396 Dei
2053 3337 2302 3410 ajutorio
2323 3335 2709 3409 praevaluerit,
2731 3350 2937 3390 omnes
2967 3347 3352 3404 quoscunque
3379 3348 3579 3404 pecca-

1925 3432 2082 3486 tores
2113 3427 2223 3483 sub
2254 3444 2316 3482 se
2355 3425 2415 3480 in
2466 3422 2736 3496 praesenti
2783 3421 2994 3478 smculo
3043 3421 3272 3489 habuit,
3306 3437 3488 3494 supra
3514 3437 3582 3478 se

1928 3519 2101 3573 modo
2133 3513 2347 3588 plagali
2377 3513 2435 3568 in
2467 3512 2568 3568 illa
2598 3513 2796 3568 futura
2827 3528 2997 3584 poena
3027 3509 3288 3567 habebit.

1997 3607 2080 3661 Ad
2116 3603 2558 3660 consacerdotes
2609 3604 2806 3656 autem
2852 3604 3101 3666 nostros,
3134 3615 3203 3655 ac
3231 3615 3334 3670 per
3362 3598 3472 3654 hoc
3504 3598 3578 3654 ad
3689 3613 3700 3624 ‘

1930 3711 2036 3750 nos
2065 3693 2246 3765 ipsos,
2280 3707 2471 3747 sermo
2509 3692 2706 3745 noster
2750 3687 3041 3761 dirigitur,
3076 3693 3140 3742 ut
3169 3705 3237 3744 ea
3265 3687 3579 3742 doceamus

1929 3801 2058 3856 quas
2091 3781 2375 3838 Dominus
2407 3779 2628 3846 docuit,
2657 3794 2727 3833 ea
2753 3777 3136 3850 praedicamus
3177 3792 3303 3848 qua:
3337 3773 3450 3848 ipsi
3475 3775 3580 3830 ob-

1929 3873 2136 3930 noxius
2165 3886 2575 3926 conservemus
2601 3885 2615 3934 ;
2648 3866 2788 3939 quia
2818 3866 2970 3922 sicut
3003 3865 3288 3938 scriptum
3317 3867 3408 3946 est
3438 3881 3452 3919 :
3484 3864 3580 3919 In-

1929 3971 2142 4032 terroga
2181 3958 2480 4015 sacerdotes
2529 3959 2701 4026 legem
2744 3973 2924 4011 meam
2948 3959 3104 4024 (Agg.
3139 3972 3200 4020 ιι,
3239 3953 3348 4026 12),
3383 3952 3466 4008 ita
3491 3951 3579 4007 ni-

1928 4049 2250 4107 hilominus
2281 4063 2314 4100 a
2344 4044 2582 4101 Domino
2630 4043 2850 4098 dictum
2895 4047 2986 4098 est
3017 4059 3030 4096 :
3071 4045 3144 4097 Tu
3175 4041 3404 4096 audiens
3433 4057 3581 4096 nun-

1929 4142 2096 4196 tiabis
2143 4139 2220 4193 eis
2265 4153 2334 4190 ac
2361 4151 2446 4189 mc
2477 4135 2688 4201 (Ezech.
2725 4150 2924 4198 χχχιιι,
2955 4134 3050 4199 7);
3086 4129 3332 4186 audiens
3361 4133 3577 4196 autem,

1927 4229 2014 4285 vel
2063 4223 2446 4296 inspiratione
2499 4237 2773 4293 superna,
2806 4219 2891 4274 vel
2950 4219 3198 4273 lectione
3257 4215 3474 4284 divina,
3508 4217 3582 4271 de

1927 4316 2146 4390 quibus
2175 4311 2460 4384 scriptum
2493 4313 2583 4365 est
2615 4327 2628 4364 :
2664 4308 2898 4363 Audiam
2927 4307 3060 4378 quid
3117 4307 3375 4376 loquatur
3403 4305 3465 4359 in
3491 4320 3580 4359 me

1927 4407 2188 4463 Dominus
2245 4404 2386 4458 Deus
2441 4398 2614 4468 (Psal.
2677 4413 2898 4462 Lxxxw,
2955 4396 3051 4463 9);
3105 4398 3162 4449 et
3195 4409 3209 4448 :
3241 4393 3583 4448 Scrutmnini

1927 4495 2239 4565 Scripturas
2269 4492 2448 4555 (Joan.
2482 4505 2536 4555 ν,
2567 4487 2660 4553 39)
2685 4503 2698 4551 ;
2733 4489 2818 4540 et:
2846 4485 2954 4539 Lex
2983 4484 3206 4539 Domini
3237 4481 3581 4552 irreprehen-

160 4574 349 4632 dolosa
383 4579 562 4644 (Psal.
595 4595 675 4645 χι,
707 4579 762 4645 3,
796 4580 874 4648 4),
907 4596 1034 4651 quae
1094 4577 1251 4635 aliud
1312 4578 1516 4634 dicunt
1558 4585 1616 4636 et
1657 4581 1816 4636 aliud
1849 4597 1896 4660 D
1923 4583 2104 4642 sibilis
2132 4587 2440 4637 convertens
2475 4577 2714 4638 animas,
2746 4575 3120 4629 testimonium
3155 4571 3378 4627 Domini
3399 4569 3579 4660 ﬁdele,

161 4665 337 4720 corde
367 4665 765 4732 abscondunt,
788 4684 824 4722 a
849 4667 1066 4739 quibus
1090 4667 1384 4722 interdum
1407 4673 1635 4724 constat
1666 4669 1819 4726 δίη
1851 4659 1878 4660 ἡ
1931 4671 2259 4744 sapientiam
2287 4673 2558 4739 praestans
2583 4663 2833 4734 parvulis
2864 4662 3034 4733 (Psal.
3068 4679 3107 4729 1,
3141 4661 3217 4732 8).
3251 4659 3414 4726 Quod
3446 4675 3582 4716 vero

159 4753 318 4824 quod
353 4753 592 4822 dicitur,
611 4756 714 4810 sed
733 4755 846 4811 alio
859 4773 1034 4812 sensu
1066 4755 1526 4828 interpretantur
1541 4759 1695 4829 quod
1727 4758 1815 4813 di-

160 4846 325 4907 cunt,
359 4859 542 4914 quam
571 4846 719 4899 teste
749 4843 1106 4900 conscientia
1138 4844 1456 4900 sentiunt.»
1485 4847 1556 4901 Et
1576 4852 1818 4904 sanctus

158 4928 558 5004 Hieronymus
590 4932 647 4987 in
679 4933 1020 4989 Commenta
1051 4933 1304 4989 Matthzni
1338 4939 1478 5006 (cap.
1511 4936 1603 5004 26)
1633 4935 1774 4990 dicit
1801 4954 1812 4991 :

160 5039 190 5068 οι
221 5018 443 5075 Falsus
471 5019 639 5076 testis
669 5025 758 5076 est
783 5021 886 5094 qui
906 5039 1022 5078 non
1049 5022 1252 5078 eodem
1279 5039 1458 5078 sensu
1478 5024 1635 5080 dicta
1655 5025 1822 5082 intel-

155 5105 288 5181 ligit
317 5125 444 5180 quo
474 5109 770 5166 dicuntur.
782 5133 810 5159 »
836 5111 910 5166 Et
938 5111 1012 5167 de
1042 5110 1257 5183 quibus
1288 5111 1501 5166 iterum
1533 5112 1818 5186 scriptum

155 5200 282 5251 est:
311 5196 494 5253 Labor
523 5197 796 5255 labiorum
815 5201 1062 5272 ipsorum
1081 5201 1283 5272 aperiet
1309 5215 1397 5256 eos
1413 5201 1815 5270 (l’sal.cxxxux,

159 5285 266 5357 10),
302 5286 545 5358 quando
571 5289 885 5360 aperientur
929 5290 1075 5345 sicut
1107 5288 1347 5361 diploide
1373 5291 1691 5360 confusione
1716 5309 1822 5348 sua

152 5374 336 5442 (Paul.
373 5389 571 5441 cxvm,
601 5377 716 5449 29),
765 5377 825 5433 id
883 5381 973 5433 est
1030 5381 1322 5450 ponentur
1375 5379 1518 5434 sicut
1571 5379 1820 5438 clibanus

152 5463 304 5534 ignis
338 5463 412 5517 in
438 5471 671 5537 tempore
709 5469 889 5524 vultus
937 5469 1040 5524 Dei
1069 5467 1240 5540 (Psal.
1269 5485 1364 5535 χχ,
1396 5468 1483 5540 10)
1509 5485 1522 5536 ;
1555 5467 1823 5526 videlicet

150 5555 214 5606 ut
241 5549 510 5608 interius
539 5557 598 5609 et
628 5557 880 5612 exterius
924 5557 1169 5612 ardeant
1197 5555 1257 5610 in
1289 5554 1500 5610 saeculo
1523 5557 1650 5628 jam
1680 5575 1818 5614 ven-

152 5641 311 5695 turo.
350 5638 468 5704 Qui
501 5641 671 5699 aliter
695 5648 830 5700 ante
859 5647 1236 5716 conspectum
1266 5642 1445 5712 illius,
1477 5642 1570 5698 cui
1600 5645 1819 5717 cogita-

1926 4757 2327 4830 subscquitur,
2360 4754 2650 4809 Nuntiabis
2705 4753 2784 4806 eis
2839 4768 2908 4806 ex
2954 4767 3059 4818 me,
3093 4767 3162 4805 ex
3210 4766 3325 4815 me,
3367 4747 3580 4820 inquit,

1928 4867 2043 4905 non
2066 4865 2135 4903 ex
2167 4851 2244 4912 te,
2267 4843 2405 4916 quia
2436 4859 2549 4897 non
2581 4839 2905 4896 adulatorie
2937 4856 3124 4912 neque
3154 4837 3448 4894 mobiliter
3473 4854 3584 4912 pro

1925 4938 2224 4993 voluntate
2246 4934 2522 4998 humana,
2539 4929 2640 4984 sed
2665 4927 2888 4983 sincere
2910 4932 3086 4999 atqhe
3107 4928 3442 4981 constanter
3453 4939 3581 4995 qua)

1929 5044 1964 5083 a
1992 5026 2131 5091 Deo,
2165 5022 2284 5078 sive
2331 5036 2497 5075 sacra
2545 5017 2870 5088 Scriptura,
2904 5017 3026 5072 sive
3061 5014 3211 5072 565
3245 5013 3580 5068 sanctorum

1929 5113 2348 5186 magistrorum
2370 5107 2652 5174 doctrina,
2675 5105 2880 5180 didicit
2900 5104 3264 5178 praedicator,
3288 5099 3458 5186 debet
3483 5112 3584 5152 au-

1929 5185 2220 5258 ditoribus
2251 5197 2374 5253 suis
2405 5210 2748 5268 proponere,
2781 5199 2838 5250 et
2869 5194 3023 5250 sicut
3053 5193 3124 5247 de
3154 5185 3579 5252 nobis,utinam

1929 5311 2044 5348 non
2077 5291 2148 5346 ad
2171 5287 2467 5359 judicium
2501 5289 2789 5351 nostrum,
2822 5283 3038 5338 dicitur
3064 5275 3579 5345 auditoribuszln-

1927 5391 2144 5450 terroga
2195 5386 2380 5450 patres
2438 5383 2576 5440 tuos,
2608 5382 2658 5428 et
2705 5372 3120 5426 annuntiabunt
3175 5365 3318 5432 tibi;
3344 5363 3582 5434 majores

1929 5480 2066 5538 tuos,
2099 5477 2149 5525 et
2176 5468 2356 5523 dicent
2413 5465 2514 5520 tibi
2572 5464 2746 5534 (Deut.
2779 5477 2956 5524 χχχιι,
2985 5458 3040 5529 7)
3067 5474 3080 5522 ;
3110 5459 3168 5512 et
3199 5471 3300 5528 per
3329 5463 3436 5507 nos
3464 5450 3578 5506 eis-

1929 5559 2062 5615 dem
2121 5555 2508 5631 praacipiendo
2566 5549 2945 5623 suggeritur:
2997 5547 3198 5614 Venite,
3231 5545 3362 5616 ﬁlii,
3393 5541 3581 5598 audite

1927 5665 2033 5715 me,
2082 5649 2330 5703 timorem
2379 5642 2600 5699 Domini
2655 5638 2845 5694 docebo
2899 5653 2984 5692 vos
3031 5635 3201 5707 (Psal.
3234 5648 3431 5702 χχχιιι,
3468 5631 3578 5703 12).
