3896 6182
223 331 334 394 629

1134 331 1236 392 DE
1279 331 1653 394 DIVORTIO
1696 333 2068 402 LOTHARII
2111 334 2214 396 ET
2253 335 2706 399 TETBERGIE.

3497 338 3618 406 630

225 465 316 540 qui
344 463 486 521 olim
514 463 862 537 promiserat
885 480 989 538 per
1010 463 1356 537 Prophetam
1382 481 1395 521 :
1429 465 1689 536 Auferam
1719 483 1753 522 a
1783 483 1868 522 vo-
1895 470 1950 538 Α
1981 467 2102 522 haec
2131 468 2356 535 eadem,
2389 485 2492 540 per
2520 487 2694 542 quam
2729 470 2928 543 populi
2958 472 3271 545 multitudo
3301 474 3362 532 in
3405 475 3612 546 lutere,

225 555 298 612 bis
331 571 422 611 cor
450 553 750 628 lapideum,
780 561 830 610 et
857 553 994 610 dabo
1023 555 1171 608 vobis
1201 570 1294 610 cor
1323 571 1621 623 eameam;
1649 563 1700 612 et
1744 556 1862 628 Spi-

223 646 383 701 ritum
413 659 594 699 meum
619 659 822 716 ponam
851 645 910 697 in
939 643 1114 698 medio
1156 645 1341 710 vestri,
1373 653 1424 700 et
1465 647 1670 715 faciam
1716 654 1777 700 ut
1804 648 1864 700 in

218 735 492 809 preceptis
533 734 669 788 meis
717 733 1028 800 ambuletis,
1059 739 1110 787 et
1132 731 1348 802 judicia
1375 751 1494 789 mea
1523 734 1858 804 custodiatis,

221 831 267 882 et
287 823 592 896 operamini
614 822 823 894 (Ezech.
857 839 1046 887 xxxvr,
1080 822 1208 892 26);
1245 838 1316 877 ne
1359 821 1462 889 eis,
1497 825 1649 894 quod
1685 824 1860 891 absit,

221 911 724 970 contemnentibus
755 915 1091 966 sanctorum
1115 927 1358 968 suorum
1376 910 1862 984 consilia,quibus

222 1003 442 1058 dixerat
476 1017 490 1056 :
539 1001 644 1070 Qui
697 1016 786 1056 vos
830 1001 1058 1071 spernit,
1097 1017 1184 1054 me
1227 1003 1437 1072 spernit
1479 1001 1627 1072 (Luc.
1661 1019 1715 1068 x,
1751 1002 1859 1073 16),

219 1090 366 1164 quod
419 1092 510 1146 est
556 1088 721 1144 valde
767 1087 1023 1144 terribile
1071 1087 1225 1143 dicat
1258 1105 1270 1142 :
1307 1095 1596 1161 Pr0pterea
1628 1107 1719 1145 vos
1750 1107 1860 1146 non

217 1179 438 1250 auditis,
471 1178 529 1233 id
558 1183 649 1234 est
679 1194 794 1233 non
826 1176 1095 1244 oheditis,
1130 1179 1260 1250 quia
1291 1195 1360 1233 ex
1407 1183 1520 1233 Deo
1569 1197 1680 1234 non
1731 1182 1860 1236 estis

217 1270 388 1338 (Joan.
422 1285 543 1338 vni,
577 1269 686 1336 47).

277 1358 346 1413 Et
378 1374 556 1413 nemo
589 1374 696 1413 nos
724 1359 981 1412 exsecret
1020 1355 1351 1428 impudicos
1399 1357 1470 1412 de
1516 1357 1858 1428 hujusmodi

221 1444 626 1520 impudicitiis,
661 1463 810 1517 quas
856 1445 1194 1500 verecundae
1243 1463 1415 1501 aures
1463 1446 1859 1501 erubescendo

216 1533 1164 1608 refugiunt,sermocinantes,quia
1192 1533 1402 1588 timore
1433 1533 1858 1606 Christi,quem

217 1625 269 1681 in
296 1641 359 1682 se
390 1624 661 1680 locutum
695 1623 874 1680 fuisse
915 1623 1198 1679 veraciter
1243 1622 1409 1690 dixit,
1445 1623 1660 1678 Paulus
1707 1623 1862 1680 inter

216 1713 318 1772 alia
345 1715 426 1770 de
471 1713 688 1770 talibus
719 1710 1060 1785 disputavit,
1091 1711 1192 1768 illa
1222 1728 1349 1786 quae
1389 1727 1458 1767 ex
1488 1711 1860 1784 interrogatis

217 1803 426 1859 sentire
457 1803 806 1876 poterimus,
839 1818 1209 1878 nequaquam
1247 1805 1438 1858 tacere
1485 1801 1855 1870 audebimus,

216 1895 465 1948 terrente
496 1908 603 1947 nos
645 1907 711 1946 eo
742 1893 921 1962 atque
951 1889 1178 1946 dicente
1211 1907 1223 1944 :
1259 1891 1366 1958 Qui
1389 1905 1478 1945 me
1507 1889 1786 1946 erubuerit
1811 1899 1862 1945 et

214 1997 343 2038 meos
371 1996 676 2048 sermones,
708 1981 854 2034 hunc
902 1980 1076 2033 Filius
1124 1979 1364 2034 hominis
1411 1978 1703 2046 erubescet,
1735 1995 1860 2033 cum

214 2072 413 2128 vmrit
445 2072 512 2126 in
539 2069 822 2142 majestate
849 2084 968 2135 sua,
1005 2076 1056 2123 et
1084 2071 1288 2136 Patris,
1319 2077 1369 2124 et
1415 2076 1728 2124 sanctorum
1757 2086 1856 2122 an.-

215 2161 453 2231 gelorum
489 2159 639 2232 (Luc.
667 2175 744 2225 1x,
774 2157 887 2229 26).

277 2249 462 2306 Nemo
475 2249 652 2305 etiam
669 2247 841 2302 debet
854 2242 1186 2300 exacerbari
1203 2243 1449 2298 audiens
1466 2245 1860 2317 turpitudines

213 2337 631 2394 inﬁrmitatum
655 2352 802 2409 quas
832 2337 1115 2390 venenata
1145 2331 1445 2388 diabolica:
1478 2333 1861 2405 malignitatis

213 2425 505 2483 calliditas
526 2425 799 2481 humanae
829 2423 1065 2496 inﬂigit,
1087 2421 1410 2495 fragilitati,
1435 2422 1627 2477 sciens
1657 2439 1739 2490 se,
1765 2441 1860 2478 se-

213 2517 473 2572 cundum
494 2513 836 2588 Apostolum
861 2511 1619 2585 (IIebr.v,2),circumdatum
1637 2528 1764 2568 esse
1781 2511 1863 2566 in-

216 2603 513 2672 firmitate,
546 2609 604 2660 et
633 2603 1012 2660 considerans
1055 2601 1337 2674 seipsum,
1373 2617 1444 2656 ne
1474 2601 1623 2656 forte
1654 2605 1710 2656 et
1737 2600 1863 2673 ipse

213 2697 490 2754 tentetur.
519 2694 719 2764 Neque
747 2693 918 2748 debet
949 2695 1226 2758 metuere,
1261 2691 1427 2746 beato
1459 2690 1688 2746 dicente
1719 2692 1860 2745 Gre-

217 2783 365 2862 gorio
395 2783 461 2839 in
499 2781 720 2854 Regula
764 2779 1043 2853 pastorali
1093 2782 1328 2848 (Pastor.
1361 2797 1439 2847 x1,
1471 2796 1591 2850 cap.
1623 2781 1702 2849 5),
1737 2801 1766 2828 «
1799 2784 1864 2834 ut

217 2875 348 2932 dum
378 2872 584 2930 aliena
606 2873 967 2926 tentamenta
996 2869 1512 2924 condescendeudo
1543 2867 1862 2940 cognoscit,

219 2962 428 3020 auditis
465 2957 890 3016 tentationibus
938 2957 1113 3013 etiam
1163 2957 1289 3029 ipse
1321 2955 1608 3029 pulsetur,
1641 2955 1780 3028 quia
1809 2961 1866 3012 et

529 3263 680 3322 508
720 3261 1263 3319 INTERROGATIO
1305 3261 1550 3317 PRIMA.

273 3390 458 3447 Aiunt
488 3387 649 3445 enim
678 3386 868 3460 primo
898 3385 1154 3458 capitulo
1189 3404 1201 3441 :
1233 3385 1388 3441 Uxor
1430 3384 1656 3441 domini
1706 3384 1860 3457 regis

213 3479 470 3536 Lotharii
507 3477 698 3552 primo
721 3475 956 3550 quidem
979 3480 1246 3548 reputata
1266 3475 1444 3530 estde
1460 3478 1551 3529 stu
1561 3473 1860 3546 pro,quasi

213 3569 386 3626 frater
414 3584 570 3625 suus
601 3583 735 3622 cum
767 3583 834 3622 ea
864 3563 1190 3620 masculino
1240 3562 1554 3618 concubitu
1594 3561 1746 3617 inter
1775 3563 1859 3618 fe-

211 3656 562 3725 mora,sicut
583 3655 772 3711 solent
793 3653 1040 3710 masculi
1054 3653 1114 3708 in
1128 3651 1421 3708 masculos
1435 3651 1858 3724 turpitudinem

211 3747 466 3822 Operari,
501 3744 695 3802 scelus
727 3741 900 3798 fuerit
929 3746 1222 3815 operatus,
1255 3745 1312 3797 et
1341 3740 1474 3795 inde
1502 3739 1633 3812 ipsa
1660 3757 1862 3796 conce-

211 3836 752 3909 perit,quapropter
781 3835 846 3887 ut
876 3831 1161 3887 celaretur
1183 3828 1468 3902 flagitium
1505 3833 1705 3902 potum
1729 3828 1867 3883 hau-

212 3927 365 3992 sit,et
397 3929 644 3997 partum
675 3919 967 3977 abortivit.
994 3925 1129 3987 Qua:
1163 3918 1291 3990 ipsa
1322 3919 1643 3990 denegans,
1663 3917 1868 3988 proba-

209 4013 385 4070 tionis
419 4016 664 4069 auctore
694 4007 1062 4081 testibusque
1091 4005 1863 4076 deﬁcientibusjudiciolai-

211 4119 413 4158 corum
463 4099 755 4158 nobilium
803 4102 862 4154 et
906 4096 1177 4154 consultu
1226 4096 1655 4168 episcoporum,
1695 4099 1869 4165 atque

209 4191 399 4264 ipsius
430 4189 591 4264 regis
625 4204 936 4256 consensu,
969 4185 1220 4242 vicarius
1250 4185 1514 4257 ejusdem
1546 4183 1772 4240 feminae
1793 4183 1868 4238 ad

203 4279 504 4352 judicium
538 4295 704 4350 aqua:
736 4274 1009 4333 ferventis
1040 4273 1582 4346 exiit,etpostquam
1605 4272 1868 4328 incoctus

210 4368 402 4426 fuerat
434 4368 565 4440 ipse
595 4369 881 4439 repertus,
905 4364 1106 4420 eadem
1129 4362 1348 4418 femina
1377 4361 1631 4418 maritali
1655 4365 1779 4416 toro
1803 4377 1870 4416 ac

209 4455 489 4530 conjugio
542 4455 725 4528 regio,
760 4455 991 4510 decreto
1043 4471 1158 4526 quo
1208 4468 1500 4524 suSpensa
1550 4452 1739 4506 fuerat
1783 4455 1873 4506 est

207 4546 388 4602 etiam
423 4545 720 4602 restituta.
749 4543 961 4615 Sicque
991 4545 1124 4614 post
1151 4542 1407 4613 spatium
1433 4539 1872 4612 temporis,nes-

206 4634 403 4690 cimus
436 4637 642 4688 utrum
673 4631 744 4686 de
774 4631 978 4686 eadem
1029 4647 1089 4685 re
1141 4646 1214 4683 an
1269 4629 1338 4682 de
1387 4626 1705 4682 commisso
1740 4630 1870 4698 post

205 4721 428 4778 initum
463 4717 1229 4793 conjugium,aquibusdam
1259 4715 1548 4788 episcopis
1570 4713 1870 4770 talissicut

205 4811 373 4867 vobis
407 4809 873 4866 transmittimus
887 4805 1514 4877 conscriptushahetur
1534 4803 1786 4867 libellus,
1815 4807 1870 4857 et

205 4916 311 4973 per
339 4899 748 4973 quorumdam
779 4914 881 4952 ora
923 4894 1216 4967 vulgatur,
1248 4893 1386 4966 quia
1436 4909 1539 4964 per
1586 4897 1867 4948 secretam

204 4987 674 5055 confessionem,
695 5001 871 5058 quam
884 4982 1119 5040 libellus
1137 4982 1246 5039 iste
1257 4981 1546 5054 designat,
1564 4998 1668 5036 vos
1679 4979 1867 5036 caeteri

205 5093 421 5134 omnes
454 5074 736 5148 episcOpi,
771 5076 1077 5144 assumpta
1106 5069 1401 5142 parabola,
1432 5086 1560 5124 eam
1610 5068 1870 5124 debeatis

205 5165 494 5222 funditus
523 5182 558 5219 a
587 5161 844 5218 martiali
875 5159 1166 5218 connubio
1200 5175 1514 5226 removere,
1533 5162 1591 5212 et
1613 5157 1660 5212 si
1693 5157 1866 5212 etiam

203 5254 482 5328 amplius
492 5251 818 5325 exegeritis,
839 5248 1250 5322 cogeturvobis
1263 5248 1399 5303 dare
1412 5245 1675 5302 libellum
1692 5263 1868 5301 manu

201 5361 314 5400 sua
345 5344 684 5408 firmatum,
719 5344 784 5394 ut
813 5338 969 5395 sicut
997 5338 1117 5393 Eho
1161 5336 1458 5409 quondam
1511 5335 1868 5391 Rhemorum

200 5433 536 5506 episcopus
567 5448 672 5504 per
701 5427 964 5484 libellum
995 5431 1227 5484 secreta:
1258 5425 1640 5481 confessionis
1673 5442 1708 5480 a
1737 5425 1870 5480 sede

197 5526 256 5579 et
287 5520 518 5579 ordine
546 5524 635 5576 est
663 5519 994 5585 submotus,
1017 5516 1097 5572 ita
1127 5520 1184 5572 et
1217 5515 1327 5571 ista
1356 5532 1458 5587 per
1485 5513 1749 5570 libellum
1780 5531 1869 5570 se-

199 5617 380 5670 Cretae
415 5607 810 5666 confessionis
839 5624 871 5662 a
902 5603 1156 5662 martiali
1179 5608 1540 5660 removeatur
1556 5602 1867 5670 consortio,

1967 556 2215 628 jubente
2245 557 2514 624 Domino,
2549 574 2650 630 per
2683 558 2938 631 Moysem
2981 561 3132 617 facto
3163 562 3427 633 diluitur,
3462 583 3617 640 aqua

1973 645 2175 717 procul
2207 645 2384 702 dubio
2419 645 2622 702 luteris
2653 646 3016 720 inquinatur.
3051 651 3196 706 Nam
3228 653 3370 708 dum
3412 657 3614 712 sordes

1973 734 2322 790 diluentium
2337 736 2780 808 suscipit,quasi
2798 755 2916 794 sua:
2931 739 3230 794 munditiae
3243 743 3613 801 serenitatem

1971 823 2182 894 perdit.
2217 824 2326 880 Sed
2362 825 2483 881 haec
2515 843 2885 898 nequaquam
2920 827 3139 899 pastori
3163 829 3422 886 timenda
3449 837 3614 905 sunt,

1972 911 2130 984 quia,
2159 912 2274 968 Deo
2307 914 2602 969 subtiliter
2630 919 2840 971 cuncta
2875 921 3175 988 pensante,
3200 921 3362 974 tanto
3385 919 3616 977 facilius

1972 1019 2006 1056 a
2035 1018 2142 1056 sua
2172 1000 2439 1074 eripitur,
2463 1009 2682 1074 quanto
2715 1003 3154 1061 misericordius
3181 1023 3250 1061 ex
3281 1007 3470 1064 aliena
3500 1012 3620 1065 ten-

1971 1090 2192 1145 tatione
2223 1091 2562 1164 fatigatur.»
2585 1094 2655 1147 Et
2677 1097 2838 1148 tanto
2863 1094 3184 1150 alienarum
3205 1095 3616 1154 infirmitatum

1971 1179 2341 1251 impuritates
2373 1187 2428 1235 et
2459 1181 2744 1252 patienter
2774 1183 2996 1248 audire,
3031 1190 3088 1239 et
3141 1185 3392 1242 inﬁrmis
3425 1188 3615 1244 medi-

1971 1267 2142 1322 cinali
2177 1269 2440 1337 consilio,
2467 1276 2639 1341 prout
2670 1271 2879 1343 cuique
2911 1273 3179 1344 expedire
3203 1274 3619 1343 viderit,debet

1971 1358 2163 1413 modis
2193 1359 2469 1413 omnibus
2509 1360 2836 1426 subvenire,
2871 1369 3091 1432 quanto
3139 1363 3344 1434 Deum,
3380 1369 3444 1419 ut
3491 1366 3616 1438 ipse

1969 1465 2075 1519 per
2097 1448 2442 1520 prophetam
2465 1448 2608 1503 dicit
2630 1452 2760 1518 (Jer.
2786 1457 2884 1518 γι),
2901 1452 3246 1506 sustinendo
3267 1452 3534 1510 laborare
3556 1456 3614 1511 in

1971 1535 2188 1592 nostris
2221 1536 2652 1610 iniquitatibus,
2687 1543 2745 1594 et
2775 1540 3004 1594 occulta
3050 1542 3262 1596 decora
3309 1547 3528 1611 nostra,
3561 1551 3620 1602 et

1970 1626 2234 1699 ipsarum
2265 1627 2440 1682 etiam
2476 1626 2894 1699 cogitationum
2943 1630 3348 1696 immunditias
3379 1635 3616 1706 conspi-

1969 1732 2118 1782 cere,
2151 1719 2208 1770 et
2249 1715 2704 1772 misericorditer
2749 1721 3002 1790 portare,
3036 1718 3266 1775 diutina
3313 1726 3614 1794 exspecta-

1971 1804 2125 1859 tione
2157 1803 2423 1876 ignorare
2453 1822 2568 1860 non
2591 1806 2971 1878 potest.Unde
2992 1813 3232 1864 sanctus
3251 1810 3617 1882 Augustinus

1971 1889 2029 1945 in
2061 1891 2209 1947 libro
2241 1898 2451 1964 quarto
2483 1898 2686 1949 contra
2712 1894 3258 1961 Julianum,dicit:«
3293 1899 3410 1954 Nos
3439 1904 3614 1972 certe,

1969 1979 2017 2036 si
2049 1997 2149 2036 eos
2182 1981 2238 2036 in
2257 1998 2407 2053 quos
2441 1983 2608 2037 nobis
2632 1987 2892 2054 potestas
2905 1989 3154 2051 est,ante
3170 1985 3370 2042 oculos
3387 1993 3618 2045 nostros

1971 2074 2302 2142 perpetrare
2334 2069 2552 2126 scelera
2583 2071 3017 2143 permittamus,
3051 2073 3133 2130 rei
3165 2091 3298 2130 cum
3329 2074 3475 2147 ipsis
3505 2075 3618 2132 eri-

1969 2175 2122 2214 mus.
2158 2161 2342 2225 Quam
2375 2176 2506 2215 vero
2555 2160 3012 2217 innumerabilia
3042 2162 3140 2218 ille
3171 2163 3460 2235 permittit
3491 2165 3618 2221 fieri

1969 2251 2104 2302 ante
2133 2247 2336 2303 oculos
2366 2264 2661 2320 suos,qua3
2695 2248 2898 2320 utique
2928 2249 2977 2304 si
3011 2251 3320 2317 noluisset,
3351 2251 3514 2308 nulla
3533 2271 3620 2309 ra-

1968 2335 2124 2392 tione
2155 2337 2556 2408 permitteret?
2571 2341 2628 2392 et
2657 2342 2852 2393 tamen
2876 2338 3081 2408 justus
3113 2343 3171 2395 et
3201 2341 3391 2396 bonus
3420 2344 3529 2410 est,
3561 2347 3621 2398 et

1971 2425 2123 2495 quod
2157 2431 2285 2496 post
2317 2425 2658 2497 patientiam
2683 2427 2782 2482 dat
2808 2426 3002 2482 locum
3036 2428 3621 2500 pmnitentimmolens

1971 2513 2224 2583 aliquem
2259 2513 2505 2585 perire.»
2535 2515 2694 2580 Quod
2719 2532 2824 2570 cur
2854 2516 2955 2570 fiat
2982 2522 3226 2572 sanctus
3257 2517 3622 2576 demonstrat

1972 2601 2284 2672 Gregorius
2318 2603 2482 2671 (hom.
2514 2603 2580 2657 13
2612 2605 2667 2657 in
2712 2604 2943 2673 Evang.)
2974 2620 3270 2676 exponens
3307 2605 3620 2678 Scriptura:

1972 2689 2420 2745 testimonium:
2453 2692 2758 2747 Attissimus
2805 2701 2882 2748 est
2927 2695 3076 2748 enim
3117 2696 3336 2765 patiens
3379 2697 3622 2754 redditor

1973 2779 2160 2850 (Eccti.
2193 2778 2273 2849 v),
2304 2801 2332 2827 ‹‹
2367 2779 2644 2850 quoniam
2677 2785 2734 2834 et
2759 2779 2980 2852 patitur
3009 2780 3166 2836 mala
3194 2786 3395 2838 nostra
3419 2787 3478 2840 et
3499 2787 3624 2842 red-

1973 2867 2234 2922 dit.Nam
2265 2884 2413 2940 quos
2443 2867 2544 2923 diu
2578 2872 2640 2923 ut
2671 2873 3086 2924 convertantur
3113 2869 3467 2940 tolerat,non
3489 2889 3622 2930 con-

1975 2972 2173 3012 versos
2203 2955 2409 3011 durius
2439 2957 2701 3012 damnat.
2735 2979 2762 3007 ››

1892 3207 1935 3274 C
1974 3205 2084 3260 Sed
2118 3209 2175 3261 et
2205 3207 2275 3262 de
2303 3205 2618 3262 venerabili
2652 3205 3010 3262 Rhemorum
3049 3205 3486 3281 archiepiscopo
3517 3226 3620 3266 no-

1968 3293 2059 3350 bis
2088 3298 2178 3350 est
2207 3293 2429 3349 dictum
2458 3293 2738 3366 quoniam
2768 3294 2870 3350 tali
2902 3295 3053 3350 facto
3085 3295 3499 3364 consentiat,et
3518 3313 3622 3369 per

1969 3383 2292 3456 episcopos,
2328 3381 2690 3438 Wenilonem
2727 3382 2946 3439 scilicet
2977 3383 3510 3458 Rothomagensem
3534 3402 3624 3440 ar-

1971 3470 2438 3544 chiepiscopum,
2487 3477 2542 3526 et
2591 3471 2988 3544 llildegarium
3040 3473 3404 3546 episcopum,
3445 3475 3621 3531 verbo

1970 3561 2124 3616 vices
2157 3578 2297 3616 suas
2329 3560 2742 3632 impleverit,et
2769 3578 2872 3633 per
2898 3561 3374 3634 Adventium,qui
3398 3580 3533 3618 cum
3555 3581 3621 3619 eo

1973 3649 2214 3706 Rhemis
2245 3668 2350 3722 pro
2379 3651 2484 3705 hac
2514 3668 2692 3707 causa
2720 3651 2953 3707 locutus
2985 3653 3192 3718 fuerat,
3225 3651 3453 3708 litteras
3483 3670 3621 3708 con-

1973 3757 2183 3795 sensus
2232 3740 2323 3796 sui
2373 3741 2442 3794 ad
2495 3739 2777 3812 placitum
2829 3741 2984 3813 regis
3031 3745 3090 3796 et
3140 3741 3212 3795 ad
3265 3745 3618 3797 conventum

1973 3827 2361 3900 episcopalem
2395 3829 2686 3897 direxerit,
2720 3834 2776 3884 et
2808 3848 2908 3901 per
2945 3830 3218 3885 eumdem
3268 3830 3620 3886 Advenlium

1974 3917 2199 3972 litteras
2229 3936 2368 3972 suas
2398 3917 2604 3972 exinde
2654 3919 2726 3972 ad
2778 3919 3159 3990 apostolicam
3195 3919 3394 3974 sedem
3428 3923 3620 3976 trans-

1977 4006 2222 4061 miserit.
2277 4006 2437 4061 Uude
2486 4007 2625 4078 quid
2683 4007 2815 4062 inde
2871 4025 2940 4062 ex
3001 4007 3244 4063 veritate
3293 4011 3621 4065 secundum

1975 4093 2385 4149 auctoritatem
2439 4095 2757 4149 tenendum
2811 4094 2906 4163 sit,
2959 4113 2990 4150 a
3039 4095 3202 4151 vobis
3251 4113 3356 4167 per
3408 4097 3621 4154 verita-

1977 4187 2116 4249 tem,
2177 4199 2304 4252 qua:
2361 4183 2514 4238 Deus
2575 4187 2686 4250 est,
2747 4183 3076 4238 remandari
3129 4183 3298 4239 nobis
3358 4185 3620 4256 deposci-

1979 4288 2134 4327 mus.

2049 4361 2268 4415 Textus
2300 4364 2497 4416 autem
2529 4358 2708 4415 libelli
2741 4362 2868 4415 octo
2901 4358 3292 4432 capitulorum
3321 4360 3624 4433 huiusmo-

1982 4448 2041 4504 di
2073 4466 2202 4505 esse
2231 4447 2597 4521 digposcitur
2631 4465 2643 4502 :

2051 4537 2185 4592 CAP.
2223 4537 2264 4592 Ι.
2299 4561 2325 4587 ‹‹
2364 4538 2480 4592 Nos
2527 4537 2808 4609 episcopi,
2843 4538 2942 4610 qui
2995 4537 3056 4592 in
3101 4537 3358 4609 Aquensi
3407 4537 3624 4610 palatio

1980 4643 2168 4698 nuper
2186 4625 2366 4680 vocati
2392 4624 2937 4697 convenimus,quid
2973 4626 3049 4681 ibi
3073 4627 3389 4694 sensimus,
3413 4627 3626 4701 quidve

1980 4713 2324 4784 reperimus,
2357 4714 2428 4768 ad
2462 4714 2728 4769 militiam
2765 4716 3013 4770 fratrum
3046 4720 3104 4771 et
3147 4716 3626 4790 coepiscoporum

1979 4803 2262 4856 deducere
2293 4821 2590 4870 curamus,
2625 4808 2688 4858 ut
2717 4804 2826 4876 ipsi
2861 4822 3062 4860 aurem
3096 4806 3287 4862 cordis
3337 4812 3393 4862 et
3421 4825 3627 4881 corpo-

1979 4890 2062 4946 ris
2093 4892 2604 4947 accommodantes
2635 4893 2990 4960 discernant,
3023 4898 3081 4950 et
3127 4895 3394 4952 unanimi
3442 4896 3629 4953 consi-

1979 4979 2057 5034 lio
2090 4979 2389 5035 inveniant
2419 4997 2594 5051 quem
2627 4982 2844 5038 exitum
2877 4988 2934 5038 et
2965 5000 3140 5055 quem
3193 4985 3368 5040 finem
3418 4984 3625 5056 hujus-

1980 5068 2138 5123 modi
2171 5085 2359 5124 causa:
2392 5069 2717 5142 imponant.

2049 5158 2187 5212 CAP.
2222 5157 2290 5211 ΙΙ.
2325 5183 2350 5206 ‹‹
2385 5157 2686 5213 Gloriosus
2719 5178 2815 5215 rex
2868 5161 3201 5227 Lotharius,
3234 5159 3519 5215 familiare
3571 5164 3628 5215 et

1979 5251 2272 5302 secretum
2303 5247 2658 5320 colloquium
2695 5249 2998 5304 nobiscum
3051 5250 3295 5314 habens,
3327 5246 3630 5303 humiliter

1979 5337 2183 5392 devota
2213 5337 2464 5409 puritate
2496 5356 2637 5393 suas
2673 5338 2955 5410 speciales
2985 5355 3050 5391 ac
3072 5335 3336 5408 proprias
3373 5336 3628 5392 necessi-

1979 5429 2148 5493 tates,
2180 5424 2492 5481 consilium
2529 5434 2586 5482 et
2617 5427 2938 5482 remedium
2971 5425 3302 5496 quaerendo,
3335 5425 3624 5496 exposuit.

1979 5514 2096 5569 Nos
2125 5531 2356 5586 quoque
2387 5533 2503 5570 sua:
2537 5515 2698 5570 bonae
2729 5511 3008 5568 voluntati
3037 5511 3629 5583 congratulantes,la-

1978 5603 2194 5676 crymis
2228 5603 2412 5675 ipsius
2445 5608 2500 5659 et
2529 5601 2800 5673 suspiriis
2835 5598 3147 5668 iuvitati,et
3177 5600 3248 5656 ad
3275 5602 3632 5675 compassio—
