3896 6182
255 320 366 395 (1ῦί

1191 323 1578 393 HIN’CMARI
1619 316 2092 394 RHEM’ENSES
2141 323 2732 397 ARCIIIEPISCOPI

3543 335 3657 397 632

257 481 390 524 nem
423 463 573 532 ﬂexi,
609 460 853 521 Domino
885 463 1228 537 inspirante,
1263 465 1499 538 petenti,
1534 463 1814 538 quaerenti
1847 467 1908 520 et
1932 462 1990 531 Α
2017 462 2210 522 vimus
2238 480 2310 522 an
2334 465 2462 539 ipsa
2481 467 2730 525 ulterius
2748 466 3074 526 veiletinde
3094 465 3349 542 aliquam
3375 467 3664 542 querimo~

254 554 538 630 pulsanti,
570 553 878 611 consilium
913 553 1186 610 dedimus
1215 557 1273 610 et
1319 553 1664 611 medicinale
1713 571 1902 612 reme-

255 645 419 701 dium
453 643 853 700 adhibuimus.

329 723 480 791 509
511 736 644 788 CAP.
677 733 774 788 III.
809 753 838 782 «
871 733 1036 788 Tunc
1071 731 1258 788 isdem
1309 749 1410 788 rex
1457 732 1693 805 lugubri
1742 749 1900 800 voce,

256 824 413 896 quod
444 839 550 878 nos
581 821 820 894 quidem
853 839 967 876 non
999 821 1126 878 sine
1149 838 1394 878 maerore
1417 825 1474 878 et
1495 819 1690 877 dolore
1716 837 1908 894 prose-

255 909 696 984 quimur,ca:pit
725 909 895 966 nobis
924 909 1114 966 dicere
1143 909 1213 966 de
1243 927 1352 966 sua
1380 925 1770 982 uxore,quam
1802 910 1907 964 de-

256 997 596 1058 sideraverit
621 999 856 1065 habere,
889 999 1043 1071 quod
1077 998 1204 1071 ipsa
1251 998 1479 1054 obnixis
1529 1001 1584 1055 et
1614 997 1906 1054 continuis

257 1089 531 1163 precibus
561 1086 885 1159 postularet
920 1090 984 1142 ut
1013 1086 1262 1143 vinculis
1293 1087 1700 1160 conjugalibus
1730 1087 1906 1143 abso-

255 1177 404 1243 luta,
437 1174 692 1232 maritali
724 1175 992 1231 videlicet
1021 1179 1165 1242 toro,
1191 1180 1256 1231 ut
1287 1176 1416 1248 ipsa
1445 1177 1792 1242 testabatur,
1824 1173 1910 1230 in-

259 1259 457 1340 digna,
491 1281 721 1322 sacrum
751 1264 1016 1320 velamen
1065 1263 1384 1337 suscipere,
1415 1269 1473 1321 et
1519 1263 1750 1320 Christo
1795 1263 1906 1320 Do-

257 1356 417 1412 mino
445 1354 659 1411 servire
681 1358 1019 1410 mereretur.

327 1446 458 1502 CAP.
491 1442 586 1500 IV.
615 1465 642 1493 ‹‹
679 1443 903 1499 Interea
938 1441 1160 1498 missus
1207 1441 1398 1516 ipsius
1430 1442 1643 1517 regina;
1674 1460 1782 1498 nos
1814 1447 1908 1498 ac-

255 1532 505 1599 cersivit,
537 1549 712 1588 orans
744 1535 810 1588 ut
836 1531 998 1588 illam
1049 1531 1210 1588 adire
1254 1549 1369 1588 non
1399 1533 1790 1589 tardaremus.
1823 1533 1907 1588 Ad

255 1638 435 1696 quam
466 1639 582 1678 non
614 1621 977 1688 accedentes,
1011 1619 1140 1693 ipsa
1169 1637 1472 1677 occurrere
1503 1621 1821 1688 festinavit,
1853 1623 1912 1676 et

255 1727 402 1785 pene
432 1711 504 1767 ad
537 1711 712 1784 pedes
743 1714 976 1766 nostros
1023 1709 1314 1780 devoluta,
1349 1710 1527 1782 coipit
1573 1709 1666 1766 his
1714 1709 1910 1766 verbis

2012 553 2170 610 niam
2205 571 2452 627 movere,
2487 561 2596 612 aut
2627 555 2858 630 aliquas
2906 555 3154 614 insidias
3201 555 3414 625 moliri,
3449 556 3499 614 si
3546 569 3662 614 sua

2013 641 2275 714 petitioni
2304 645 2668 702 satisfactum
2695 647 2968 702 ﬁeret.Ad
2993 647 3147 720 quod
3171 646 3272 702 illa
3290 645 3476 703 libera
3492 661 3658 702 voce:

2015 731 2122 787 Per
2151 749 2280 788 eam
2325 734 2498 790 ﬁdem
2549 751 2726 807 quam
2779 735 2924 804 colo,
2955 735 3060 804 ait,
3089 733 3256 792 vobis
3301 751 3497 791 coram
3547 735 3664 791 Deo

2014 821 2291 894 promitto
2325 824 2464 896 quia
2493 823 2550 878 in
2583 827 2866 880 aaternum
2923 841 3028 881 nec
3069 839 3172 898 per
3217 824 3526 897 meipsam,
3560 841 3666 880 nec

2015 925 2119 982 per
2148 928 2344 967 meum
2375 913 2676 986 ingenium
2701 913 2884 970 ullam
2917 913 3052 970 inde
3081 911 3378 986 querelam
3400 915 3664 970 movebo.

2085 999 2222 1055 CAP.
2253 999 2404 1056 VIII.
2435 993 2466 1051 ἶ‹
2497 1001 2646 1068 Quid
2677 1001 2929 1074 denique
2972 1019 3007 1058 a
3057 1002 3334 1074 saepefato
3377 1001 3668 1058 confratre

2015 1089 2313 1156 nostro,de
2341 1089 2450 1146 hac
2482 1107 2542 1146 re
2574 1089 2830 1146 multum
2862 1091 3154 1159 tristante,
3187 1095 3246 1147 et
3268 1089 3666 1163 angustiante,

2016 1193 2082 1231 ac
2112 1175 2364 1248 lugente,
2400 1180 2575 1249 atque
2606 1178 2760 1250 quod
2790 1195 3052 1251 unquam
3081 1176 3241 1234 illius
3279 1176 3668 1234 confessionis

2018 1265 2170 1322 570
2201 1264 2470 1321 conscius
2499 1265 2718 1322 exstitit
2747 1266 3066 1322 admodum
3098 1267 3432 1340 pmnitente,
3467 1266 3674 1323 didici-

2018 1353 2288 1416 mus.hoe
2315 1352 2596 1411 fratribus
2625 1359 2682 1410 et
2700 1353 3250 1428 coepiscopisjuxta
3269 1353 3670 1412 conditionem

2017 1443 2164 1498 datze
2187 1441 2454 1513 licentiae,
2477 1443 2604 1500 viva
2634 1460 2768 1500 voce
2789 1443 3149 1500 narrandum
3181 1448 3288 1513 est,
3322 1449 3389 1500 ut
3419 1443 3578 1500 sicut
3609 1447 3669 1501 in

2016 1529 2336 1604 primordio
2385 1531 2608 1588 dictum
2658 1537 2769 1600 est,
2809 1548 2944 1588 cum
2989 1535 3337 1606 argumenta
3382 1533 3673 1590 hactenus

2015 1617 2254 1676 latentis
2284 1637 2470 1677 causae
2511 1621 2896 1695 perceperint,
2929 1639 3046 1678 uno
3093 1623 3414 1695 eodemque
3461 1637 3671 1680 omnes

2018 1709 2262 1766 consilio
2293 1713 2350 1766 et
2378 1724 2666 1768 consensu
2718 1725 2972 1768 errorem
3021 1710 3312 1784 expellant
3354 1715 3416 1768 et
3462 1727 3670 1768 verum

257 1801 514 1858 multum
573 1798 904 1872 imprecari,
955 1803 1194 1873 propter
1249 1799 1457 1866 Deum,
1508 1798 1804 1873 inquiens,
1854 1802 1910 1854 et
1941 1801 2302 1900 lgstatuant.
2339 1819 2361 1850 ι

257 1893 494 1964 propter
522 1888 916 1945 ministerium
947 1891 1226 1955 vestrum,
1261 1889 1502 1946 obsecro
1538 1905 1641 1947 vos
1671 1893 1736 1944 ut
1763 1887 1910 1944 mihi

255 1995 461 2036 verum
492 1977 805 2034 consilium
838 1977 953 2034 deti
963 1995 1008 2034 s.

327 2065 574 2122 CAP.V.«
607 2065 711 2121 Cui
743 2083 850 2122 nos
869 2084 900 2122 e
927 2065 1172 2140 vestigio
1195 2065 1914 2140 respond‘cnteszUtinam,

267 2154 774 2221 aimus,Dominus
801 2155 971 2210 nobis
992 2155 1488 2228 consilium,quod
1517 2155 1620 2211 tibi
1641 2154 1920 2211 veraciter

269 2247 328 2300 et
359 2241 672 2300 salubriter
721 2243 948 2312 demus,
983 2243 1354 2300 administret
1387 2261 1400 2300 :
1431 2248 1666 2299 tantum
1710 2245 1773 2298 tu
1824 2243 1918 2299 dic

269 2331 440 2388 nobis
469 2347 616 2404 pura
643 2335 703 2388 et
726 2331 916 2388 veraci
946 2335 1061 2388 tua:
1111 2331 1479 2389 conscientiae
1531 2331 1916 2402 confessione,

269 2421 368 2494 qui
401 2423 490 2477 est
513 2421 669 2477 unde
701 2421 1012 2477 concilium
1045 2424 1166 2476 tam
1205 2438 1480 2492 expressa
1531 2419 1920 2477 obtestatione

268 2509 518 2583 requiris
547 2528 562 2576 ;
605 2509 744 2582 quia
774 2509 944 2566 aliter
975 2510 1080 2566 tibi
1113 2511 1266 2583 quod
1301 2509 1450 2582 petis
1481 2513 1754 2582 praestare
1802 2525 1918 2564 non

267 2599 727 2674 possumus,nisi
749 2599 831 2656 rei
845 2600 1147 2656 veritatem
1175 2601 1710 2674 agnoscamus.lloc
1721 2603 1917 2654 tamen

268 2690 720 2762 premonemus,
745 2688 970 2760 tibique
1001 2687 1312 2761 diligenter
1339 2688 1722 2762 prohibemus
1745 2685 1840 2742 Dei
1864 2689 1922 2742 et

267 2781 466 2834 nostra
497 2777 933 2844 auctoritate,ut
961 2793 1068 2833 nec
1093 2777 1349 2849 alicujus
1379 2777 1796 2845 suasione,imo
1829 2776 1922 2832 de-

275 2867 558 2940 ceptione,
594 2867 666 2923 ad
698 2866 844 2923 alios
871 2865 1120 2923 honores
1150 2867 1415 2934 invitata,
1451 2885 1557 2923 nec
1587 2866 1797 2922 timore
1826 2882 1921 2921 cu-

258 2955 510 3028 julisbet
543 2973 724 3028 pinnas
755 2955 843 3011 vel
875 2955 1081 3011 mortis
1113 2955 1349 3029 aliquod
1379 2957 1486 3012 tibi
1518 2956 1740 3012 crimen
1771 2951 1918 3010 falso

265 3046 588 3118 contingas,
607 3049 664 3100 et
692 3062 818 3112 nos,
846 3046 1001 3118 quod
1035 3044 1210 3112 absit,
1241 3045 1303 3100 in
1333 3061 1589 3101 errorem
1615 3044 1866 3100 inducas
1899 3057 1914 3096 :

267 3135 389 3202 sed,
425 3133 578 3189 sicut
607 3133 878 3206 superius
910 3131 1364 3200 monuimus,rei
1395 3134 1719 3198 veritatem,
1743 3128 1916 3188 sicuti

264 3219 373 3294 est,
405 3236 511 3277 nec
543 3220 676 3294 plus
705 3238 810 3276 nec
859 3221 1058 3277 minus
1102 3221 1348 3294 pandas,
1383 3238 1626 3292 nosque,
1660 3218 1908 3276 Domino
1941 3195 1984 3266 α

266 3310 540 3376 donante,
573 3307 884 3364 consilium
918 3313 976 3364 et
1005 3309 1287 3364 auxilium
1331 3309 1437 3364 tibi
1487 3313 1760 3381 praestare
1807 3310 1912 3364 de-

265 3393 643 3467 aertabimus,
677 3401 740 3451 ut
767 3413 1139 3468 nequaquam
1170 3413 1204 3453 a
1233 3400 1335 3452 tua
1351 3395 1587 3467 justitia
1617 3395 1674 3452 in
1717 3396 1912 3470 aliquo

265 3477 648 3540 defrauderis.

334 3572 468 3628 CAP.
502 3571 598 3627 VI.
637 3596 658 3622 ιι
693 3571 1196 3646 Noquaquam,ait
1220 3572 1340 3641 illa,
1368 3577 1514 3629 teste
1545 3573 1660 3630 Deo
1691 3578 1749 3630 et
1779 3592 1908 3647 pro-

263 3661 392 3732 pria
421 3661 797 3726 conscientia,
823 3665 972 3717 teste
1001 3661 1181 3718 etiam
1213 3679 1342 3718 meo
1373 3662 1722 3731 confessore,
1747 3669 1850 3720 aut
1879 3682 1912 3720 a

263 3747 480 3806 dextris
509 3754 611 3806 aut
635 3767 670 3806 a
698 3747 954 3805 sinistris
985 3747 1154 3804 aliter
1183 3748 1398 3816 dicam,
1427 3749 1512 3806 vel
1542 3751 1612 3806 de
1645 3768 1738 3808 me
1768 3753 1908 3808 fate-

262 3835 506 3903 bor,nisi
542 3836 1037 3908 quemadmodum
1061 3834 1122 3890 in
1143 3836 1381 3892 veritate
1402 3838 1908 3911 est.Recognosco,

263 3922 475 3995 inquit,
509 3928 568 3979 et
606 3923 676 3978 de
707 3939 800 3979 me
832 3923 960 3996 ipsa
983 3923 1126 3991 scio,
1161 3923 1301 3996 quia
1333 3943 1446 3980 non
1478 3941 1612 3982 sum
1642 3927 1820 4000 digna
1850 3929 1908 3985 in

263 4010 555 4084 coniugali
587 4011 796 4083 copula
827 4025 1168 4084 permanere
1194 4029 1208 4080 ;
1243 4016 1299 4068 et
1329 4011 1464 4068 inde
1505 4015 1670 4071 vobis
1699 4019 1906 4073 testem

261 4097 508 4154 adhibeo
541 4103 880 4172 prmsentcm
903 4101 1244 4174 epi300pum
1267 4100 1778 4171 Guutharium,eui
1803 4122 1908 4178 ego

259 4187 530 4244 c‘on‘t‘cssa
559 4187 640 4244 fui
676 4204 689 4244 :
724 4188 848 4262 ipse
879 4189 1036 4244 enim
1067 4189 1227 4245 novit
1269 4188 1408 4262 quia
1455 4205 1560 4263 cgo
1609 4207 1724 4248 non
1775 4209 1906 4250 sum

259 4275 456 4350 digna.
473 4279 606 4344 Quae
635 4277 811 4333 etiam
843 4295 976 4334 mox
1005 4295 1067 4334 se
1095 4282 1326 4335 vertens
1355 4279 1428 4334 ad
1457 4278 1652 4352 ipsum
1683 4281 1906 4354 episco-

257 4365 792 4438 pum,im‘plorando
823 4367 1015 4423 aiebat
1040 4365 1267 4440 :‘Rego,
1300 4367 1511 4439 inquit,
1537 4369 1907 4443 episcOpe,ut

257 4455 401 4510 istos
429 4459 563 4512 tuos
593 4456 935 4524 confratres,
971 4455 1124 4512 sicut
1151 4455 1364 4513 melius
1410 4456 1546 4525 scis,
1583 4457 1905 4532 intelligere

2637 1925 3056 1982 RESPONSIO.

2098 2065 2178 2122 De
2227 2064 2406 2138 hujus
2452 2065 2632 2122 libelli
2681 2065 2830 2122 serie
2859 2067 3224 2139 superﬂuum
3269 2064 3557 2124 duximus
3585 2083 3688 2138 per

2031 2154 2264 2228 singula
2295 2155 2464 2226 quasi
2503 2155 2909 2226 respondendo
2937 2155 3240 2224 disserere,
3255 2169 3388 2210 cum
3422 2155 3554 2228 ipse
3572 2154 3684 2212 sibi

2027 2243 2279 2298 sufficiat
2306 2259 2374 2299 ea
2395 2260 2522 2315 quae
2553 2243 2811 2300 continet
2838 2243 3322 2316 demonstrare,et
3340 2261 3447 2300 nec
3466 2249 3685 2301 nostrae

2026 2329 2218 2388 laudis
2249 2331 2568 2388 assertione
2602 2331 2862 2404 indigeat
2898 2349 3003 2388 nec
3045 2330 3476 2406 vituperatione
3529 2333 3686 2390 refu-

2027 2421 2396 2494 giat.Tamen
2411 2421 2564 2494 quod
2579 2421 2636 2476 in
2653 2421 2856 2494 quinto
2877 2419 3132 2494 capitulo
3153 2421 3343 2495 ipsius
3363 2421 3687 2496 relegimus

2027 2505 2250 2565 dictum
2283 2509 2354 2565 de
2386 2527 2506 2582 qua
2535 2509 2730 2583 agitur
2755 2497 2984 2581 famine:
3005 2525 3018 2566 :
3039 2509 3202 2566 «Hoc
3223 2525 3684 2584 praemonemus,

2027 2597 2250 2672 tibique
2278 2597 2591 2671 diligenter
2620 2598 3002 2674 prohibemus
3034 2598 3131 2655 Dei
3163 2603 3222 2656 et
3249 2603 3454 2656 nostra
3481 2603 3687 2656 aucto-

2029 2687 2219 2754 ritate,
2240 2689 2305 2741 ut
2333 2703 2437 2742 nec
2469 2686 2718 2758 alicujus
2749 2685 3042 2756 suasione,
3067 2687 3186 2743 imo
3219 2687 3594 2762 deceptione,
3615 2687 3686 2745 ad

2027 2772 2173 2832 alios
2203 2774 2456 2831 honores
2487 2775 2751 2842 invitata,
2775 2789 2881 2832 nec
2909 2773 3122 2832 timore
3151 2774 3470 2848 cujuslibet
3499 2792 3686 2850 paena:

2025 2863 2115 2920 vel
2147 2863 2372 2932 mortis,
2406 2862 2642 2936 aliquod
2672 2863 2780 2920 tibi
2812 2861 3031 2920 crimen
3073 2863 3219 2920 falso
3269 2865 3602 2939 contingas,
3632 2853 3691 2922 et

2029 2953 2318 3024 nos,quod
2351 2951 2596 3019 absit,in
2629 2967 2884 3009 errorem
2915 2953 3227 3020 inducas,»
3259 2953 3482 3009 mirum
3514 2958 3608 3010 est
3637 2953 3687 3010 si

2027 3045 2162 3097 ante
2189 3058 2306 3097 non
2335 3040 2448 3096 fuit
2475 3040 2774 3114 cognitum
2795 3043 2954 3114 quod
2979 3041 3061 3098 ab
3083 3058 3152 3098 ea
3181 3045 3308 3097 erat
3332 3041 3692 3111 dicendum;

2026 3146 2130 3186 cur
2149 3129 2290 3185 talia
2309 3130 2498 3186 eidem
2514 3130 2740 3186 feminae
2761 3134 2896 3186 ante
2912 3129 3338 3186 confessionem
3356 3131 3526 3188 fuere
3547 3149 3692 3204 prte-

2022 3219 2205 3275 missa
2238 3235 2252 3275 :
2285 3222 2344 3274 et
2375 3218 2424 3276 si
2453 3218 2724 3290 pluribus
2755 3235 2885 3292 quae
2916 3219 3168 3276 dicenda
3195 3225 3361 3276 erant
3387 3225 3532 3276 ante
3563 3220 3687 3276 fue-

2022 3311 2160 3363 runt
2188 3309 2548 3382 pereognita,
2581 3325 2688 3364 cur
2718 3307 2887 3382 quasi
2918 3309 3030 3365 sub
3061 3312 3284 3366 secreta
3311 3309 3690 3366 confessione

2021 3413 2148 3470 quae
2179 3397 2332 3452 dicta
2366 3401 2504 3452 sunt
2547 3398 2897 3468 profitentur
2945 3411 3074 3453 esse
3119 3403 3369 3471 recepta.
3402 3397 3522 3455 Sed
3577 3398 3688 3454 hoc

2022 3482 2194 3541 modo
2215 3483 2474 3541 accidere
2496 3485 2755 3558 potuisse
2771 3483 3218 3558 putamus,quia
3243 3486 3401 3543 'sicut
3424 3483 3690 3560 legimus

2021 3573 2079 3628 in
2112 3573 2321 3629 litteris
2369 3573 2650 3630 divinitus
2697 3573 3023 3648 inspiratis,
3065 3591 3182 3630 non
3230 3586 3468 3648 semper
3516 3575 3690 3632 adest

2019 3661 2322 3734 prophetis
2339 3662 2582 3736 spiritus
2610 3661 3184 3736 prophetiae,dicente
3197 3662 3385 3719 Eliseo
3403 3663 3481 3720 de
3501 3665 3690 3721 Sunu-

2021 3747 2162 3806 mite
2193 3751 2451 3808 ad‘Giez'i
2483 3767 2730 3825 puerum
2763 3767 2939 3808 suum
2975 3769 2988 3808 :
3018 3753 3246 3809 Dimitte
3276 3753 3457 3820 illam,
3488 3755 3688 3810 anima

2016 3840 2166 3894 enim
2193 3840 2310 3911 ejus
2343 3841 2402 3896 in
2429 3839 2802 3897 amaritudine
2828 3849 2924 3910 est,
2937 3848 2989 3898 et
3013 3843 3278 3898 Dominus
3308 3841 3686 3908 celavitame,

2017 3936 2068 3985 et
2111 3945 2222 3984 non
2273 3929 2541 3985 indicavit
2583 3929 2728 3986 mihi
2775 3925 2871 4000 (ιν
2895 3931 3020 4000 Reg.
3058 3943 3134 4000 IV,
3163 3931 3296 4000 27);
3329 3933 3387 3986 et
3435 3929 3686 4004 quando

2016 4015 2142 4072 vult
2171 4017 2385 4073 iterum
2418 4017 2572 4072 idem
2604 4017 2849 4090 spiritus
2873 4019 3048 4082 adest,
3066 4017 3387 4091 prophetis.
3418 4015 3598 4075 Unde
3627 4023 3690 4075 et

2015 4105 2248 4177 Acbias,
2282 4103 2476 4160 divino
2508 4105 2729 4178 Spiritu
2761 4105 3104 4178 inspiratus,
3126 4107 3198 4162 ad
3231 4121 3475 4162 uxorem
3508 4107 3688 4164 Jero-

2016 4193 2188 4250 beam
2221 4191 2524 4268 dicit,mox
2554 4197 2619 4248 ut
2645 4193 2866 4249 audivit
2895 4193 3154 4250 sonitum
3187 4195 3402 4268 pedum
3435 4195 3578 4266 ejus
3603 4194 3693 4251 in-

2016 4279 2303 4338 troeuntis
2353 4299 2454 4355 per
2500 4281 2762 4338 ostium:
2812 4281 3120 4354 Ingredere,
3169 4297 3313 4340 uxor
3363 4283 3690 4354 Jerobaam,

2015 4385 2184 4443 quare
2212 4379 2261 4426 te
2290 4371 2466 4426 alictm
2489 4385 2601 4426 esse
2628 4371 2861 4427 simulas
2886 4375 2914 4426 .9
2945 4367 3046 4444 (III
3070 4359 3199 4441 Reg.
3219 4371 3359 4442 xxv).
3377 4373 3692 4447 Quaprop-

2012 4464 2101 4516 ter
2130 4460 2178 4516 si
2211 4459 2442 4516 Domini
2475 4460 2752 4532 Spiritus,
2773 4458 3079 4533 quoniam,
3113 4464 3365 4517 testante
3394 4459 3692 4535 Apostoio

255 4542 435 4598 facias
456 4543 594 4614 quia
609 4545 688 4598 ita
707 4543 1172 4600 estsicutideme
1188 4545 1587 4600 testimooium
1608 4547 1900 4618 perhibui.
1937 4564 1980 4628 ι)
2010 4549 2224 4621 (Ephcs.
2251 4565 2326 4616 xv,
2347 4550 2366 4602 i
2387 4551 2462 4617 1),
2493 4553 2552 4604 et
2581 4553 2844 4622 pastores
2873 4548 3144 4607 Ecclesia:
3177 4548 3478 4622 propheta:
3512 4556 3691 4622 sunt,

253 4629 355 4684 Cui
389 4635 748 4686 memoratus
773 4631 1102 4704 episcopus:
1129 4632 1352 4688 Bonum
1383 4638 1494 4699 est,
1517 4633 1726 4707 inquit,
1751 4641 1808 4691 et
1839 4639 1902 4693 tu

253 4719 383 4791 ipsa
399 4717 528 4774 istis
548 4720 692 4775 meis
711 4719 1102 4776 conl'ratribus
1115 4723 1267 4792 quod
1281 4721 1628 4778 adhuclatet
1651 4725 1900 4796 aperias,

253 4811 545 4879 quatenus
557 4825 624 4864 ex
635 4813 736 4864 tuo
758 4807 990 4880 proprio
1004 4825 1102 4865 ore
1123 4810 1276 4881 quod
1303 4809 1899 4882 dijudicentaudiant.

253 4896 321 4951 Et
346 4893 448 4952 illa
479 4912 492 4950 ε
527 4896 672 4963 Quid
705 4911 940 4952 necesse
965 4905 1072 4965 est,
1104 4897 1204 4965 ait,
1239 4901 1304 4952 ut
1335 4897 1506 4955 aliter
1551 4899 1741 4956 dicam
1787 4901 1900 4960 nisi

253 4985 406 5040 sicut
434 4987 497 5040 tu
531 4985 971 5057 nosti?propter
995 4987 1174 5042 Deum
1206 4984 1309 5042 tibi
1343 4987 1440 5054 sit,
1472 4991 1538 5042 ut
1567 4992 1628 5044 tu
1661 4988 1746 5046 eis
1776 5009 1898 5046 ma-

251 5073 490 5130 nifestas
521 5091 711 5129 meam
727 5073 1278 5146 necessitatem,quo
1290 5075 1505 5145 pariter
1520 5091 1653 5132 cum
1671 5079 1900 5134 seniore

249 5179 378 5217 meo
410 5161 552 5216 mihi
584 5160 877 5216 licentiam
910 5161 1152 5228 detis,ut
1180 5163 1335 5234 quod
1359 5163 1624 5220 desidero
1648 5165 1894 5236 faciam;

249 5251 408 5322 quia,
443 5249 657 5322 inquit,
689 5267 796 5322 pro
823 5255 940 5305 toto
972 5249 1194 5305 mundo
1230 5251 1360 5306 nolo
1406 5269 1597 5308 meum
1639 5255 1899 5312 animam

247 5339 523 5408 perdere:
558 5343 616 5393 et
645 5338 773 5393 ideo
807 5355 942 5410 rogo
976 5355 1074 5392 vos
1097 5344 1332 5410 propter
1369 5341 1544 5396 Deum
1579 5346 1634 5396 ct
1664 5347 1902 5415 propter

249 5425 640 5482 ministerium
665 5429 818 5499 quod
851 5425 1218 5498 suscepistis,
1250 5432 1313 5482 nt
1340 5427 1481 5482 mihi
1517 5431 1670 5499 quod
1705 5437 1902 5503 postu-

249 5513 302 5568 lo
329 5513 397 5568 ad
432 5513 681 5570 salutem
709 5515 920 5570 animae
954 5531 1094 5570 mea:
1128 5531 1242 5570 non
1274 5515 1592 5588 denegetis.

319 5603 452 5656 CAP.
486 5599 604 5658 Vll.
645 5623 672 5650 «
706 5603 871 5660 Tunc
903 5619 1009 5659 nos
1039 5602 1296 5675 episcopi
1327 5609 1620 5662 tentantes
1650 5609 1897 5680 requisi-

2014 4637 2286 4694 revclavit
2315 4637 2639 4694 auriculam
2671 4635 3100 4711 alloquentium
3133 4638 3469 4710 mﬂlierem,
3501 4639 3580 4696 ad
3626 4655 3692 4697 se

2013 4744 2147 4782 cum
2167 4725 2538 4782 simulatione
2565 4727 2832 4782 fortassis
2861 4725 3353 4794 advenientem,in
3381 4731 3691 4799 potestate

2011 4814 2198 4886 ipsius
2229 4814 2471 4886 spiritus
2519 4817 2627 4885 est,
2659 4813 2758 4886 qui
2811 4817 2912 4872 ubi
2955 4816 3075 4871 vult
3117 4817 3312 4888 spirat,
3345 4817 3413 4870 ut
3439 4817 3692 4873 occulta

2011 4901 2360 4959 revelatione
2387 4901 2504 4959 illis
2535 4901 2918 4976 suggeSSerit,
2949 4899 3141 4960 eidem
3193 4900 3429 4958 mulieri
3481 4897 3596 4961 Dei
3631 4909 3694 4961 et

2009 4995 2119 5048 sua
2148 4990 2489 5047 auctoritate
2514 4989 2926 5064 praecipereme
2955 4991 3039 5048 eis
3055 4989 3335 5051 simulata
3353 5004 3693 5064 praesume-

2007 5084 2096 5136 r'et
2116 5079 2528 5152 quoquomodo
2555 5078 2834 5137 indicem.
2853 5080 2971 5136 Nos
2992 5083 3190 5137 autem
3209 5079 3280 5136 de
3301 5079 3554 5136 incertis
3578 5074 3690 5138 diu

2008 5167 2310 5240 disputare
2342 5183 2455 5223 non
2487 5166 2781 5236 volumue,
2805 5167 2904 5242 qui
2939 5172 3098 5224 certa
3127 5184 3196 5224 ex
3223 5167 3690 5240 Scripturarum

2008 5257 2354 5312 auctoritate
2383 5256 2641 5327 proferre
2670 5254 2954 5312 valemus.
2973 5257 3122 5314 Nam
3155 5258 3226 5312 de
3257 5255 3691 5313 adhortatione

2007 5346 2078 5400 ad
2110 5344 2538 5400 confessionem
2570 5343 2790 5399 dictum
2842 5343 3096 5418 legimus
3129 5363 3141 5400 :
3188 5345 3382 5400 Bercta
3431 5343 3692 5401 Domino

2006 5435 2155 5488 vium
2181 5441 2408 5499 tuam,et
2435 5449 2594 5505 spera
2625 5435 2684 5488 in
2713 5449 2839 5488 eum
2873 5435 3046 5503 (Psal.
3078 5450 3266 5501 xxxvr,
3297 5434 3376 5502 5).
3409 5426 3493 5488 De
3530 5435 3689 5490 sub-

2009 5525 2290 5594 sequente
2337 5526 2532 5577 autem
2581 5521 3048 5578 adhortationem
3099 5519 3466 5578 confessione
3526 5521 3692 5580 item

2005 5609 2259 5682 legimus
2295 5626 2306 5664 :
2342 5611 2476 5665 Dixi
2505 5629 2523 5664 :
2552 5611 2926 5667 Pronuntiabo
2960 5611 3296 5682 injustitiam
3344 5616 3534 5664 malm
3566 5613 3690 5668 Da-
