3896 6182
184 345 296 421 633

1065 355 1168 416 DE
1211 353 1581 417 DlVOR’l‘lO
1624 347 1997 415 LOTHARII
2040 350 2142 412 ET
2183 351 2647 416 TETBERGIE.

3463 346 3584 416 631

183 493 342 561 mino,
373 500 428 550 et
455 500 516 550 tu
560 494 824 550 remisisti
872 492 1203 564 impietatem
1241 490 1450 562 peccati
1493 489 1606 544 mei
1644 488 1818 557 (Psal.
1850 484 1906 552 Α
1936 487 2215 555 statuant,
2241 508 2268 535 »
2299 486 2488 544 sciant
2519 490 2574 543 et
2603 486 2940 561 quicunque
2968 489 3281 546 venerandi
3303 485 3580 564 episcopi,

183 601 322 652 ml,
342 583 425 656 5).
450 581 594 639 Huic
614 599 847 656 quoque
874 579 1226 638 confessioni
1251 596 1284 634 a
1300 577 1546 634 Domino
1579 593 1824 650 repensa

183 675 263 730 est
287 669 580 738 remissio,
615 687 730 727 non
763 668 1012 743 punitio,
1047 685 1175 741 quae
1205 685 1323 724 non
1354 671 1444 724 est
1473 670 1696 723 extorta
1727 683 1830 738 per

184 763 421 828 metum,
440 758 540 816 sed
572 759 801 832 prolata
829 758 901 813 ad
931 755 1310 829 indulgentiae
1343 771 1507 828 spem
1529 771 1632 826 per
1655 754 1833 809 medi-

184 847 356 906 cabile
385 847 932 914 hortamentum,ut
960 845 1102 901 item
1133 843 1282 900 dixit
1314 860 1326 899 :
1360 845 1436 898 Et
1461 860 1530 898 ea:
1557 843 1832 899 voluntate

183 934 290 995 mea
315 937 617 1008 conﬁtebor
650 937 706 992 ei
751 935 922 1008 (Psal.
949 951 1152 1001 cxxvn,
1187 935 1276 1002 7);
1323 949 1428 990 nec
1475 931 1718 988 invitata
1757 933 1830 988 ad

186 1030 523 1100 praesentem
556 1020 976 1092 bonorem,sed
1007 1023 1080 1078 ad
1105 1023 1361 1078 futuram
1385 1019 1833 1090 beatitudinem,

185 1111 310 1186 quia
365 1111 662 1185 scriptum
713 1115 850 1168 est:
886 1112 1098 1168 Vanum
1147 1119 1226 1166 eet
1280 1110 1430 1166 vobis
1488 1119 1614 1166 ante
1661 1111 1837 1166 lucem

183 1213 396 1272 surgere
429 1219 452 1258 :
483 1203 690 1270 surgite
713 1209 1000 1272 postquam
1046 1200 1316 1268 sederitis,
1349 1201 1449 1272 qui
1491 1199 1836 1255 manducatis

181 1299 368 1364 partem
425 1290 637 1346 doloris
685 1289 853 1362 (Psal.
904 1304 1091 1354 CXXVI,
1136 1289 1186 1356 1,
1217 1287 1294 1360 2).
1329 1287 1429 1344 Ille
1477 1287 1631 1344 enim
1683 1288 1830 1345 5'11

189 1382 308 1436 ante
336 1377 542 1434 lucem
571 1377 780 1450 surgit,
805 1375 905 1450 qui
936 1393 971 1432 a
999 1376 1102 1432 Dei
1134 1376 1401 1432 custodia
1423 1392 1526 1448 per
1545 1375 1815 1450 negligen

189 1467 316 1524 tiam
338 1467 763 1524 mandatorum
783 1466 832 1538 ej
843 1483 912 1522 us
924 1482 987 1521 se
1001 1463 1518 1532 alienanscadit,et
1537 1470 1670 1521 ante
1681 1465 1836 1522 diem

186 1556 408 1630 venturi
426 1555 628 1612 saeculi
649 1555 709 1610 in
741 1554 851 1610 hac
879 1553 998 1610 vita
1017 1571 1146 1626 quae
1167 1553 1323 1610 nocti
1355 1558 1442 1610 est
1471 1553 1706 1621 similis,
1729 1555 1838 1611 ho-

187 1643 423 1702 noribus
455 1643 659 1700 extolli
689 1661 756 1700 ac
785 1643 1066 1717 proficere
1092 1643 1333 1716 appetit.
1351 1643 1683 1700 Sedendum
1702 1660 1839 1717 ergo

187 1734 337 1809 prius
367 1736 469 1790 est
497 1750 602 1806 per
630 1731 1055 1806 penitentiam,
1079 1735 1146 1788 ut
1176 1736 1308 1804 post
1337 1736 1490 1789 recte
1525 1749 1840 1806 surgamus

188 1839 278 1896 per
299 1819 916 1924 indui-gentiamquia‘
929 1819 1203 1924 quisquis
1232 1838 1392 1876 nunc
1419 1838 1484 1924 se
1513 1825 1718 1894 sponte
1740 1840 1842 1895 per
1857 1851 1918 1924 -Β

190 1907 589 1985 penitentiam
601 1926 718 1966 non
733 1909 1404 1982 humiliat,nequaquam
1419 1910 1575 1965 hunc
1587 1927 1840 1983 sequens

189 1999 360 2074 gloria
391 1998 637 2056 exultat.
660 1997 920 2066 Qualiter
949 2001 1145 2054 autem
1178 2015 1293 2054 non
1315 1998 1577 2066 exaltari,
1603 2001 1703 2056 sed
1736 1998 1840 2054 bu-

187 2087 389 2144 miliari
413 2103 528 2162 per
547 2087 970 2144 confessionem
995 2089 1052 2144 et
1072 2086 1474 2160 paenitentiam
1496 2088 1838 2156 debeamus,

188 2177 468 2234 Dominus
503 2177 564 2233 in
616 2175 926 2250 Evangelio
974 2177 1140 2232 Lucae
1187 2175 1455 2232 habitum
1502 2176 1840 2249 paenitentis

185 2266 572 2334 demonstrat,
605 2264 806 2322 dicens
839 2282 852 2320 ε
888 2264 1035 2321 Olim
1064 2267 1126 2321 in
1153 2267 1336 2321 cinere
1363 2273 1416 2320 et
1443 2267 1625 2321 cilicio
1651 2265 1838 2322 seden-

183 2363 250 2413 tes
271 2355 660 2428 paenitentiam
697 2356 932 2425 egissent
960 2355 1109 2428 (Luc.
1141 2373 1199 2421 x,
1232 2355 1360 2422 i3);
1393 2358 1450 2410 et
1480 2355 1539 2409 in
1572 2355 1798 2428 psalmo
1825 2374 1838 2412 :

181 2445 490 2516 Humiliavi
518 2446 582 2500 in
601 2444 819 2516 jejunio
839 2445 1088 2499 animam
1114 2458 1294 2500 meam
1312 2444 1479 2514 (Psal.
1501 2457 1690 2510 xxxw,
1717 2447 1800 2514 i2)
1824 2463 1838 2514 ;

183 2535 234 2590 et
265 2551 278 2590 :
309 2531 620 2590 [mtuebam
643 2548 730 2588 me
757 2533 940 2589 cilicio
969 2534 1140 2603 (Psal.
1192 2550 1344 2599 xxxx,
1379 2535 1436 2601 8)
1463 2551 1477 2597 ;
1513 2537 1570 2589 et
1601 2549 1614 2588 :
1649 2535 1842 2591 Factus

186 2633 302 2679 sum
345 2623 712 2679 conturbatus
743 2623 910 2694 (Psal.
961 2639 1114 2690 XXIX,
1165 2623 1250 2696 8);
1283 2627 1341 2678 et
1373 2639 1386 2678 :
1423 2623 1672 2679 Cincrem
1726 2631 1842 2680 tan-

185 2711 341 2786 quam
363 2727 579 2784 panem
603 2709 1026 2778 mandaeabam,
1047 2719 1098 2767 et
1133 2718 1322 2783 potum
1355 2727 1537 2768 meum
1563 2729 1687 2768 cum
1711 2713 1843 2783 ﬂetu

185 2800 549 2872 temperabant
579 2800 752 2870 (Psat.
781 2799 992 2872 01,10);
1023 2803 1082 2856 et
1115 2815 1128 2856 :
1159 2799 1494 2870 Vigilavi,et
1522 2803 1700 2873 factus
1719 2819 1844 2858 sum

183 2889 319 2945 ultu!
341 2903 539 2962 passer
563 2885 852 2944 solitarius
900 2891 962 2944 in
1004 2893 1134 2944 tecto
1183 2890 1351 2961 (Psat.
1381 2905 1437 2957 v,
1469 2891 1546 2958 8).
1580 2889 1744 2946 Unde
1786 2895 1844 2947 et

185 2977 326 3033 sacri
353 2991 621 3034 canones
642 2976 856 3050 jubent
882 2977 1065 3045 (Cone.
1099 2977 1285 3047 Agat.,
1305 2994 1431 3034 can.
1467 2979 1556 3047 15)
1579 2981 1642 3033 ut
1664 2979 1844 3051 paeni-

183 3069 368 3124 tentes
403 3065 670 3138 tempore
701 3082 816 3137 quo
841 3065 1242 3138 pmnitentiam
1266 3069 1496 3138 petunt,
1520 3065 1842 3139 impositio-

183 3161 310 3210 nem
336 3167 636 3210 manuum
665 3158 724 3210 et
753 3151 1011 3209 cilicium
1035 3167 1214 3226 super
1230 3153 1424 3227 capita
1454 3169 1489 3210 a
1519 3154 1837 3222 sacerdote,

182 3243 329 3300 sicut
355 3242 585 3316 ubique
613 3242 934 3298 constitum
966 3245 1074 3312 est,
1110 3225 1565 3316 consequantur.
1588 3245 1658 3300 Et
1685 3261 1834 3313 conc,
1869 3225 1914 3294 (ἶ

180 3332 314 3403 Δίνη,
344 3347 479 3388 can.
513 3333 604 3400 16)
639 3347 652 3387 :
687 3329 900 3388 Manus
931 3329 1388 3405 impositionem,
1420 3333 1592 3405 cujus
1622 3333 1844 3390 crimen

179 3419 486 3494 vulgatum
516 3423 626 3488 est,
660 3424 794 3476 ante
843 3420 1108 3476 absidem
1159 3419 1436 3494 accipiat;
1467 3422 1624 3494 quod
1664 3439 1845 3478 unus-

179 3510 438 3583 quisque
460 3507 696 3583 publice
716 3509 1008 3582 paenitens
1029 3510 1104 3566 ab
1125 3509 1400 3582 episcopo
1425 3527 1552 3577 suo,
1575 3509 1648 3567 de
1676 3512 1846 3584 cujus

179 3597 460 3670 parochia
515 3601 628 3665 est,
673 3597 846 3654 debet
903 3596 1393 3670 susciperelllud
1449 3603 1649 3655 autem
1689 3601 1843 3672 quod

180 3685 534 3760 generaliter
561 3686 720 3742 laedit
748 3685 1094 3755 Ecclesiam,
1118 3703 1154 3742 a
1182 3687 1428 3760 synodo,
1459 3687 1517 3742 id
1571 3693 1662 3744 est
1707 3705 1844 3744 con-

181 3777 348 3832 ventu
369 3773 721 3849 episcopali,
736 3773 1166 3832 medicabilitcr
1183 3775 1354 3831 debet
1375 3777 1675 3832 sanari.Et
1695 3777 1845 3833 miro

182 3866 350 3922 modo
367 3864 472 3920 hic
499 3861 740 3921 libellus
768 3863 1180 3937 episcopalem,
1203 3862 1304 3936 qui
1335 3880 1438 3936 pro
1469 3881 1647 3920 causa
1675 3881 1848 3938 gene-

181 3951 284 4009 rali
315 3953 452 4010 ﬁeri
479 3953 676 4018 debet,
703 3956 761 4008 et
789 3957 1074 4009 secretam
1092 3951 1373 4009 describit
1392 3953 1842 4022 confessionem,

182 4052 305 4114 quae
327 4039 657 4115 specialem
688 4041 950 4114 postulat
975 4040 1352 4098 medicinam.

241 4128 361 4186 Sed
394 4133 457 4186 et
483 4128 808 4202 septimum
839 4129 1186 4203 capitulum,
1221 4131 1280 4185 in
1308 4141 1424 4202 quo
1451 4132 1732 4188 tentando
1763 4132 1846 4188 in-

176 4220 514 4291 terrogatur
543 4217 765 4274 femina
803 4219 931 4290 jam
984 4219 1314 4293 designata,
1348 4223 1414 4274 ut
1444 4218 1524 4274 ibi
1556 4219 1844 4293 scriptum

180 4310 266 4362 est
297 4324 314 4364 :
353 4329 384 4357 «
421 4303 632 4362 Utrum
665 4305 802 4362 inde
831 4303 1090 4380 aliquam
1113 4305 1286 4364 vellet
1305 4307 1731 4380 querimoniam
1755 4327 1844 4365 re-

175 4399 433 4464 movere,
461 4398 568 4452 aut
595 4394 828 4468 aliquas
857 4394 1106 4452 insidias
1135 4395 1416 4463 moliri,si
1439 4411 1557 4452 suae
1577 4397 1844 4470 petitioni

175 4481 552 4540 satisfactum
583 4483 770 4554 ﬂeret,
808 4507 836 4534 »
867 4501 936 4542 ex
975 4501 1092 4556 quo
1133 4484 1356 4557 juratio
1409 4485 1848 4542 demonstratur

1937 578 1994 630 et
2019 591 2182 647 reges
2212 575 2469 648 gloriosi,
2501 581 2558 632 et
2586 593 2790 632 omnes
2823 577 2880 631 in
2912 576 3044 632 sinu
3076 579 3284 634 matris
3317 577 3582 635 Ecclesiae

1938 664 2224 732 collocati,
2250 665 2390 736 quia
2410 665 2562 720 hanc
2591 665 2868 721 latentem
2901 673 3138 721 causam
3165 668 3274 722 sub
3303 667 3412 722 hac
3441 681 3615 724 con-’

1939 753 2158 809 ditione
2187 754 2382 826 potius
2414 754 2680 828 ignorare
2733 771 2910 826 quam
2963 755 3111 810 scire
3159 753 3448 824 volumus,
3481 773 3585 829 pro

1939 842 2134 899 causis
2161 859 2309 915 quas
2339 845 2735 900 ostendemus.
2769 843 3070 910 Videlicet,
3095 843 3234 916 quia
3262 843 3442 900 nimis
3482 845 3586 900 ha-

1941 931 2150 988 bemus
2181 934 2252 988 de
2280 933 2532 1004 peccatis
2562 933 2874 1000 nostris,et
2906 932 3074 989 nobis
3097 950 3130 988 a
3165 937 3380 989 secrete
3411 934 3586 989 conli-

1943 1021 2192 1078 tentium
2216 1021 2516 1077 devotione
2549 1022 2854 1093 confessis,
2869 1026 2927 1078 et
2955 1039 2990 1078 a
3007 1021 3178 1078 nobis
3196 1021 3448 1078 subditis
3477 1037 3592 1094 pu-

1943 1108 2092 1165 blice
2121 1112 2178 1164 et
2204 1111 2456 1182 pondere
2480 1111 2639 1184 gravi
2671 1110 3024 1179 commissis,
3058 1111 3128 1167 ad
3161 1127 3286 1186 qua:
3325 1111 3593 1166 deﬂenda

1945 1197 2096 1255 oculi
2131 1199 2316 1254 nostri
2365 1216 2736 1272 nequaquam
2769 1201 3074 1257 sufficiunt
3105 1219 3118 1256 :
3153 1203 3371 1273 quanto
3403 1199 3594 1272 magis

1944 1281 2047 1344 illa
2066 1305 2193 1360 quae
2229 1287 2504 1356 latent,et
2533 1305 2634 1362 per
2649 1288 2794 1344 alios
2815 1290 3008 1345 sanari
3042 1290 3253 1346 melius
3283 1305 3461 1363 quam
3491 1303 3595 1360 per

1947 1391 2054 1431 nos
2085 1380 2332 1448 possunt
2359 1381 2417 1431 et
2443 1375 2624 1443 ablui,
2649 1375 3006 1443 curiositate,
3031 1393 3158 1448 quae
3191 1393 3362 1450 grave
3393 1380 3501 1445 est,
3526 1379 3594 1432 ut

1947 1464 2090 1520 dicit
2119 1463 2452 1536 Gregorius,
2483 1463 2710 1532 vitium,
2744 1463 2845 1520 illa
2877 1465 3098 1522 discere
3126 1469 3184 1519 et
3213 1464 3414 1522 audire
3445 1479 3596 1537 quas-

1950 1569 2172 1609 ramus.
2206 1553 2369 1609 Unde
2400 1554 2805 1626 superadjecto
2835 1553 3072 1610 cumulo
3109 1544 3260 1610 5'12
3291 1554 3375 1610 sic
3403 1551 3596 1627 lugea-

1949 1659 2104 1708 mus,
2138 1642 2292 1699 sicut
2321 1641 2415 1700 ille
2447 1643 2581 1716 pius
2611 1647 2669 1699 et
2717 1645 2958 1710 sanctus
2995 1641 3100 1711 vir,
3121 1643 3212 1698 cui
3245 1641 3348 1699 illa
3379 1643 3596 1700 femina

1950 1732 2218 1788 confessa
2233 1731 2746 1801 fuit,tristissimus
2768 1736 2826 1788 et
2847 1732 3194 1806 angustians
3217 1735 3392 1804 atque
3409 1731 3594 1805 pomi-

1949 1821 2248 1894 tens,quia
2264 1821 2424 1877 illius
2435 1821 2818 1878 confessionis
2832 1819 3100 1878 conscius
3125 1821 3494 1890 fuerat,sicut
3514 1821 3594 1878 ibi

1951 1910 2237 1983 scriptum
2267 1915 2378 1978 est,
2412 1909 2578 1966 luxit.
2601 1911 2711 1966 Sed
2735 1909 2988 1984 legimus
3017 1910 3158 1983 quia
3184 1909 3332 1975 luxit
3360 1909 3596 1968 Samuel

1949 1997 2206 2067 Saulem,
2241 1998 2519 2071 quoniam
2547 1999 2762 2070 abjecit
2789 2015 2924 2054 eum
2957 1998 3264 2066 Dominus,
3286 1997 3369 2054 ita
3398 2003 3463 2055 ut
3491 2001 3600 2056 Do-

1950 2088 2150 2144 minus
2178 2087 2396 2144 diceret
2414 2089 2463 2144 ei
2500 2107 2514 2144 :
2553 2090 2830 2161 Usquequo
2878 2097 2937 2146 tu
2977 2089 3146 2158 luges,
3164 2087 3318 2156 Scal,
3339 2090 3600 2162 quoniam

1947 2193 2045 2247 ego
2087 2177 2262 2249 abjeci
2311 2181 2477 2233 eum?
2504 2179 2555 2247 (I
2574 2179 2698 2248 Reg.
2749 2195 2864 2245 XVI,
2896 2177 2976 2250 7.)
3015 2177 3130 2233 Sed
3180 2193 3294 2233 non
3347 2176 3598 2250 legimus

1951 2281 2085 2320 eum
2115 2264 2392 2338 cuiquam
2425 2265 2833 2322 manifestasse
2863 2283 2966 2338 pro
2997 2283 3113 2338 quo
3144 2264 3314 2320 illum
3362 2271 3598 2340 peccato

1948 2353 2182 2419 luxerit,
2216 2354 2328 2409 nisi
2358 2353 2470 2426 ipsi
2503 2354 2759 2416 Sauli,et
2779 2358 3067 2428 quantum
3097 2353 3365 2428 lacrymze
3411 2353 3599 2428 ipsius

1951 2443 2087 2499 inde
2115 2443 2346 2500 Domini
2379 2442 2622 2498 auribus
2653 2442 3027 2500 intimarunt.

2020 2531 2214 2588 Altera
2233 2549 2412 2588 causa
2432 2531 2678 2604 estquia
2707 2532 2962 2605 Spiritus
2987 2532 3176 2589 sancti
3205 2533 3440 2590 oraculo
3471 2551 3600 2590 cau-

1950 2625 2077 2677 tum
2119 2639 2246 2678 esse
2285 2621 2651 2695 dignoscitur
2679 2624 2744 2677 ut
2774 2621 2992 2695 quique
3014 2627 3320 2694 peccantes
3341 2627 3602 2696 peccato-

1951 2728 2082 2766 rum
2106 2727 2346 2768 suorum
2369 2710 2618 2766 latentes
2639 2726 2848 2766 causas
2877 2709 3240 2782 spiritalibus
3271 2711 3601 2770 senioribus

1950 2799 2425 2872 patefaciant,qui
2451 2798 2637 2854 sciant
2657 2802 2715 2854 et
2736 2803 2911 2854 suaet
2923 2796 3364 2856 alienavulnera
3375 2817 3598 2867 curare,

1949 2892 2006 2944 et
2034 2905 2150 2944 non
2181 2889 2448 2961 detegere
2479 2905 2546 2944 ac
2576 2885 2894 2960 publicare.
2918 2888 2988 2942 Et
3009 2891 3317 2961 propterea
3337 2888 3394 2943 in
3417 2889 3600 2945 sacris

1949 2976 2274 3033 canonibus
2299 2975 2552 3032 Africani
2585 2974 2814 3032 concilii
2845 2973 3128 3048 scriptum
3175 2973 3424 3032 habetur
3453 2980 3598 3046 (can.

1947 3065 2061 3135 99).
2095 3064 2168 3120 Ut
2197 3063 2246 3121 si
2277 3065 2512 3136 quando
2541 3063 2850 3137 episcopus
2880 3062 3020 3120 dicit
3048 3063 3304 3136 aliquem
3336 3064 3448 3121 sibi
3491 3064 3600 3122 soli

1952 3153 2252 3227 proprium
2275 3153 2497 3210 crimen
2521 3153 2704 3210 fuisse
2723 3152 3272 3226 confessum,atque
3289 3151 3386 3210 ille
3407 3158 3599 3228 neget,

1953 3260 2067 3299 non
2100 3246 2264 3315 putet
2293 3243 2364 3298 ad
2410 3241 2688 3315 injuriam
2737 3258 2907 3298 suam
2955 3242 3266 3316 episcopus
3312 3241 3603 3317 pertinere

1955 3331 2225 3410 quodilli
2258 3330 2366 3388 soli
2397 3349 2512 3387 non
2543 3331 2833 3399 creditur;
2865 3335 2922 3387 ct
2947 3331 2994 3386 si
3036 3329 3312 3405 scrupulo
3357 3331 3602 3406 propria:

1955 3421 2320 3478 conscientiae
2351 3438 2414 3476 se
2461 3421 2606 3476 dicit
2652 3419 2889 3494 neganti
2943 3419 3096 3476 nolle
3145 3410 3601 3491 communicare,

1955 3509 2215 3584 quandiu
2239 3508 2739 3566 excommunicato
2762 3527 2875 3564 non
2912 3509 3430 3566 communicaverit
3459 3528 3605 3568 suus

1954 3601 2286 3673 episcopus,
2305 3599 2494 3655 eidem
2525 3597 2796 3670 episcopo
2819 3597 2890 3654 ab
2914 3597 3045 3655 aliis
3067 3617 3182 3655 non
3205 3600 3604 3656 communice-

1954 3693 2053 3745 tur
2081 3686 2392 3761 episcopis,
2425 3691 2490 3742 ut
2519 3685 2709 3760 magis
2757 3690 2956 3742 caveat
2987 3686 3297 3760 episcOpus
3347 3704 3420 3743 ne
3449 3686 3608 3743 dicat

1955 3777 2014 3833 in
2047 3793 2404 3851 quemquam
2449 3776 2603 3848 quod
2653 3773 2786 3831 aliis
2835 3775 3202 3832 documentis
3252 3793 3368 3832 non
3413 3780 3606 3849 potest

1954 3865 2314 3924 convincere.
2348 3863 2496 3930 Quid
2528 3867 2618 3920 est
2666 3863 2824 3920 enim
2874 3863 3094 3919 crimen
3143 3864 3408 3920 confesso
3451 3863 3605 3920 nolle

1953 3953 2526 4020 communicare,nisi
2539 3952 2962 4008 confessionem
2984 3952 3249 4008 criminis
3269 3951 3608 4026 publicare?

1953 4045 2025 4101 Et
2073 4041 2542 4116 quantiscunque
2589 4039 2880 4114 episcopis
2937 4039 3155 4096 femina
3207 4040 3336 4113 ipsa
3384 4043 3607 4098 secreta

1954 4131 2319 4190 confessione
2349 4127 2631 4184 delictum
2653 4147 2828 4186 suum
2852 4129 3190 4201 prodiderit,
3206 4130 3290 4186 sic
3311 4131 3480 4204 quasi
3504 4131 3605 4187 uni

1955 4219 2182 4288 dixerit,
2216 4221 2504 4276 secretum
2531 4217 2732 4273 haberi
2765 4217 3016 4273 debebit.
3049 4217 3213 4274 Unde
3239 4219 3606 4291 Augustinus

1953 4325 2246 4382 exponens
2273 4306 2624 4362 sententiam
2659 4305 2893 4361 Levitici
2926 4323 2940 4360 :
2974 4306 3038 4362 Si
3061 4309 3363 4378 peccaverit
3391 4309 3601 4375 anima,

1952 4407 2004 4455 et
2035 4398 2276 4453 audierit
2323 4411 2502 4451 vocem
2541 4395 2812 4467 jurantis,
2842 4396 3097 4466 testisque
3139 4396 3311 4466 fuerit
3340 4395 3481 4467 quod
3509 4402 3608 4451 aut

1959 4490 2074 4559 ipse
2104 4486 2242 4542 vidit
2277 4493 2372 4541 aut
2417 4485 2664 4540 conscius
2716 4491 2814 4550 est,
2847 4485 2962 4538 nisi
2995 4483 3342 4552 indicaverit,
3366 4485 3608 4556 portabit
3637 4543 3640 4546 ,

173 4570 396 4640 elicita,
430 4569 730 4628 tarditatis
763 4575 974 4629 nostra:
1005 4578 1096 4630 est
1139 4573 1436 4647 ingeniolo
1467 4577 1843 4646 suspectum;
1875 4592 1922 4656 Β
1957 4577 2310 4648 iniquitatem
2338 4591 2498 4629 suam
2530 4572 2720 4645 (Levit.
2741 4573 2817 4644 v),
2852 4571 2932 4626 ita
2952 4571 3095 4628 dicit
3123 4571 3524 4646 (Quaestionum
3547 4576 3608 4630 in

172 4659 303 4718 ideo
337 4678 377 4718 a
407 4659 580 4718 nobis
610 4660 758 4718 nihil
788 4666 879 4718 est
919 4660 1056 4718 inde
1105 4677 1564 4734 responsum,ne
1613 4663 1842 4720 deviare

176 4751 280 4805 aut
309 4767 347 4805 a
377 4749 557 4824 legali
587 4749 822 4806 tramite
843 4754 944 4806 aut
973 4769 1008 4807 a
1031 4749 1271 4824 capituli
1292 4750 1502 4807 semita
1517 4751 1840 4807 videamur.

243 4837 330 4894 De
365 4853 438 4894 eo
466 4839 647 4895 etiam
669 4840 827 4910 quod
845 4839 903 4894 in
927 4839 1214 4912 praemissi
1254 4837 1434 4895 libelli
1457 4844 1656 4896 octavo
1687 4839 1843 4912 capi-

172 4923 300 4982 tulo
319 4925 621 4999 scriptum
652 4930 744 4984 est
769 4943 783 4984 :
814 4949 844 4978 «
878 4928 1027 4996 Quid
1052 4928 1306 5000 denique
1327 4945 1361 4983 a
1391 4945 1544 5001 saepe
1564 4929 1681 4984 fato
1715 4944 1848 4984 con-

173 5014 362 5071 ll'atre
393 5019 602 5070 nostro
631 5013 704 5072 de
734 5014 846 5071 hac
874 5033 936 5072 re
965 5016 1221 5072 multum
1252 5015 1544 5086 tristante,
1569 5021 1626 5073 et
1655 5033 1846 5091 angu-

173 5099 513 5168 stiante,ac
543 5099 801 5176 lugente,
819 5107 993 5175 atque
1027 5105 1181 5176 quod
1213 5121 1479 5177 unquam
1512 5103 1671 5160 illius
1702 5121 1845 5161 con-

169 5189 494 5246 fcsssionis
507 5190 780 5246 conscius
792 5177 1284 5248 exstitit-admodu
1295 5209 1351 5248 m
1373 5192 1689 5265 pmnitente
1705 5191 1849 5247 didi-

169 5278 520 5346 cimus,boc
535 5280 814 5337 fratribus
827 5286 884 5337 et
895 5282 1256 5355 coepiscopis
1263 5283 1433 5354 juxta
1450 5282 1844 5338 conditionem

165 5367 324 5425 data:
360 5367 621 5424 licentia:
649 5367 779 5426 viva
807 5385 944 5428 voce
974 5373 1333 5427 narrandum
1366 5375 1474 5438 est,
1507 5376 1572 5426 ut
1601 5371 1754 5427 sicut
1783 5371 1843 5427 in

163 5456 511 5529 primordio
560 5453 787 5514 dictum
836 5465 944 5527 est,
978 5476 1114 5516 cum
1165 5463 1513 5534 argumenta
1555 5459 1846 5517 hactenus

162 5544 430 5604 latentis
457 5562 649 5602 causa:
688 5547 1070 5620 perceperint,
1105 5565 1222 5604 uno
1270 5549 1590 5621 eodemque
1638 5563 1844 5605 omnes

161 5633 438 5693 consilio
483 5639 542 5690 et
571 5651 864 5694 consensu
899 5649 1156 5693 errorem
1203 5637 1492 5710 expellant
1541 5641 1598 5693 et
1642 5653 1844 5694 verum

1953 4665 2099 4731 Lev.,
2133 4662 2234 4718 lib.
2270 4680 2354 4728 ιιι,
2388 4678 2438 4716 c.
2475 4661 2526 4733 1)
2559 4677 2573 4714 :
2608 4683 2636 4710 «
2663 4660 2780 4716 Hoc
2830 4659 3011 4726 enim,
3043 4661 3338 4734 inquiens,
3380 4661 3610 4720 videtur

1952 4752 2163 4819 dicere,
2182 4767 2418 4824 peccare
2447 4749 2767 4814 hominem,
2783 4766 2898 4822 quo
2922 4749 3375 4822 audiontejurat
3395 4751 3608 4826 aliquis

1951 4839 2262 4905 falsum,ot
2291 4837 2404 4892 scit
2425 4853 2558 4892 eum
2595 4836 2806 4892 falsum
2831 4838 3032 4909 jurare
3053 4839 3110 4894 et
3131 4841 3486 4897 tacet.Tunc
3511 4859 3610 4897 au-

1951 4933 2069 4984 tem
2103 4926 2232 4994 scit,
2261 4927 2308 4982 si
2343 4925 2396 4982 ei
2427 4925 2511 4982 rei
2542 4925 2612 4981 de
2645 4943 2760 4999 qua
2783 4927 3020 4998 juratur
3067 4927 3236 4984 testis
3281 4928 3472 4999 fuerit,
3507 4932 3609 4984 aut

1952 5017 2118 5086 vidit,
2131 5020 2234 5072 aut
2255 5015 2526 5072 conscius
2559 5015 2687 5084 fuit,
2707 5015 2765 5070 id
2787 5014 3097 5090 est,aliquo
3119 5017 3292 5072 modo
3313 5017 3602 5090 cognovit,

1955 5109 2059 5162 aut
2089 5103 2277 5161 oculis
2302 5103 2426 5160 suis
2455 5103 2776 5176 conspexit,
2793 5107 2895 5159 aut
2925 5103 3048 5178 ipse
3077 5104 3177 5178 qui
3201 5105 3366 5176 jurat
3401 5103 3485 5159 illi
3519 5103 3604 5156 in-

1955 5194 2188 5260 dicavit,
2215 5193 2298 5248 ita
2343 5192 2499 5248 enim
2547 5191 2738 5265 potuit
2785 5210 2914 5248 esse
2973 5193 3263 5249 conscius.
3294 5192 3404 5247 Sed
3453 5191 3606 5246 inter

1954 5283 2225 5339 timorem
2256 5283 2436 5354 hujus
2466 5279 2704 5354 peccati,
2725 5285 2782 5336 et
2811 5281 3081 5336 timorem
3118 5278 3466 5352 proditionis
3494 5277 3603 5334 ho-

1955 5373 2204 5439 minum,
2239 5389 2356 5427 non
2387 5387 2564 5444 parva
2591 5374 2781 5426 exstat
2811 5369 3154 5441 plerumque
3175 5367 3440 5423 tentatio.
3467 5367 3604 5422 Ροε-

1954 5477 2164 5517 sumus
2193 5459 2349 5516 enim
2383 5464 2649 5532 paratum
2671 5459 2743 5514 ad
2768 5457 3091 5530 periurium
3123 5455 3492 5511 admonendo
3517 5454 3603 5510 vel

1954 5548 2318 5624 prohibendo
2341 5566 2375 5603 a
2390 5552 2509 5603 tam
2532 5545 2690 5620 gravi
2715 5549 2950 5618 peccato
2973 5558 3262 5612 revocare;
3289 5545 3388 5600 sed
3413 5545 3461 5600 si
3485 5560 3602 5600 non

1954 5638 2224 5707 audierit,
2259 5641 2318 5692 et
2346 5653 2542 5692 coram
2576 5633 2741 5690 nobis
2771 5633 2840 5688 de
2869 5649 2930 5688 re
2959 5627 3136 5706 quam
3169 5632 3337 5690 nobis
3381 5633 3600 5691 indica~
