3896 6182
367 284 486 348 635

1313 277 1694 340 HINCMABI
1742 275 2186 339 nunmnvms
2228 276 2823 340 ARCHIEPISCOPI
3573 293 3672 356 εδδ

363 421 526 476 verat
555 414 768 474 falsum
791 411 1310 487 juraverit,utrum
1335 410 1669 485 prodendus
1689 410 1786 478 sit,
1803 409 1850 466 si
1879 427 2008 482 pro-
2039 409 2095 478 Α
2195 411 2414 466 Textus
2437 408 2618 468 libelli
2663 416 2888 484 septem
2938 411 3304 486 capitulorum
3333 417 3498 476 taliter
3521 426 3668 483 conti-

361 509 522 567 ditus
551 506 730 563 etiam
753 505 810 560 in
845 501 1172 576 periculum
1197 502 1401 557 mortis
1424 502 1702 568 incurrat,
1729 499 2003 555 difficilli-

362 617 460 655 ma
489 595 732 670 quastio
754 598 863 650 est.
883 593 993 650 Sed
1029 591 1165 664 quia
1193 609 1307 646 non
1337 591 1622 662 expressit
1656 589 1746 644 cui
1781 589 1888 644 hoc
1921 589 2007 642 in-

359 687 679 744 dicandum
709 687 883 750 esset,
917 686 1116 737 utrum
1148 680 1230 735 illi
1263 679 1355 736 cui
1386 680 1796 750 adjuratur,an
1825 694 2012 732 sacer-

360 777 504 845 doti,
531 774 620 832 vel
643 773 900 847 cuipiam
924 771 1024 844 qui
1057 787 1170 825 non
1203 770 1394 826 solum
1427 786 1562 824 eum
1603 767 1701 840 qui
1737 766 2007 839 persequi

358 883 473 922 non
506 867 700 938 potest
729 861 1040 934 irrogando
1072 857 1425 930 supplicium
1461 855 1562 910 sed
1612 854 1788 909 etiam
1845 870 2008 908 orare

357 973 460 1029 pro
491 954 590 1010 illo
620 955 830 1025 potest,
857 950 1085 1004 videtur
1115 947 1257 1002 mihi
1304 945 1458 1018 quod
1511 961 1571 999 se
1616 943 1790 999 homo
1825 941 2008 996 solvat

355 1045 532 1102 etiam
565 1061 600 1098 a
627 1039 846 1114 peccati
868 1036 1118 1104 vinculo,
1137 1035 1185 1091 si
1218 1029 1431 1090 indicet
1459 1033 1675 1087 talibus
1699 1032 1798 1104 qui
1820 1031 2007 1102 magis

355 1134 604 1207 possunt
622 1129 899 1203 prodesse
931 1142 1107 1198 quam
1139 1125 1343 1179 obesse
1367 1123 1620 1195 perjuro,
1645 1121 1761 1177 sive
1793 1121 1864 1176 ad
1888 1137 2008 1175 cor-

354 1221 684 1294 rigendum,
719 1217 838 1273 sive
867 1216 938 1270 ad
972 1215 1155 1270 Deum
1192 1231 1294 1286 pro
1325 1211 1422 1268 ille
1477 1211 1850 1284 placandum,
1885 1209 2005 1265 sive

351 1311 478 1384 ipse
508 1305 858 1365 confessioni
891 1303 1163 1358 adhibeat
1188 1301 1539 1356 medicinam
1562 1305 1617 1355 et
1647 1304 1855 1355 caetera
1875 1315 2002 1369 quae

355 1400 436 1456 ibi
496 1394 952 1470 prosequitur.»
1011 1391 1174 1458 Quod
1238 1395 1434 1446 autem
1483 1391 1555 1444 de
1598 1405 1714 1443 uno
1768 1392 2004 1459 peccato

353 1489 630 1551 diximus,
663 1486 733 1540 de
789 1482 920 1538 aliis
976 1482 1152 1536 etiam
1203 1481 1355 1537 573
1413 1479 1585 1534 debet
1640 1476 1905 1549 intelligi.
1937 1479 2006 1532 Et

353 1577 625 1636 Salomon
683 1573 828 1629 dicit
861 1588 874 1628 :
909 1573 1024 1644 ()ui
1064 1571 1310 1626 ambulat
1366 1569 1768 1640 framlulcnter,
1801 1569 2003 1622 revelat

351 1683 598 1733 arcana;
628 1666 725 1736 qui
753 1671 935 1718 autem
963 1661 1140 1732 ﬁdelis
1169 1668 1264 1724 est,
1285 1660 1465 1713 animi
1492 1659 1629 1712 celat
1658 1658 2003 1712 commissum

351 1756 531 1827 (Prov.
565 1769 640 1820 xx,
678 1752 786 1819 13).
819 1751 890 1805 Et
936 1751 1176 1804 sanctus
1235 1745 1550 1818 Gregorius
1607 1745 1666 1799 in
1721 1743 1999 1799 Pastorali

351 1839 554 1913 regula
599 1838 766 1910 (part.
801 1854 861 1903 ιι,
913 1852 1033 1906 cap.
1087 1833 1142 1905 5)
1187 1833 1376 1888 dicit:
1415 1857 1436 1882 α
1473 1832 1663 1898 Tales,
1710 1831 2002 1904 inquiens,

350 1947 477 1986 sese
507 1928 607 2000 qui
639 1922 1483 2000 praesuntexhibeant,quibus
1507 1920 1755 1992 subjecti
1779 1919 2007 1975 occulta

351 2034 584 2092 quoque
614 2033 723 2072 sua
753 2015 995 2086 prodere
1018 2029 1130 2066 non
1163 2011 1540 2079 erubescant;
1575 2016 1640 2066 ut
1659 2027 1793 2066 cum
1826 2013 2006 2066 tenta-

347 2107 576 2164 tionum
595 2107 807 2162 ﬂuctus
825 2101 1048 2176 parvuli
1073 2101 1341 2168 tolerant,
1357 2101 1425 2156 ad
1452 2100 1704 2173 pastoris
1724 2104 2002 2165 mentem,

350 2197 517 2270 quasi
551 2196 623 2252 ad
657 2193 864 2249 matris
895 2192 1114 2259 sinum,
1141 2194 1472 2256 recurrant;
1502 2193 1558 2244 et
1588 2189 1696 2244 hoc
1736 2189 1891 2261 quod
1941 2205 2004 2242 se

349 2284 648 2360 inquinari
708 2281 999 2356 pulsantis
1075 2280 1258 2352 culpae
1325 2279 1600 2335 sordibus
1667 2278 2001 2351 prmvident,

349 2372 768 2432 exhortationis
797 2371 926 2442 ejus
957 2368 1164 2426 solatio
1197 2386 1263 2424 ac
1296 2368 1569 2441 lacrymis
1607 2366 1888 2422 orationis
1921 2365 2002 2421 la-

347 2467 550 2520 vent.»
575 2463 644 2518 Et
673 2464 878 2516 notum
911 2460 982 2514 de
1011 2459 1202 2531 seipse
1234 2457 1552 2530 unicuique
1583 2459 1831 2522 constat,
1865 2455 2005 2528 quia

350 2569 522 2610 nemo
547 2554 637 2606 est
669 2549 768 2622 qui
802 2547 1036 2620 praelate
1067 2564 1173 2602 suo
1206 2551 1445 2618 peccata
1475 2563 1584 2602 sua
1614 2545 1856 2618 prodcre
1888 2561 2002 2599 non

348 2640 679 2704 erubescat,
717 2636 767 2700 si
797 2653 860 2692 se
890 2633 1174 2691 denudari
1217 2633 1306 2689 vel
1354 2633 1640 2706 publicari
1691 2631 1999 2704 putaverit.

347 2730 420 2786 Et
449 2729 510 2784 in
543 2724 984 2800 Carthaginensi
1013 2721 1256 2780 concilio
1279 2721 2000 2796 przecipitur(conc.Carth.

349 2836 427 2886 Iv,
457 2835 582 2874 can.
613 2815 704 2888 23)
730 2831 744 2870 :
768 2836 796 2864 «
830 2812 904 2870 Ut
932 2812 1242 2886 episcopus
1273 2810 1494 2867 nullius
1516 2827 1755 2867 causam
1780 2809 2000 2878 audiat,

349 2908 420 2964 de
476 2923 595 2980 qua
631 2905 685 2961 ei
739 2919 976 2960 necesse
1025 2901 1137 2958 erit
1187 2901 1418 2974 publice
1459 2901 1748 2973 judicare,
1783 2900 2004 2972 absque

349 2993 659 3070 praesentia
687 2992 1030 3050 clericorum
1061 3007 1340 3060 suorum;
1373 2989 1635 3062 alioquin
1686 2988 1850 3044 irrita
1895 2986 2006 3042 erit

348 3083 638 3142 sententia
675 3079 954 3154 episcopi,
989 3079 1104 3136 nisi
1147 3078 1459 3152 praesentia
1489 3076 1833 3134 clericorum
1867 3091 2000 3137 suo-

2121 501 2310 554 netur.

2189 588 2325 643 Car.
2364 588 2405 644 Ι.
2444 611 2472 638 ‹‹
2505 588 2821 662 Postquam
2880 591 3128 647 domnus
3184 598 3361 650 noster
3397 597 3670 670 Letharius,

2119 677 2532 734 serenissimus
2554 695 2620 733 ac
2650 679 3106 752 gloriosissimus
3129 684 3548 758 rex,Tetbergam
3565 705 3672 745 cum

2118 781 2406 821 consensu
2420 771 2475 822 et
2486 767 2782 824 voluntate
2796 768 3054 824 fidelium
3069 787 3294 848 suorum
3313 773 3380 828 ad
3393 776 3671 850 conjugium

2118 871 2276 910 more
2309 855 2489 928 regali
2522 855 2633 912 sibi
2659 857 2920 926 sociavit,
2957 863 3013 913 et
3039 858 3434 916 discordiarum
3477 865 3675 934 querela:

2117 942 2268 998 inter
2297 960 2395 999 eos
2421 949 2720 1016 cmperunt
2748 945 2977 1012 exoriri,
3012 946 3226 1002 dictum
3255 953 3336 1004 est
3360 950 3525 1006 eidem
3552 954 3677 1024 prin-

2115 1031 2230 1104 cipi
2275 1049 2309 1087 a
2359 1033 2714 1104 quibusdam
2763 1035 3054 1106 quomodo
3112 1043 3412 1092 memorata
3449 1039 3681 1113 Tetberga

2115 1121 2307 1176 scelus
2336 1123 2630 1193 quoddam
2659 1123 2936 1180 horribile
2957 1141 3022 1180 ac
3041 1125 3197 1180 nefas
3217 1129 3483 1197 patratum
3510 1129 3679 1186 vulnus

2113 1209 2409 1265 occultum
2433 1212 2490 1266 in
2523 1213 2719 1268 animo
2751 1211 2869 1268 sive
2900 1213 2958 1268 in
2991 1230 3222 1286 corpore
3251 1213 3483 1282 haberet,
3509 1215 3560 1270 in
3591 1235 3678 1289 quo

2114 1297 2298 1352 Deum
2320 1300 2570 1371 graviter
2599 1301 2888 1358 olfcnsum
2917 1301 3174 1367 haberet,
3195 1319 3294 1373 pro
3314 1320 3418 1374 quo
3446 1303 3592 1358 etiam
3611 1305 3675 1360 illi

2115 1403 2230 1441 non
2260 1392 2410 1443 esset
2441 1388 2638 1461 digna,
2667 1406 2854 1462 neque
2882 1389 3080 1446 liceret
3111 1388 3194 1445 vel
3225 1407 3350 1446 eum
3393 1392 3590 1448 deceret
3627 1393 3682 1448 ad

2112 1474 2454 1548 cenjugium
2489 1494 2615 1532 eam
2643 1477 2900 1549 amplius
2931 1478 3163 1534 habere.

2183 1567 2316 1620 CAP.
2353 1566 2423 1620 ll.
2461 1567 2600 1621 «Ex
2647 1567 2922 1639 opinione
2971 1585 3102 1624 vero
3152 1569 3455 1640 prazmissa,
3483 1586 3590 1641 qua:
3631 1571 3685 1626 de

2111 1653 2212 1710 illa
2242 1671 2346 1726 per
2373 1671 2473 1710 ora
2504 1657 2895 1728 quorumdam
2925 1657 3216 1724 volitabat,
3250 1659 3501 1730 prmfatus
3525 1675 3604 1713 rex
3642 1659 3685 1713 in

2114 1747 2428 1816 conspectu
2486 1743 2745 1802 ﬁdelium
2803 1763 3047 1802 suorum
3098 1751 3310 1802 secrete
3337 1763 3400 1802 ac
3438 1747 3687 1802 manifeste

2116 1830 2269 1888 574
2301 1833 2633 1904 frequenter
2660 1833 2986 1890 collocutus
3004 1835 3206 1904 fuit,_et
3234 1851 3362 1891 cum
3381 1834 3458 1890 eis
3485 1834 3686 1892 rationes

2115 1919 2502 1986 habuit,unde
2511 1921 2806 1992 judicium
2827 1927 3028 1996 postea
3046 1941 3148 1996 per
3166 1923 3414 1996 ipsorum
3435 1923 3686 1978 consilium

2113 2009 2337 2065 exstitit
2369 2010 2726 2079 factum,sed
2761 2029 2876 2067 non
2907 2011 3105 2068 divina
3133 2012 3314 2084 pietas
3342 2011 3612 2085 indulgens
3629 2011 3694 2067 rei

2111 2097 2415 2154 veritatem
2446 2100 2820 2156 manifestare
2840 2099 3041 2170 voluit,
3077 2102 3174 2158 sed
3207 2117 3334 2156 cum
3382 2101 3690 2173 postmodum

2113 2186 2186 2241 ad
2217 2185 2454 2243 fratrem
2489 2205 2664 2244 suum
2698 2187 3055 2245 Ludovicum
3089 2190 3479 2262 imperatorem
3523 2189 3574 2244 in
3605 2188 3692 2244 Ita-

2112 2273 2252 2330 liam
2283 2276 2632 2346 devenisset,
2666 2276 2804 2332 illuc
2837 2277 3098 2351 apertius
3128 2282 3412 2352 patratum
3441 2276 3603 2334 scelus
3625 2281 3693 2332 est

2113 2361 2197 2418 illi
2230 2364 2694 2421 manifestatum.

2183 2452 2314 2508 CAP.
2351 2454 2446 2509 lII.
2485 2455 2778 2512 «Proinde
2798 2473 2868 2512 ne
2890 2456 3150 2528 suspicio
3184 2457 3294 2512 ista
3319 2459 3373 2512 et
3392 2453 3691 2527 nequissima

2113 2541 2270 2597 fama
2299 2543 2370 2598 de
2395 2560 2571 2599 uxore
2589 2543 2748 2616 regia
2769 2544 2992 2602 diutius
3017 2544 3406 2602 inexaminata
3422 2547 3512 2600 aut
3529 2541 3696 2614 impro-

2112 2631 2248 2686 bata
2271 2636 2853 2703 maneret,quatenus
2873 2633 3029 2691 idem
3055 2634 3328 2690 dominus
3347 2629 3696 2689 nestercextior

2112 2720 2485 2792 securiorque
2544 2721 2783 2777 effectus
2835 2723 2907 2778 de
2943 2723 3054 2779 hac
3103 2739 3298 2791 causa,
3332 2737 3457 2779 cum
3501 2736 3607 2793 quae
3631 2715 3693 2772 illi

2112 2809 2338 2882 agenda
2365 2813 2534 2865 erant
2564 2819 2724 2866 more
2769 2810 2949 2884 regali
2996 2810 3245 2868 liberius
3288 2811 3694 2883 exsequerentur,

2112 2902 2507 2954 convenerunt
2519 2899 2693 2970 jussu
2716 2899 2980 2971 ejusdem
3005 2899 3310 2974 principis,
3325 2915 3466 2956 anno
3483 2895 3698 2953 videlicet

2113 2987 2535 3044 Incarnationis
2567 2987 2882 3045 Dominicc'e
2913 2991 3020 3046 860
3048 2993 3108 3047 et
3157 2989 3318 3064 regni
3364 2989 3482 3061 ejus
3509 3003 3556 3055 v,
3581 2981 3698 3039 indi-

2113 3075 2302 3133 ctione
2330 3094 2452 3132 vm.
2485 3094 2521 3132 v
2553 3077 2688 3133 Idus
2717 3076 3004 3147 Januarii,
3027 3079 3216 3152 Aquis
3245 3077 3468 3152 palatio,
3490 3071 3698 3131 Guntha-

349 3190 481 3230 rum
513 3152 908 3228 confirmetur.
938 3191 967 3218 »
1000 3169 1070 3223 Et
1101 3167 1388 3222 Dominus
1434 3165 1493 3220 in
1545 3164 1854 3236 Evangelia
1901 3163 1999 3218 de-
2031 3152 2074 3219 C
2114 3164 2238 3222 rius
2254 3182 2507 3222 sumnus
2523 3165 2860 3238 capellanus
2882 3167 3368 3242 etheotgaudus
3383 3161 3704 3235 archiepisco-

349 3259 738 3332 linquentem,
795 3254 1058 3310 adhibito
1116 3271 1233 3308 uno
1289 3252 1378 3308 vel
1445 3252 1675 3307 duobus
1742 3251 2004 3324 praecipit

348 3343 707 3403 commoneri
738 3342 949 3412 (Matth.
980 3344 1162 3410 xvm),
1189 3358 1260 3395 ne
1291 3340 1526 3411 quando
1555 3340 1628 3394 ad
1680 3337 2001 3395 Ecclesiam

349 3433 526 3490 fuerit
567 3431 970 3498 deferendum,
1006 3428 1104 3501 qui
1153 3432 1480 3496 monuerat,
1517 3445 1630 3483 non
1691 3432 1999 3497 corrector,

350 3523 476 3588 sed,
500 3519 907 3577 deficientibus
939 3517 1210 3585 testibus,
1237 3517 1540 3590 judicetur
1567 3517 1760 3590 potius
1805 3516 2000 3573 crimi-

350 3617 541 3669 nator.

422 3701 618 3757 Tertia
648 3715 827 3756 causa
849 3697 1095 3768 estquia
1111 3697 1180 3751 de
1211 3696 1569 3752 absconditis
1593 3695 1861 3768 judicare
1887 3713 1999 3750 non

349 3805 689 3864 possumus,
725 3803 830 3841 nec
855 3785 1161 3852 debemus,
1195 3802 1320 3856 qua:
1363 3802 1468 3839 nos
1511 3784 1714 3852 latent,
1751 3784 1904 3839 sicut
1947 3787 2004 3838 ct

348 3879 472 3934 hazc
501 3893 696 3942 causa,
731 3893 857 3947 qua:
889 3873 1076 3929 latens
1105 3874 1163 3928 in
1206 3879 1341 3928 ante
1373 3875 1488 3929 fate
1519 3873 1714 3929 libello
1745 3890 2000 3945 pronun-

348 3965 547 4036 tiatur,
563 3969 620 4020 et
648 3962 856 4019 nesciri
883 3980 917 4018 a
947 3961 1116 4018 nobis
1143 3967 1420 4035 perpetuo
1443 3963 1695 4034 cupitur,
1712 3961 1759 4017 si
1783 3965 2002 4016 secrete

349 4053 592 4110 consilio
621 4051 816 4110 sanari
851 4051 1145 4123 nequitur.
1172 4051 1241 4106 Et
1270 4051 1548 4123 quoniam
1579 4051 1652 4107 de
1681 4049 2001 4105 latentibus

339 4142 610 4217 judicare
639 4158 754 4196 non
779 4157 1120 4213 possumus,
1141 4140 1346 4195 beatus
1369 4137 1743 4195 Innocentius
1763 4139 1836 4194 ad
1859 4139 2002 4194 Exu-

347 4233 576 4308 perium
622 4229 980 4286 Tolosanum
1037 4228 1244 4284 scribit
1299 4227 1639 4301 episcepum
1687 4229 1864 4300 (epist.
1911 4227 1998 4293 11,

345 4340 466 4396 cap.
498 4320 572 4395 4),
606 4318 1000 4392 requirentem
1033 4334 1138 4373 cur
1185 4318 1688 4374 communicantes
1727 4316 1830 4371 viri
1864 4333 2000 4372 cum

347 4409 631 4468 adulteris
663 4407 946 4462 uxoribus
968 4423 1080 4461 non
1102 4405 1468 4474 conveniant,
1489 4423 1622 4460 cum
1645 4409 1848 4461 contra
1869 4421 2003 4459 uxo-

2112 3254 2192 3326 pi,
2224 3254 2542 3310 Adventius
2573 3259 2632 3310 et
2661 3255 2880 3311 France
2911 3255 3194 3330 episcopi,
3227 3255 3408 3332 Hegil,
3438 3257 3492 3309 et
3517 3248 3702 3308 Odelin-

2111 3359 2224 3416 gus
2253 3343 2512 3411 abbates,
2548 3342 2666 3400 sive
2709 3342 2808 3400 alii
2855 3343 3058 3402 ﬁdeles
3107 3346 3259 3418 ejus.
3307 3342 3516 3410 Quibus
3547 3334 3706 3395 omnia

2113 3433 2385 3504 superius
2432 3431 2652 3487 inserta
2692 3433 2966 3498 referens,
2991 3434 3262 3504 jubende
3311 3430 3526 3488 monuit
3565 3440 3702 3499 pries-

2113 3521 2331 3594 criptos
2363 3519 2666 3592 episcopos
2712 3525 2887 3594 atque
2915 3521 3453 3595 abbates,dirigens
3481 3516 3546 3574 ad
3579 3512 3704 3569 illam

2113 3613 2178 3664 ut
2209 3609 2278 3664 de
2310 3609 2588 3682 praedicta
2619 3610 2775 3664 fama
2805 3610 2960 3682 apud
2992 3627 3127 3667 eam
3156 3626 3389 3667 omnem
3421 3606 3496 3664 rei
3538 3601 3704 3659 verita-

2112 3703 2232 3754 tem
2263 3697 2870 3770 perquirerent,sicuti
2899 3703 2958 3754 et
2988 3701 3275 3758 fecerunt.
3296 3700 3439 3755 Nam
3466 3696 3578 3768 ipsa
3599 3705 3710 3746 con-

2114 3788 2267 3842 fessa
2310 3791 2399 3842 est
2445 3787 2548 3854 eis,
2581 3805 2775 3843 coram
2825 3787 2941 3843 Deo
2996 3793 3054 3844 et
3107 3788 3334 3862 angelis
3387 3787 3524 3857 ejus,
3553 3774 3710 3836 omnia

2113 3894 2358 3948 quaeque
2390 3877 2446 3930 in
2477 3876 2577 3932 illa
2595 3882 3084 3949 erant,omneque
3118 3875 3712 3946 secretumjuxtaexor-

2110 3968 2230 4020 tam
2270 3966 2486 4021 famam
2517 3966 2753 4038 penitus
2781 3965 3054 4038 apparuit
3101 3966 3246 4034 illis,
3277 3965 3500 4038 ipsique
3543 3951 3710 4014 reversi

2113 4053 2531 4110 nuntiaverunt
2559 4052 2833 4126 praedicto
2866 4053 2987 4127 regi
3037 4055 3197 4126 quod
3236 4055 3310 4111 ad
3367 4063 3582 4107 uxorem
3624 4056 3712 4098 non

2111 4140 2312 4197 liceret
2341 4140 2424 4196 illi
2453 4157 2583 4197 eam
2613 4141 2849 4198 habere.

2182 4234 2314 4286 CAP.
2349 4229 2440 4285 IV.
2473 4252 2501 4279 «
2539 4228 2768 4286 Primus
2820 4230 3186 4288 Guntharius
3235 4229 3383 4287 dixit
3431 4245 3444 4283 :
3485 4221 3715 4283 Confessa

2111 4324 2200 4376 est
2221 4319 2336 4375 Dee
2357 4322 2414 4374 et
2443 4318 2611 4374 nobis
2633 4319 2790 4391 quod
2811 4318 3026 4376 vulnus
3055 4319 3118 4376 in
3151 4337 3216 4377 se
3232 4319 3472 4375 haberet
3490 4309 3714 4372 interius,

2113 4426 2228 4464 non
2257 4412 2452 4463 tamen
2485 4424 2594 4463 sua
2622 4412 2849 4480 sponte,
2876 4409 2977 4464 sed
3023 4409 3311 4466 violenter
3359 4404 3467 4463 sibi
3510 4401 3716 4459 illatum,

349 4517 442 4554 res
473 4499 531 4552 in
559 4495 852 4552 consortio
894 4494 1294 4550 adulterorum
1341 4494 1598 4551 virorum
1640 4511 1873 4549 manere
1918 4493 1998 4548 vi-
2031 4523 2078 4588 D
2112 4515 2214 4569 pro
2237 4513 2351 4570 quo
2383 4495 2690 4569 indignum
2713 4514 2775 4553 se
2795 4513 2924 4552 esse
2943 4494 3491 4570 omninojudicavit
3509 4491 3572 4548 ad

347 4589 618 4652 deantur,
650 4600 785 4639 cum
817 4601 994 4655 super
1023 4583 1130 4638 hoc
1161 4583 1492 4639 Christiana
1524 4582 1726 4656 religio
1774 4582 1998 4638 adulte-

349 4675 504 4731 rium
535 4674 594 4728 in
631 4675 794 4744 utroq
807 4689 875 4727 ue
897 4690 1035 4728 sexu
1061 4673 1184 4744 pari
1211 4671 1432 4728 ratione
1449 4674 1816 4728 condemnet.
1833 4671 2003 4744 {Quia

346 4763 500 4818 viros
531 4778 691 4832 suos,
723 4760 1017 4832 inquiens,
1044 4760 1318 4817 mulieres
1338 4779 1451 4817 non
1485 4761 1649 4818 facile
1681 4763 1752 4816 de
1782 4759 2003 4815 adulte-

349 4851 435 4907 rio
467 4853 766 4915 accusant,
797 4853 855 4904 et
883 4867 999 4905 non
1046 4849 1266 4906 habent
1316 4849 1556 4906 latentia
1602 4855 1839 4922 peccata
1875 4849 2000 4904 vin-

348 4939 590 4997 dictam.
621 4937 742 4992 Viri
774 4943 971 4994 autem
1003 4937 1245 4994 liberius
1279 4956 1486 4995 uxores
1517 4939 1812 4994 adulteras
1843 4939 1998 5011 apud

349 5028 680 5086 sacerdotes
711 5027 936 5083 deferre
966 5032 1419 5096 consueverunt;
1455 5031 1514 5082 et
1561 5027 1688 5083 ideo
1740 5027 1999 5082 mulieri-

348 5119 480 5186 bus,
512 5116 738 5189 prodito
761 5133 964 5171 earum
995 5115 1612 5182 crimine,cemmunio
1636 5117 1959 5189 denegatur
1983 5134 1995 5172 :

346 5207 609 5262 vicorum
641 5210 837 5262 autem
870 5205 1083 5261 latente
1125 5205 1462 5272 commisso,
1500 5223 1613 5261 non
1646 5205 1814 5262 facile
1840 5207 2000 5278 quis-

349 5311 531 5367 quam
563 5311 633 5350 ex
662 5294 1098 5366 suspicionibus
1130 5293 1480 5361 abstinetur,
1504 5293 1606 5366 qui
1631 5294 1832 5367 utique
1863 5296 2000 5351 sub—

350 5383 697 5450 movebitur,
731 5383 778 5438 si
811 5383 940 5453 ejus
991 5382 1275 5454 ﬂagitium
1326 5383 1646 5456 detegatur.
1683 5385 1826 5439 Cum
1866 5401 2002 5457 ergo

351 5488 459 5543 par
484 5487 664 5528 causa
693 5471 789 5539 sit,
821 5471 1114 5527 interdum
1168 5471 1510 5542 probatione
1558 5477 1845 5540 cessante,
1877 5473 2000 5529 vin-

354 5558 521 5616 dicta:
553 5559 699 5616 ratio
727 5559 1132 5633 conquiescit.)

2106 4586 2220 4642 lem
2254 4587 2374 4642 sive
2395 4585 2724 4642 maritalem
2756 4590 2945 4642 torum
2963 4587 3091 4658 jam
3117 4587 3370 4644 ulterius
3397 4582 3659 4641 accedam,
3676 4575 3720 4626 cl

2111 4675 2444 4730 nullatenus
2472 4680 2668 4748 posset
2699 4694 2802 4747 pro
2834 4677 3108 4747 prmdicte
3140 4675 3384 4741 scelere,
3417 4670 3564 4745 quod
3590 4670 3722 4733 turpe

2108 4768 2198 4820 est
2228 4763 2436 4834 dicere,
2472 4764 2812 4838 coniugium
2862 4765 3145 4820 famulare
3199 4782 3336 4820 cum
3387 4779 3472 4828 eo,
3501 4755 3580 4813 vel
3617 4763 3722 4846 cth

2109 4853 2368 4925 quolibet
2397 4835 2678 4926 ampliusv
2695 4853 2910 4908 habere
2941 4869 2956 4908 :
2989 4857 3046 4908 et
3075 4852 3208 4908 ideo
3241 4853 3545 4924 deprecata
3569 4845 3647 4900 est
3665 4835 3738 4898 ὶὶο.

2109 4941 2360 4998 centiam
2385 4941 2498 4998 sibi
2527 4942 2654 4998 dari
2687 4940 2956 4997 mutandi
2988 4940 3338 4997 saecularem
3369 4929 3729 4996 habitum,ela

2107 5029 2258 5086 virili
2287 5029 2694 5086 commistione
2739 5028 3098 5096 discedendi,
3133 5028 3305 5085 nulla
3357 5015 3728 5082 interveniente

2109 5119 2311 5174 fraude
2345 5117 2778 5184 iracundiaz,vel
2811 5117 2986 5172 etiam
3019 5117 3346 5184 voluntate,
3370 5130 3544 5188 quam
3563 5109 3728 5166 contra

2110 5207 2382 5263 eumdem
2416 5224 2610 5280 regem
2635 5206 2894 5274 haberet,
2912 5207 3013 5261 sed
3042 5204 3250 5273 ut,illa
3269 5194 3728 5280 discedente,ip§8

2112 5295 2312 5352 animo
2333 5299 2391 5350 et
2409 5278 2647 5367 corpore
2669 5293 2974 5362 solaretur,
2991 5300 3048 5350 et
3067 5293 3198 5366 ipsa
3221 5294 3380 5366 quod
3411 5291 3602 5361 inique
3619 5278 3729 5353 egit.

2111 5401 2214 5456 per
2242 5383 2343 5438 Dei
2376 5381 2858 5449 misericordiam,
2891 5388 2948 5437 et
2977 5382 3326 5438 eorumdem
3360 5379 3731 5452 episcoporum

2111 5472 2420 5538 orationes,
2457 5471 2670 5527 deflere
2702 5471 3010 5543 potuisset.

2181 5562 2311 5618 Cm.
2343 5559 2410 5614 V.
2449 5581 2475 5611 α
2505 5559 2825 5617 Adventius
2887 5561 3030 5616 dixit
3063 5578 3075 5616 :
3111 5560 3230 5616 Hoc
3293 5575 3389 5614 me
3441 5553 3655 5611 facinus
3693 5545 3739 5598 et
