3896 6182
207 305 330 371 637

1142 310 1244 372 DE
1287 309 1658 374 DIVORTIO
1701 310 2076 374 LOTHARII
2120 313 2224 375 ET
2263 315 2705 380 TETBERGxE

3502 326 3624 392 638

207 439 432 496 factum
464 438 751 496 hactenus
797 439 992 510 latuit,
1017 445 1076 499 et
1104 443 1270 499 nefas
1299 447 1389 500 est
1415 442 1560 499 illud
1593 447 1658 500 ut
1701 443 1863 500 dein-
1893 444 1950 511 Α
1983 445 2424 505 fornicationem
2447 451 2704 508 exercuit
2734 457 2792 508 et
2809 456 3175 527 perpetravit.
3195 458 3312 516 Hoc
3344 459 3624 519 testiﬁcor

208 545 346 601 ceps
367 545 532 586 more
561 529 742 586 maris
772 533 831 585 et
861 531 1090 586 femina
1113 531 1289 588 simul
1314 532 1692 588 conveniatis.
1717 534 1788 588 Et
1815 533 1865 588 si

205 621 432 684 tamen,
450 621 514 672 ut
537 617 703 690 prius
733 618 865 687 fuit,
881 619 1047 675 vobis
1077 625 1233 675 esset
1262 620 1534 676 amabilis
1556 625 1614 677 et
1633 620 1863 688 dilecta,

207 707 408 763 darem
441 705 608 762 vobis
630 705 943 763 consilium
961 709 1286 764 secundum
1305 708 1696 764 ministerium
1718 709 1866 764 mihi

207 794 619 858 commissum,
651 799 710 850 ct
739 795 1046 868 probarem
1077 796 1316 853 omnino
1339 814 1410 853 ne
1431 797 1678 854 ulterius
1698 797 1864 855 lateri

205 888 396 942 vestro
429 884 756 941 sociaretur
785 884 959 940 sicuti
1001 887 1235 956 conjux,
1269 887 1368 942 sed
1413 886 1585 958 juxta
1629 887 1866 958 petitio-

205 989 336 1030 nem
369 974 511 1046 ejus
539 973 732 1030 velum
765 974 1030 1046 accipere
1058 980 1116 1030 et
1162 975 1430 1030 habitum
1480 980 1708 1032 mutare
1756 977 1866 1032 hoc

204 1062 644 1134 permitteretis.

269 1149 409 1205 CAP.
447 1149 546 1206 VI.
583 1171 610 1199 ‹‹
643 1150 925 1206 Similiter
970 1152 1346 1225 'l‘eotgaudus
1389 1139 1864 1226 archiepiscOpus

204 1239 344 1294 dixit
371 1243 564 1311 atque
594 1241 911 1296 consensit.

266 1328 408 1383 CAP.
444 1327 570 1383 Vll.
608 1351 636 1379 «ε
666 1327 795 1402 Egil
825 1329 999 1394 abba,
1012 1329 1136 1386 vice
1161 1331 1428 1401 ejusdem
1451 1332 1866 1406 Tetbergae,ita

203 1415 545 1472 faciendum
579 1416 767 1472 suasit
794 1421 853 1473 et
883 1418 1050 1490 petiit
1080 1424 1166 1485 ut,
1190 1419 1330 1492 quia
1350 1437 1464 1476 non
1497 1437 1606 1476 sua
1635 1424 1861 1492 sponte,

202 1507 296 1562 sed
323 1505 378 1561 vi
414 1521 705 1578 oppressa
751 1523 872 1562 rem
923 1507 1239 1563 nefandam
1280 1512 1727 1582 perpetraverat,
1759 1509 1863 1564 tri-

201 1594 487 1651 bueretur
513 1594 564 1650 ei
596 1593 848 1651 facultas
873 1594 1126 1664 velandi,
1151 1601 1210 1652 et
1231 1595 1396 1653 locus
1427 1614 1542 1669 quo
1569 1600 1862 1670 patratum

198 1682 410 1740 vulnus
473 1687 760 1740 sanaret:
810 1685 965 1756 quod
1025 1702 1159 1741 vero
1209 1685 1572 1758 simpliciter.
1601 1691 1660 1742 et
1701 1686 1862 1742 nullo

201 1773 584 1830 incumbente
613 1772 842 1840 timore,
875 1779 978 1830 aut
1011 1773 1276 1846 qualibet
1309 1775 1612 1832 occasione
1642 1775 1730 1830 vel
1760 1793 1860 1831 vo-

199 1860 448 1931 luntate,
474 1861 578 1917 sed
611 1878 714 1934 pro
741 1863 838 1918 Dei
871 1879 1068 1918 amore
1097 1867 1154 1918 et
1183 1863 1393 1919 animae
1425 1881 1543 1920 sure
1575 1863 1864 1920 solutione

201 1951 456 2024 petebat.
493 1972 522 2002 »

266 2041 346 2097 De
367 2040 490 2096 hoc
521 2039 718 2096 libello
748 2041 1158 2098 rationabilius
1189 2045 1381 2097 tacere
1409 2059 1586 2114 quam
1619 2060 1860 2114 respon-

200 2131 328 2186 dere
354 2129 716 2202 delegimus,
735 2129 1011 2202 quoniam
1036 2129 1209 2186 sicuti
1232 2129 1533 2211 praemisso
1559 2130 1864 2187 irrationa-

201 2217 421 2276 bilitate
451 2236 529 2274 ex
559 2218 766 2291 majori
785 2223 951 2292 parte
979 2219 1230 2276 habetur
1253 2220 1402 2276 575
1426 2219 1862 2288 consimilis,ita

201 2307 426 2364 veritati
457 2311 520 2363 et
551 2307 759 2364 rationi
791 2309 934 2364 adeo
965 2307 1216 2363 habetur
1245 2307 1654 2372 dissimilis,ut
1703 2304 1858 2364 credi

203 2413 312 2452 non
341 2397 563 2454 debeat
593 2413 627 2452 a
655 2397 910 2468 praefatis
942 2397 1242 2453 confectus
1271 2396 1580 2470 episcopis.

267 2486 376 2542 Sed
411 2490 475 2542 et
508 2485 568 2540 in
601 2487 855 2558 quodam
885 2491 1069 2554 tomo,
1083 2503 1258 2558 quem
1273 2503 1345 2541 ex
1377 2485 1602 2560 integro
1626 2492 1861 2560 propter

203 2573 286 2630 sui
309 2573 707 2646 prolixitatem
725 2573 820 2630 hic
841 2575 1095 2631 scribere
1121 2574 1531 2642 devitavimus,
1553 2577 1724 2648 cujus
1755 2576 1860 2631 ini-

200 2663 341 2718 tium
374 2668 474 2720 est
508 2679 522 2718 :
553 2685 574 2712 α
595 2665 759 2720 Anno
788 2663 860 2719 ab
893 2663 1295 2720 lncarnatione
1317 2662 1544 2720 Domini
1567 2666 1693 2734 860,
1711 2665 1857 2720 indi-

201 2751 384 2808 ctione
395 2752 833 2824 vm,mediante
849 2751 1162 2809 Februario
1179 2754 1857 2819 mense,decernentibus

201 2839 472 2914 gloriosis
505 2841 742 2914 regibus
767 2841 1078 2910 Ludovico,
1111 2841 1314 2898 Carolo
1363 2847 1536 2914 atque
1584 2843 1856 2900 Lothario

195 2929 446 3001 juniore,
484 2930 546 2986 in
573 2929 827 3004 generali
858 2934 1145 2987 conventu
1175 2931 1528 3003 Optimatum
1568 2949 1636 2987 ex
1677 2947 1857 3004 regno

201 3017 331 3074 ulmi
386 3019 677 3090 Lotharii,
713 3025 910 3076 actum
968 3024 1026 3076 et
1075 3019 1390 3076 concilium
1447 3019 1854 3093 episcoporum

199 3109 554 3183 Aquisgrani
577 3109 814 3183 palatio,
831 3108 1136 3165 Guntharii
1160 3109 1625 3182 Agrippinensis,
1649 3110 1857 3167 Theot-

1977 539 2124 592 teste
2145 537 2290 593 mihi
2312 538 2670 597 conscientia
2691 557 2961 610 mea,non
2976 544 3171 617 aliqua
3188 547 3468 606 malevola
3483 568 3620 624 sug-

1974 626 2237 697 gestione
2267 644 2569 698 persuasa,
2605 635 2794 702 nequ’e
2823 631 3060 688 violenti
3091 635 3435 694 necessitate
3459 656 3622 696 com-

1975 714 2274 788 pulsa,sed
2297 715 2548 789 simplici
2569 717 2866 775 voluntate
2887 719 2967 775 rei
2996 721 3303 785 veritatem
3336 723 3508 782 sicuti
3535 732 3625 784 est

1974 803 2358 874 professa.Sic
2373 821 2466 860 me
2483 807 2718 877 adjuvet
2730 807 3140 881 Dominus,qui
3163 815 3496 882 peccatores
3517 814 3625 870 sal-

1973 907 2108 947 vare
2126 892 2304 959 venit,
2323 897 2380 949 et
2400 898 2637 966 peccata
2669 895 3016 967 simpliciter
3042 913 3108 952 ac
3144 898 3426 956 veraciter
3453 902 3628 958 conﬁ-

1973 979 2238 1036 tentibus
2248 997 2444 1037 veram
2461 981 2884 1055 indulgentiam
2897 984 3187 1056 promisit,
3207 986 3255 1042 si
3280 987 3426 1043 nihil
3443 989 3620 1062 ﬁngo,

1975 1067 2026 1124 si
2054 1086 2190 1125 vera
2213 1069 2446 1142 propria
2476 1087 2614 1126 voce
2651 1073 3057 1143 pronuntio,et
3075 1073 3400 1132 litterarum
3434 1076 3622 1134 chiro-

1973 1156 2197 1230 grapho
2228 1174 2350 1213 rem
2379 1163 2603 1231 gestam
2628 1161 2945 1228 conﬁrmo;
2971 1161 3111 1234 quia
3140 1162 3504 1221 tolerabilius
3534 1170 3624 1222 est

1975 1245 2119 1301 mihi
2149 1246 2508 1320 imprudenti
2531 1265 2596 1302 ac
2618 1249 2869 1321 decepta:
2893 1250 3354 1318 feminze,coram
3379 1255 3626 1312 homini-

1974 1336 2086 1390 bus
2099 1335 2333 1408 culpam
2355 1337 2700 1409 simpliciter
2719 1339 3188 1411 conﬁteri,quam
3212 1345 3346 1397 ante
3367 1343 3622 1400 tribunal

1973 1425 2204 1480 Domini
2235 1427 2577 1483 erubescere
2608 1429 2780 1499 atque
2813 1431 3093 1484 aeternum
3123 1447 3203 1484 vae
3235 1431 3468 1488 habere.
3505 1456 3532 1483 »

2043 1517 2176 1570 CAP.
2209 1513 2350 1569 XVI.
2376 1538 2402 1564 «
2425 1515 2542 1570 Hoc
2565 1515 2761 1588 itaque
2785 1516 3022 1572 recitato
3044 1518 3362 1574 astantium
3393 1521 3623 1580 animos

1971 1603 2179 1658 horror
2207 1603 2426 1675 pariter
2453 1620 2520 1658 ac
2550 1603 2718 1659 dolor
2738 1604 3003 1676 perculit,
3024 1623 3089 1661 ac
3112 1606 3184 1662 de
3205 1610 3368 1664 tanta
3388 1608 3625 1668 licentia

1972 1691 2270 1748 diabolicae
2291 1692 2515 1748 fraudis
2533 1694 2904 1749 sacerdotum
2940 1698 3172 1766 pectora
3193 1695 3449 1767 gemitus
3471 1715 3625 1756 com-

1972 1779 2166 1853 plevit.
2200 1781 2310 1836 Sed
2343 1781 2613 1853 quamvis
2659 1781 2772 1837 ista
2817 1783 2950 1854 ejus
2991 1783 3280 1840 confessio
3326 1787 3624 1848 credibilis

1973 1873 2297 1942 appareret,
2330 1873 2526 1925 tamen
2561 1888 2632 1926 ne
2675 1871 2819 1926 forte
2867 1889 2972 1943 pro
3021 1871 3220 1945 aliqua
3263 1875 3620 1948 deceptione,

1971 1963 2074 2014 aut
2103 1975 2208 2030 pro
2237 1959 2446 2014 timore
2473 1957 2747 2030 alicujus,
2760 1975 2913 2032 saepe
2941 1959 3098 2016 dicta
3123 1960 3334 2017 mulier
3353 1964 3624 2022 mentire-

1971 2051 2089 2112 tur,
2112 2048 2304 2103 denuo
2335 2051 2722 2103 memoratum
2755 2063 2951 2120 regem
2983 2049 3366 2120 alloquentes,
3392 2053 3624 2126 magnis

1971 2152 2107 2192 eum
2127 2135 2616 2192 obtestationibus
2637 2135 3019 2192 astrinximus
3049 2141 3114 2193 ut
3141 2138 3311 2195 nobis
3330 2143 3627 2198 confitere-

1971 2229 2070 2280 tur
2101 2223 2150 2280 si
2184 2242 2314 2280 eam
2349 2225 2623 2280 suasione
2653 2229 2754 2280 aut
2782 2225 3236 2284 comminatione
3266 2229 3338 2284 ad
3369 2230 3624 2302 seipsam

1973 2313 2260 2370 fallaciter
2309 2312 2744 2369 criminandum
2793 2313 3193 2386 compulisset.
3227 2317 3474 2374 Econtra
3501 2317 3627 2392 ipse

1969 2420 2103 2459 cum
2138 2402 2413 2458 maximis
2433 2401 2908 2459 attestatiouibus
2933 2403 3023 2458 57
3037 2404 3086 2459 6
3104 2403 3274 2460 nobis
3289 2405 3620 2476 declaravit,

1970 2493 2155 2548 solam
2189 2491 2269 2547 rei
2299 2492 2600 2547 veritatem
2635 2490 2796 2546 illam
2829 2491 3090 2547 conﬁteri
3141 2509 3202 2547 se
3233 2494 3618 2566 persuasisse,

1967 2598 2072 2638 nec
2103 2581 2161 2636 in
2195 2599 2265 2636 ea
2293 2598 2474 2636 causa
2503 2579 2862 2636 industriose
2889 2577 3112 2652 aliquid
3132 2581 3391 2654 amplius
3409 2583 3620 2656 egisse.

1968 2671 2273 2726 Referebat
2296 2669 2472 2725 etiam
2505 2669 2676 2724 nobis
2707 2668 2768 2722 in
2797 2667 2928 2740 ipsa
2963 2667 3106 2724 hora
3133 2671 3426 2741 quomodo
3455 2677 3620 2745 post-

1965 2776 2145 2832 quam
2177 2758 2434 2831 primum
2458 2757 2760 2812 infandam
2783 2773 2905 2812 rem
2933 2757 3173 2824 audivit,
3191 2761 3250 2813 et
3275 2777 3471 2816 veram
3494 2778 3616 2817 cred

1965 2847 2428 2918 didit,quantum
2452 2844 3206 2916 indedoluitquantumque
3221 2845 3334 2902 sibi
3357 2847 3620 2920 inopina-

1964 2939 2090 2992 tnm
2103 2935 2326 2992 malum
2339 2939 2397 2990 et
2417 2933 2660 2990 minime
2676 2937 2873 3004 optata
2893 2933 3012 2988 fors
3023 2931 3344 3004 displicuit.
3360 2935 3618 3002 Qualiter

1963 3023 2214 3096 denique
2241 3040 2362 3079 rem
2395 3022 2608 3077 fmdam
2629 3021 2916 3092 patienter
2936 3020 3102 3088 ferre,
3117 3023 3175 3076 et
3204 3021 3320 3077 nisi
3336 3023 3462 3094 jam
3484 3029 3612 3081 tan-

1961 3119 2090 3170 tum
2122 3114 2278 3168 fama
2307 3107 2986 3176 cucurrisset,occultare
3013 3108 3214 3174 voluit,
3233 3115 3290 3166 et
3321 3116 3610 3183 quantum

197 3178 798 3271 gaudiv'l‘reverensis,
817 3197 1144 3254 chilonis
1165 3178 1855 3270 Rotbomagensis,Fran-
1883 3178 1926 3243 Ο
1964 3199 2154 3272 potuit
2183 3197 2336 3254 fecit.
2356 3197 2518 3253 Unde
2539 3201 2596 3252 et
2618 3195 2832 3251 falsum
2854 3195 3146 3266 judicium
3178 3213 3241 3252 se
3271 3178 3492 3255 sciente
3507 3217 3612 3272 pro

196 3287 350 3344 conis
378 3287 774 3361 Tungrensis,
807 3285 1073 3343 Hattonis
1105 3285 1514 3356 Virdunensis,
1533 3287 1848 3360 Hildegarii

196 3373 533 3443 Meldensis,
567 3375 824 3432 Hilduini
856 3375 1206 3432 Aviniensis.
1240 3397 1269 3428 »

257 3465 392 3522 CAP.
425 3465 549 3522 XV.
579 3467 666 3522 Ad
697 3465 890 3522 locum
942 3467 1012 3522 de
1055 3465 1274 3522 femina
1321 3466 1477 3520 unde
1524 3466 1737 3538 agitur,
1765 3465 1850 3524 ita

193 3553 476 3627 scriptum
510 3553 837 3626 reperimus
869 3571 884 3610 :
919 3575 948 3604 ‹‹
983 3554 1156 3610 Porro
1188 3553 1306 3623 illa,
1342 3553 1504 3609 nulla
1532 3555 1848 3612 securitate

193 3641 293 3699 hoc
313 3643 552 3700 celandi
569 3648 673 3700 aut
696 3643 1013 3716 superandi
1034 3642 1201 3710 fulta,
1227 3643 1418 3714 primo
1437 3643 1560 3713 regi
1581 3643 1845 3701 ordinem

191 3731 504 3804 perpetrati
527 3736 744 3799 reatus,
763 3736 830 3786 ut
861 3731 1016 3787 fama
1061 3731 1268 3796 fuerat,
1292 3731 1602 3787 enarravit.
1626 3731 1846 3789 Deinde

191 3821 543 3891 quibusdam
575 3819 982 3892 episc0porum
1008 3820 1183 3876 simul
1205 3819 1558 3874 ctlaicorum
1585 3821 1842 3894 idipsum

188 3908 531 3966 cuueleavit.
551 3909 756 3966 Postea
775 3925 1009 3981 quoque
1030 3908 1357 3965 chartulam
1381 3927 1500 3965 suae
1519 3910 1842 3966 confessio-

189 3997 274 4054 nis
296 4015 408 4054 suo
442 4001 650 4070 rogatu
677 3997 1090 4070 conscriptam,
1121 3995 1182 4051 in
1231 4001 1432 4053 nostra
1479 3997 1746 4053 omnium
1787 4002 1844 4054 et

188 4085 509 4143 multorum
529 4084 815 4142 laicorum
827 4084 1223 4158 praesentiajn
1247 4102 1426 4141 manu
1437 4084 1674 4158 gloriosi
1688 4086 1842 4160 regis

185 4173 447 4232 Lotharii
473 4175 748 4248 porrexit,
783 4190 1034 4246 moxque
1079 4189 1275 4230 coram
1325 4172 1600 4230 omnibus
1643 4174 1838 4246 palam

185 4259 414 4321 locuta:
439 4263 688 4320 Domine
712 4262 793 4320 mi
813 4281 933 4331 rex,
949 4262 1164 4335 inquit,
1181 4266 1420 4334 propter
1459 4262 1643 4318 Deum
1675 4280 1836 4337 rogo,

183 4355 237 4406 et
265 4357 509 4426 propter
533 4356 788 4409 vestram
813 4352 1165 4417 mercedem,
1181 4354 1246 4406 ut
1266 4351 1408 4406 mihi
1433 4351 1837 4424 paenitentiam

183 4454 346 4511 agere
377 4439 574 4507 liceat,
610 4439 890 4513 quoniam
923 4444 978 4496 et
1008 4438 1202 4496 verbis
1233 4443 1290 4495 et
1319 4440 1538 4513 scripto
1559 4443 1842 4498 confiteor

1889 3283 1907 3294 ’
1957 3287 2190 3345 verifica
2207 3285 2637 3343 examinatione
2657 3283 2916 3356 suscepit
2933 3287 2990 3340 et
3013 3283 3292 3355 toleravit,
3318 3289 3383 3342 ut
3403 3287 3453 3342 si
3479 3289 3607 3344 ﬁeri

1956 3381 2156 3450 posset
2187 3380 2348 3432 tanta
2363 3375 2664 3448 turpitudo
2687 3372 3044 3430 incredibilis
3079 3379 3407 3447 appareret,
3437 3381 3496 3433 et
3523 3379 3610 3434 sic

1957 3467 2016 3522 in
2042 3467 2260 3522 mundo
2281 3463 2923 3535 evanesceret,ipseque
2944 3479 3139 3518 coram
3163 3464 3375 3521 saeculo
3397 3465 3457 3521 in
3485 3469 3608 3524 tam

1953 3553 2345 3628 ignominiosa
2369 3551 2598 3608 macula
2621 3556 2678 3606 et
2700 3550 2941 3607 ruinosa
2959 3551 3278 3619 offensione
3293 3570 3406 3610 non
3425 3571 3610 3612 rema-

1956 3647 2137 3700 neret.
2173 3643 2486 3714 Postquam
2518 3643 2714 3696 autem
2747 3639 2998 3695 revelata
3044 3639 3228 3712 pestis
3263 3639 3442 3698 latere
3489 3661 3606 3702 non

1954 3731 2237 3806 potuit,ac
2255 3731 2377 3802 ipse
2400 3731 2632 3802 pondus
2661 3727 2807 3783 tanti
2831 3727 3128 3799 opprobrii
3151 3728 3300 3784 ferre
3322 3731 3602 3802 nequivit,

1897 3807 1912 3821 ’
1952 3821 2206 3877 maxime
2227 3836 2360 3876 cum
2387 3819 2653 3890 partibus
2687 3816 3036 3889 Burgundize
3067 3820 3242 3889 atque
3273 3817 3449 3874 Italiae
3479 3819 3604 3877 dis-

1951 3927 2193 3967 currens
2226 3906 2402 3963 nimis
2421 3907 2785 3962 diffamatam
2809 3922 2876 3960 ac
2895 3904 3255 3977 divulgatam
3281 3907 3599 3964 fezditatem

1950 3998 2398 4064 exhorruit,non
2423 3999 2512 4052 est
2541 4011 2752 4068 passus
2782 3994 2933 4050 hanc
2963 4011 3202 4050 causam
3231 3994 3359 4051 sine
3375 3997 3599 4068 episco-

1951 4104 2159 4162 porum
2171 4085 2438 4142 examine
2456 4083 2681 4140 diutius
2697 4081 3004 4139 subsilere.
3023 4083 3239 4138 Revera
3259 4082 3601 4156 lacrymosis

1949 4174 2220 4248 suspiriis
2250 4171 2652 4245 multipliciter
2680 4171 2739 4226 id
2771 4170 2883 4226 sibi
2913 4171 2984 4226 de
3026 4176 3350 4227 memorata
3380 4172 3600 4230 femina

1946 4263 2328 4330 inculcatum,
2353 4264 2410 4318 et
2437 4261 2497 4316 in
2528 4261 2638 4316 hoc
2667 4259 2842 4314 etiam
2876 4275 3054 4330 regno
3083 4275 3118 4314 a
3141 4257 3415 4330 plurimis
3445 4261 3598 4316 afﬁn

1947 4358 2174 4410 matum
2206 4369 2322 4406 non
2352 4351 2479 4406 sine
2507 4347 2730 4422 gemitu
2762 4347 3078 4419 repetebat.

2015 4444 2150 4499 CAP.
2185 4440 2349 4496 XVII.
2386 4462 2414 4490 ‹‹
2435 4440 2552 4494 Nos
2573 4437 2752 4509 igitur
2769 4453 2973 4491 rursus
2993 4437 3258 4491 eamdem
3283 4436 3590 4494 mulierem

183 4543 270 4582 me
299 4529 675 4602 conjugalem
710 4529 982 4602 copulam
1017 4546 1129 4585 uon
1164 4529 1394 4596 mereri,
1427 4530 1672 4602 ideoque
1703 4549 1833 4603 pro-
1867 4546 1912 4610 Ι)
1946 4531 2200 4606 primum
2258 4532 2498 4593 secreto,
2541 4525 2748 4581 deinde
2802 4542 2998 4581 coram
3056 4523 3221 4580 laicis
3277 4526 3588 4597 adivimus,

181 4620 362 4672 strata
391 4617 738 4690 suppliciter
764 4617 1068 4690 expostulo
1103 4621 1165 4673 ut
1211 4617 1354 4673 mihi
1397 4619 1524 4690 jam
1574 4637 1731 4676 nunc
1781 4625 1839 4676 et
1945 4638 2191 4692 eamque
2218 4635 2352 4672 cum
2398 4615 2760 4686 adjuratione
2791 4614 2987 4670 divina
3036 4615 3276 4671 monitis
3323 4615 3592 4688 pluribus

178 4704 452 4779 deinceps
484 4723 601 4762 non
634 4706 934 4780 denegetis
965 4707 1119 4778 quod
1169 4724 1308 4762 meae
1357 4707 1530 4763 saluti
1584 4709 1828 4780 posthac

177 4807 520 4851 succurrere
566 4798 777 4867 potest.
813 4795 1031 4851 Textus
1074 4795 1272 4868 itaque
1320 4795 1480 4852 illius
1524 4797 1826 4870 scripturae

177 4877 292 4936 hec
317 4883 498 4938 verba
525 4888 584 4939 et
614 4883 771 4938 hunc
791 4901 1034 4940 sensum
1052 4884 1421 4940 continebat:
1445 4908 1472 4935 ‹‹
1489 4885 1606 4958 Ego
1629 4885 1826 4942 Thiet-

176 4967 550 5045 brihc,quam
572 4972 808 5028 feminei
834 4989 1006 5028 sexus
1037 4973 1515 5046 imprudentia,et
1544 4974 1829 5047 fragilitas

174 5055 377 5116 fefellit
397 5060 747 5130 bumana,et
766 5061 1123 5118 conscientia
1133 5061 1329 5117 delicti
1344 5062 1831 5135 mordet,propter

173 5163 335 5218 spem
389 5149 600 5207 salutis
645 5149 854 5206 animm
905 5168 1069 5216 meae,
1100 5154 1159 5206 et
1203 5156 1439 5223 propter
1489 5152 1828 5208 ﬁdelitatem

171 5249 306 5309 erga
337 5237 631 5295 seniorem
665 5255 886 5305 meum,
919 5255 1114 5295 veram
1147 5238 1574 5295 confessionem
1625 5257 1820 5296 coram

171 5321 283 5378 Deo
313 5328 376 5380 et
406 5327 626 5382 sanctis
656 5327 881 5398 angelis
910 5329 1060 5398 ejus,
1094 5343 1160 5381 ac
1206 5327 1638 5384 venerabilibus
1668 5330 1820 5400 epis-

167 5413 351 5484 copis,
373 5413 494 5470 sive
543 5415 840 5473 nobilibus
869 5415 1056 5484 laicis,
1081 5415 1167 5472 sic
1197 5418 1491 5488 profiteor,
1523 5416 1662 5489 quia
1690 5433 1819 5489 ger-

167 5517 386 5560 manus
407 5519 572 5560 meus
594 5505 924 5562 Hucbertus
945 5505 1193 5562 clericus
1214 5522 1307 5560 me
1322 5505 1819 5562 adulescentulam

165 5591 454 5664 corrupit,
468 5598 526 5650 et
554 5594 616 5650 in
646 5610 776 5650 meo
799 5611 1035 5669 corpore
1057 5599 1260 5651 contra
1287 5594 1612 5652 naturalem
1643 5612 1818 5652 usum

1935 4709 2218 4768 exbortati
2252 4723 2480 4772 sumus,
2499 4723 2568 4760 ne
2598 4703 2709 4759 sibi
2745 4703 2861 4758 ullo
2913 4704 3083 4758 modo
3119 4703 3332 4760 falsum
3367 4707 3591 4764 crimen

1936 4786 2556 4868 inferret,zetcrnarum
2591 4809 2823 4866 quoque
2854 4809 3158 4864 pmnarum
3183 4793 3383 4864 minis,
3403 4795 3455 4852 si
3479 4797 3589 4854 hoc

1937 4889 2172 4954 faceret,
2194 4885 2482 4940 deterrere
2511 4881 2847 4938 curavimus
2879 4898 2892 4936 :
2929 4880 3260 4954 iterumque
3281 4883 3352 4939 de
3391 4891 3590 4942 nostro

1937 4973 2180 5041 consilio
2231 4979 2289 5030 et
2336 4971 2572 5038 auxilio,
2597 4969 2842 5026 tuitione
2890 4987 2958 5025 ac
3015 4969 3350 5028 defensione
3387 4977 3590 5028 contra

1938 5083 2143 5122 omnes
2173 5062 2420 5119 insidias
2451 5061 2536 5115 vel
2568 5058 2872 5116 violentias
2899 5077 3165 5116 securam
3199 5059 3584 5125 reddidimus,

1937 5157 2170 5210 tantum
2205 5157 2267 5207 ut
2297 5151 2466 5206 nobis
2498 5151 2613 5220 iam
2649 5153 2786 5204 tunc
2818 5148 3168 5204 fiducialiter
3213 5148 3588 5204 confiteretur

1931 5249 2128 5299 utrum
2164 5258 2445 5314 persuasa
2465 5257 2537 5294 an
2562 5237 2867 5310 compulsa
2894 5238 2964 5293 ad
2997 5237 3249 5308 seipsam
3273 5234 3590 5292 criminan-

1932 5332 2072 5387 dum
2108 5331 2332 5386 fuisset.
2368 5329 2450 5383 Ad
2485 5327 2605 5382 haec
2636 5325 2739 5381 illa
2767 5343 2971 5397 aspero
2993 5323 3206 5379 intuitu
3240 5339 3346 5378 nos
3387 5324 3582 5380 redar-

1930 5436 2116 5492 guens
2141 5436 2153 5472 :
2185 5417 2428 5483 Putatis,
2464 5416 2674 5488 inquit,
2703 5419 2764 5468 ut
2796 5413 3080 5484 meipsam
3099 5427 3202 5482 pro
3223 5409 3420 5482 aliqua
3444 5412 3583 5468 rein

1931 5509 2154 5564 mundo
2175 5507 2257 5562 ita
2288 5505 2525 5578 perdere
2552 5500 2904 5560 voluissem?
2937 5499 3101 5554 Sicut
3129 5498 3285 5554 enim
3316 5499 3586 5558 confessa

1928 5597 2034 5666 fui,
2056 5597 2144 5653 sic
2181 5597 2480 5660 conﬁteor,
2504 5597 2561 5648 et
2591 5592 2675 5648 sic
2705 5587 3042 5646 conﬁtebor.
3057 5589 3310 5644 Tantum
3340 5589 3581 5646 obsecro
