3896 6182
289 319 408 386 839

1209 318 1588 382 HINCMARI
1633 315 2079 380 RHEMENSIS
2125 316 2718 382 ARCHIEPISGOPI

3562 318 3688 383 640

287 457 523 528 propter
553 453 654 510 Dei
681 469 938 510 amorem
970 458 1038 510 ut
1068 453 1214 511 meis
1244 453 1513 526 precibus
1541 451 1934 508 desideratam
1963 453 2020 520 Α
2048 451 2212 519 rexit,
2245 456 2303 507 et
2333 451 2497 509 laicis
2545 471 2654 510 sua
2700 450 2952 509 crimina
2996 451 3330 521 denudavit,
3365 468 3463 508 rex
3504 450 3688 525 legale

289 543 749 601 misericordiam
772 545 899 616 jam
948 544 1120 599 modo
1168 543 1518 599 concedatis.
1547 543 1689 597 [line
1730 547 1935 597 nostra

287 633 617 690 sotlicitudo
651 632 950 706 requisivit
977 651 1051 688 an
1081 633 1209 706 ipsa
1239 631 1483 688 ulterius
1515 631 1650 687 inde
1672 630 1930 702 aliquam

283 721 460 778 vellet
485 721 912 794 querimoniam
959 738 1208 788 movere,
1229 725 1328 777 aut
1359 721 1586 792 aliquas
1617 719 1932 792 aliquando

285 810 530 866 insidias
561 810 774 875 moliri,
809 809 854 865 si
883 827 1000 866 suae
1032 809 1296 882 petitioni
1329 810 1491 864 ﬁeret
1539 807 1929 863 satisfactum.

283 899 464 971 Cujus
494 898 909 972 ohligationem
933 902 991 954 et
1018 903 1220 954 nostra
1249 897 1402 954 illico
1449 895 1812 952 unanimitas
1853 896 1934 951 ita

285 992 594 1062 prosecuta
621 991 712 1044 est
745 1003 758 1042 :
792 987 976 1054 Scias,
1009 1005 1040 1042 ο
1072 987 1214 1053 filia,
1238 986 1376 1058 quia
1407 985 1454 1041 si
1487 990 1750 1041 nostram
1783 984 1842 1039 in
1877 988 1933 1040 te

284 1081 565 1150 tuamque
576 1077 1000 1133 confessionem
1025 1076 1374 1130 sententiam
1401 1073 1856 1146 exspectabis,ut
1875 1078 1933 1128 te

228 1229 246 1239 κ
283 1163 490 1222 divinae
518 1170 575 1222 et
601 1165 890 1222 canonica:
925 1164 1383 1236 comprehendat
1413 1163 1776 1222 auctoritatis
1805 1177 1936 1217 cen-

285 1267 442 1322 sura,
475 1257 533 1312 et
575 1251 1002 1310 indissolubilis
1051 1251 1291 1324 incipiat
1341 1251 1522 1323 llgare
1562 1250 1932 1306 sacerdotum

283 1349 508 1410 catena,
541 1344 697 1399 unde
726 1343 918 1398 adhuc
949 1346 1112 1414 potes
1142 1357 1502 1413 recuperare,
1540 1339 1589 1394 si
1623 1345 1817 1394 tamen
1839 1355 1934 1411 po-

283 1433 671 1500 tes,ulterius,
696 1437 762 1487 ut
790 1432 1174 1498 aestimamus,
1199 1447 1313 1486 non
1341 1429 1731 1501 recuperabis.
1753 1427 1848 1484 Sic
1877 1430 1936 1484 et

284 1521 414 1578 laici
446 1521 770 1594 plurimum
801 1537 930 1577 eam
963 1521 1416 1585 admonuerunt,
1451 1517 1704 1574 maxime
1746 1516 1934 1589 ipsius

284 1610 601 1667 familiares
635 1615 694 1666 et
713 1610 885 1666 amici
910 1610 1229 1666 admodum
1252 1608 1516 1676 illam,ne
1537 1625 1597 1664 se
1621 1607 1932 1680 deciperet,

282 1699 570 1774 pulsando
593 1699 990 1773 increpabant.
1017 1697 1134 1771 ipsi
1155 1703 1374 1763 tamen,
1389 1696 1566 1753 veluti
1588 1696 1636 1752 si
1660 1697 1790 1768 ejus
1805 1711 1937 1750 con-

2033 541 2328 612 judicium
2359 547 2742 610 construat,et
2760 542 3084 598 secundum
3105 541 3292 615 legem
3315 559 3382 598 ac
3394 540 3690 614 justitiam

2040 629 2173 686 laici
2207 631 2502 704 conjugati
2538 630 2668 685 laici
2702 631 2856 703 regis
2889 631 3198 703 conjugem
3221 631 3515 702 judicent;
3540 634 3600 686 et
3639 629 3692 687 si

2040 721 2110 775 de
2141 736 2340 776 eorum
2365 719 2590 792 judicio
2623 719 2697 774 ad
2745 718 3074 792 episcopale
3111 719 3408 792 judicium
3447 719 3691 786 venerit,

2039 811 2364 866 secundum
2395 809 2554 882 leges
2583 807 3009 866 ecclesiasticas
3031 809 3288 882 episcopi
3321 808 3376 866 ei
3401 809 3696 881 judicium

2041 897 2388 954 medicinale
2417 898 2742 970 imponant.
2759 899 2838 954 De
2861 899 2968 954 hoc
2990 899 3144 971 quod
3169 898 3249 954 ibi
3271 899 3559 972 scriptum
3581 901 3693 964 est,

2041 989 2194 1060 quod
2227 988 2298 1044 de
2325 987 2424 1042 tali
2449 989 2601 1043 facto
2634 1005 2731 1043 rex
2757 987 3041 1053 doluit,et
3087 987 3430 1043 contristato
3460 987 3510 1044 ei
3543 985 3699 1044 actio

2039 1077 2154 1133 ista
2169 1076 2485 1148 displicuit,
2507 1077 2830 1132 cavendum
2859 1075 2941 1130 illi
2967 1080 3052 1132 est
3079 1093 3150 1132 ne
3170 1077 3412 1132 tristitia
3429 1077 3560 1148 ejus
3581 1093 3700 1136 non

2041 1166 2119 1221 sit
2144 1165 2391 1233 ablutio,
2409 1167 2508 1222 sed
2533 1165 2791 1233 sceleris,
2808 1167 2962 1237 quod
2988 1165 3163 1234 absit,
3179 1165 3486 1222 confessio.
3511 1187 3542 1214 ‹‹
3569 1167 3700 1220 Haec

2041 1255 2196 1310 enim
2209 1259 2388 1322 est,ut
2407 1256 2672 1311 doctores
2695 1255 2961 1309 scribunt
2979 1253 3332 1323 Ecclesim,et
3350 1253 3700 1310 venerabilis

2043 1344 2344 1418 presbyter
2375 1345 2530 1400 Beda
2561 1343 2794 1398 illorum
2833 1359 3088 1415 sequens
3134 1343 3484 1399 sententiam
3531 1341 3699 1409 dicit,

2043 1433 2281 1505 superni
2307 1431 2547 1504 justitia
2581 1429 2816 1502 judicii,
2852 1435 2918 1485 ut
2967 1430 3314 1502 plerumque
3361 1430 3600 1503 reprobi
3647 1434 3704 1487 et

2043 1525 2364 1594 agnoscant
2386 1536 2446 1576 se
2468 1524 2526 1575 et
2547 1519 2841 1574 fateantur
2858 1534 3104 1578 errasse.
3132 1523 3469 1591 certamque
3487 1519 3705 1576 erroris

2044 1609 2134 1667 sui
2159 1609 2583 1683 pcenitudincm
2606 1613 2798 1680 geant,
2815 1623 2919 1663 nec
2944 1611 3140 1663 tamen
3163 1607 3236 1662 ab
3257 1607 3507 1664 errando
3527 1608 3702 1680 quio-

2043 1703 2230 1764 scant,
2256 1701 2547 1770 quatenus
2577 1697 2780 1752 eadem
2829 1695 3195 1752 confessione
3244 1712 3312 1752 ac
3357 1694 3706 1768 paenitentia

282 1789 540 1845 scientias
563 1787 1224 1845 secretumintuentium
1242 1784 1748 1843 oculisvisibiliter
1763 1801 1936 1856 appa-
1961 1825 2008 1888 Β
2047 1792 2252 1844 contra
2298 1803 2362 1842 se
2408 1785 2521 1858 ipsi
2571 1783 2978 1841 testimonium
3027 1785 3168 1841 dent
3197 1783 3336 1857 quia
3367 1801 3486 1842 non
3517 1784 3702 1843 nescii

284 1883 454 1944 reret,
482 1877 806 1933 immobilis
835 1877 894 1932 in
927 1893 1036 1932 sua
1065 1877 1430 1932 confessione
1460 1875 1814 1949 perduravit.

347 1959 488 2022 CAP.
512 1965 706 2022 XVlll.
725 1989 753 2017 ‹‹
767 1966 916 2032 Quid
937 1965 1171 2038 longius
1193 1964 1614 2022 immorcmur?
1629 1964 1760 2020 Jam
1774 1962 1936 2019 omni

281 2055 580 2110 dubietate
610 2059 849 2120 remota,
882 2059 941 2110 et
969 2054 1050 2110 rei
1078 2053 1322 2110 veritate
1364 2058 1684 2126 comperta,
1719 2067 1932 2107 novum

277 2143 486 2198 auditu
519 2142 730 2209 scelus,
764 2143 1132 2214 nefandoque
1177 2141 1501 2214 pollutione
1551 2141 1932 2206 horrendum,

280 2231 607 2304 praesertim
637 2231 806 2302 cujus
851 2231 1091 2286 fetorem
1114 2231 1241 2302 jam
1290 2231 1392 2285 diu
1443 2246 1545 2302 per
1592 2229 1934 2284 innumeros

282 2319 454 2392 longe
477 2319 708 2392 lateque
736 2319 894 2375 fama
921 2319 1294 2392 disperserat,
1329 2335 1402 2373 ne
1434 2317 1820 2389 praesentibus
1868 2333 1933 2372 ac

283 2408 497 2464 futuris
528 2408 864 2481 pestiferam
897 2408 1330 2480 corruptionem
1366 2407 1593 2473 inferat,
1627 2405 1740 2461 nisi
1774 2423 1931 2462 seve-

283 2496 405 2554 rius
435 2495 895 2570 diligentiusque
925 2495 1224 2564 evellatur,
1243 2495 1406 2552 nulla
1433 2495 1542 2552 levi
1573 2511 1714 2551 cura
1741 2494 1828 2550 vel
1852 2494 1934 2550 in-

280 2584 585 2658 dulgentia
612 2587 918 2641 tractanda
948 2585 1139 2642 visum
1168 2589 1276 2642 est.
1309 2587 1433 2642 Non
1479 2584 1637 2641 cnim
1684 2583 1930 2638 dubium

279 2679 370 2732 est
391 2673 531 2748 quia
548 2673 834 2731 naturalis
855 2673 1009 2730 inter
1029 2675 1266 2730 fratrem
1288 2679 1344 2730 et
1365 2689 1623 2730 sororem
1655 2671 1930 2729 concubi-

279 2768 378 2822 tus
393 2764 623 2820 veniam
644 2763 984 2836 temporalis
1001 2781 1116 2820 non
1137 2767 1394 2820 meretur
1411 2763 1672 2830 honoris,
1696 2767 1754 2818 et
1783 2761 1929 2817 nihil

277 2853 438 2910 aliud
474 2857 655 2910 restat
677 2853 768 2910 5⁸1
783 2855 822 2909 ’τ
859 2870 1037 2926 quam
1066 2851 1324 2909 vindicta
1351 2857 1409 2909 et
1435 2851 1796 2925 poenitentia.
1815 2851 1930 2907 Nec

277 2941 454 3000 habet
483 2942 730 2998 ulterius
760 2941 1165 3016 pregrediendi
1198 2941 1563 2998 occasionem
1595 2938 1930 2996 damnabile

277 3033 694 3105 crimen,quod
725 3032 924 3088 statim
951 3049 986 3086 a
1007 3029 1544 3104 prmvaricatoribus
1583 3028 1770 3084 multa
1799 3045 1927 3101 quae

278 3121 510 3176 fuerant
530 3119 690 3177 licita
709 3119 945 3192 penitus
957 3123 1251 3192 amputat;
1276 3118 1522 3190 ideoque
1533 3117 1642 3173 hoc
1655 3134 1722 3173 eo
1735 3117 1926 3172 rarius

275 3215 310 3266 a
331 3209 542 3266 saeculo
565 3207 954 3282 contigit,quo
975 3211 1206 3262 constat
1217 3206 1355 3278 quia
1368 3205 1566 3261 nullus
1582 3205 1717 3261 inde
1729 3221 1926 3260 exem-

275 3298 440 3372 plum
463 3297 576 3352 sibi
599 3296 992 3370 praesumpsit,
1017 3296 1172 3368 quod
1204 3312 1508 3366 nunquam
1525 3293 1747 3350 veniale
1769 3295 1924 3366 apud

275 3385 478 3442 mundi
495 3385 750 3458 gloriam
773 3401 900 3440 esse
927 3383 1252 3456 potuit.Sed
1275 3401 1410 3438 cum
1431 3383 1678 3456 quilibet
1697 3382 1924 3455 aliquo-

273 3474 385 3531 ties
415 3474 474 3529 in
505 3474 657 3530 hanc
689 3473 985 3530 miseriam
1019 3472 1167 3544 lapsi
1201 3476 1362 3538 sunt,
1398 3489 1512 3527 non
1545 3473 1614 3527 de
1662 3471 1925 3544 exemplo

275 3562 518 3619 alterius
547 3561 778 3629 accidit,
811 3561 911 3617 sed
945 3562 1015 3616 de
1063 3559 1304 3631 antiqua
1344 3561 1558 3616 diaboli
1611 3561 1834 3626 fraude,
1867 3565 1926 3617 et

275 3651 454 3709 simili
484 3649 818 3724 fragilitatis
850 3648 1108 3722 impulsu
1143 3665 1208 3705 ac
1248 3649 1564 3722 praecipitio
1613 3667 1815 3706 recens
1866 3653 1926 3706 et

275 3739 444 3814 quasi
477 3757 624 3796 nova
652 3739 824 3795 ruina
851 3739 981 3793 fuit.
1003 3739 1164 3794 Istud
1196 3743 1390 3796 autem
1421 3739 1785 3813 contagionis
1833 3755 1926 3812 ge-

275 3843 409 3895 nus,
430 3829 584 3900 quod
611 3844 766 3882 nunc
795 3826 1004 3899 incipit
1033 3843 1160 3882 esse
1190 3845 1428 3896 novum,
1461 3834 1517 3884 et
1555 3833 1726 3884 antea
1756 3828 1925 3884 nobis

273 3922 399 3976 erat
416 3915 1109 3984 inauditum,cavendum
1127 3921 1216 3972 est
1239 3933 1308 3972 ne
1330 3917 1662 3973 morbosam
1701 3921 1924 3990 pestem

275 4011 334 4063 et
359 4004 744 4062 incurabilem
775 4004 930 4061 luem
963 4005 1159 4078 generi
1190 4007 1927 4075 transmittathumano,ut

275 4093 356 4150 ita
381 4092 650 4150 videlicet
679 4093 842 4167 origo
870 4094 1198 4166 perniciosa
1241 4094 1525 4150 funditus’
1550 4096 1920 4168 exstirpetnr,

273 4189 390 4256 quo
415 4183 646 4239 nullum
676 4182 1006 4256 exemplum
1037 4183 1381 4256 nullamque
1411 4183 1721 4256 fragilibus
1757 4183 1926 4239 relin-

273 4276 419 4346 quat
447 4271 812 4328 occasionem
836 4289 850 4327 :
875 4289 948 4328 ne
968 4272 1134 4340 forte,
1154 4274 1309 4345 quod
1331 4273 1504 4341 absit,
1520 4271 1653 4328 talis
1679 4289 1926 4328 consue-

274 4363 418 4418 tudo
441 4361 742 4428 inolescat,
762 4378 880 4433 qua
895 4361 1224 4417 naturalem
1247 4360 1772 4434 consanguinitatis
1793 4377 1926 4416 con-

273 4449 537 4506 cubitum
567 4451 700 4522 quis
731 4449 944 4505 devitet
965 4455 1022 4504 et
1052 4449 1326 4506 fornicari
1346 4454 1547 4505 contra
1573 4453 1840 4505 naturam
1862 4449 1922 4505 in

2045 1874 2414 1947 delinquunt,
2444 1874 2586 1930 dum
2613 1891 2648 1930 a
2677 1878 2914 1946 peccato
2944 1873 3099 1946 quod
3143 1872 3406 1946 culpant,
3429 1872 3704 1930 cohibere

2045 1965 2582 2035 detrectant,eoque
2595 1962 2820 2034 justius
2843 1967 3100 2034 pereant,
3121 1979 3237 2035 quo
3258 1963 3480 2018 foveam
3504 1963 3703 2038 perdi-

2041 2054 2244 2120 tionis,
2265 2070 2442 2126 quam
2473 2052 2786 2124 praevidere
2815 2038 3145 2118 valuerunt,
3176 2051 3468 2108 declinare
3504 2051 3703 2126 negle—

2042 2147 2269 2198 xerunt.
2285 2142 2446 2198 Unde
2468 2141 2750 2213 scriptum
2775 2145 2863 2197 est
2893 2142 2963 2196 de
2993 2141 3218 2197 Herode
3246 2141 3430 2214 (Marc.
3455 2145 3545 2209 γι)
3568 2142 3704 2214 quia

2043 2231 2425 2288 contristatus
2454 2234 2544 2286 est
2576 2247 2675 2285 rex
2706 2246 2810 2302 pro
2841 2229 3182 2285 Herodiadis
3204 2229 3507 2302 petitione.
3538 2228 3703 2286 Talis

2041 2320 2259 2392 quippe
2285 2322 2374 2375 est
2405 2318 2648 2374 tristitia
2673 2317 2916 2374 Herodis
2952 2317 3144 2390 qualis
3173 2317 3522 2391 poenitentia
3558 2317 3704 2374 Pha-

2043 2407 2240 2464 raonis
2271 2411 2330 2463 et
2349 2407 2536 2474 Judaa,
2551 2423 2805 2478 quorum
2827 2405 3078 2478 quisque
3101 2407 3362 2463 facinora
3391 2423 3526 2473 sua,
3543 2410 3703 2479 post-

2043 2511 2218 2568 quam
2251 2499 2565 2551 accusante
2587 2495 2944 2552 conscientia
2965 2495 3184 2551 invitus
3207 2495 3482 2568 prodidit,
3497 2511 3702 2552 vecors

2043 2583 2464 2657 augmentavit.
2491 2583 2691 2655 Itaque
2711 2584 2966 2640 Herodes
2989 2589 3166 2655 caput
3184 2583 3431 2640 Joannis
3453 2585 3702 2656 petitus,

2039 2672 2342 2728 tristitiam
2373 2672 2611 2744 quidem
2635 2673 3034 2744 pratendebat
3048 2672 3107 2728 in
3130 2672 3550 2746 vultu,qniase
3580 2673 3704 2745 ipse

2040 2763 2347 2818 damnaret
2367 2761 2726 2818 ostendendo
2747 2761 2977 2818 cunctis
2995 2761 3216 2834 liquido
3239 2761 3378 2834 quia
3399 2762 3702 2820 insontem

2038 2855 2278 2908 noverat
2297 2854 2356 2906 et
2376 2855 2670 2916 sanctum,
2693 2866 2871 2922 quem
2893 2855 3016 2906 erat
3035 2850 3162 2907 neci
3192 2850 3462 2907 daturus.
3475 2851 3700 2909 Verum

2037 2939 2085 2995 si
2115 2939 2460 3014 diligentius
2488 2955 2589 2995 cor
2628 2939 2951 2994 nefandum
2982 2939 3352 3012 inspicimus,
3377 2938 3698 2999 lmtabatur

2035 3027 2261 3084 occulte
2291 3028 2445 3100 quod
2477 3026 2628 3084 51-8
2659 3043 2728 3083 ea
2759 3027 3067 3100 petebatur
3104 3045 3230 3100 quae
3278 3031 3335 3086 et
3381 3032 3568 3086 antea
3611 3029 3698 3086 £0.-

2035 3133 2184 3184 eere,
2227 3117 2276 3172 si
2326 3115 2738 3174 excusabiliter
2776 3121 2992 3189 posset,
3046 3117 3442 3189 disponebat:
3477 3117 3590 3190 qui
3647 3117 3698 3176 si

1961 3190 2005 3298 (ξ
2037 3209 2215 3278 caput
2235 3204 2577 3262 Herodiadis
2598 3209 2913 3278 peteretur,
2932 3204 3080 3260 nulli
3117 3206 3362 3264 dubium
3412 3207 3564 3279 quia
3594 3223 3701 3265 nec

2031 3293 2204 3351 vellet
2232 3295 2388 3363 dare,
2421 3298 2480 3350 et
2505 3294 2789 3350 veraciter
2819 3294 3006 3350 tristis
3037 3295 3338 3352 abnueret.
3374 3316 3404 3345 ιι
3439 3295 3615 3352 Unde
3642 3300 3703 3354 et

2031 3383 2129 3439 hic
2159 3384 2414 3439 domnus
2443 3387 2644 3440 noster
2672 3400 2790 3451 rex,
2825 3383 3064 3456 superni
3105 3383 3452 3456 spectatoris
3503 3384 3699 3442 inten-

2034 3473 2180 3528 dens
2209 3471 2740 3544 oculos,quicorda
2769 3471 3034 3528 omnium
3059 3471 3364 3546 conspicit,
3383 3476 3450 3530 et
3479 3474 3700 3532 cniec-

2032 3560 2235 3633 gitatio
2261 3559 2518 3616 hominis
2546 3563 2876 3628 confitetur,
2909 3561 3358 3634 diligentissime
3404 3563 3702 3634 ponderat

2034 3649 2084 3704 si
2114 3665 2280 3721 aequo
2311 3649 2508 3705 dolore
2539 3649 2847 3723 acciperet,
2877 3654 2934 3706 et
2961 3667 3128 3722 aequa
3149 3650 3345 3708 vultus
3371 3651 3700 3709 serenitate

2033 3754 2167 3792 eum
2195 3738 2526 3810 respiceret,
2547 3755 2581 3793 a
2609 3753 2726 3810 quo
2755 3743 2897 3794 tunc
2929 3739 3074 3795 forte
3105 3737 3331 3795 audiret
3353 3755 3368 3793 :
3389 3739 3555 3805 Quia
3579 3757 3614 3795 ι
3643 3743 3702 3796 ω

2032 3826 2312 3883 feminam
2359 3827 2534 3882 istam
2584 3827 2858 3896 absolvis,
2891 3844 2997 3884 nec
3044 3827 3146 3884 illa
3173 3827 3350 3884 talem
3388 3827 3484 3884 vel
3515 3827 3699 3886 talem

2030 3914 2136 3970 tibi
2159 3931 2509 3988 quocunque
2531 3916 2705 3971 modo
2729 3915 2974 3974 ulterius
2996 3933 3257 3989 unquam
3279 3917 3700 3988 appr-eximere

2032 4004 2362 4076 permittas.
2395 4005 2474 4060 De
2505 4004 2615 4060 hoc
2643 4005 2800 4077 quod
2831 4023 2931 4062 rex
2959 4007 3264 4079 profitetur
3300 4005 3442 4076 quia
3477 4005 3698 4064 falsum

2023 4092 2341 4164 judicium,
2366 4111 2428 4149 se
2449 4092 2687 4161 sciente,
2705 4111 2806 4166 pro
2827 4093 3062 4152 veritica
3089 4093 3530 4151 examinatione
3565 4111 3701 4156 aus-

2032 4182 2205 4254 cepit,
2224 4182 2476 4238 scientes
2509 4185 2579 4239 de
2609 4182 2884 4239 omnibus
2908 4182 3150 4254 judiciis
3180 4183 3398 4239 nostris
3428 4184 3705 4256 aequisoi~

2033 4288 2129 4328 mo
2150 4270 2336 4342 judici
2369 4273 2427 4327 et
2456 4271 2576 4344 regi
2609 4287 2812 4344 regum
2843 4272 3100 4328 rationes
3144 4289 3251 4328 nos
3287 4271 3704 4340 subtilissime

2033 4360 2384 4428 reddituros,
2401 4377 2527 4432 quis
2551 4359 2842 4416 sentimus
2863 4360 3084 4432 absque
3103 4364 3370 4432 respectu
3399 4376 3699 4432 personas,

2029 4447 2270 4504 veritate
2303 4451 2567 4521 cogente,
2601 4447 2974 4520 proferimus.
3018 4447 3253 4505 Scilicet
3301 4447 3443 4520 quia
3491 4454 3702 4506 contra

275 4538 508 4610 preprio
537 4539 901 4610 genere,leve
931 4539 1038 4594 hos
1070 4539 1370 4594 aestimans
1392 4537 1924 4604 malum,licontius
1961 4537 2216 4625 Dlegale
2267 4537 2564 4592 decretum
2611 4541 2670 4593 et
2715 4536 3108 4610 evangelicam
3165 4536 3470 4594 veritatem
3527 4554 3704 4612 agere

275 4631 595 4682 assuescat.

343 4714 480 4769 CAP.
513 4714 652 4770 XIX.
685 4739 714 4764 «
749 4715 850 4770 Hie
893 4733 1030 4790 ergo
1078 4715 1461 4772 consideratis
1508 4721 1566 4771 et
1614 4715 1925 4789 diligenter

276 4803 614 4876 perspectis,
639 4803 959 4877 lugendum
989 4805 1194 4861 incesti
1229 4805 1632 4878 pollutionem,
1656 4805 1716 4861 in
1741 4805 1924 4878 publi-

274 4905 410 4948 cum
450 4891 798 4959 exhalatam,
830 4895 1075 4966 publicae
1124 4894 1478 4966 poenitentiae
1526 4893 1922 4951 satisfactione

275 4980 641 5054 purgandum
674 4982 1059 5038 decrevimus.
1096 5005 1124 5032 ››

344 5069 490 5125 Hinc
533 5068 784 5126 breviter
831 5071 1229 5143 praelibamus,
1261 5069 1322 5125 in
1369 5087 1647 5144 processu
1694 5070 1924 5146 plenius

274 5157 588 5228 ostensuri,
629 5159 768 5230 quia
826 5159 1166 5231 hujusmodi
1217 5159 1601 5217 confessionis
1658 5159 1923 5216 libellum

273 5247 401 5304 fieri
451 5247 562 5304 Leo
607 5265 758 5322 papa
806 5247 1284 5305 manifestissime
1315 5249 1584 5321 prohibet
1625 5250 1800 5322 (epist.
1832 5251 1922 5318 36,

275 5337 347 5392 ad
375 5337 538 5408 episc.
566 5353 667 5408 per
697 5338 1102 5410 Campaniam),
1136 5339 1238 5394 sed
1268 5343 1325 5394 et
1355 5338 1591 5410 perinde
1623 5356 1859 5396 uxorem
1892 5358 1928 5396 a

273 5423 396 5478 viro
413 5424 710 5482 discedere
743 5444 914 5500 posse
938 5444 1123 5500 neque
1146 5427 1462 5482 auctoritas
1483 5444 1650 5482 sacra
1693 5427 1928 5500 permit-

275 5510 368 5566 tit.
392 5511 538 5576 Quia
567 5513 744 5570 ctiam
775 5515 896 5571 haec
929 5515 1147 5572 femina
1173 5533 1291 5570 suae
1330 5515 1720 5570 accusationis
1760 5515 1924 5571 libel-

277 5596 402 5654 lum
432 5612 550 5656 non
581 5603 892 5678 episcopis,
907 5608 974 5660 ut
995 5605 1074 5662 ibi
1097 5603 1384 5676 scriptum
1406 5604 1630 5669 est,sed
1651 5603 1769 5675 regi
1795 5621 1923 5676 por-

2035 4625 2736 4700 praesumpsit,diccntem
2763 4643 2775 4681 :
2798 4626 2918 4682 Non
2945 4627 3176 4682 tentabis
3197 4627 3494 4682 Dominum
3526 4629 3704 4684 manu

2033 4722 2188 4770 tuum
2224 4715 2430 4784 (Matth.
2460 4733 2536 4783 1v,
2567 4716 2656 4783 7);
2689 4714 2810 4788 qui,
2845 4718 2912 4770 ut
2959 4715 3170 4770 iterum
3219 4715 3515 4786 scriptum
3569 4720 3698 4772 est:

2033 4805 2286 4860 lllusores
2325 4803 2540 4858 deludet
2567 4805 2750 4870 (Prov.
2796 4822 2879 4870 ιιι,
2911 4803 3023 4876 34),
3061 4807 3124 4859 ut
3175 4802 3522 4876 sacrilegus,
3557 4803 3704 4878 quia

2033 4895 2236 4948 contra
2255 4908 2422 4948 sacra
2437 4895 2806 4948 sacramenta
2824 4909 2926 4964 per
2935 4895 3334 4962 contemptum
3347 4896 3407 4946 et
3421 4891 3704 4950 illuseris

2034 4980 2187 5050 fecit,
2204 4979 2607 5053 paenitentiam
2630 4979 2881 5054 accipiat
2903 4979 3140 5055 dignam
3179 4983 3238 5036 et
3256 4983 3528 5052 peragat,
3549 4997 3704 5038 eon-

2033 5071 2351 5128 sentientes
2371 5075 2568 5126 autem
2585 5069 2657 5135 ei,
2673 5071 2722 5126 si
2745 5070 2846 5142 qui
2870 5067 3419 5143 fuerunt,legalibus
3432 5073 3495 5125 et
3511 5069 3704 5126 eccle-

2034 5159 2536 5231 siasticisjudiciis
2549 5158 2972 5231 supponantur.
2991 5159 3276 5214 Gaaterum
3293 5157 3448 5230 quod
3468 5157 3704 5216 ibidem

2034 5247 2582 5320 subsequitur,quia
2597 5248 2798 5303 eadem
2823 5247 3540 5304 feminasecundumsuas
3554 5247 3708 5303 mul-

2036 5342 2126 5393 tas
2157 5336 2579 5409 postulationes
2609 5336 2846 5408 publica
2885 5335 3238 5408 paenitentiae
3286 5333 3710 5393 satisfactione

2035 5425 2342 5499 purganda
2369 5427 2604 5481 decreta
2632 5429 2740 5492 est,
2776 5425 2826 5480 si
2875 5425 2934 5480 in
2977 5424 3235 5497 jusdicio
3266 5422 3440 5496 legali
3472 5425 3707 5496 posite,

2035 5514 2459 5570 rationabiliter
2485 5518 2544 5570 et
2564 5515 2726 5585 juste
2756 5513 2901 5569 illud
2933 5513 3136 5579 evasit,
3161 5511 3377 5569 comite
3413 5514 3710 5584 aequitate

2033 5603 2119 5660 vel
2154 5601 2529 5673 indulgentia:
2577 5604 2812 5674 pietate,
2847 5605 2992 5659 bene
3031 5606 3328 5674 utcunque
3379 5618 3443 5658 se
3485 5599 3710 5670 lubet,
