3896 6182
187 343 308 404 63H
1117 344 1219 405 DE
1262 343 1642 409 DIVORTIO
1686 341 2054 406 LOTHARII
2099 343 2200 404 ET
2242 343 2710 411 'I‘ETBEltG/E.
3487 351 3608 412 διε

185 477 270 533 ita
288 481 496 532 tamen
517 479 584 532 ut
600 479 807 532 contra
825 475 1168 548 Apostolum
1197 475 1432 533 licentia
1459 477 1845 550 separationis
1871 481 1926 548 Α
1958 481 2194 550 propter
2213 477 2470 549 pondera
2489 479 2862 549 peccatorum
2879 495 3120 536 suorum
3144 497 3324 538 manu
3343 499 3454 539 sua
3473 483 3612 544 sub.

185 565 320 636 ejus
351 565 706 622 scandalum
757 582 872 621 non
921 566 1024 621 fiat
1065 566 1346 644 infirmis,
1373 571 1432 623 et
1457 567 1646 622 virum
1678 584 1854 622 suum
1963 566 2247 638 scriptum
2279 566 2498 638 synodo
2549 583 2726 622 sacrae
2769 567 3042 639 porrexit,
3076 568 3202 642 ipse
3223 571 3395 641 juxta
3423 571 3604 629 libelli

188 653 480 710 mcechari
514 671 631 710 non
663 653 875 711 faciat:
901 654 993 710 sin
1015 659 1234 721 autem,
1258 656 1462 715 audire
1490 673 1625 712 cum
1658 657 1853 711 fauto-
1960 659 2222 712 tenorem
2253 655 2556 712 confessus
2595 647 2775 711 testes
2825 655 3114 723 adhibuit,
3145 663 3204 712 et
3231 658 3314 714 sic
3345 660 3605 731 demum,

187 741 356 798 ribus
385 742 523 800 suis
566 742 816 816 apostoli
863 743 1041 799 verba
1086 743 1371 800 debuerat
1403 761 1418 800 :
1449 747 1641 801 Petitis
1667 753 1720 801 et
1745 760 1856 800 non
1963 745 2290 800 secundum
2316 744 2744 800 confessionem
2765 761 2934 800 suam
2955 746 3204 801 testibus
3235 751 3293 802 et
3321 749 3611 822 scriptura

185 831 469 902 accipitis,
500 845 564 886 eo
593 829 734 902 quod
761 830 906 886 male
930 833 1128 903 petatis
1165 833 1301 900 (Jac.
1335 847 1413 901 Iv,
1446 833 1500 905 3)
1526 850 1540 900 ;
1573 833 1851 905 quoniam
1964 832 2649 906 subnixam,utjudicum
2671 833 2988 890 electorum
2993 833 3220 906 judicio
3241 836 3610 896 aministerio

186 935 314 992 quae
335 935 404 976 se
425 919 588 992 apud
607 935 805 992 regem
829 923 886 975 et
903 919 1130 977 nobiles
1151 919 1331 978 laicos
1361 926 1734 978 accusaverat
1753 939 1858 995 per
1963 921 2279 996 episcOpali
2312 921 2604 978 recederet
2625 923 2978 978 sententiam
3003 923 3343 995 synodalem
3365 927 3608 998 accepit,

187 1007 755 1080 scripturam,sicuti
778 1009 1104 1064 secundum
1117 1007 1277 1082 leges
1297 1011 1592 1066 Romanas
1607 1011 1857 1082 quisque

190 1101 440 1156 accusat
470 1096 653 1153 alium
689 1097 800 1153 sub
832 1097 1164 1154 conditione
1189 1099 1411 1155 eisdem
1444 1098 1673 1172 legibus
1705 1100 1856 1154 desi-

189 1189 772 1259 gnata,consequens
794 1203 909 1242 non
931 1187 1163 1242 videtur
1173 1191 1240 1243 ut
1261 1188 1334 1243 ab
1350 1187 1444 1244 his
1464 1187 1727 1261 legalitcr
1741 1205 1856 1244 non

184 1273 576 1346 judicata,vel
606 1273 972 1348 indulgentia
1001 1275 1342 1349 principalis
1375 1277 1676 1333 sententiae
1696 1279 1862 1332 abso~

191 1362 330 1430 luta,
367 1363 452 1418 ab
484 1363 775 1436 episcopis
819 1365 1163 1435 pcenitentia
1192 1365 1430 1438 publica
1460 1365 1729 1421 mulctari
1759 1367 1858 1422 de-

191 1451 407 1519 buerit,
432 1469 574 1508 cum
601 1452 661 1506 in
685 1451 910 1523 judicio
940 1452 1207 1525 legaliter
1229 1454 1515 1527 disposito
1535 1455 1710 1510 etiam
1734 1471 1858 1510 car-

193 1540 394 1598 niﬁces
415 1541 648 1613 absque
668 1541 894 1614 prolato
907 1542 1134 1613 judicio
1159 1559 1320 1598 reum
1345 1543 1416 1599 ad
1440 1548 1858 1604 tormentanon

191 1629 569 1704 pertrahunt,
581 1647 688 1688 nec
717 1630 844 1687 sine
873 1630 1242 1704 indulgentia
1270 1632 1579 1705 principali
1611 1632 1860 1688 vinculis

191 1719 544 1792 colligatum
595 1720 919 1776 absolvant.
974 1721 1138 1788 Quod
1189 1721 1442 1794 denique
1490 1725 1623 1794 post
1669 1722 1862 1778 valida

1966 1011 2133 1080 abiit,
2160 1015 2218 1067 et
2237 1011 2496 1067 recessit.
2519 1013 2881 1083 Quapropter
2900 1011 3162 1068 dicentes
3191 1013 3330 1081 talia
3349 1013 3524 1070 etiam
3545 1031 3615 1070 ex

1967 1100 2578 1156 nostrainsinuatione
2598 1105 2972 1172 cognoscant,
2997 1102 3152 1173 quod
3179 1103 3251 1157 de
3272 1102 3613 1160 Christiana)

1966 1189 2240 1244 doctrinae
2271 1206 2383 1244 usu
2414 1187 2683 1259 ignorare
2715 1206 2829 1244 non
2859 1195 3129 1262 possunt,
3149 1191 3427 1263 quoniam
3460 1191 3617 1248 sicut

1967 1277 2122 1334 alius
2149 1277 2313 1346 ordo,
2335 1277 2417 1332 ita
2447 1281 2503 1332 ct
2534 1276 2648 1332 alia
2676 1293 2855 1332 causa
2881 1282 2939 1332 et
2969 1278 3059 1333 lex
3087 1294 3275 1335 causa:
3303 1280 3412 1335 viri
3443 1285 3533 1336 est
3559 1285 3618 1336 et

1970 1364 2250 1436 uxoris,et
2265 1365 2380 1422 alia
2398 1382 2512 1420 non
2540 1364 2730 1421 solum
2751 1365 3030 1438 episcopi,
3045 1384 3246 1423 verum
3272 1369 3613 1442 presbyteri,

1969 1458 2143 1526 atque
2163 1453 2587 1522 diaconi.Nam,
2602 1456 2843 1511 docente
2865 1456 3198 1528 evangelica
3219 1462 3277 1514 et
3299 1459 3617 1530 apostolica

1966 1543 2207 1599 veritate
2242 1561 2254 1599 :
2293 1545 2385 1600 Vir
2427 1559 2539 1599 non
2580 1544 2740 1600 habet
2782 1551 3091 1616 potestatem
3119 1549 3358 1625 corporis
3387 1550 3497 1614 sui,
3525 1547 3618 1604 sed

1966 1633 2190 1700 mulier,
2223 1641 2276 1688 et
2299 1633 2504 1688 mulier
2529 1649 2641 1688 non
2670 1631 2826 1688 habet
2849 1641 3156 1704 potestatem
3215 1638 3456 1707 corporis
3502 1638 3614 1706 sui,

1966 1721 2060 1776 sed
2089 1723 2195 1776 vir.
2230 1721 2276 1794 (ι
2303 1721 2424 1777 Cor.
2449 1739 2548 1790 vn,
2582 1722 2655 1792 4).
2686 1724 2811 1788 Qua
2837 1725 3125 1794 potestate
3155 1723 3432 1796 corporis,
3466 1724 3620 1781 sicut

190 1807 620 1864 auctoritatum
653 1808 1010 1877 testimonia,
1043 1811 1146 1866 sed
1196 1827 1406 1882 parum
1455 1814 1557 1866 aut
1585 1809 1731 1865 nihil
1760 1809 1862 1865 illa
1887 1853 1936 1921 Β
1971 1814 2241 1866 auctores
2260 1815 2576 1883 exponunt,
2598 1827 2742 1866 usus
2756 1810 3099 1884 genitalium
3124 1812 3620 1886 designatur,qui-

193 1911 310 1921 ρ...-
339 1896 410 1921 ,Ιιι
437 1897 678 1921 ..-Δι’-ι-
714 1899 927 1921 ἓ.....ἔ--
968 1902 1086 1921 --ι-
1121 1904 1258 1921 ---ηΔ
1297 1899 1695 1921 -ᾼ..Ω--μ--.ιὶ-
1741 1898 1855 1921 2..--
1973 1901 2079 1921 l___..
2107 1899 2262 1921 -ι.--ΑΞ
2293 1900 2567 1921 ___:-____
2601 1917 2708 1921 __“
2755 1899 2957 1921 J_l_-_..t
2992 1901 3057 1921 -.1
3096 1900 3236 1921 _I£__
3289 1903 3380 1921 __j
3417 1919 3428 1921 Α
3459 1903 3496 1921 ι’
3543 1901 3608 1921 Α,

191 1911 313 1969 qua:
335 1896 414 1952 de
436 1897 685 1969 praefata
714 1899 936 1954 femina
963 1902 1095 1954 acta
1119 1904 1262 1954 sunt
1292 1898 1859 1965 conﬁrmantia,imo
1888 1896 1936 1921 ”
1971 1901 2082 1958 bus
2103 1899 2265 1957 abuti
2287 1900 2570 1972 conjuges
2601 1917 2715 1955 non
2747 1899 2962 1955 debent
2989 1901 3060 1956 ad
3092 1900 3258 1970 alios,
3285 1903 3385 1958 sed
3415 1903 3500 1958 uti
3530 1901 3618 1959 eis

191 1992 246 2042 et
265 1985 360 2041 his
377 1987 664 2058 quaedam
685 1987 996 2057 contraria,
1021 1987 1240 2043 ibidem
1273 1988 1660 2061 subsequitur
1691 2004 1705 2044 :
1743 1987 1863 2044 uDe

192 2092 322 2148 rege
341 2079 556 2132 autem
579 2080 798 2145 nostro,
823 2081 884 2132 et
901 2079 1031 2149 ejus
1053 2076 1243 2150 fragili
1266 2078 1598 2149 juventute,
1621 2082 1680 2134 et
1701 2076 1863 2132 labili

191 2163 729 2232 incontinentia,ne
749 2164 984 2237 populis
1005 2181 1300 2239 regnoque
1325 2165 1516 2238 ipsius
1537 2165 1862 2238 periculum

1972 1989 2313 2063 nuptialiter
2336 1989 2488 2044 inter
2511 1987 3212 2061 seipsos.Alioquin,sicut
3231 1993 3288 2046 et
3306 1990 3617 2062 Apostolus

1971 2081 2044 2135 de
2065 2095 2126 2133 se
2149 2077 2292 2132 dicit
2311 2081 2365 2146 (l
2393 2077 2618 2149 Comm),
2641 2077 2892 2150 quisque
2921 2078 3106 2134 Deum
3137 2077 3352 2134 timens
3370 2083 3621 2150 potesta-

1970 2169 2087 2222 tem
2113 2167 2291 2222 habet
2311 2167 2635 2239 castigandi
2661 2183 2874 2239 corpus
2895 2183 3092 2234 suum,
3114 2171 3172 2223 et
3191 2167 3455 2223 servituti
3485 2169 3620 2224 sub-

194 2252 430 2318 inferat,
459 2252 694 2308 consuli
713 2253 906 2309 adhuc
928 2271 1144 2327 magna
1165 2254 1483 2311 necessitas
1503 2254 1865 2310 imminetzet
1963 2255 2302 2326 jiciendi,et
2331 2256 2403 2310 ad
2419 2260 2683 2310 mortem
2714 2273 2902 2328 usque
2931 2273 3036 2328 pro
3066 2255 3298 2312 Christo
3326 2257 3618 2324 tradendi,

195 2341 320 2397 ideo
341 2357 729 2414 summopere
742 2341 1335 2416 ﬂagitamus,collegii
1354 2344 1530 2399 vestri
1551 2342 1796 2399 consilio
1808 2345 1863 2398 et

195 2430 427 2487 sincera
447 2431 862 2503 conparatione
883 2449 993 2488 nos
1012 2431 1071 2490 in
1085 2431 1334 2488 Domino
1357 2449 1390 2487 a
1407 2433 1572 2489 vobis
1592 2431 1866 2488 velociter

195 2518 522 2588 consolari,
545 2523 721 2592 atque
741 2519 1116 2587 confortari,»
1137 2520 1392 2576 mirabili
1415 2521 1574 2576 dictu
1601 2521 1864 2598 pendens

197 2607 367 2664 nobis
389 2608 526 2663 visa
544 2612 637 2664 est
654 2607 881 2680 prolata
901 2610 1212 2678 sententia,
1229 2611 1508 2682 quoniam
1529 2627 1656 2683 quae
1671 2610 1862 2683 requi-

197 2701 364 2752 ratur
377 2696 604 2752 exinde
619 2696 942 2754 consolatio
959 2715 1074 2754 non
1093 2701 1402 2770 profertur,
1423 2715 1530 2755 nec
1547 2701 1702 2755 unde
1724 2717 1834 2757 con
1846 2732 1861 2745 -

195 2785 395 2842 silium
408 2785 549 2842 dari
562 2785 772 2842 debeat
785 2787 1241 2842 demonstratur.
1259 2790 1620 2860 Quapropter
1630 2805 1863 2861 expres-

195 2873 316 2930 sius
338 2874 694 2946 interrogati
716 2875 788 2930 ab
813 2873 966 2942 aliis,
991 2875 1038 2930 si
1071 2875 1412 2949 conjugium
1427 2877 1550 2932 haec
1571 2877 1863 2949 copulatio

195 2962 344 3020 inter
363 2963 664 3019 domuum
685 2979 882 3036 regem
908 2969 968 3020 et
987 2980 1140 3036 saepe
1163 2965 1381 3021 dictam
1405 2965 1685 3025 feminam
1711 2965 1864 3023 570

194 3051 405 3118 fuerat,
427 3068 566 3124 quas
582 3051 719 3112 inde
739 3069 907 3109 sacra
922 3053 1270 3109 auctoritate
1286 3055 1526 3109 docente
1549 3055 1862 3122 sentimus,

194 3139 251 3196 in
271 3155 568 3212 processu
598 3139 792 3212 operis
819 3141 1286 3198 ostendemus.Si
1307 3159 1440 3198 vero
1462 3141 1864 3204 concubinalis

1971 2348 2147 2416 atque
2169 2345 2494 2399 secundum
2516 2360 2891 2400 communem
2907 2343 3210 2400 aclicitum
3225 2361 3400 2400 usum
3413 2350 3621 2402 cetera

1972 2433 2237 2488 membra
2284 2449 2394 2488 sua
2442 2432 2733 2500 movendi,
2794 2436 2852 2488 et
2897 2431 3156 2505 corporis
3205 2434 3360 2490 580
3415 2449 3617 2490 curam

1971 2521 2180 2594 agendi
2201 2521 2393 2576 habet.
2417 2521 2536 2576 Sub
2559 2537 2674 2592 quo
2699 2538 2875 2576 sensu
2897 2519 3054 2577 idem
3073 2521 3388 2594 Apostolus
3417 2522 3618 2596 sequi-

1970 2614 2068 2664 tur
2099 2625 2112 2665 :
2146 2610 2210 2664 Et
2236 2610 2464 2681 alligata
2492 2618 2570 2665 est
2603 2611 2807 2666 mulier
2836 2611 2951 2678 lege
2977 2612 3090 2665 viri
3116 2610 3362 2683 quandiu
3390 2613 3478 2667 vir
3503 2613 3620 2685 ejus

1969 2699 2425 2754 υίιτενίιεηῑονιειιο
2453 2707 2634 2753 autem
2661 2700 2779 2754 viro
2807 2700 2988 2754 soluta
3007 2707 3086 2754 est
3111 2717 3146 2753 α
3177 2700 3290 2771 lege
3315 2701 3624 2769 viri,nubat

1971 2788 2064 2842 cui
2108 2787 2245 2852 vult,
2295 2793 2508 2841 tantum
2554 2787 2612 2842 in
2658 2787 2889 2842 Domino
2939 2787 2986 2859 (1
3009 2789 3130 2842 Cor.
3161 2803 3261 2856 vn,
3292 2787 3404 2860 27).
3437 2789 3509 2844 Et
3533 2788 3623 2844 vir

1971 2891 2086 2930 non
2121 2877 2311 2946 potest
2357 2890 2596 2930 uxorem
2647 2890 2815 2929 suam
2846 2874 3144 2930 dimittere
3173 2891 3523 2947 quacunque
3547 2877 3620 2932 de

1971 2979 2170 3029 causa,
2203 2967 2261 3018 et
2289 2961 2451 3018 nulla
2476 2962 2592 3018 alia
2621 2961 2733 3018 nisi
2762 2961 2890 3018 sola
2917 2961 3318 3019 fornicationis
3339 2979 3535 3032 causa,
3561 2967 3620 3020 et

1971 3052 2020 3108 si
2052 3051 2343 3108 dimiserit
2372 3067 2524 3118 eam,
2555 3050 2781 3107 vivente
2809 3050 2911 3106 illa
2935 3067 3052 3106 non
3084 3055 3278 3124 potest
3306 3051 3483 3108 aliam
3514 3052 3622 3107 du-

1971 3156 2121 3208 cere,
2155 3157 2260 3195 nec
2291 3139 2393 3194 illa
2420 3139 2544 3195 viro
2573 3155 2680 3195 suo
2717 3139 2944 3196 vivente
2995 3137 3160 3195 alteri
3209 3139 3450 3211 nubere,
3481 3140 3620 3212 quia

193 3228 560 3298 commistio,
574 3227 663 3284 vel
683 3229 1024 3286 incestualis
1047 3229 1294 3304 pollutio
1314 3231 1619 3299 exstitit,et
1631 3231 1858 3300 exinde,
1891 3223 1934 3290 C
1972 3228 2256 3300 scriptum
2277 3232 2366 3284 est
2388 3245 2402 3284 :
2428 3228 2578 3296 Quod
2609 3229 2748 3284 Deus
2774 3229 3066 3300 conjunxit
3087 3228 3244 3286 homo
3272 3243 3384 3284 non
3410 3237 3623 3300 separet

195 3334 321 3390 qua
352 3319 418 3374 in
451 3318 646 3374 sacris
673 3319 905 3392 paginis
932 3317 1266 3376 invenimus
1293 3319 1554 3390 collecta,
1571 3326 1859 3377 monstra-

193 3406 413 3464 bimus.
449 3407 700 3464 Interim
731 3411 928 3464 tamen
970 3407 1152 3480 hujus
1179 3408 1322 3464 tomi
1353 3409 1696 3482 scriptorem
1727 3427 1860 3466 cum

191 3497 360 3553 venia
390 3512 867 3565 commonemus,
901 3497 1041 3569 quia
1067 3497 1252 3554 tutius
1294 3499 1480 3554 fuerat
1527 3503 1862 3571 exspectare

193 3589 368 3658 atque
399 3589 676 3658 expetere
713 3584 942 3659 collegii
989 3585 1278 3659 generalis
1329 3586 1640 3644 consilium
1672 3603 1740 3643 ex
1769 3587 1862 3649 his

194 3687 318 3743 quae
348 3671 431 3728 de
462 3671 746 3744 praedicta
799 3671 1020 3728 femina
1065 3677 1230 3746 gesta
1288 3679 1448 3742 sunt,
1479 3678 1539 3730 et
1567 3673 1627 3730 in
1658 3676 1860 3731 eodem

193 3759 470 3827 consilio,
507 3761 665 3832 quod
697 3777 853 3816 nunc
884 3762 1202 3834 requiritur
1231 3765 1300 3819 de
1333 3765 1548 3819 domno
1580 3780 1712 3837 rege
1732 3781 1866 3820 con-

194 3847 395 3906 silium
447 3851 775 3920 caperetur,
805 3867 987 3922 quam
1023 3868 1201 3918 nunc,
1225 3857 1291 3908 ut
1312 3870 1380 3908 ex
1400 3853 1643 3926 antiquo
1675 3853 1865 3910 solent

194 3936 604 4008 proverbiales
625 3937 835 4005 dicere,
860 3943 994 4010 post
1013 3943 1422 4012 tempestatem
1441 3941 1750 3998 buccinam
1772 3941 1860 3997 in-

195 4042 436 4093 sonare,
461 4025 601 4097 quia
630 4026 918 4100 scriptum
947 4033 1071 4084 est:
1096 4029 1387 4102 Palpebrze
1415 4037 1528 4087 tua?
1551 4031 1867 4102 prazcedant

194 4131 420 4183 gressus
454 4122 573 4170 tuo:
603 4118 786 4183 (Prov.
829 4133 908 4188 ιν,
937 4119 1032 4186 26)
1056 4134 1070 4184 ;
1104 4122 1162 4172 et
1191 4135 1205 4174 :
1241 4118 1440 4174 Omnia
1466 4121 1558 4190 fac
1581 4135 1708 4175 cum
1735 4135 1862 4177 con-

191 4205 344 4274 silio,
379 4212 443 4262 et
463 4212 587 4276 post
611 4207 820 4276 factum
845 4223 960 4261 non
1003 4208 1288 4280 pamitebis
1317 4209 1508 4280 (Ecclt'.
1538 4225 1714 4276 xxxu,
1747 4211 1860 4280 24).

675 4339 684 4346 ’
721 4329 794 4385 IN
800 4329 1265 4422 TERROGA'l‘IO
1308 4331 1358 4388 II

264 4435 349 4492 De
381 4452 458 4491 eo
487 4435 646 4508 quod
672 4436 840 4493 nobis
871 4437 1157 4510 scriptum
1189 4443 1280 4494 est
1316 4439 1603 4510 quosdam
1648 4439 1860 4508 dicere,

196 4524 488 4598 quoniam
518 4525 591 4580 ad
620 4524 809 4581 instar
854 4530 1087 4584 secreta:
1136 4527 1520 4584 confessionis
1563 4529 1860 4601 quondam

194 4591 425 4669 Dbonis
449 4611 730 4686 episcopi,
746 4615 817 4671 de
839 4616 1202 4688 argumentis
1221 4616 1402 4688 hujus
1424 4591 1863 4674 causmlatentis
1898 4591 1940 4655 θ

195 4717 263 4756 ex
295 4701 673 4758 confessione
703 4704 955 4775 praefata:
987 4703 1214 4762 feminae
1247 4706 1455 4762 debeat
1475 4705 1753 4778 judicari.

828 4810 1246 4868 RESPONSIO.

269 4916 452 4970 Forte
471 4915 606 4972 laici
627 4920 688 4972 et
706 4917 1048 4989 hujusmodi
1080 4917 1350 4974 homines
1390 4919 1614 4988 dicunt,
1638 4917 1739 4990 qui
1771 4936 1862 4974 ec-

195 5003 570 5060 clesiasticas
593 5003 754 5077 leges
774 5005 1067 5077 ignorant,
1081 5010 1139 5063 et
1157 5007 1472 5080 episcopali
1495 5012 1635 5063 tunc
1650 5012 1866 5079 tempo-

199 5091 284 5148 ris
306 5109 434 5148 non
456 5092 771 5149 interfuere
783 5095 1034 5165 judicio,
1057 5096 1158 5150 sed
1181 5112 1308 5168 quae
1339 5100 1470 5152 acta
1498 5100 1639 5151 sunt
1657 5095 1862 5152 auditu

196 5180 536 5253 conjiciunt
559 5181 792 5238 vitioso.
817 5183 978 5240 Unde
1004 5201 1133 5256 nos,
1157 5184 1256 5257 qui
1288 5185 1348 5239 in
1379 5185 1583 5240 eodem
1613 5184 1862 5240 concilio

193 5269 456 5336 fuimus,
477 5274 636 5326 certa
657 5270 883 5338 notitia,
908 5277 966 5328 et
983 5289 1053 5328 ex
1071 5273 1293 5328 eisdem
1315 5273 1496 5346 gestis
1525 5272 1866 5344 episcopali-

193 5357 334 5424 bus,
369 5361 435 5413 et
459 5357 560 5413 illo
589 5357 720 5430 ipso
752 5359 968 5433 scripto
998 5361 1154 5430 quod
1183 5361 1302 5416 Ebo
1331 5377 1511 5416 manu
1543 5377 1653 5417 sua
1673 5361 1866 5416 ﬁrma-

191 5450 328 5503 tum
353 5445 608 5504 concilio
629 5447 1207 5520 protulitpstendere
1226 5449 1710 5522 possumus,quia
1727 5467 1866 5522 pra:—

190 5534 366 5592 fatus
383 5533 699 5608 episcopus
721 5535 782 5592 in
803 5539 1026 5610 synodo
1047 5541 1359 5596 accusatus
1370 5537 1602 5610 judices
1619 5538 1730 5594 sibi
1749 5537 1862 5594 ele-

191 5626 306 5700 git,
343 5621 620 5684 libellum
645 5625 722 5685 de
753 5628 1079 5690 secessione
1109 5645 1146 5687 a
1173 5627 1499 5688 ministerio
1543 5628 1864 5706 pontiﬁcali

1971 3317 2173 3388 (Matth.
2196 3333 2252 3382 x,
2283 3315 2359 3388 9).
2395 3315 2551 3370 Deus
2598 3314 2754 3370 enim
2787 3316 3110 3387 conjunxit,
3143 3333 3321 3372 unam
3353 3317 3620 3374 faciendo

1971 3421 2206 3462 carnem
2226 3403 2334 3460 viri
2354 3409 2414 3460 et
2434 3403 2683 3460 feminis.
2709 3405 2866 3460 llanc
2886 3404 3060 3460 homo
3091 3421 3208 3460 non
3239 3409 3433 3478 potest
3460 3422 3620 3478 sepa-

1971 3511 2119 3562 rare,
2142 3493 2254 3549 nisi
2279 3493 2440 3549 solus
2461 3493 2705 3550 forsitan
2724 3493 2898 3549 Deus.
2923 3494 3106 3550 Homo
3121 3496 3620 3568 separat,quando

1970 3588 2206 3655 propter
2228 3582 2584 3638 desiderium
2617 3582 2886 3638 secundae
2917 3582 3116 3639 uxoris
3143 3583 3395 3655 primam
3425 3583 3622 3639 dimit-

1970 3673 2044 3726 tit
2076 3689 2088 3727 :
2124 3672 2280 3726 Deus
2327 3675 2581 3742 separat,
2613 3671 2713 3743 qui
2765 3675 2823 3726 et
2853 3671 3250 3742 conjunxerat,
3283 3673 3520 3744 quando
3551 3689 3621 3730 ex

1973 3777 2260 3815 consensu
2279 3764 2512 3831 propter
2539 3759 2875 3816 servitutem
2893 3759 3015 3828 Dei,
3034 3777 3100 3816 eo
3117 3761 3272 3832 quod
3295 3765 3528 3833 tempus
3557 3760 3618 3814 in

1973 3853 2132 3904 arcto
2163 3848 2260 3920 sit,
2294 3847 2379 3902 sic
2412 3847 2589 3902 habet
2618 3865 2859 3904 uxorem
2892 3848 3060 3920 quasi
3093 3865 3207 3904 non
3239 3848 3482 3906 habens.
3517 3851 3619 3906 Se-

1972 3943 2140 4011 parat
2169 3942 2366 3994 autem
2398 3937 2574 4005 Deus,
2599 3954 2714 3993 non
2747 3956 2780 3993 a
2811 3939 3063 3995 maritali
3085 3943 3143 3996 et
3172 3956 3386 3996 uxores
3417 3956 3622 3996 secun—

1973 4028 2314 4083 dum'Deum
2329 4027 2477 4082 inita
2490 4028 2919 4098 conjunctione,
2936 4029 3035 4084 sed
3053 4045 3088 4084 a
3102 4029 3320 4086 carnali
3342 4045 3623 4086 commer-

1971 4117 2061 4172 cio
2083 4120 2140 4171 et
2159 4114 2356 4172 uxorei
2378 4132 2522 4170 usus
2545 4115 3142 4182 commistione.Quod
3164 4116 3213 4173 si
3236 4117 3480 4173 sufferre
3503 4134 3619 4176 non

1973 4209 2240 4278 possunt,
2263 4221 2378 4260 non
2401 4221 2464 4259 se
2486 4204 2830 4260 fraudentur
2850 4205 2922 4260 ab
2941 4204 3208 4273 invicem,
3233 4205 3344 4260 nisi
3378 4207 3524 4260 forte
3543 4206 3618 4262 ad

1971 4298 2226 4366 tempus,
2252 4298 2318 4348 ut
2336 4297 2540 4348 vacent
2559 4291 2828 4360 orationi,
2851 4297 2907 4348 ct
2928 4293 3140 4348 iterum
3163 4297 3530 4348 revertantur
3558 4293 3618 4348 in

1973 4383 2254 4456 idipsum,
2279 4386 2344 4438 ut
2364 4399 2476 4438 non
2501 4383 2800 4438 tentantur
2817 4399 2852 4436 a
2873 4382 3088 4437 Satana
3107 4385 3345 4453 propter
3371 4380 3620 4438 inconti-

1974 4471 2255 4528 nentiam.
2290 4471 2354 4526 In
2385 4471 2556 4542 cujus
2585 4469 2968 4526 tentationem
3000 4485 3102 4542 per
3130 4468 3618 4526 incontinentiam

1974 4561 2246 4632 quisquis
2275 4576 2477 4616 eorum
2509 4558 2893 4614 adulterando
2923 4557 3215 4626 inciderit,
3241 4559 3504 4614 antidoto
3533 4575 3623 4616 sa-

1971 4635 2160 4705 lub'ris
2179 4647 2530 4722 poenitentia:
2555 4647 2875 4703 remedium
2900 4647 3306 4720 pmnitendi,et
3325 4663 3428 4720 per
3444 4647 3623 4705 cccle-

1971 4737 2271 4794 siasticam
2295 4737 2702 4795 auctoritatem
2723 4736 3003 4810 consequi
3033 4736 3444 4810 perfectionem
3473 4737 3622 4795 vale-

1971 4826 2079 4880 bit.
2105 4825 2420 4897 Episcopos
2441 4829 2658 4890 autem,
2682 4826 3070 4898 presbyteros,
3095 4825 3184 4882 vel
3205 4826 3616 4900 diaconos,qui

1973 4914 2205 4970 mortali
2227 4913 2472 4970 crimine
2493 4915 2744 4970 dixerint
2765 4931 2828 4970 se
2847 4931 2974 4972 esse
2993 4914 3269 4988 pollutos,
3294 4917 3617 4971 secundum

1970 5001 2340 5058 Valentinum
2364 5003 2664 5075 Synodum
2687 5003 2912 5075 (came),
2939 5020 2972 5058 a
3001 5004 3355 5076 supradictis
3385 5002 3618 5058 ordina-

1975 5092 2233 5147 tionibus
2253 5090 2503 5163 legimus
2524 5091 2975 5164 submovendos,
2998 5109 3126 5148 reos
3143 5092 3365 5148 scilicet
3392 5090 3480 5146 vel
3500 5089 3618 5144 veri

1971 5181 2356 5248 confessione,
2379 5181 2468 5235 vel
2492 5181 2797 5237 mendacio
2821 5181 3115 5236 falsitatis.
3133 5181 3332 5252 Neque
3346 5179 3501 5234 enim
3523 5177 3620 5233 ab.

1973 5271 2113 5326 solvi
2147 5275 2337 5342 potest
2367 5271 2468 5343 qui
2499 5271 2558 5325 in
2591 5271 2852 5344 seipsum
2883 5269 3090 5327 dixerit
3118 5269 3324 5324 mortis
3353 5284 3616 5336 causam,

1971 5377 2101 5431 qua:
2123 5360 2281 5416 dic-ta
2318 5360 2378 5415 in
2415 5359 2596 5415 alium
2629 5361 2953 5433 puniretur,
2985 5376 3119 5414 cum
3149 5358 3342 5414 omnis
3370 5358 3472 5430 qui
3504 5357 3619 5414 sibi

1972 5449 2148 5504 fuerit
2172 5449 2378 5506 mortis
2399 5465 2578 5506 causa
2597 5450 2786 5522 major
2813 5448 3108 5504 homicida
3137 5449 3425 5514 sit.Quam
3457 5463 3618 5502 mor-

1972 5540 2090 5594 tem
2113 5543 2354 5595 sanctus
2377 5539 2740 5614 Augustinus
2763 5537 2821 5592 in
2844 5537 3133 5592 sententia
3167 5537 3615 5594 Deuteronomii:

1971 5627 2036 5687 Si
2059 5627 2422 5704 deprch
2450 5630 2623 5702 fuerit
2645 5627 2800 5685 homo
2837 5626 3139 5685 sollicitam
3187 5627 3417 5701 fratrem
3455 5641 3622 5689 suum
