3896 6182
337 241 456 302 643

1241 288 1255 302 ,
1275 233 1662 295 HINCMARI
1709 230 2160 293 BllEMENSlS
2205 229 2820 292 ARCHIEPISCOPI.

3571 236 3670 298 644

325 371 400 434 de
425 369 562 440 ﬁliis
591 367 780 434 Israel,
809 375 862 423 et
889 367 1106 422 vendito
1121 383 1181 422 eo
1212 369 1484 439 accipiens
1513 367 1986 438 pretium,interﬁ-
2016 368 2070 434 Α
2101 364 2506 431 sacerdotis,et
2519 363 2631 419 alia
2643 361 3136 436 causaestplebis,
3160 361 3376 434 aliaque
3388 367 3672 436 pastoris,et

333 461 526 523 cietur,
555 463 606 512 et
631 458 845 528 auferes
873 456 1083 510 malum
1115 455 1179 510 de
1205 456 1380 512 medio
1410 458 1497 511 tui
1523 457 1698 527 (Deut.
1733 473 1881 522 χθων,
1904 457 1982 522 7),

327 547 444 605 isto
467 546 640 601 modo
660 545 894 617 exponit
915 545 1116 599 dicens
1141 561 1153 600 :
1193 566 1220 594 ‹‹
1253 545 1501 600 Assidue
1533 545 1640 600 hoc
1669 545 1811 599 dicit
1841 543 1988 600 Scri-

329 637 525 706 ptura,
557 649 691 688 cum
713 633 888 704 jubet
916 633 1100 687 occidi
1135 632 1342 687 malos.
1369 635 1494 697 Qua
1519 631 1809 687 locutione
1843 648 1986 687 usus

330 727 420 778 est
446 723 623 778 etiam
642 721 956 794 Apostolus
979 738 1113 777 cum
1137 721 1356 776 diceret
1379 739 1392 776 :
1420 721 1560 789 Quid
1579 723 1730 776 enim
1757 722 1900 776 mihi
1921 719 1988 776 de

301 813 417 867 .his
446 813 542 884 qui
569 813 709 882 foris
735 819 866 866 sunt
883 811 1140 882 judicare
1155 810 1448 866 anmcde
1463 810 1552 864 his
1573 811 1668 882 qui
1698 811 1844 865 intus
1860 815 1989 866 sunt

327 917 418 956 vos
441 900 706 972 judicatis
725 903 752 953 γ
780 901 991 970 auferte
1019 900 1231 954 malum
1255 915 1326 953 ea:
1356 898 1504 952 vobis
1535 899 1670 968 ipsis
1697 901 1744 970 (I
1773 899 1894 954 Cor.
1925 916 1980 966 v,

331 989 439 1056 12).
463 988 544 1042 Ex
572 1004 688 1060 quo
719 992 962 1060 apparet
991 1003 1127 1042 eum
1157 987 1416 1042 voluisse
1445 985 1714 1058 intelligi,
1748 987 1848 1059 qui
1877 987 1982 1042 ali-

328 1075 468 1148 quid
489 1075 606 1132 tale
626 1074 923 1132 commisit
939 1079 1004 1130 ut
1022 1075 1624 1132 excommunicatione
1646 1076 1862 1150 dignus
1883 1075 1980 1132 sit.

329 1165 446 1222 Hoc
494 1165 652 1220 enim
705 1181 862 1220 nunc
903 1165 1024 1236 agit
1053 1163 1114 1220 in
1144 1163 1405 1220 Ecclesia
1433 1164 1982 1234 excommunicatio,

330 1253 487 1325 quod
510 1253 720 1325 agebat
739 1257 881 1308 tunc
913 1253 1260 1309 interfectio.
1285 1253 1380 1308 Sic
1403 1257 1459 1309 et
1480 1254 1636 1325 quod
1668 1252 1826 1326 leges
1847 1253 1984 1309 civi-

329 1340 414 1397 les
445 1340 768 1397 ministerio
799 1341 1133 1414 reipublicae
1163 1345 1349 1396 morte
1379 1343 1790 1412 condemnant,
1823 1340 1982 1414 leges

327 1429 733 1486 ecclesiasticae
778 1429 1213 1501 degradationis
1241 1429 1327 1485 vel
1361 1429 1982 1486 excommunicationis

320 1519 545 1589 judicio
567 1519 840 1591 puniunt.
861 1521 918 1574 ln
942 1519 1232 1574 Africanis
1255 1535 1486 1591 quoque
1509 1519 1982 1591 canonibuslegi-

329 1625 463 1663 mus
487 1624 500 1663 :
538 1609 600 1664 Ut
626 1610 925 1680 episcopus,
946 1610 1043 1678 qui
1068 1624 1126 1662 se
1155 1609 1582 1664 communicasse
1609 1625 1719 1663 non
1749 1625 1981 1664 commu-

326 1696 576 1752 nicandis
605 1713 770 1768 super
795 1714 854 1752 se
899 1699 1157 1752 mentitus
1199 1698 1388 1768 fiwrit,
1421 1699 1786 1770 episcopatum
1815 1701 1977 1753 amit-

325 1793 421 1841 tat.
484 1785 636 1841 Uxor
693 1790 892 1840 autem
953 1802 987 1839 a
1044 1785 1168 1840 viro
1227 1785 1329 1841 tali
1389 1785 1642 1842 colludio
1723 1787 1979 1859 separari

326 1891 440 1929 non
473 1878 684 1946 potest.
719 1875 841 1928 lluc
871 1873 1095 1929 accedit
1141 1876 1298 1946 quod
1349 1875 1623 1946 superius
1672 1875 1846 1947 paulo
1871 1892 1979 1948 po-

324 1963 578 2034 suimus,
627 1963 962 2034 episcopus,
1015 1963 1336 2034 presbyter,
1387 1963 1476 2018 vel
1536 1963 1818 2019 diaconus
1875 1965 1976 2019 ab-

325 2051 467 2106 solvi
513 2068 630 2106 non
681 2055 895 2123 potest,
929 2051 1026 2122 qui
1061 2051 1121 2106 in
1154 2069 1216 2107 se
1245 2052 1454 2108 mortis
1479 2069 1718 2108 causam
1745 2052 1976 2120 dixerit,

325 2157 451 2212 quas
511 2141 669 2196 dicta
724 2139 784 2194 in
842 2139 1025 2194 alium
1103 2139 1428 2212 puniretur.
1493 2141 1779 2206 Quoniam
1855 2141 1975 2196 haec

325 2244 505 2284 causa
563 2229 636 2284 ab
694 2228 804 2284 bac
863 2227 1128 2295 muliere,
1183 2232 1250 2283 ut
1314 2228 1519 2300 fertur,
1565 2228 1623 2282 in
1676 2245 1739 2284 se
1788 2229 1973 2284 solam

325 2317 471 2374 58‘!
501 2335 617 2372 non
647 2317 883 2384 dicitur,
909 2335 1036 2389 quae
1077 2316 1264 2372 multo
1308 2318 1496 2388 magis
1527 2317 1584 2372 in
1614 2319 1848 2382 fratrem
1882 2334 1972 2372 re-

323 2405 791 2471 fertur..ldeirco,
814 2422 918 2476 pro
953 2405 1052 2460 tali
1085 2405 1262 2474 dicto,
1288 2411 1601 2476 antequam
1625 2411 1683 2461 et
1708 2423 1810 2478 per
1837 2424 1974 2462 eum

319 2494 406 2550 vel
428 2496 699 2549 confessa
717 2493 802 2547 vel
825 2493 1089 2548 convicta
1123 2493 1407 2548 clarescat
1439 2494 1495 2548 in
1528 2511 1700 2567 quem
1737 2495 1973 2550 relative

321 2582 625 2650 relabitur,
659 2583 918 2653 separari
975 2599 1090 2636 non
1146 2588 1356 2654 potest.
1393 2584 1503 2638 Sed
1551 2589 1609 2638 et
1639 2584 1970 2655 episcopus,

323 2672 642 2744 presbyter,
666 2671 754 2726 vel
779 2671 1084 2738 diaconus,
1111 2689 1222 2726 non
1265 2673 1346 2726 ita
1379 2677 1444 2726 ut
1465 2673 1621 2727 viret
1645 2691 1804 2740 uxor,
1829 2673 1877 2728 si
1911 2673 1970 2729 in

320 2760 598 2832 laqueum
622 2765 680 2816 et
701 2759 1082 2816 tentationem
1107 2759 1319 2815 diaboli
1351 2759 1684 2830 inciderint,
1717 2780 1820 2834 per
1849 2780 1970 2818 ma-

321 2865 435 2905 nus
465 2849 901 2922 impositionem
934 2850 1257 2905 remedium
1292 2855 1540 2922 possunt
1569 2843 1832 2924 accipere
1859 2870 1974 2924 ρω-

320 2938 592 2994 nitendi:
641 2940 742 2994 sed
795 2938 950 2994 sicut
999 2941 1112 2994 Leo
1159 2939 1363 2995 scribit
1409 2941 1583 3012 (epist.
1617 2941 1706 3008 95,
1741 2958 1858 3012 cap.
1889 2945 1968 3008 2),

322 3027 660 3100 hujusmodi
697 3018 880 3101 lapsis
908 3029 978 3084 ad
1009 3029 1457 3100 promerendam
1508 3027 1968 3084 misericordiam

2095 451 2211 508 alia
2225 453 2514 526 gregis.Et
2526 453 2742 508 secund
2753 468 2849 507 um
2863 451 3262 507 auctoritatem
3279 454 3675 523 canonicam,vir

2095 547 2152 597 et
2168 541 2579 609 mulier,etiam
2601 558 2778 597 causa
2801 539 3198 596 fornicationis
3211 541 3674 614 sejuncti,possunt

2095 634 2301 686 mutua
2325 629 2791 686 reconciliatione
2812 634 2944 702 post
2963 630 3352 702 paenitentiam
3371 630 3426 684 in
3445 633 3672 707 conjugio

2096 719 2322 792 rejungi
2349 739 2361 788 ;
2387 719 2696 792 episcopus
2717 724 2932 786 autem,
2961 718 3048 775 vel
3071 719 3376 791 presbyter,
3396 719 3502 776 sive
3519 722 3672 778 diaco-

2095 825 2226 876 nus,
2243 810 2404 880 juste
2425 814 2482 864 et
2501 809 2826 864 secundum
2847 807 3002 880 leges
3017 806 3426 864 ecclesiasticas
3445 809 3674 882 degrada-

2094 902 2213 965 tus,
2239 899 2312 954 ad
2331 900 2579 971 gradum
2603 915 2718 953 non
2738 897 2889 953 valet
2909 899 3098 954 denuo
3119 897 3388 969 aspirare.
3411 898 3567 970 Legat
3589 900 3671 972 qui

2091 987 2340 1043 voluerit
2359 987 2556 1060 magni
2580 987 2790 1043 Leonis
2809 985 3107 1059 epistolas,
3131 990 3190 1041 et
3203 986 3420 1042 decreta
3433 987 3669 1060 Gregorii,

2091 1077 2150 1132 in
2175 1077 2391 1149 quibus
2411 1075 2665 1132 inveniet
2683 1075 3045 1148 episcopum,
3067 1073 3155 1131 vel
3185 1075 3670 1148 presbyterum,sive

2090 1165 2425 1231 diaconum,
2447 1168 2579 1235 post
2607 1162 3028 1237 depositionem
3062 1162 3392 1220 canonicam
3411 1163 3476 1219 ad
3493 1165 3670 1237 gradus

2091 1253 2516 1310 ecclesiasticos
2561 1251 2918 1326 aspirantem
2963 1251 3164 1308 exsilio
3208 1251 3502 1325 deportari,
3525 1252 3600 1309 vel
3623 1253 3670 1310 in

2091 1343 2446 1399 monasterio
2459 1342 2569 1398 sub
2585 1341 2836 1414 pceniten
2845 1341 2926 1397 tia
2939 1341 3148 1398 debere
3162 1341 3501 1398 detrudi.Est
3509 1341 3670 1412 etiam,

2090 1431 2230 1504 quia
2261 1430 2472 1487 mulier
2497 1431 2620 1486 viro
2648 1448 2762 1486 non
2795 1433 2988 1502 potest
3017 1430 3156 1485 dare
3184 1429 3436 1486 libellum
3465 1431 3668 1502 repudii,

2090 1525 2148 1575 et
2163 1520 2284 1576 viro
2307 1519 2536 1576 mulieri
2559 1521 2698 1574 dare
2722 1518 2985 1575 libellum
3025 1517 3270 1590 repudii,
3293 1519 3436 1590 quod
3467 1517 3668 1590 Moyses,

2088 1614 2146 1664 et
2196 1627 2309 1665 non
2365 1614 2534 1676 Deus,
2568 1608 2878 1680 Evangelio
2929 1613 3096 1676 teste,
3133 1607 3408 1678 permisit,
3437 1607 3670 1662 Dominus

2091 1699 2212 1770 ipse
2231 1697 2561 1771 prohibuit.
2592 1699 2680 1764 Et,
2717 1697 2892 1752 Paulo
2939 1697 3202 1762 docente,
3235 1713 3346 1751 non
3391 1699 3670 1750 atramento

2088 1789 2190 1842 sed
2222 1787 2430 1860 spiritu
2463 1785 2560 1842 Dei
2593 1785 2703 1842 vivi
2736 1785 2826 1841 lex
2858 1785 2916 1840 in
2965 1785 3242 1841 cordibus
3286 1785 3554 1856 justorum
3601 1788 3670 1839 est

2088 1875 2325 1948 scripta,
2359 1875 2626 1947 sacrique
2656 1891 2930 1942 canones,
2964 1879 3030 1929 ut
3075 1875 3284 1930 docent
3337 1873 3592 1928 Damasus
3626 1875 3670 1928 et

2089 1965 2222 2034 Leu,
2247 1965 2448 2019 eodem
2471 1963 2691 2036 Spiritu
2715 1958 2916 2019 saneto
2938 1967 3079 2019 sunt
3097 1961 3330 2030 conditi,
3353 1963 3419 2018 de
3435 1978 3536 2034 quo
3552 1960 3668 2017 scri-

2087 2058 2251 2125 ptum
2283 2056 2399 2108 est:
2433 2053 2674 2124 Spiritus
2703 2054 2886 2108 Patris
2919 2054 3090 2108 vestri
3117 2053 3213 2124 qui
3239 2052 3466 2124 loquitur
3483 2052 3535 2105 in
3552 2050 3668 2106 vobis

2085 2142 2288 2214 (Matth.
2317 2159 2374 2209 x,
2405 2141 2496 2214 20)
2523 2159 2536 2209 ;
2570 2145 2627 2196 et
2659 2157 2672 2197 :
2704 2141 2767 2196 Si
2795 2141 2918 2214 quis
2946 2143 3208 2214 spiritum
3229 2141 3373 2197 582
3392 2139 3571 2195 Christi
3583 2154 3668 2194 non

2084 2231 2264 2298 habet,
2296 2232 2387 2286 hic
2414 2247 2526 2285 non
2551 2237 2632 2286 est
2656 2230 2776 2302 ejus
2804 2230 2977 2302 (Rom.
3009 2248 3134 2298 νιιι,
3166 2230 3222 2301 9)
3247 2247 3262 2296 ;
3293 2228 3594 2299 et:Spiritus
3608 2234 3668 2282 est

2082 2321 2242 2386 Deus,
2277 2323 2352 2386 et,
2383 2321 2482 2374 ubi
2527 2320 2645 2374 vult
2679 2320 2896 2390 spirat;
2924 2323 3000 2387 et,
3033 2318 3234 2374 dividit
3285 2317 3500 2390 singulis
3543 2322 3668 2388 prout

2057 2409 2198 2464 'vult
2227 2410 2274 2488 ρ
2303 2409 2424 2463 Cor.
2457 2425 2556 2473 xu,
2593 2409 2702 2477 11).
2735 2411 2992 2474 Quorum
3039 2407 3379 2464 auctoritate
3405 2419 3663 2469 canonum,

2083 2497 2202 2552 sive
2225 2513 2327 2568 pro
2367 2495 2710 2551 infirmitate
2735 2497 2966 2566 animae,
2990 2497 3112 2553 sive
3144 2513 3246 2570 pro
3275 2494 3511 2568 corporis
3535 2492 3664 2564 egri-

2085 2587 2308 2655 tudine,
2339 2586 2475 2640 dato
2507 2584 2702 2640 libello
2735 2603 2911 2642 manu
2943 2603 3054 2642 sua
3084 2585 3493 2658 subscripto,ab
3520 2581 3667 2637 Eccle-

2083 2673 2190 2742 sia,
2225 2674 2315 2728 eui
2341 2675 2691 2746 praesederat
2715 2675 3048 2747 episcopus,
3083 2679 3141 2730 et
3167 2693 3201 2730 a
3230 2691 3332 2730 suo
3363 2690 3420 2728 se
3449 2668 3664 2744 potest,si

2079 2763 2344 2832 voluerit,
2379 2779 2671 2818 removere
2717 2764 2928 2831 ofﬁcio,
2964 2764 3122 2819 sicut
3165 2764 3364 2819 beatus
3407 2759 3665 2834 Gregorius

2079 2851 2140 2906 in
2171 2851 2296 2907 suis
2327 2851 2628 2908 multoties
2659 2852 2928 2924 designat
2955 2851 3240 2924 epistolis,
3257 2849 3426 2908 veluti
3453 2851 3514 2904 ad
3535 2846 3666 2904 Mari-

2081 2940 2322 2996 nianum
2354 2942 2692 3012 episcopum
2744 2941 3194 3008 Ravennatium,
3223 2945 3279 2998 et
3304 2941 3373 2996 ad
3400 2938 3589 2996 clerum
3614 2950 3665 2990 ac

2079 3029 2306 3102 plebem
2327 3029 2808 3097 Ariminensium,
2833 3046 3060 3085 necnon
3083 3034 3140 3086 et
3160 3031 3231 3086 ad
3259 3027 3558 3085 Anatolium
3573 3023 3664 3079 dia-

324 3117 424 3172 Dei
449 3116 673 3189 privata
697 3122 790 3173 est
817 3118 1138 3189 expetenda
1168 3119 1438 3187 secessio,
1458 3118 1558 3172 ubi
1583 3117 1698 3172 illis
1727 3117 1962 3172 satisfa-
1998 3105 2041 3170 C
2079 3135 2314 3184 conum,
2337 3121 2394 3172 et
2423 3117 2497 3172 ad
2525 3117 2848 3173 .fEtherium
2879 3117 3245 3191 episcopum,
3271 3122 3436 3190 atque
3462 3116 3524 3172 ad
3551 3114 3672 3168 Bru-

324 3205 458 3274 ctio,
483 3206 533 3262 si
573 3206 746 3262 fuerit
784 3207 980 3280 digna,
1014 3207 1092 3262 sit
1122 3207 1298 3262 etiam
1329 3209 1631 3262 fructuosa
1658 3223 1670 3260 :
1701 3223 1804 3262 nec
1837 3223 1964 3278 per-

325 3293 630 3350 fectionem
665 3295 734 3350 ad
769 3296 988 3367 gradus
1021 3295 1300 3350 redeundi
1331 3293 1758 3350 ecclesiasticos
1783 3295 1965 3368 paeni-

324 3384 500 3440 tendo
521 3384 798 3456 consequi
823 3382 1240 3454 prmvalebunt,
1261 3383 1413 3438 sicut
1433 3383 1503 3438 de
1525 3383 1645 3439 viro
1657 3387 1716 3439 et
1728 3385 1964 3454 femina,

325 3472 372 3528 si
395 3470 1306 3538 adulteraverint,communionis
1328 3470 1742 3542 perfectionem
1765 3490 1969 3530 conse-

325 3561 426 3633 qui
459 3565 750 3633 poterunt,
783 3560 1072 3615 scribente
1122 3558 1350 3614 Gelasio
1400 3563 1580 3632 (epist.
1613 3562 1669 3630 6)
1703 3578 1715 3617 :
1753 3561 1971 3634 Hujus-

326 3650 486 3704 modi
534 3649 732 3716 etiam,
768 3649 818 3703 si
869 3647 1016 3702 forte
1064 3647 1483 3719 subrepserint,
1523 3653 1644 3704 tam
1689 3651 1789 3721 qui
1838 3657 1972 3707 ante

325 3736 708 3808 peccaverint,
733 3737 993 3791 detectos
1032 3740 1300 3806 oportere
1330 3737 1562 3808 depelli,
1587 3755 1764 3808 quam
1795 3756 1971 3794 sacrae

325 3824 703 3896 professionis
731 3823 965 3890 oblitos,
1001 3824 1586 3897 praevaricatoresque
1619 3827 1805 3882 sancti
1833 3845 1971 3900 pro-

325 3911 499 3984 positi
555 3911 759 3985 procul
817 3912 996 3968 dubio
1055 3913 1566 3970 submovendas.»
1603 3915 1672 3969 Et
1730 3916 1974 3972 Siricius

325 4004 504 4076 (epist.
533 4003 556 4057 1
599 4001 669 4056 ad
693 4003 1018 4069 Himerium)
1043 4019 1056 4058 :
1092 4025 1118 4051 «
1148 4001 1293 4058 Illud
1327 4019 1564 4075 quoque
1595 4021 1700 4060 nos
1731 4022 1838 4077 par
1869 4005 1978 4061 fuit

324 4091 648 4166 providere,
667 4091 904 4146 utsicut
924 4089 1328 4162 paenitentiam
1351 4108 1521 4164 agere
1551 4093 1828 4166 cuiquam
1861 4112 1976 4150 non

325 4181 666 4239 conceditur
695 4179 1060 4248 clericorum,
1107 4181 1186 4234 ita
1214 4185 1272 4235 et
1305 4185 1436 4251 post
1461 4183 1882 4252 paenitudinem
1912 4200 1978 4238 ac

323 4269 856 4328 reconciliationem
875 4267 1019 4324 nulli
1045 4285 1306 4340 unquam
1330 4268 1478 4324 laico
1500 4269 1671 4326 liceat
1699 4270 1980 4329 honorem

325 4360 638 4416 clericatus
659 4357 936 4430 adipisci:
963 4357 1104 4429 quia
1133 4357 1402 4429 quamvis
1435 4357 1555 4412 sint
1575 4359 1839 4416 omnium
1857 4379 1984 4433 pec.

2078 3205 2392 3262 nicbildem
2426 3207 2686 3278 reginam
2713 3223 2728 3274 ;
2761 3207 2861 3263 sed
2883 3207 3019 3262 etin
3054 3206 3364 3263 Gallicanis
3393 3202 3664 3262 canonibus

2076 3297 2146 3350 de
2205 3295 2464 3350 Potamio
2521 3294 2858 3351 Bracarensi
2920 3295 3354 3368 archiepiscopo
3421 3292 3666 3350 evidenter

2078 3383 2438 3457 agnoscitur.
2471 3385 2596 3439 Non
2627 3388 2820 3440 autem
2861 3384 3136 3457 legimus,
3169 3389 3234 3440 ut
3261 3383 3481 3449 femina,
3509 3377 3663 3445 libello

2079 3472 2354 3546 Synodali
2385 3476 2648 3545 porre‘cto
2679 3473 3008 3541 conventui,
3040 3491 3077 3530 a
3107 3491 3213 3530 suo
3244 3473 3443 3529 debeat
3469 3468 3669 3540 conjuge

2081 3561 2359 3634 separari,
2387 3565 2490 3616 aut
2519 3561 2646 3617 sine
2677 3561 2911 3634 publico
2957 3561 3400 3619 cxaminationis
3435 3555 3622 3632 judicio
3643 3569 3670 3606 ι

2081 3650 2373 3724 conjugali
2395 3651 2580 3706 valeat
2593 3651 2740 3723 jugo
2761 3650 3216 3725 disjungi.Sa2pe
3231 3651 3383 3706 enim
3403 3664 3522 3705 cum
3534 3641 3670 3702 maxi-

2082 3757 2180 3796 ma
2209 3739 2650 3812 importunitate
2700 3739 2976 3797 mulieres
3021 3742 3285 3813 patimur
3326 3737 3671 3796 mclamantes.

2083 3845 2212 3900 qua:
2235 3845 2368 3884 cum
2392 3832 3006 3901 sacramento,quanto
3030 3829 3224 3902 magis
3245 3845 3376 3884 cum
3397 3823 3568 3882 libello
3578 3835 3675 3894 por-

2085 3923 2262 3985 recto,
2297 3918 2592 3973 afﬁrmare
2620 3921 2930 3985 conantur,
2955 3918 3238 3989 quoniam
3269 3916 3370 3972 viri
3398 3914 3488 3988 qui
3515 3907 3674 3967 easle-

2085 4007 2296 4080 galiter
2310 4010 2695 4080 susceperunt
2713 4005 2828 4061 illis
2851 4023 2966 4061 non
2986 3994 3674 4078 possuntconcubitusred-

2087 4096 2223 4152 dere
2245 4095 2530 4165 debitum,
2553 4098 2610 4150 et
2629 4093 2776 4150 alias
2806 4093 3162 4167 multiplices
3185 4095 3524 4168 imposturas
3542 4099 3676 4158 oppo-

2089 4188 2258 4239 nunt.
2287 4183 2374 4238 illi
2415 4199 2548 4238 vero
2597 4187 2834 4238 econtra
2859 4200 2959 4239 eas
2990 4183 3226 4239 mentiri
3259 4183 3530 4245 asserunt,
3557 4175 3675 4230 sicut

2089 4272 2148 4326 in
2175 4271 2376 4328 multis
2399 4271 2479 4326 rei
2500 4272 2842 4342 comprobat
2875 4273 3084 4328 exitus.
3111 4273 3222 4330 Sed
3245 4276 3302 4328 et
3319 4269 3420 4327 viri
3449 4263 3676 4324 uxoribus

2091 4361 2280 4434 plura,
2301 4379 2426 4434 quae
2450 4361 2545 4415 hic
2565 4360 2823 4417 inserere
2839 4361 3250 4434 turpissimum
3265 4355 3675 4432 velsuperﬂuum
3724 4384 3734 4390 -

327 4453 592 4505 catorum
624 4447 966 4520 contagione
1015 4445 1304 4537 mundati,
1340 4445 1502 4501 nulla
1535 4451 1729 4504 tamen
1763 4449 1977 4506 debent
2006 4473 2052 4537 ο
2091 4451 2386 4517 ducimus,
2409 4449 2599 4506 solent
2627 4449 2879 4520 objicere
2905 4468 2918 4519 ;
2943 4450 3162 4522 quibus
3182 4450 3233 4506 si
3260 4439 3677 4537 facilem‘prnebﬁ-

328 4537 717 4609 gerendorum
731 4541 1230 4590 sacramentorum
1247 4535 1638 4592 instrumenta
1654 4539 1971 4611 suscipere,

330 4625 430 4696 qui
453 4625 678 4680 dudum
701 4624 919 4679 fuerint
951 4641 1089 4680 vasa
1126 4624 1425 4680 vitiorum.
1450 4648 1478 4677 »
1504 4627 1572 4680 Et
1597 4625 1748 4682 sicut
1778 4627 1836 4682 in
1869 4629 1974 4684 ali-

331 4727 447 4784 qua
467 4711 726 4783 corporis
757 4715 923 4784 parte
951 4711 1252 4783 praecisus,
1274 4716 1377 4767 aut
1397 4712 1628 4784 publice
1667 4715 1974 4786 pcenitens,

331 4801 400 4856 ad
421 4798 879 4856 ecclesiasticum
903 4801 1149 4872 gradum
1175 4800 1449 4856 canonice
1471 4818 1585 4856 non
1612 4807 1800 4874 potest
1825 4821 1984 4862 acce-

329 4891 484 4958 dere,
509 4889 596 4946 vel
623 4889 680 4944 in
705 4889 1099 4944 ecclesiastico
1120 4889 1303 4962 gradu
1347 4906 1582 4944 manere
1605 4907 1618 4945 :
1645 4891 1726 4946 ita
1755 4910 1859 4948 nec
1888 4894 1978 4948 di-

330 4996 556 5046 camus,
580 4979 680 5051 qui
704 4984 837 5034 ante
858 4977 1220 5050 baptismum
1240 4977 1328 5032 vel
1355 4983 1488 5049 post
1507 4979 1866 5050 baptismum
1889 4983 1978 5037 in-

329 5074 536 5126 ventus
565 5069 759 5135 fuerit,
794 5067 1169 5124 ecclesiastici
1194 5083 1204 5095 '
1229 5067 1448 5139 gradus
1497 5085 1738 5126 munere
1787 5077 1981 5143 potest

329 5159 544 5232 perfrui
555 5175 740 5225 ,sacra
751 5157 1095 5212 auctoritate
1107 5157 1509 5212 docentezcum
1522 5158 1722 5214 eadem
1739 5160 1983 5216 auctori-

330 5252 422 5305 tas
439 5249 736 5320 praacisos,
758 5245 844 5302 vel
869 5245 1100 5319 publice
1124 5246 1180 5301 in
1204 5245 1596 5302 adolescentia
1612 5237 1977 5320 pmnitentes,

329 5335 451 5392 sive
471 5335 712 5408 nuptias
745 5334 1017 5408 digamiae
1053 5334 1112 5389 in
1139 5333 1330 5390 laicali
1349 5333 1554 5390 ordine
1575 5351 1689 5390 non
1721 5337 1932 5405 refutet
1963 5355 1976 5394 :

330 5425 609 5497 quoniam
625 5423 948 5482 sicutaliud
961 5423 1221 5479 officium
1240 5421 1532 5494 capitis,et
1547 5421 1704 5477 aliud
1729 5425 1978 5482 membri

331 5512 574 5579 alterius
586 5531 690 5591 pro
717 5513 1052 5572 diversitate
1067 5516 1157 5572 est
1171 5509 1451 5585 corporis,
1470 5509 1552 5567 ita
1567 5508 1681 5568 alia
1695 5527 1874 5570 causa
1888 5517 1980 5574 est

2087 4557 2287 4596 remus
2305 4554 2634 4608 assensum,
2649 4538 2960 4594 innumera
2976 4543 3376 4610 separatorum
3391 4522 3680 4592 turbainsti-

2084 4629 2194 4685 tuti
2217 4647 2251 4685 a
2271 4628 2518 4684 Domino
2541 4627 2798 4700 conjugii
2829 4626 3040 4700 legalia
3068 4627 3287 4683 fmdera
3311 4623 3554 4686 violaret,
3573 4611 3681 4700 quia

2087 4719 2136 4774 si
2157 4733 2508 4790 quocunque
2523 4720 2587 4770 ut
2606 4699 2819 4772 vellent
2839 4699 3032 4784 modo,
3051 4716 3158 4771 viri
3185 4719 3288 4772 aut
3315 4711 3528 4770 feminae
3545 4699 3678 4790 lasci-

2084 4787 2308 4862 vientes
2329 4787 2522 4878 ajugo
2553 4806 2682 4876 conj
2691 4803 2810 4878 ugii
2840 4803 3096 4876 separari
3118 4806 3376 4877 possent,
3389 4804 3454 4858 ut
3471 4799 3562 4853 aut
3579 4787 3682 4846 aliis

2087 4893 2398 4950 connubiis
2419 4893 2832 4965 jungerentur,
2858 4898 2959 4947 aut
2991 4891 3220 4948 furtivis
3250 4879 3680 4946 maechationibus

2087 4979 2900 5056 polluerentur,libentissime
2920 4997 2982 5036 se
2993 4986 3202 5036 mutuo
3223 4965 3682 5056 separarent,sicut

2088 5055 2147 5128 in
2178 5069 2636 5128 adulescentulis
2664 5070 2858 5125 viduis
2887 5070 3418 5142 pervidemus,quae
3435 5063 3553 5118 ideo
3579 5055 3682 5128 post

2091 5160 2518 5217 absolutionem
2547 5159 2806 5214 virorum
2835 5157 3099 5216 velamen
3121 5172 3351 5213 sacrum
3381 5142 3680 5220 suscipiam»

2091 5255 2155 5306 ut
2183 5249 2455 5305 licentius
2509 5248 2780 5322 pluribus
2832 5248 3171 5304 abutantur.
3204 5244 3315 5302 Sed
3352 5246 3408 5298 et
3431 5231 3680 5330 interdum

2087 5339 2194 5394 viri
2214 5356 2250 5394 a
2269 5338 2528 5412 legitimo
2559 5354 2621 5394 se
2651 5337 3020 5410 suspendunt
3049 5333 3341 5408 eonjugio,
3363 5333 3428 5386 ut
3449 5325 3684 5418 plu-rima-

2088 5444 2220 5484 rum
2243 5427 2582 5500 complexus
2603 5429 2890 5500 usurpent
2908 5412 3682 5508 concubinarumﬂu'aSp‘iﬂ-j
3738 5501 3744 5508 τ

2088 5520 2154 5575 tu
2193 5499 2396 5576 sancto
2431 5499 2777 5591 praevidens,
2801 5518 2860 5575 et
2879 5531 3079 5575 cavere
3099 5515 3331 5584 docens,
3352 5508 3496 5566 inter
3511 5499 3685 5561 οωιθη
