3896 6182
263 359 383 418 653

1186 363 1288 426 DE
1330 367 1702 431 DIVOltTlO
1746 371 2117 434 LOTHARII
2161 374 2260 433 ET
2303 374 2761 436 TETBERGIE.

3553 380 3672 438 654

265 494 470 547 tumax
519 491 723 562 fuerit,
765 495 1296 568 comprehendatur
1323 517 1357 554 a
1395 500 1628 569 comite,
1661 505 1720 557 et
1767 501 1917 558 ferro
1947 504 2002 571 Α
2028 502 2199 560 victio
2229 504 2288 560 in
2323 495 2734 562 ecclesiasticis
2773 507 3073 578 gradibus,
3094 525 3222 581 qua}
3268 509 3362 566 hic
3406 512 3674 582 ponenda

261 579 576 649 vinciatur,
607 586 666 638 et
694 581 754 638 in
794 583 1122 644 custodiam
1171 587 1460 656 mittatur,
1491 590 1673 646 donec
1707 609 1799 647 res
1845 593 1916 647 ad

264 673 530 726 nostram
565 671 835 727 notitiam
863 673 1240 731 deducatur.»
1265 676 1534 734 Christus
1556 697 1786 752 quoque
1816 679 1918 736 Dei

262 759 473 828 virtus,
497 761 556 816 et
579 759 675 816 Dei
705 760 995 834 sapientia
1023 780 1128 836 per
1157 781 1218 820 se
1247 765 1436 837 ipsam
1460 766 1617 823 dicat
1641 785 1652 823 :
1678 771 1794 838 Ego
1823 769 1920 824 Sa-

259 851 474 922 pientia
505 849 687 907 habito
717 852 776 906 in
821 853 1070 922 consilio,
1093 862 1144 910 et
1171 855 1402 912 eruditis
1432 857 1698 913 intersum
1725 860 1921 930 cogita-

261 937 548 1007 tionibus;
573 955 674 1012 per
701 956 786 996 me
833 956 980 1012 reges
1028 951 1275 1013 regnant,
1308 952 1358 1000 et
1402 945 1701 1002 conditores
1731 947 1920 1021 legum

251 1030 398 1102 jasta
429 1028 760 1097 decemunt;
789 1047 888 1102 per
908 1047 996 1087 me
1017 1034 1296 1106 principes
1324 1036 1617 1108 imperant,
1650 1045 1702 1092 et
1725 1045 1917 1109 poten-

259 1127 332 1174 tes
363 1118 669 1174 decernunt
700 1120 980 1192 justitiam
1013 1121 1193 1194 (Prov.
1223 1141 1340 1192 vm,
1369 1125 1475 1198 12).
1501 1125 1611 1180 Sed
1649 1125 1779 1181 ideo
1809 1125 1918 1183 has

259 1205 420 1280 leges
451 1211 512 1264 et
541 1206 625 1262 illi
647 1207 864 1266 Christi
895 1209 1116 1277 vicarii,
1137 1212 1652 1287 apostolorumque
1681 1232 1918 1272 succes-

259 1313 422 1352 seres
445 1295 901 1366 constituerunt,
920 1302 978 1354 ct
1001 1316 1106 1356 nos
1127 1299 1567 1375 qualescunque
1588 1304 1659 1359 ad
1683 1304 1835 1360 vices
1857 1303 1921 1358 il-

260 1377 455 1440 lorum
481 1383 585 1440 Dei
607 1387 986 1458 praesidentes
1005 1388 1292 1458 Ecclesiae,
1319 1390 1412 1446 hic
1437 1390 1566 1446 illas
1587 1392 1916 1464 posuimus,

261 1473 506 1530 utsicut
532 1472 695 1530 illam
717 1475 1202 1546 benedictionem,
1221 1496 1398 1551 quam
1421 1480 1706 1536 Dominus
1729 1481 1918 1554 primo

259 1563 422 1618 dedit
443 1563 506 1619 in
529 1563 803 1636 paradiso
818 1565 1004 1622 Adam
1020 1571 1076 1622 et
1093 1567 1256 1622 uxori
1279 1569 1428 1640 ejus,
1443 1569 1672 1626 dicens:
1689 1571 1921 1626 Crescite

259 1659 306 1710 et
333 1651 802 1726 multiplicamini
833 1653 1320 1729 (Gen.1,28).0uze
1351 1657 1530 1714 semel
1564 1659 1702 1716 data
1733 1676 1918 1732 usque

261 1741 438 1798 hodie
467 1747 528 1798 et
550 1758 739 1816 usque
765 1741 824 1799 in
851 1743 1048 1814 ﬁnem,
1068 1762 1181 1800 non
1204 1745 1394 1802 solum
1417 1735 1917 1817 ﬁdelibus,verum

261 1835 314 1888 et
331 1831 684 1888 infidelibus
701 1849 814 1888 non
835 1835 1478 1906 negatur,sacerdotum
1494 1853 1591 1893 ore
1613 1838 1684 1892 ad
1709 1838 1924 1894 sancti-

2029 609 2143 647 non
2167 593 2402 648 ducitur
2427 611 2441 650 :
2468 598 2525 650 et
2545 594 2720 649 habet
2739 595 2979 650 modum
2999 612 3066 650 ac
3089 598 3350 652 ordinem
3376 616 3550 655 suum
3572 617 3675 672 pu-

2027 681 2180 737 blica
2209 682 2495 738 confessio
2517 681 2603 738 vel
2629 683 2913 739 convictio
2947 684 3312 740 saecularium
3344 686 3672 756 hominum,

2026 785 2142 842 quo
2188 771 2419 843 publice
2466 771 2717 827 debeant
2762 772 3041 844 judicari.
3074 772 3200 828 Non
3259 790 3373 845 quo
3428 775 3675 832 crimina

2026 859 2224 930 gravia
2254 877 2370 916 non
2415 860 2716 916 solvantur
2742 861 2920 918 etiam
2957 867 3177 918 secreta
3215 864 3578 920 confessione
3609 882 3674 920 ac

2027 947 2388 1018 pmnitentia,
2421 966 2492 1004 ne
2519 948 2740 1006 inﬁrmi
2783 949 2842 1004 in
2891 949 3148 1006 Ecclesia
3187 951 3670 1021 scandalizentur,

2025 1037 2290 1093 videntes
2320 1054 2522 1094 eorum
2563 1056 2785 1111 pcenas,
2819 1056 3071 1111 quorum
3119 1039 3354 1112 penitus
3403 1041 3676 1114 ignorant

2027 1139 2238 1180 causas
2269 1140 2282 1179 :
2318 1125 2418 1180 sed
2452 1126 2608 1196 quod
2653 1124 2975 1198 plurimum
3016 1132 3246 1184 constat
3275 1133 3674 1201 perpetratum

2027 1212 2255 1279 notitia,
2289 1211 2390 1268 fiat
2435 1218 2707 1269 sanatum
2745 1214 3012 1280 scientia,
3043 1220 3100 1271 et
3151 1216 3250 1289 qui
3298 1217 3358 1272 in
3408 1217 3676 1274 Ecclesiae

2006 1296 2286 1372 peccavit
2315 1301 2731 1373 sinceritatem,
2755 1301 2840 1358 illi
2871 1303 3128 1359 debitam
3148 1304 3418 1362 exhibere
3444 1307 3677 1362 studeat

2028 1389 2580 1458 satisfactionem,et
2623 1391 2722 1462 qui
2754 1391 2973 1462 plures,
3007 1398 3296 1464 quantum
3335 1410 3404 1450 ex
3441 1411 3504 1450 se
3543 1395 3673 1462 fuit,

2027 1494 2134 1533 suo
2154 1478 2440 1534 destruxit
2459 1478 2743 1552 exemplo,
2770 1481 2974 1552 plures
2994 1487 3160 1537 sanet
3182 1498 3300 1538 sua:
3327 1481 3677 1539 humilitatis

2027 1565 2308 1634 antidoto,
2331 1566 2484 1622 sicut
2511 1568 2584 1623 de
2640 1585 2702 1624 se
2761 1567 2976 1625 l'aulus
3005 1568 3148 1625 dicit
3179 1587 3193 1626 :
3228 1575 3342 1643 Qui
3383 1573 3544 1642 prius
3589 1572 3678 1642 fui

2029 1654 2390 1728 blasqhemus,
2441 1664 2492 1711 et
2534 1665 2868 1729 persecutor,
2912 1666 2962 1713 et
3010 1659 3431 1714 contumeliosus
3461 1659 3508 1732 (ι
3539 1661 3674 1716 Tim.

2027 1745 2210 1817 1,11).
2254 1745 2342 1812 Et,
2392 1745 2674 1812 videbant,
2725 1745 3018 1818 inquiens,
3071 1749 3330 1819 quoniam
3378 1749 3476 1820 qui
3519 1750 3677 1820 prius

2011 1833 2374 1905 expugnabat
2411 1835 2554 1890 hanc
2597 1834 2778 1906 ﬁdem,
2813 1834 2984 1890 isdem
3011 1852 3159 1890 nunc
3188 1836 3345 1892 illam
3385 1837 3676 1908 praedicat,

262 1922 808 1995 ficationem,quam
821 1921 1087 1980 Christus
1105 1925 1450 1997 nuptiis,ubi
1467 1927 1538 1982 de
1553 1927 1920 2000 aquavinum
1951 1921 2079 1977 ντί
2111 1925 2169 1976 in
2205 1939 2292 1978 me
2337 1923 2714 1994 gloriﬁatbant
2741 1924 2911 1979 Deum
2949 1923 3092 1993 (Gul.
3119 1941 3160 1989 ι,
3187 1925 3295 1995 13).
3326 1925 3428 1980 Est
3475 1925 3675 1992 etiam,

263 2011 422 2082 fecit,
439 2027 551 2068 sua
571 2011 883 2084 praesentia
901 2029 1006 2069 con
1016 2012 1168 2082 tulit,
1183 2013 1456 2071 fidelibus
1476 2020 1534 2071 ct
1555 2017 1778 2073 devotis
1794 2017 1924 2072 viri-

260 2099 365 2154 tim
386 2099 662 2172 largitur,
678 2099 762 2155 ita
782 2098 909 2156 sine
930 2098 1164 2156 illorum
1188 2101 1430 2157 scientia
1447 2119 1546 2175 per
1561 2103 1767 2172 Deum,
1783 2103 1923 2176 quia

263 2205 365 2260 per
385 2187 788 2244 ministerium
809 2187 958 2245 598
977 2187 1214 2244 illorum
1235 2191 1363 2262 conj
1375 2191 1553 2260 uncti,
1573 2191 1802 2264 legibus
1821 2211 1924 2250 saa-

263 2276 400 2340 culi,
417 2293 551 2348 qua:
574 2276 674 2331 Dei
694 2275 928 2348 justitia
945 2276 1393 2334 sanctiﬁcantur
1415 2297 1530 2352 qua
1543 2281 1748 2352 justus
1767 2282 1924 2353 quis-

263 2382 374 2438 que
397 2365 680 2434 efﬁcitur,
695 2383 812 2422 non
834 2371 1197 2438 separentur,
1213 2367 1338 2424 etsi
1367 2374 1602 2441 propter
1622 2371 1806 2426 Deum
1839 2387 1923 2426 se-

265 2457 558 2526 parantur
577 2453 921 2527 spiritaliter
936 2471 968 2510 a
985 2455 1203 2512 carnali
1217 2457 1722 2524 commixtione,ut
1737 2459 1924 2516 adhae-

264 2548 464 2598 rentes
487 2542 737 2599 Domino
761 2561 912 2600 unus
943 2545 1276 2601 efficiantur
1304 2545 1568 2618 spiritus,
1589 2547 1746 2604 velut
1777 2549 1920 2606 Pau-

261 2631 354 2688 lus
373 2635 450 2689 de
479 2632 684 2689 multis
705 2633 765 2689 in
797 2632 1054 2690 Ecclesia
1073 2634 1426 2703 constitutis,
1451 2637 1605 2692 inter
1623 2655 1772 2710 quos
1793 2640 1920 2712 qui-

263 2723 398 2778 dam
434 2721 738 2796 publicani
768 2726 826 2779 et
853 2722 1208 2792 meretrices,
1241 2723 1546 2780 homicida:
1578 2725 1834 2795 fuerunt,
1869 2732 1925 2784 et

264 2809 544 2880 adulteri,
565 2809 846 2883 loquitur,
869 2811 1208 2884 Desponendi
1238 2829 1328 2870 vos
1354 2816 1457 2869 uni
1485 2830 1626 2882 vero,
1654 2817 1924 2887 virginem

264 2909 474 2957 castam
495 2899 752 2956 exhibere
763 2899 980 2957 Christo
997 2900 1073 2974 (ιι
1087 2901 1208 2958 Cor.
1223 2919 1284 2970 u,
1297 2906 1374 2970 2),
1389 2919 1525 2958 eum
1547 2903 1924 2962 sacerdotalis

251 2987 641 3046 conscientiae
682 2989 1084 3047 benedictione
1127 2989 1358 3063 plenius
1393 2991 1638 3048 Domino
1677 2995 1921 3065 conjun-

264 3083 505 3152 gantur.
530 3077 590 3135 Si
616 3082 812 3134 autem
835 3083 892 3135 et
921 3077 1046 3152 lege
1069 3078 1221 3135 civili
1245 3081 1410 3152 justa
1431 3085 1488 3136 et
1507 3087 1712 3138 sancta
1731 3100 1798 3138 ac
1819 3078 1926 3140 Do-

266 3167 488 3224 minico
512 3170 800 3240 praecepto
820 3169 1232 3238 concordante,
1258 3174 1494 3242 propter
1521 3171 1924 3230 fornicationis

2030 2015 2096 2066 ut
2123 2010 2224 2083 qui
2255 2009 2314 2066 in
2345 2010 2616 2083 pluribus
2659 2012 2844 2068 Deum
2885 2012 3145 2076 offendit,
3179 2011 3448 2084 pluribus
3477 2030 3580 2085 pro
3610 2029 3676 2068 eo

2029 2099 2344 2156 Dominum
2365 2100 2814 2173 deprecantibus
2839 2101 3013 2157 citius
3033 2101 3358 2157 remedium
3380 2101 3534 2158 594
3549 2117 3682 2156 con-

2031 2193 2331 2261 sequatur,
2355 2177 2508 2244 sicu't
2536 2194 2788 2254 sanctus,
2807 2189 3120 2262 Gregorius
3150 2191 3223 2246 ad
3258 2191 3503 2246 Felicem
3533 2189 3679 2246 Sici-

2031 2275 2274 2332 liensem
2299 2277 2640 2350 episcopum
2661 2277 2866 2332 scribit
2883 2278 3004 2350 (tib.
3023 2296 3122 2346 xu,
3140 2280 3295 2350 epist.
3319 2280 3408 2352 32)
3433 2296 3446 2334 :
3473 2301 3500 2328 «
3531 2279 3682 2334 Sunt

2029 2365 2207 2434 enim,
2233 2365 2527 2438 inquiens,
2552 2366 2691 2421 mali
2715 2367 3060 2439 segregandi
3081 2385 3114 2422 a
3134 2366 3326 2434 bonis,
3351 2372 3408 2423 et
3435 2367 3623 2439 iniqui
3645 2384 3680 2423 a

2023 2455 2226 2527 justis,
2249 2459 2310 2510 ut
2339 2453 2546 2511 saltem
2577 2455 2786 2510 rubore
2807 2473 2914 2510 suo
2936 2455 3326 2512 conscientias
3357 2473 3498 2513 suas
3521 2472 3679 2512 reco-

2031 2549 2336 2618 gnoscant,
2361 2549 2418 2599 et
2447 2548 2860 2600 convertantur
2889 2564 2924 2600 a
2951 2545 3342 2617 pravitatibus
3376 2545 3520 2616 suis,
3543 2549 3600 2601 et
3630 2545 3679 2600 si

2032 2632 2460 2704 incorrigibiles
2498 2633 2897 2704 apparuerint,
2932 2638 3315 2706 scgregentur
3343 2650 3376 2688 a
3407 2632 3680 2688 fidelibus

2033 2738 2219 2793 usque
2250 2721 2322 2776 ad
2373 2719 2854 2788 satisfactionem,
2877 2721 3052 2791 juxta
3081 2720 3398 2777 Salvatoris
3449 2721 3682 2778 Domini

2031 2809 2404 2876 sententiam,
2421 2826 2550 2880 quae
2573 2808 2723 2863 inter
2742 2814 2950 2864 caetera
2967 2809 3037 2864 de
3054 2814 3329 2880 peccante
3347 2810 3522 2866 fratre
3543 2828 3685 2882 pra:-

2030 2898 2299 2971 cipiendo
2327 2898 2444 2954 ait:
2475 2898 2540 2952 Si
2579 2899 2883 2970 peccaverit
2910 2898 2972 2953 in
3021 2906 3072 2953 te
3115 2899 3290 2970 frater
3318 2905 3443 2954 tuus
3473 2898 3678 2970 (Matth.

2029 3004 2190 3062 XVlll,
2221 2987 2335 3056 15),
2373 3003 2558 3058 usque
2586 2986 2659 3042 ad
2701 2986 2759 3040 id
2805 2985 2962 3058 quod
2994 2985 3228 3055 dicitur,
3267 2988 3340 3042 sit
3391 2987 3497 3042 tibi
3538 2989 3685 3044 sicut

2029 3077 2276 3132 ethnicus
2330 3083 2382 3131 et
2428 3075 2780 3148 publicanus.
2826 3075 2926 3130 llis
2981 3091 3118 3148 ergo
3175 3078 3234 3130 et
3287 3073 3420 3131 aliis
3475 3075 3682 3132 multis

2027 3169 2367 3222 sanctorum
2403 3165 2636 3220 Patrum
2667 3163 3134 3232 auctoritatibus,
3164 3163 3510 3238 segregandi
3539 3168 3681 3220 sunt

247 3255 772 3328 .peecatum,quod
805 3254 1076 3312 humanae
1100 3255 1400 3328 fragilitati
1422 3256 1570 3314 solet
1599 3258 1922 3332 subripere,
1956 3249 1999 3314 C
2035 3253 2174 3309 mali
2205 3271 2238 3308 a
2269 3253 2462 3322 bonis,
2492 3269 2563 3308 ne
2607 3256 2846 3324 pereant
2885 3252 3036 3324 justi
3083 3269 3186 3324 pro
3234 3251 3494 3324 injustis,
3527 3253 3682 3309 sicut

264 3346 561 3418 cunjuges
591 3343 808 3400 fuerint
837 3345 1112 3418 separati,
1137 3345 1485 3418 episcopalis
1507 3363 1658 3403 curae
1680 3348 1920 3421 quaesie-

262 3433 384 3490 rint
405 3431 760 3490 medicinale
777 3433 1183 3501 consilium,ut
1199 3435 1342 3490 sciat
1359 3435 1668 3510 episcopus
1685 3454 1921 3510 quomo-

263 3523 338 3580 do
347 3523 375 3594 j
387 3527 534 3579 uxta
549 3521 887 3595 qualitatem
907 3525 965 3578 et
982 3523 1368 3595 quantitatem
1387 3524 1664 3592 vulneris,
1680 3527 1922 3582 modum

264 3629 329 3669 ac
346 3613 654 3682 virtutem,
669 3610 943 3668 adhibere
964 3611 1172 3667 debeat
1192 3611 1512 3668 curationis
1538 3613 1922 3671 medicamen-

263 3707 418 3758 tum.
454 3699 555 3757 Sic
585 3716 840 3772 namque
872 3699 1159 3757 Dominus
1189 3701 1368 3757 semel
1416 3702 1473 3758 in
1521 3719 1704 3770 cceua,
1737 3703 1923 3776 pridie

264 3807 448 3863 quam
501 3805 608 3862 pro
655 3788 1021 3861 reparatione
1051 3792 1109 3845 et
1149 3787 1338 3845 salute
1385 3789 1650 3847 omnium
1701 3793 1801 3864 qui
1861 3793 1922 3848 in

261 3879 454 3934 Adam
485 3876 782 3951 perierant
824 3881 1142 3950 pateretur,
1169 3879 1242 3934 de
1271 3895 1419 3951 pane
1449 3879 1637 3936 farina
1667 3887 1724 3936 et
1772 3899 1925 3956 aqua

264 3968 561 4034 confecto,
582 3970 641 4022 et
683 3965 859 4023 calice
907 3967 1265 4024 sacrosancti
1306 3967 1525 4038 altaris,
1551 3969 1650 4041 qui
1708 3987 1922 4043 aquam

263 4058 576 4125 miscetur,
605 4054 1022 4112 eucharistiam
1055 4053 1182 4112 suis
1213 4056 1486 4113 manibus
1519 4057 1834 4126 benedixit,
1865 4063 1924 4116 et

263 4162 365 4201 ore
387 4143 848 4215 commendavit,
866 4161 1041 4218 quam
1065 4144 1325 4217 quotidie
1356 4143 1415 4200 in
1447 4146 1606 4201 omni
1639 4147 1926 4204 catholica

261 4231 534 4290 Ecclesia
551 4231 722 4306 longe
741 4231 970 4305 lateque
993 4248 1097 4305 per
1115 4232 1316 4289 orbem
1339 4233 1572 4302 diffusa,
1595 4233 1926 4294 iudeﬁcien-

263 4323 434 4380 tibus
459 4321 688 4380 eisdem
718 4319 843 4378 suis
870 4321 1084 4393 verbis,
1117 4338 1221 4394 per
1249 4339 1463 4378 manus
1500 4328 1560 4379 et
1598 4341 1701 4380 ora
1729 4342 1926 4382 sacer-

260 4411 502 4480 dctum,
543 4409 605 4466 in
654 4408 1115 4482 redemptionem
1163 4415 1222 4466 et
1267 4411 1692 4484 reparationem
1752 4418 1926 4486 atque

259 4499 526 4557 salutem
543 4498 906 4555 credentium
923 4501 1251 4566 consecrat;
1269 4516 1304 4555 a
1319 4499 1490 4572 cujus
1507 4501 1918 4560 communione

2033 3343 2320 3414 scriptum
2351 3348 2440 3397 est
2463 3359 2476 3397 :
2499 3343 2652 3398 Perit
2669 3343 2853 3416 justus
2883 3359 2982 3414 pro
3013 3343 3180 3415 impio
3209 3341 3421 3413 (Iiccle.
3443 3359 3544 3415 vn,
3569 3342 3677 3415 16).

2032 3420 2214 3488 Debet
2257 3431 2414 3487 enim
2471 3447 2702 3504 semper
2729 3431 3000 3488 discretio
3047 3431 3172 3487 ﬁeri
3231 3431 3383 3486 inter
3410 3431 3594 3488 bonos
3623 3434 3682 3487 et

2034 3520 2242 3590 malos,
2275 3521 2428 3576 sicut
2473 3525 2563 3576 est
2619 3519 2774 3576 inter
2817 3520 3016 3577 hzedos
3071 3525 3129 3576 et
3183 3536 3340 3576 oves.
3372 3520 3684 3576 Manifesta

2033 3626 2264 3683 quoque
2285 3615 2524 3683 peccata
2552 3626 2669 3666 non
2700 3615 2840 3666 sunt
2868 3609 3096 3666 occulta
3133 3609 3495 3682 correptione
3543 3627 3680 3682 pur-

2031 3699 2360 3772 ganda,sed
2391 3699 2586 3771 palam
2615 3703 2754 3754 sunt
2783 3697 3067 3772 arguendi
3093 3698 3194 3770 qui
3225 3699 3418 3771 palam
3450 3705 3681 3769 nocent,

2034 3793 2099 3844 ut
2125 3789 2266 3844 dum
2306 3792 2507 3860 aperta
2557 3787 2964 3860 objurgatione
3003 3792 3310 3855 sanantur,
3339 3786 3400 3842 bi
3433 3787 3534 3859 qui
3582 3803 3682 3844 eos

2031 3876 2319 3932 imitando
2349 3874 2717 3948 deliquerant
2745 3876 3132 3949 corrigantur.
3155 3876 3308 3932 Dum
3337 3875 3495 3932 enim
3529 3893 3684 3932 unus

2031 3965 2364 4039 corripitur,
2386 3964 2623 4038 plurimi
2647 3961 3053 4034 emendantur,
3077 3969 3134 4020 et
3155 3964 3366 4022 melius
3385 3968 3476 4022 est
3495 3969 3559 4022 ut
3579 3983 3682 4038 pro

2033 4054 2354 4112 multorum
2385 4053 2701 4110 salvatione
2728 4070 2884 4110 unus
2915 4053 3358 4120 condemnetur,
3379 4071 3558 4126 quam
3579 4071 3684 4127 per

2035 4143 2212 4199 unius
2239 4141 2535 4198 licentiam
2569 4141 2738 4197 multi
2783 4141 3202 4213 periclitentur.
3225 4143 3340 4198 Nec
3379 4142 3596 4198 mirum
3629 4143 3680 4198 si

2034 4233 2186 4288 inter
2235 4231 2503 4288 homines
2547 4230 2667 4285 haac
2696 4231 2843 4286 ratio
2873 4229 3224 4296 custoditur,
3247 4247 3382 4286 cum
3428 4235 3487 4286 et
3527 4231 3683 4286 inter

2025 4324 2298 4396 jumenta
2326 4321 2450 4376 fieri
2494 4336 2751 4393 persaepe
2779 4319 3180 4392 cognovimus,
3203 4323 3270 4374 ut
3297 4336 3368 4377 ea
3395 4335 3522 4392 quae
3553 4336 3680 4376 sca-

2034 4412 2188 4468 biem
2208 4411 2298 4467 vel
2315 4409 2720 4482 impetiginem
2739 4407 2954 4464 habere
2976 4407 3268 4477 videntur,
3283 4413 3630 4482 separentur
3649 4427 3684 4466 a

2034 4501 2219 4568 sanis,
2243 4517 2314 4556 ne
2345 4497 2580 4554 illorum
2612 4497 2816 4554 morbo
2850 4501 3056 4554 caetera
3083 4497 3439 4578 damnentur
3462 4497 3552 4554 vel
3583 4516 3681 4578 pe-

259 4588 504 4644 viviﬁca
530 4591 840 4661 peccantes
870 4586 1104 4660 publice
1124 4587 1399 4660 gravibus
1423 4588 1925 4664 criminibusque
1958 4619 2004 4685 D
2037 4594 2220 4648 rcant.
2243 4587 2441 4646 Satius
2471 4591 2560 4643 cst
2587 4586 2746 4642 enim
2777 4589 2842 4642 ut
2871 4585 3009 4642 mali
3054 4577 3364 4643 manifeste
3393 4589 3686 4661 corrigan-

262 4677 434 4750 leges
465 4677 862 4734 condemnant
907 4675 1157 4749 publice,
1192 4675 1524 4732 medicinali
1578 4677 1928 4736 ferramento

262 4765 605 4822 sacerdotes
665 4764 1000 4834 abscidunt,
1031 4767 1090 4821 et
1145 4768 1280 4837 post
1334 4765 1814 4838 satisfactionem,
1865 4774 1930 4825 ut

263 4870 597 4928 congruere
627 4851 899 4921 viderint,
923 4852 1167 4909 salutari
1197 4853 1506 4910 refectione
1537 4855 1928 4930 redintegrare

262 4947 613 5017 procurant.
647 4941 932 5008 Quoniam
960 4941 1227 4998 Ecclesiae
1259 4942 1468 4998 medici
1503 4943 1818 5015 spiritales,
1852 4947 1930 5002 vi-

263 5031 491 5088 delicet
519 5032 750 5088 Domini
780 5031 1130 5099 sacerdotes,
1154 5032 1224 5088 de
1255 5037 1476 5088 secrete
1503 5033 1613 5088 sibi
1644 5037 1929 5092 confessis

261 5124 649 5194 peccatorum
684 5119 1128 5176 infirmitatibus
1160 5119 1532 5176 medicinalia
1569 5125 1742 5194 atque
1773 5123 1928 5179 salu-

263 5209 406 5265 bria
427 5213 676 5280 possunt
697 5209 836 5264 dare
857 5207 1102 5265 consilia
1125 5226 1138 5264 :
1160 5208 1380 5280 judicio
1402 5214 1596 5264 autem
1621 5211 1930 5269 ecclesias-

263 5297 414 5364 tico,
443 5296 498 5352 id
519 5302 609 5354 est
639 5296 1005 5370 separatione
1035 5315 1070 5353 a
1097 5297 1512 5354 communione
1533 5298 1820 5369 Ecclesiae,
1845 5301 1932 5358 vel

261 5404 298 5443 a
327 5383 550 5459 gradu,
576 5385 695 5442 sive
717 5403 750 5442 a
771 5386 1066 5444 consortio
1087 5385 1402 5460 conjugali,
1431 5387 1723 5444 neminem
1757 5391 1932 5447 ratio-

261 5472 555 5531 nabiliter
577 5479 829 5547 possunt
859 5491 1179 5545 secernere,
1205 5475 1318 5532 nisi
1349 5475 1420 5532 de
1451 5476 1800 5533 criminibus
1831 5485 1935 5536 aut

260 5559 518 5638 publice
563 5568 770 5636 sponte
799 5564 1158 5633 confessum,
1191 5567 1293 5621 aut
1339 5569 1535 5637 aperto
1579 5566 1930 5626 convictum.

259 5653 342 5715 Et
364 5648 554 5714 habet
572 5653 813 5714 modum
833 5657 892 5716 et
910 5653 1176 5718 ordinem
1199 5671 1375 5716 suum
1391 5655 1678 5715 confessio
1701 5655 1788 5719 vel
1805 5673 1936 5720 con-

2039 4687 2152 4749 tur,
2175 4695 2353 4752 quam
2383 4695 2487 4750 pro
2515 4676 2634 4749 illis
2666 4676 2802 4732 boni
2833 4681 3094 4749 pereant.
3119 4698 3148 4727 ››

2109 4769 2239 4824 Haec
2271 4769 2400 4824 ideo
2430 4767 2585 4822 dicta
2614 4771 2893 4834 sunt,cur
2920 4763 3078 4839 leges
3110 4765 3438 4838 posuimus,
3463 4771 3528 4823 ut
3548 4784 3684 4823 con-

2027 4858 2222 4932 jugati
2246 4857 2364 4913 sive
2394 4872 2590 4912 amore
2621 4853 2877 4926 Dei,sive
2907 4855 3266 4912 admissione
3285 4857 3530 4928 peccati,
3549 4873 3684 4912 cum

2037 4945 2379 5004 sacerdotali
2403 4944 2763 5001 conscientia
2782 4949 3144 5016 separentur,
3159 4946 3315 5002 unde
3341 4945 3684 5002 benedictio-

2039 5054 2173 5093 nem
2199 5034 2439 5091 ineundi
2489 5037 2837 5106 acceperunt
2887 5033 3251 5107 conjugium.
3283 5035 3394 5090 Sed
3427 5032 3568 5105 quia
3613 5033 3685 5088 de

2039 5124 2402 5197 separatione
2432 5123 2536 5178 viri
2567 5127 2624 5177 et
2653 5123 2851 5178 uxoris
2883 5139 3039 5178 nunc
3079 5122 3288 5195 agitur,
3313 5139 3440 5193 quae
3473 5135 3586 5175 non
3621 5121 3688 5176 fit

2041 5230 2238 5270 amore
2279 5217 2568 5286 perpetuae
2601 5211 2990 5279 continentiae,
3027 5229 3131 5267 nec
3162 5211 3352 5266 adhuc
3391 5212 3589 5281 aperto
3623 5214 3688 5264 ut

2042 5303 2257 5358 dicitur
2303 5300 2570 5370 crimine,
2611 5301 2711 5356 sed
2753 5301 3008 5372 quadam
3057 5299 3409 5370 suspicione,
3451 5313 3688 5354 necesse

2041 5396 2132 5448 est
2160 5397 2226 5446 ut
2259 5407 2362 5464 per
2393 5389 2554 5446 illius
2573 5388 2796 5445 ordinis
2817 5389 2989 5454 viros,
3013 5387 3276 5442 videlicet
3294 5403 3396 5458 per
3415 5385 3690 5459 conjuga-

2042 5486 2153 5550 tos,
2178 5480 2300 5536 haec
2321 5479 2467 5536 ratio
2486 5477 2816 5544 ventilatur,
2833 5481 2892 5530 et
2911 5475 3237 5532 secundum
3261 5474 3420 5548 leges
3435 5475 3690 5533 Christu-

2044 5587 2151 5628 nas
2183 5587 2217 5626 a
2245 5569 2362 5626 Deo
2393 5567 2709 5642 dispositas
2739 5563 3074 5636 aequissimo
3099 5563 3366 5622 examine
3386 5564 3692 5638 judicetur

2044 5676 2110 5723 ac
2139 5659 2506 5735 terminetur,
2529 5659 2586 5714 et
2626 5653 2963 5734 ubicunque
2991 5651 3052 5714 in
3092 5653 3202 5720 hoc
3232 5655 3464 5736 negotio
3493 5655 3688 5718 locum
