3896 6182
293 337 413 398 B53
1224 333 1605 393 HINCMAlll
1654 329 2106 392 RIIEMENSIS
2152 330 2772 391 ARGHIEPISCOPI.
3523 333 3622 396 ϐω

292 485 467 526 suum
498 466 785 524 invenerit
811 466 899 523 vel
929 465 1308 523 sacerdotalis
1341 465 1544 538 pietas,
1569 465 1654 521 vel
1686 464 1936 521 auctori-
1966 465 2022 530 Α
2049 463 2113 518 Si
2141 463 2218 516 ita
2247 469 2325 518 est
2353 479 2518 518 causa
2547 464 2784 518 hominis
2821 478 2946 518 cum
2983 477 3166 532 uxore,
3195 480 3297 521 non
3322 467 3513 539 expedit
3532 485 3627 528 ne.

293 559 432 614 tatis
463 556 870 613 ecclesiasticae
901 555 1272 612 medicinalis
1308 556 1604 624 severitas,
1639 555 1764 610 sine
1793 553 1945 608 (111⁸6-
2055 551 2178 606 bere
2206 551 2408 624 (Matth.
2431 569 2548 618 XIX,
2573 552 2680 624 10).
2705 553 2887 608 Grave
2937 553 3162 623 pondus
3197 569 3421 611 uxorum
3449 563 3541 626 est,
3567 561 3628 629 si,

289 647 506 703 cultate
549 663 685 702 cum
732 645 1002 702 Ecclesiae
1045 645 1205 716 filiis,
1237 649 1294 700 et
1334 644 1579 716 justitize
1621 643 1948 724 judieibus,
2055 643 2293 711 excepta
2313 640 2716 696 fornicationis
2738 656 3057 705 causa,eas
3075 641 3348 698 dimittere
3373 661 3475 721 non
3502 647 3631 704 licet.

291 753 405 794 non
429 735 621 792 solum
644 753 706 791 se
737 736 963 806 offerat,
985 751 1184 790 verum
1209 739 1266 790 et
1295 735 1542 806 ingerat.
1564 736 1632 789 Et
1663 733 1944 806 quoniam
2055 729 2200 794 Quid
2231 730 2387 785 enim
2421 730 2470 785 si
2500 730 2818 786 temulenta
2839 730 3031 795 fuerit,
3055 731 3100 786 si
3128 728 3408 802 iracunda,
3429 735 3472 789 si
3492 737 3636 794 malis

290 827 578 898 scriptum
611 829 722 894 est,
743 825 820 880 Ne
847 825 1274 895 transgrediaris
1305 826 1564 880 terminos
1599 839 1729 895 quos
1757 838 1948 893 posue-
2059 819 2343 886 moribus,
2378 819 2424 874 si
2461 819 2776 887 luxuriosa,
2812 820 2859 875 si
2891 818 3116 892 gulosa,
3146 821 3192 875 si
3224 837 3374 894 vaga,
3402 823 3444 877 si
3467 825 3636 897 jurga-

289 925 423 972 runt
474 923 658 988 patres
707 916 791 971 tui
825 915 1010 986 (Prov.
1041 932 1179 982 xxn,
1207 915 1322 983 28),
1363 930 1614 985 quorum
1664 911 1952 966 imitanda
2057 909 2189 976 trix,
2210 913 2266 963 et
2287 908 2590 977 maledica,
2614 909 2865 965 tenenda
2883 909 2993 965 erit
3015 909 3638 981 istiusmodi‘tVolumus,

289 1005 555 1077 exempla
585 1001 757 1061 nobis
796 1008 942 1060 sunt
988 1021 1124 1060 vera
1167 1002 1451 1071 doctrina,
1485 1003 1557 1058 ad
1603 1001 1949 1057 memoriam
2059 997 2358 1067 nolumus,
2383 1000 2638 1054 tenenda
2679 999 2808 1054 erit.
2841 999 2987 1054 Cum
3018 999 3173 1054 enim
3211 1015 3457 1058 essemus
3483 1001 3640 1072 liberi,

291 1109 560 1150 revocare
600 1095 1000 1150 necessarium
1048 1094 1344 1161 duximus,
1379 1090 1654 1164 quoniam
1701 1091 1944 1163 quidam
2057 1086 2382 1142 voluntarie
2402 1103 2510 1143 nos
2533 1087 2894 1160 subjecimus
2913 1088 3311 1144 servituti.»Et
3326 1089 3454 1146 item
3475 1091 3525 1146 in
3543 1093 3643 1165 epi-

291 1188 586 1253 nostrum,
607 1186 870 1255 tempore
890 1186 1104 1238 sancta:
1131 1181 1426 1237 memoriae
1449 1181 1649 1237 domni
1671 1179 1949 1238 Ludovici
2059 1175 2210 1230 stola
2231 1175 2476 1247 (cpistola
2493 1178 2616 1246 147)
2632 1177 2705 1233 ad
2725 1177 3058 1233 Amandum
3081 1177 3460 1250 presbyterum
3480 1197 3521 1235 :«
3540 1181 3646 1237 0m-

293 1272 374 1344 pii
432 1271 702 1345 Augusti,
747 1272 807 1327 in
867 1273 1156 1328 Attiniaco
1217 1270 1432 1344 palatio
1490 1276 1632 1326 tunc
1689 1272 1947 1346 fuerunt,
2060 1283 2164 1322 nes
2207 1265 2390 1335 igitur
2418 1266 2786 1322 causationes
2824 1265 3135 1338 Apostolus
3164 1272 3476 1339 amputans,
3505 1285 3642 1342 aper-

293 1361 531 1433 quando
560 1361 620 1416 in
655 1360 972 1418 universali
1013 1362 1233 1434 synodo
1266 1362 1449 1418 totius
1497 1359 1749 1432 imperii,
1773 1360 1950 1414 etiam
2059 1354 2286 1409 tissime
2334 1355 2615 1422 definivit,
2647 1355 2872 1410 vivente
2900 1355 3020 1410 viro
3058 1355 3372 1412 adulteram
3401 1375 3514 1413 esse
3541 1368 3646 1414 mu-

293 1466 430 1506 cum
459 1451 617 1506 sedis
667 1451 943 1506 Romanae
973 1449 1204 1524 legatis,
1237 1455 1294 1505 et
1321 1450 1379 1504 in
1411 1449 1664 1522 generali
1711 1449 1944 1522 placito.
2059 1443 2283 1511 liorem,
2309 1461 2434 1517 qua:
2478 1444 2645 1500 alteri
2692 1445 2958 1516 nupserit
2984 1445 3033 1516 (I
3056 1449 3180 1503 Cor.
3209 1450 3327 1514 vn).
3357 1445 3486 1504 Nolo
3529 1448 3649 1504 mihi

294 1539 517 1596 ﬂamina
537 1538 805 1612 Quaedam
840 1556 956 1594 non
986 1538 1263 1612 ignobilis
1293 1556 1520 1612 genere,
1543 1539 1778 1594 nomine
1808 1539 1950 1594 Nor-
2061 1533 2321 1605 pPOfeI‘ﬂS
2381 1532 2632 1604 raptoris
2688 1532 3052 1600 νίοῙοῐὶίίαῐῐιν
3106 1534 3307 1590 matris
3367 1536 3650 1606 pel'suaSiO-

292 1624 518 1697 thildis,
543 1629 616 1683 de
645 1627 1002 1701 quibusdam
1035 1629 1366 1684 inhonestis
1397 1629 1550 1683 inter
1582 1645 1644 1684 se
1673 1633 1730 1684 et
1759 1629 1951 1684 virum
2064 1639 2218 1689 nem,
2253 1621 2435 1695 patris
2479 1621 2903 1689 auctoritatem.
2934 1621 3386 1695 Propinquorum
3413 1628 3650 1692 οιὶῑθτνδε,

300 1727 476 1774 stium
495 1715 1310 1790 vocabuloAgembertum,ad
1325 1715 1738 1790 imperatorem
1760 1716 1952 1790 publi-
2063 1727 2362 1766 servorum
2387 1709 2632 1766 insidias
2654 1714 2826 1782 atque
2845 1715 3268 1784 contemptum,
3291 1713 3490 1794 damna
3507 1711 3576 1768 rei
3594 1713 3654 1768 fa-

298 1821 364 1862 ce
384 1805 768 1879 proclamavit
791 1825 804 1864 :
831 1823 1007 1879 quam
1034 1807 1355 1880 imperator
1373 1809 1444 1863 ad
1469 1809 1756 1880 synodum
1779 1808 1956 1864 desii.
1983 1836 2031 1901 Β
2065 1799 2332 1901 miliaria:
2343 1799 2616 1901 Quandiu
2639 1798 2776 1900 vivit
2794 1800 2908 1901 vir,
2927 1799 3060 1856 licet
3084 1801 3310 1857 adulter
3336 1801 3426 1901 sit,
3445 1801 3563 1901 licet
3587 1819 3656 1857 so-

294 1893 474 1961 navit,
492 1897 558 1950 ut
587 1895 722 1951 inde
751 1895 1101 1968 episcopalis
1134 1895 1450 1952 auctoritas
1474 1897 1614 1969 quid
1657 1899 1948 1970 agendum
1983 1888 2030 1901 ”
2061 1889 2454 1958 domita,1icet
2477 1888 2714 1961 ﬂagitiis
2729 1889 3006 1945 omnibus
3025 1895 3410 1964 coopertus,et
3427 1891 3494 1948 ab
3513 1907 3656 1946 uxore

291 1987 445 2039 esset
461 1985 816 2041 decerneret.
833 1985 944 2041 Sed
962 1985 1372 2058 episcoporum
1389 1986 1742 2058 generalitas
1759 1987 1830 2042 ad
1850 1986 1951 2043 lai-
2057 1981 2292 2049 propter
2323 1977 2444 2032 hec
2483 1976 2702 2032 scelera
2733 1975 3064 2046 derelictus,
3101 1979 3346 2034 maritus
3373 1979 3492 2050 eius
3515 1995 3656 2050 mpu-

294 2075 1176 2148 corumaeeonjugatorumeam
1201 2074 1426 2130 remisit
1435 2075 1948 2149 judicium,utipsi
2055 2069 2234 2131 tatur,
2265 2067 2357 2120 συί
2406 2065 2656 2121 alterum
2687 2065 2876 2120 Virum
2926 2066 3189 2140 aOCipel‘e
3237 2085 3351 2124 non
3396 2066 3536 2123 licet.
3565 2067 3655 2122 Nec

295 2152 448 2218 ιῡι
474 2162 627 2218 inter
657 2158 816 2218 illam
839 2167 896 2218 et
923 2179 1100 2218 suum
1127 2163 1436 2236 conjugem
1461 2164 1818 2236 judicarcut,
1845 2165 1944 2238 qui

295 2250 367 2304 de
397 2249 617 2306 talibus
646 2251 894 2324 negotiis
925 2256 1090 2307 erant
1133 2251 1370 2325 cogniti,
1403 2257 1460 2308 et
1489 2253 1720 2326 legibus
1749 2253 1945 2309 saeculi

295 2339 796 2412 sufﬁcientissime
810 2341 1385 2413 przediti,eorumque
1400 2341 1946 2414 legalibusjudiciis

287 2428 498 2484 eadem
547 2428 764 2484 femina
799 2446 862 2485 se
897 2430 1220 2500 subjiciret,
1243 2435 1301 2486 et
1330 2432 1483 2504 quod
1517 2431 1588 2486 de
1627 2432 1945 2504 quaestione

295 2533 406 2574 sua
434 2517 844 2587 decrevissent,
869 2518 995 2574 sine
1043 2519 1386 2592 repetitione
1432 2524 1652 2576 teneret
1686 2538 1700 2576 :
1734 2523 1783 2576 si
1812 2537 1944 2577 vero

295 2605 515 2662 crimen
542 2607 778 2680 aliquod
805 2611 978 2674 esset,
995 2607 1130 2662 inde
1157 2609 1509 2680 pcenitentize
1530 2611 1792 2678 modum,
1813 2615 1945 2682 post

294 2694 529 2752 illorum
543 2696 860 2769 judicium,
883 2697 954 2752 ab
975 2697 1290 2770 episcopali
1311 2699 1658 2756 auctoritate
1677 2701 1946 2772 deposce-

295 2789 404 2854 ret,
429 2787 756 2842 secundum
786 2786 943 2859 quod
988 2786 1138 2842 sacri
1169 2805 1421 2844 canones
1469 2791 1859 2862 praefixerunt,
1889 2789 1945 2846 ei

295 2873 596 2947 imponere
624 2893 740 2932 non
773 2879 1073 2948 negarent.
1104 2876 1410 2934 Nobilibus
1437 2881 1631 2936 autem
1664 2879 1828 2936 laicis
1853 2897 1942 2936 sa~

295 2963 606 3020 cerdotalis
627 2965 904 3022 discretio
932 2965 1323 3039 placuit,quia
1348 2968 1418 3023 de
1443 2969 1570 3024 suis
1594 2969 1946 3042 conjugibus

293 3052 380 3108 eis
403 3069 518 3110 non
540 3041 1184 3126 tollebaturjudicinm,
1199 3071 1303 3112 nec
1325 3074 1360 3112 a
1378 3041 1945 3126 sacerdotaliordine

295 3131 657 3198 inferebatur
683 3141 913 3214 legibus
933 3142 1202 3199 civilibus
1233 3144 1658 3216 przejudicium,
1681 3151 1739 3202 et
1757 3146 1945 3219 legem

2054 2155 2164 2210 hoc
2211 2155 2362 2210 596
2410 2154 2722 2226 Apostolus
2769 2155 3004 2228 propria
3049 2158 3387 2213 auctoritate
3416 2155 3654 2223 decernit,

2053 2245 2153 2300 sed
2185 2244 2414 2300 Christo
2447 2245 2504 2298 in
2537 2261 2598 2300 se
2642 2243 2936 2316 loquente,
2973 2246 3072 2318 qui
3107 2245 3190 2302 ait
3237 2245 3294 2302 in
3343 2244 3652 2318 Evangelia:

1993 2406 2002 2415 .
2054 2335 2160 2401 Qui
2178 2333 2407 2389 dimittit
2433 2349 2660 2390 nitorem
2677 2350 2856 2402 suam,
2871 2343 3092 2407 excepta
3113 2351 3278 2392 causa
3297 2335 3652 2408 fornicationis,

2050 2425 2185 2494 facit
2211 2440 2333 2478 eam
2357 2423 2654 2490 mcechari;
2674 2431 2727 2480 et
2748 2426 2844 2496 qui
2871 2423 3159 2480 dimissam
3186 2427 3458 2498 acceperit,
3478 2423 3657 2480 adulter

2051 2519 2130 2568 est
2158 2511 2360 2585 (Matth.
2381 2529 2497 2582 xxx,
2523 2512 2598 2584 9).
2627 2534 2655 2562 »
2675 2512 2818 2568 Huic
2848 2513 3191 2586 evangelicae
3215 2513 3432 2570 veritati
3463 2519 3516 2569 et
3541 2526 3652 2584 apo-

2049 2600 2268 2656 stolica:
2291 2601 2566 2656 doctrinm
2593 2601 2702 2657 hoc
2730 2603 2904 2658 modo
2925 2605 3284 2659 concordant
3304 2599 3653 2664 Innocentius,

2054 2691 2166 2746 Leo
2225 2694 2282 2746 et
2337 2689 2649 2763 Gregorius
2705 2689 3030 2763 apostolici,
3072 2693 3410 2748 Africanum
3441 2701 3656 2772 (quoque

2052 2778 2388 2846 concilium,
2436 2779 2802 2851 Ambrosius,
2852 2779 3110 2837 Joannes
3164 2775 3654 2850 Constantinopoli-

2053 2873 2249 2936 tanus,
2283 2867 2559 2939 Origenes
2603 2868 2660 2922 in
2710 2867 3034 2923 emendatis
3063 2885 3100 2924 a
3137 2869 3306 2925 beato
3355 2867 3659 2936 Hieronymo

2052 2956 2240 3023 libris,
2265 2957 2419 3012 Beda
2441 2959 2746 3029 presbyter
2763 2956 3134 3026 venerabilis,
3159 2957 3467 3029 cunctique
3493 2955 3660 3009 docto-

2053 3062 2144 3102 res
2175 3045 2464 3102 catholici.
2495 3046 2659 3102 Unde
2706 3043 2754 3102 si
2803 3045 3178 3102 Dominicum
3210 3052 3270 3104 et
3299 3051 3417 3103 tam
3463 3043 3664 3100 evidens

2051 3140 2404 3208 praeceptum
2434 3152 2548 3191 non
2579 3139 2752 3207 esset,
2781 3139 2848 3190 ut
2867 3136 3041 3192 etiam
3069 3136 3289 3193 Paulus
3313 3136 3666 3204 interrogatus

300 3207 1004 3298 proclamationivfeminze
1023 3207 1412 3302 protulerunt,
1437 3251 1502 3288 ac
1526 3207 1696 3306 legali
1721 3207 1947 3306 judicio
1977 3207 2020 3274 C
2054 3207 2126 3279 δε
2154 3207 2481 3299 virginibus
2507 3227 2657 3280 dans
2685 3223 3022 3294 οοῐιείιίυῑη»
3043 3225 3117 3282 de
3149 3227 3260 3282 hoc
3290 3225 3555 3298 quiddam
3584 3220 3670 3275 im‘

300 3313 607 3386 quaestioni
637 3317 960 3372 terminum
989 3317 1382 3374 contulerunt.
1418 3320 1511 3376 Sic
1543 3325 1602 3376 et
1629 3322 1781 3388 hanc
1810 3338 1948 3378 cau-

300 3417 448 3484 sam,
462 3419 592 3476 quae
612 3405 684 3461 de
713 3407 982 3478 personis
1004 3405 1510 3465 excellentissimis
1531 3410 1862 3484 ventilatur,
1887 3413 1947 3468 in

299 3485 806 3566 medium'judicii
854 3493 946 3550 sui
995 3495 1292 3564 devoccnt,
1311 3501 1369 3552 et
1419 3500 1744 3556 secundum
1791 3503 1947 3574 quod

295 3579 550 3638 viderint
565 3582 862 3656 teq‘uitatis
874 3583 1100 3655 judicio
1121 3585 1428 3642 convenire
1457 3585 1780 3658 dijudieent
1801 3607 1814 3646 :
1837 3591 1947 3648 hoc

299 3669 682 3729 solertissime
735 3679 1174 3746 cognoscentes,
1223 3675 1361 3748 quia
1414 3675 1680 3750 legaliter
1735 3680 1946 3737 initum

299 3762 640 3836 conjugium
665 3761 828 3819 nulla
847 3767 1040 3836 potest
1059 3763 1284 3820 ratione
1300 3765 1558 3835 dissolvi,
1575 3767 1711 3840 nisi,
1725 3774 1791 3825 ut
1811 3787 1950 3842 prae-

299 3849 594 3919 misimus,
631 3853 944 3923 conjuncta
979 3853 1346 3926 separatione
1385 3855 1654 3928 spiritali,
1687 3863 1789 3914 aut
1820 3877 1948 3916 ma-

298 3939 511 3998 nifesta
537 3941 926 4010 confessione,
946 3941 1034 3998 vel
1066 3948 1268 4016 aperta
1305 3935 1685 4016 convictioue,
1720 3965 1788 4004 ex
1817 3965 1948 4004 cor--

296 4027 482 4101 porali
504 4029 884 4087 fornicatione
906 4049 957 4087 τι(
981 4032 1147 4102 Quia,
1173 4037 1238 4088 ut
1259 4035 1464 4091 beatus
1489 4036 1858 4108 Augustinus
1887 4038 1946 4094 in

297 4116 447 4174 libro
468 4119 540 4176 de
575 4119 735 4176 Bono
763 4121 1059 4194 conjugali
1081 4125 1224 4196 (cap.
1254 4123 1342 4196 15)
1360 4123 1522 4192 dicit,
1549 4141 1654 4182 nec
1683 4143 1789 4198 pro
1819 4127 1948 4200 ipsa

294 4201 473 4264 etiam
505 4209 812 4266 sterilitate
841 4207 977 4267 licet
1006 4228 1246 4268 uxorem
1275 4211 1420 4282 viro,
1441 4213 1530 4270 vel
1563 4214 1728 4270 uxori
1757 4216 1946 4272 virum

293 4295 613 4365 dimittere,
637 4312 743 4356 nec
773 4316 953 4356 causa
980 4299 1256 4370 ﬁliorum,
1279 4319 1382 4374 pro
1413 4303 1628 4375 quibus
1661 4321 1806 4361 uxor
1833 4305 1947 4361 du—

295 4387 470 4456 citur,
498 4404 562 4444 se
599 4387 731 4444 aliis
761 4387 1072 4462 copulare:
1099 4391 1254 4462 quod
1285 4390 1332 4447 si
1364 4391 1627 4460 fecerint,
1651 4409 1786 4448 cum
1815 4393 1945 4466 qui-

295 4476 408 4532 bus
437 4493 498 4533 se
531 4477 932 4550 copulaverint
951 4482 1008 4534 et
1031 4478 1142 4551 ipsi
1167 4479 1547 4536 committunt
1569 4480 1942 4539 adulterium.

2056 3320 2287 3370 mutare
2305 3331 2676 3386 nequaquam
2693 3315 3156 3388 praesumpserit,
3171 3315 3370 3370 dicens
3390 3330 3402 3368 :
3421 3315 3490 3369 De
3505 3321 3665 3376 uxore,

2053 3403 2267 3476 inquit,
2301 3405 2566 3476 prazcipio
2619 3420 2728 3460 non
2782 3420 2900 3474 ego,
2958 3404 3052 3460 sed
3106 3406 3391 3470 Dominus,
3421 3413 3668 3458 uxoremn

2051 3495 2172 3549 viro
2218 3508 2330 3549 non
2353 3493 2641 3560 discedere,
2667 3492 2810 3565 quod
2834 3494 2886 3549 si
2912 3492 3226 3551 discesserit
3269 3507 3486 3548 manere
3523 3491 3666 3544 innu-

2051 3592 2222 3656 ptam,
2270 3590 2368 3638 aut
2411 3584 2530 3638 viro
2576 3599 2674 3638 suo
2723 3583 3074 3638 reconciliari
3099 3583 3150 3652 (Ι
3188 3583 3314 3639 Cor.
3333 3599 3430 3648 vn,
3461 3580 3560 3647 10),
3588 3578 3671 3632 aut

2055 3674 2192 3730 talis
2223 3677 2377 3729 esset
2407 3671 2569 3728 locus
2589 3671 2922 3744 Scriptum,
2945 3674 3011 3726 ut
3031 3676 3304 3728 auctores
3329 3671 3461 3726 inde
3478 3667 3670 3724 diversa

2058 3763 2194 3818 licet
2215 3762 2348 3817 ﬁdei
2381 3778 2496 3816 non
2518 3761 2762 3818 adversa
2784 3759 3090 3827 sentirent,
3119 3761 3280 3816 sicut
3308 3760 3369 3815 in
3387 3755 3672 3816 cenonibus

2057 3853 2364 3916 habemus,
2387 3849 2776 3922 plurimorum
2815 3853 2872 3905 et
2912 3849 3154 3921 majoris
3205 3845 3558 3906 auctoritatis
3599 3856 3672 3898 se-

2057 3957 2372 4012 queremur
2391 3938 2764 3995 sententiam.
2789 3938 2955 3994 Nunc
2974 3944 3174 3994 autem
3202 3939 3376 3996 aliter
3395 3934 3592 3994 sentire
3603 3929 3676 3986 vel

2053 4029 2383 4086 consentire
2417 4045 2532 4084 non
2574 4043 2912 4100 possumus,
2935 4043 3041 4083 nec
3070 4029 3382 4096 debemus,
3418 4025 3522 4082 nisi
3549 4021 3678 4080 sicut

2055 4119 2114 4174 in
2147 4118 2352 4174 litteris
2375 4117 2654 4173 divinitus
2677 4115 2978 4189 inspiratis
3011 4116 3356 4191 relegimus.
3381 4117 3613 4174 Sanctus
3636 4107 3679 4164 si

2056 4206 2291 4280 quidem
2323 4205 2539 4264 Paulus
2560 4203 2939 4267 fornicatores
2970 4209 3028 4260 et
3057 4205 3364 4262 adulteros
3395 4202 3558 4260 idolis
3585 4213 3680 4256 ser-

2052 4297 2348 4353 vientibus
2375 4293 2977 4366 junxit,diccns,quia
3013 4309 3250 4366 regnum
3278 4295 3380 4351 Dei
3406 4309 3511 4349 non
3537 4286 3678 4364 ροεείο

2053 4386 2252 4442 debunt
2281 4385 2328 4458 (1
2355 4384 2475 4440 Cor.
2496 4401 2571 4452 v1,
2594 4383 2673 4455 9),
2696 4387 2754 4439 et
2781 4399 2916 4439 cum
2957 4383 3050 4438 bis
3090 4399 3196 4440 nec
3231 4383 3434 4440 cibum
3473 4384 3678 4436 sumere

2046 4475 2248 4546 jussit.
2273 4475 2342 4530 Et
2378 4473 2518 4530 item
2549 4471 2822 4546 scripsit:
2846 4473 2987 4541 Quia
3028 4474 3397 4544 fornicatores
3423 4477 3476 4527 et
3498 4465 3678 4524 adulta-

293 4564 492 4620 "Manet
521 4565 678 4620 enim
707 4565 1009 4622 vinculum
1058 4567 1424 4640 nuptiarum,
1455 4568 1684 4626 etiamsi
1733 4587 1831 4643 pro

2161 4564 2435 4640 judicabit
2479 4565 2618 4620 Deus
2655 4563 2704 4634 (ι
2721 4565 2846 4622 Cor.
2869 4579 2925 4634 v,
2949 4563 3008 4617 11
3031 4579 3046 4631 ;
3070 4563 3239 4618 Hebr.
3265 4579 3392 4628 xm,
3417 4562 3492 4630 4).
3515 4557 3612 4614 Sed
3637 4555 3683 4608 et

296 4653 468 4724 cujus
497 4669 676 4709 causa
720 4653 934 4711 initum
974 4660 1084 4722 est,
1116 4657 1428 4714 manifesta
1474 4658 1779 4716 sterilitate
1829 4678 1944 4718 non

297 4742 718 4813 subsequatur.
742 4766 771 4792 ››
803 4745 874 4800 Et
904 4745 1045 4802 item
1099 4746 1158 4801 in
1211 4748 1413 4804 eodem
1463 4748 1613 4805 libro
1641 4752 1784 4822 (cap.
1822 4751 1950 4820 16):

295 4857 323 4883 ‹‹
349 4825 513 4888 Sient
535 4848 673 4906 ergo
701 4833 890 4888 satius
910 4839 1000 4890 est
1029 4835 1178 4890 mori
1209 4837 1580 4910 famc,quam
1613 4837 1952 4912 idolothytis

291 4922 468 4990 vesci,
499 4922 587 4978 ita
615 4922 806 4978 satius
835 4927 925 4978 est
973 4924 1211 4997 defungi
1245 4927 1373 4982 sine
1419 4925 1638 4996 liberis,
1675 4944 1851 5000 quam
1881 4945 1952 4986 ex

293 5009 495 5068 illicito
517 5011 831 5068 concubitu
867 5013 1110 5086 stirpem
1147 5032 1464 5087 qumrere.»
1485 5017 1556 5071 Et
1585 5017 1644 5072 in
1677 5016 1844 5074 libris
1874 5019 1946 5074 a‘d

292 5098 646 5158 Pollentium
692 5101 763 5157 de
813 5101 1158 5160 adulterinis
1208 5104 1522 5178 conjugiis,
1563 5105 1862 5163 multoties
1890 5113 1948 5163 et

291 5189 656 5264 frequentius
678 5190 1038 5248 inculcatum
1059 5191 1240 5249 lector
1257 5193 1534 5263 inveniet,
1555 5217 1584 5245 ‹‹
1609 5195 1747 5267 quia
1764 5195 1853 5251 vir
1871 5195 1944 5252 ab

291 5293 487 5349 uxore,
513 5284 570 5337 et
595 5294 745 5338 uxor
773 5295 807 5336 ιι
835 5281 958 5337 viro
1002 5283 1258 5354 separari
1289 5300 1404 5338 non
1438 5288 1647 5354 potest,
1673 5284 1787 5340 nisi
1819 5283 1944 5342 sola

285 5368 692 5426 fornicationis
722 5386 920 5440 causa,
953 5375 1204 5442 possunt
1235 5375 1430 5426 autem
1461 5389 1528 5427 ea
1557 5373 1836 5444 separari,
1861 5375 1944 5430 ita

282 5459 508 5524 tamen,
527 5461 594 5513 ut
625 5463 725 5514 aut
754 5458 987 5530 innupti
1020 5463 1420 5530 permaneant,
1451 5463 1552 5514 aut
1583 5461 1828 5516 invicem
1853 5478 1940 5517 re-

285 5543 723 5602 concilientur.»
744 5547 822 5602 -Et
843 5549 1086 5603 sanctus
1119 5547 1503 5618 Hieronymus
1525 5546 1586 5602 in
1607 5554 1940 5606 commento

283 5631 548 5692 Matthxi
579 5650 592 5691 ε
620 5657 649 5690 ς(
679 5635 894 5695 Dicunt
923 5635 1191 5707 Domino,
1216 5635 1430 5710 inquit,
1459 5635 1732 5713 discipuli
1759 5639 1888 5714 ejus
1923 5655 1937 5698 :

2055 4655 2166 4726 ipsi
2195 4655 2303 4710 viri
2325 4654 2446 4726 qui,
2474 4657 2541 4708 ut
2561 4651 2947 4720 ostendimus,
2972 4651 3098 4724 pari
3130 4651 3282 4726 legis
3303 4648 3528 4723 judicio
3554 4644 3682 4702 sicut

2061 4749 2119 4800 et
2147 4744 2422 4800 mulieres
2449 4743 2602 4815 apud
2635 4741 2820 4797 Deum
2844 4745 3134 4808 tenentur,
3160 4741 3211 4796 si
3235 4733 3683 4796 adulteraverint,

2060 4839 2118 4890 et
2142 4837 2304 4890 tanto
2333 4833 2512 4889 etiam
2561 4831 2810 4906 graviori
2857 4848 3030 4903 poma
3075 4829 3460 4898 damnentur,
3493 4823 3684 4898 quanto

2059 4923 2250 4996 capita
2278 4927 2336 4979 et
2355 4927 2608 4978 rectores
2630 4925 2770 4977 sunt
2790 4919 3126 4990 mulierum,
3151 4918 3477 4993 fragilioris
3495 4910 3690 4972 scilicet

2057 5030 2230 5070 sexus
2261 5016 2319 5067 et
2346 5010 2501 5068 vasis
2530 5009 2890 5078 infirmioris,
2915 5008 3153 5064 licentia
3173 5007 3447 5064 indebita
3477 5019 3585 5060 non
3613 4998 3689 5053 ἀο-

2055 5102 2194 5158 bent
2222 5116 2592 5172 praesumere,
2616 5103 2681 5154 ut
2707 5113 2914 5154 uxores
2935 5113 3075 5153 suas
3110 5095 3520 5153 adulterantes
3547 5091 3688 5147 dam-

2053 5193 2192 5247 nent
2222 5189 2348 5246 sine
2371 5188 2615 5262 judicio,
2641 5187 2869 5243 dicente
2899 5187 2959 5242 in
2991 5185 3116 5260 lege
3145 5186 3406 5243 Domino
3426 5185 3498 5240 de
3527 5192 3686 5238 servo.

2053 5281 2153 5352 qui
2185 5279 2432 5352 pecunia
2455 5277 2675 5334 domini
2706 5275 2798 5332 sui
2827 5280 2953 5332 est:
2987 5277 3104 5349 Qui
3128 5275 3471 5348 percusserit
3497 5280 3689 5328 senm

2050 5386 2232 5438 suum,
2257 5369 2340 5424 vel
2360 5367 2622 5425 ancillam
2641 5367 2818 5436 virga,
2843 5373 2895 5421 et
2909 5367 3115 5422 mortui
3131 5367 3354 5436 fuerint
3373 5364 3437 5418 in

2050 5460 2186 5531 ejus,
2219 5459 2474 5514 criminis
2503 5474 2630 5514 reus
2658 5458 2765 5512 erit
2781 5455 2974 5527 (Exod.
2997 5472 3110 5522 xxx,
3129 5453 3242 5525 20).
3271 5451 3442 5508 Unde
3472 5453 3530 5506 et
3557 5451 3692 5503 sacri

2051 5563 2324 5616 canones,
2348 5547 2396 5601 si
2429 5547 2564 5619 quis
2584 5562 2815 5602 servum
2846 5544 3148 5617 proprium
3181 5541 3316 5598 sine
3348 5531 3691 5596 conscientia

2043 5634 2263 5714 judicis
2302 5635 2599 5707 occiderit,
2621 5632 3219 5695 excommunicatione
3269 5627 3500 5688 biennii
3555 5621 3690 5684 etim
