3896 6182
273 383 394 447 659

1195 375 1578 440 HINCMARI
1626 373 2070 437 RHEMENSIS
2118 377 2160 435 Α
2175 373 2715 436 [tCHIEPISCOPI

3521 375 3624 439 660

275 513 462 589 gratia
491 512 564 570 ad
595 510 824 568 Domini
845 509 1139 583 judicium
1161 510 1444 582 perducta
1465 507 1681 582 est,qui
1705 525 1820 565 non
1831 508 1924 579 ju-
1951 507 2008 574 Α
2036 523 2104 562 ea
2124 522 2251 578 quze
2272 503 3027 575 videntur,satisfactionem
3051 502 3352 578 quisquam
3369 505 3626 579 habuerit,

275 604 498 661 dicium
529 601 755 668 abnuit,
789 601 888 658 sed
921 600 1043 656 ﬁeri
1068 601 1250 672 juste,
1277 603 1333 655 et
1359 617 1394 654 a
1413 598 1595 669 justis
1624 597 1916 671 praecepit.

347 695 728 766 Quapropter,
765 690 814 746 si
862 705 1226 763 quaecunque
1273 687 1486 744 mulier
1529 688 1587 743 in
1637 685 1921 742 adulterio

276 781 660 854 deprehensa,
687 781 758 834 de
779 778 906 852 lege
929 779 1316 851 Moysi,quam
1339 776 1624 832 Dominus
1648 777 1705 830 in
1729 777 1924 831 Testa-

277 875 474 928 mento
504 869 694 925 Veteri
727 866 1230 942 promulgavit,vel
1261 867 1332 922 de
1361 864 1828 921 Christianorum
1848 864 1922 920 le-

279 961 454 1034 gibus
476 957 748 1032 publicis,
772 974 922 1030 quas
945 955 1319 1028 amplectitur
1340 959 1545 1011 sancta
1567 953 1922 1018 Ecclesia,ad

279 1047 608 1122 episcopale
627 1047 920 1120 judicium
948 1045 1186 1111 venerit,
1212 1043 1503 1125 medicina
1531 1048 1621 1099 est
1650 1045 1923 1098 manifes-

281 1137 512 1196 tissima
541 1141 716 1208 atque
745 1134 1264 1201 sufficientissima,
1293 1138 1350 1190 et
1380 1132 1599 1190 salubri
1643 1131 1925 1204 apostoli-

282 1244 483 1284 corum
515 1225 827 1281 traditione
855 1223 1112 1280 virorum
1161 1223 1442 1290 confecta,
1476 1240 1590 1293 qua
1637 1221 1762 1279 sine
1807 1221 1926 1278 ullo

283 1313 686 1388 ambiguitatis
713 1331 926 1380 errore,
959 1313 1154 1368 divina
1196 1312 1386 1385 gratia
1433 1316 1490 1368 ct
1535 1310 1928 1368 ecclesiastica

282 1405 496 1478 pietate
527 1401 804 1460 medicari
833 1402 1066 1459 valebit.

767 1528 1308 1586 INTERROGATIO
1346 1528 1440 1584 VI.

353 1635 545 1692 Tertio
575 1633 830 1708 capitulo
862 1634 1030 1691 nobis
1061 1635 1391 1690 remandari
1425 1651 1748 1706 precamur,
1778 1633 1827 1689 si
1858 1635 1929 1689 de

283 1729 485 1798 stupro
515 1728 572 1780 et
601 1725 817 1780 aborsu
863 1725 1100 1796 praefata
1148 1723 1369 1779 femina
1413 1724 1742 1792 denotatur,
1774 1723 1930 1778 unde

274 1816 400 1886 jam
433 1815 552 1887 egit
571 1813 886 1886 judicium,
909 1813 1049 1886 quid
1077 1814 1228 1870 599
1260 1813 1427 1868 vobis
1456 1830 1524 1869 ex
1548 1814 1750 1868 eodem
1765 1812 1926 1885 judi-

283 1903 373 1960 cio
399 1903 682 1969 videatur,
717 1902 995 1974 quoniam
1039 1903 1282 1974 quidam
1315 1903 1520 1958 dicunt
1552 1902 1774 1960 nullius
1804 1920 1933 1960 esse
1962 1879 2010 1944 Β

285 1992 673 2061 auctoritatis,
707 1993 828 2049 sive
855 1991 1216 2048 credulitatis
1249 1991 1566 2063 judicium,
1599 1994 1754 2064 quod
1803 1993 1928 2049 ﬁeri

284 2082 429 2138 solet
457 2100 560 2155 per
589 2077 800 2154 aquam
832 2081 1104 2148 calidam,
1135 2082 1255 2138 sive
1285 2081 1579 2156 frigidam,
1613 2099 1800 2154 neque
1831 2099 1933 2154 per

285 2171 506 2227 ferrum
525 2169 806 2241 calidum,
833 2171 934 2227 sed
958 2169 1398 2226 adinventiones
1420 2175 1560 2226 sunt
1581 2171 1822 2226 humani
1846 2189 1927 2226 ar-

285 2259 466 2327 bitrii,
501 2260 558 2316 in
589 2261 806 2332 quibus
849 2259 1172 2331 saepissime
1220 2277 1324 2332 per
1370 2259 1656 2316 maleficia
1703 2259 1932 2316 falsitas

285 2349 480 2406 locum
510 2350 734 2406 obtinet
762 2349 1042 2415 veritatis,
1077 2353 1134 2404 et
1165 2349 1292 2404 ideo
1323 2349 1613 2406 credenda
1653 2365 1783 2405 esse
1815 2367 1930 2406 non

286 2438 635 2496 debent.Sed
666 2441 724 2493 et
751 2439 822 2494 de
851 2437 1196 2512 purgatione
1228 2437 1578 2494 sacramenti
1599 2438 1742 2510 quid
1766 2439 1931 2496 vobis

283 2527 567 2595 videatur,
603 2528 774 2598 cujus
803 2527 1170 2583 auctoritatis
1211 2526 1310 2590 sit,
1343 2527 1512 2582 nobis
1559 2528 1798 2584 rescribi
1831 2530 1930 2584 de-

287 2617 669 2690 poscimus,et
689 2620 886 2672 utrum
909 2632 1112 2672 verum
1139 2633 1267 2672 esse
1297 2615 1664 2690 qossit,quod
1687 2617 1928 2690 quidam

287 2706 510 2776 dicunt,
545 2704 684 2778 quia
713 2723 817 2777 pro
847 2709 1070 2761 secreta
1099 2703 1669 2779 confessione,quam
1697 2707 1825 2780 ipsa
1847 2707 1932 2762 fe-

287 2793 450 2851 mina
477 2793 632 2862 fecit,
666 2793 818 2850 sicut
847 2799 903 2866 et
925 2793 1094 2850 testis
1122 2799 1214 2850 est
1242 2794 1342 2868 qui
1373 2793 1532 2850 illam
1566 2795 1932 2870 suscepit,vi-

285 2883 481 2940 carius
508 2882 696 2956 ipsius
718 2883 778 2938 in
791 2883 1084 2956 judicium
1106 2883 1302 2940 exiens
1324 2883 1590 2944 incoctus
1611 2887 1932 2944 evasit.Sed

287 2974 345 3027 et
374 2972 595 3039 dicunt,
629 2972 770 3045 quia
799 2972 1044 3028 intentio
1090 2972 1254 3029 illius
1301 2974 1529 3031 feminae
1574 2975 1684 3032 fuit
1720 2977 1791 3032 de
1819 2976 1934 3034 alio

285 3061 550 3132 ejusdem
582 3061 838 3116 nominis
861 3061 1036 3117 fratre
1061 3064 1433 3136 suo,quando
1453 3065 1734 3120 vicarium
1757 3083 1933 3121 suum

288 3149 350 3204 in
372 3150 667 3221 judicium
701 3149 880 3217 misit,
912 3155 970 3206 et
997 3150 1212 3207 idcirco
1247 3169 1309 3208 se
1356 3153 1418 3207 in
1465 3155 1667 3210 eodem
1709 3153 1933 3225 judicio

290 3254 401 3293 non
443 3239 614 3294 coxit.
641 3238 898 3306 Necnon,
929 3243 987 3293 et
1016 3237 1064 3294 si
1113 3238 1174 3293 in
1211 3239 1458 3309 judicio,
1488 3239 1578 3295 vel
1627 3241 1687 3296 in
1735 3258 1925 3297 sacra-
1958 3245 2001 3312 C

287 3332 504 3392 mento,
541 3327 701 3382 fraus
728 3343 1094 3399 quaecunque
1123 3334 1350 3400 reperta
1382 3329 1553 3384 fuerit
1576 3347 1634 3402 p.
1654 3333 1709 3384 st
1730 3330 1926 3384 datam

285 3413 715 3486 purgationem,
747 3419 946 3470 utrum
991 3431 1170 3470 causa
1215 3415 1275 3470 in
1316 3416 1564 3486 judicio,
1594 3419 1683 3473 vel
1731 3434 1929 3474 sacra-

283 3505 480 3557 mento
536 3507 802 3574 purgata,
863 3501 922 3557 in
972 3503 1267 3574 judicium
1327 3503 1536 3561 debeat
1592 3505 1775 3578 legale
1835 3523 1926 3562 re-

283 3589 438 3646 duci.

894 3697 1313 3756 RESPONSIO.

351 3805 423 3860 At
451 3805 499 3860 si
532 3805 602 3859 de
633 3809 836 3876 stupro
866 3809 924 3860 et
953 3805 1168 3860 aborsu
1199 3808 1332 3860 ante
1353 3803 1565 3862 initum
1588 3807 1926 3881 conjugium

283 3891 496 3965 agitur,
530 3893 600 3948 de
631 3891 846 3964 quibus
874 3893 1171 3966 prmfatam
1195 3893 1474 3950 feminam
1498 3895 1751 3968 reputari
1774 3914 1924 3953 com-

283 3979 566 4054 perimus,
598 3979 950 4036 veniendum
982 3985 1071 4038 est
1091 3981 1256 4054 prius
1273 3983 1343 4038 ad
1367 3983 1813 4046 examinationis
1826 3987 1924 4059 ju-

283 4069 648 4142 dicium,quo
673 4086 802 4125 eam
835 4070 1000 4142 quasi
1033 4074 1340 4144 purgatam
1371 4073 1724 4143 audivimus,
1752 4079 1810 4130 et
1843 4075 1925 4132 sic

281 4159 520 4214 demum
555 4175 846 4232 ponamus
875 4175 943 4216 ex
967 4159 1100 4216 aliis
1131 4176 1258 4233 quae
1289 4161 1598 4233 sentimus,
1632 4167 1697 4218 ut
1725 4163 1774 4219 si
1805 4163 1926 4221 haec

282 4248 527 4304 fortasse
557 4253 685 4304 rata
712 4252 804 4304 est
845 4249 1110 4305 ducenda
1156 4251 1447 4322 purgatio,
1478 4251 1604 4308 sine
1653 4251 1926 4310 ulteriore

279 4335 477 4392 labore
507 4335 750 4408 quaestio
771 4337 1232 4410 conquiescat,et
1251 4337 1300 4394 si
1322 4337 1488 4394 irrita
1507 4341 1738 4411 etjuste
1759 4341 1928 4397 ratio-

281 4423 551 4480 nabiliter
565 4424 740 4480 fuerit
755 4425 1133 4497 comprobata
1149 4426 1490 4498 quaestionis
1506 4427 1748 4502 pelagus
1769 4446 1926 4502 repe-

279 4513 650 4568 tamus.Nam
683 4513 837 4570 sicut
869 4513 1083 4570 Paulus
1115 4514 1256 4570 dicit
1289 4532 1301 4570 :
1336 4514 1492 4572 Fides
1517 4524 1596 4572 est
1621 4518 1923 4589 speranda-

2031 599 2152 663 Qua
2175 595 2245 651 de
2275 612 2335 650 re
2359 597 2427 650 ad
2455 595 2862 669 investiganda
2883 611 2948 650 ac
2973 593 3469 666 comprobanda,et
3485 597 3630 669 quasi

2031 684 2260 741 oculato
2289 683 2437 741 visui
2473 685 2876 756 praesentanda
2906 700 3035 756 quin
3067 681 3241 738 dubia
3267 683 3350 738 vel
3391 685 3630 754 obscura,

2033 793 2160 848 quae
2189 792 2258 830 ex
2288 774 2414 848 lege
2435 773 2752 846 judiciario
2783 773 2984 830 ordine
3029 773 3381 845 comprobari
3412 773 3490 830 vel
3515 791 3632 831 con-

2033 863 2181 920 vinci
2218 882 2332 919 non
2365 867 2632 936 possunt,
2667 863 2782 919 duo
2814 861 3008 918 sanxit
3036 861 3366 928 auctoritas,
3375 862 3634 934 judicium

2035 951 2278 1020 scilicet,
2302 953 2798 1023 ctjuramentum,
2815 952 2969 1024 quod
2994 951 3210 1006 usitato
3231 949 3453 1006 nomine
3473 953 3636 1024 appel-

2033 1042 2189 1099 latur
2217 1045 2274 1098 et
2303 1045 2760 1112 sacramentum,
2795 1039 2934 1114 quia
2956 1038 3017 1095 in
3047 1057 3114 1096 eo
3145 1038 3287 1095 illud
3317 1039 3489 1096 oculis
3523 1042 3636 1097 fidei

2035 1133 2386 1205 pervidetur,
2418 1133 2574 1204 quod
2607 1129 2866 1204 corporis
2895 1129 3082 1186 oculis
3114 1146 3229 1185 non
3260 1129 3606 1204 conspicitur.

2107 1223 2187 1278 De
2209 1222 2432 1292 judicio
2463 1221 2756 1294 siquidem
2796 1219 2856 1276 in
2905 1219 3053 1276 libro
3103 1218 3338 1275 Numeri
3386 1219 3636 1293 scriptum

2035 1315 2125 1366 est
2154 1313 2334 1385 (Nam.
2369 1330 2424 1379 ν,
2459 1311 2544 1384 12)
2579 1328 2592 1366 :
2629 1313 2856 1368 Locutus
2897 1317 2978 1366 est
3019 1309 3283 1366 Dominus
3326 1309 3394 1364 ad
3436 1309 3637 1382 Moysen,

2036 1399 2221 1456 dicens
2251 1419 2271 1457 :
2303 1402 2540 1474 Loquere
2569 1400 2640 1456 ad
2666 1400 2812 1472 ﬁlios
2850 1399 3038 1470 Israel,
3068 1406 3120 1454 et
3150 1397 3295 1454 dices
3322 1397 3389 1453 ad
3414 1413 3494 1454 eos
3519 1416 3537 1453 :
3565 1399 3642 1453 Vir

2036 1491 2192 1562 cujus
2245 1507 2386 1546 uxor
2429 1491 2711 1557 erraverit,
2752 1489 3120 1560 maritumque
3171 1495 3498 1544 contemnens
3538 1487 3641 1543 dor-

2035 1581 2221 1636 mierit
2249 1596 2374 1634 cum
2399 1579 2568 1635 altero
2615 1580 2754 1646 viro,
2785 1584 2838 1634 et
2865 1577 2964 1634 hoc
3008 1579 3248 1634 maritus
3292 1575 3645 1650 deprehendere

2036 1685 2148 1724 non
2175 1669 2430 1741 quiverit,
2462 1667 2555 1724 sed
2584 1668 2713 1723 latet
2743 1666 3116 1734 adulterium,
3145 1673 3200 1722 et
3249 1664 3461 1721 testibus
3505 1665 3646 1733 argui

2037 1775 2148 1814 non
2173 1767 2360 1831 potest,
2393 1759 2526 1830 quia
2554 1773 2667 1812 non
2695 1763 2774 1812 est
2801 1757 3021 1812 inventa
3051 1756 3112 1810 in
3137 1762 3324 1826 stupro
3345 1769 3364 1807 :
3383 1753 3432 1809 si
3447 1755 3645 1826 spiritus

2038 1848 2326 1920 zelotypiae
2372 1847 2722 1902 concitaverit
2775 1845 2959 1900 virum
3011 1844 3167 1900 (ιω
3216 1849 3399 1900 contra
3454 1857 3647 1898 uxorem

2037 1954 2215 2004 suam,
2249 1953 2372 2008 qua:
2402 1937 2484 1991 vel
2511 1936 2720 2008 polluta
2749 1942 2844 2000 est,
2859 1934 2942 1990 vel
2959 1933 3108 2006 falsa
3133 1934 3438 2005 suspicione
3465 1933 3646 2004 appeti-

2041 2031 2149 2082 tur.
2175 2027 2246 2082 Et
2265 2030 2398 2099 post
2427 2027 2830 2096 computatum
2854 2021 3148 2095 judicium
3173 2022 3246 2077 ad
3271 2021 3420 2094 quod
3440 2019 3648 2094 proinde

2037 2114 2192 2170 exire
2222 2115 2449 2184 debeat,
2484 2113 2647 2170 addit
2679 2129 2692 2168 :
2728 2111 2878 2182 Quod
2905 2113 2958 2168 si
2979 2112 3196 2183 polluta
3224 2126 3334 2166 non
3359 2111 3533 2182 fuerit,
3562 2109 3649 2164 erit

2038 2207 2273 2261 innoxia
2290 2225 2310 2271 ;
2338 2211 2389 2260 et
2416 2206 2468 2259 si
2495 2203 2705 2275 polluta
2754 2203 2974 2258 inventa
3013 2201 3208 2273 fuerit,
3235 2201 3462 2254 maritus
3480 2197 3648 2269 absque

2039 2294 2205 2366 culpa
2233 2295 2414 2360 erit,et
2435 2293 2537 2348 illa
2565 2292 2789 2363 recipiet
2820 2291 3173 2362 iniquitatem
3201 2305 3360 2344 suam
3382 2286 3645 2362 (ibid.,28).

2039 2383 2120 2438 De
2142 2381 2480 2454 juramento
2511 2382 2706 2436 autem
2737 2377 2825 2435 vel
2873 2380 3264 2446 sacramento,
3297 2377 3368 2433 ad
3414 2376 3646 2432 Hebraeos

2041 2469 2255 2526 Paulus
2278 2469 2422 2526 dicit
2449 2467 2750 2542 apostolus
2784 2483 2796 2524 :
2829 2467 3064 2524 Abrahae
3091 2483 3332 2539 namque
3369 2467 3648 2538 promittens

2039 2563 2202 2626 Deus,
2249 2561 2511 2632 quoniam
2563 2560 2838 2614 neminem
2884 2556 3078 2612 habuit
3118 2571 3224 2628 per
3267 2561 3423 2628 quem
3463 2555 3651 2627 juraret

2039 2651 2320 2722 majorem,
2342 2649 2558 2720 juravit
2589 2664 2689 2720 per
2733 2647 3098 2718 semetipsum.
3129 2646 3389 2702 Homines
3414 2644 3551 2700 enim
3569 2657 3652 2714 per

2039 2739 2304 2810 majorem
2354 2739 2446 2793 sui
2490 2737 2706 2809 jurant,
2738 2743 2792 2792 et
2843 2736 3018 2793 omnis
3062 2735 3448 2790 controversia
3494 2746 3652 2788 eorm

2040 2828 2168 2900 ﬁnis
2195 2827 2266 2883 ad
2289 2827 2758 2898 conﬁrmationem
2789 2832 2872 2881 est
2887 2825 3276 2898 juramentum
3304 2823 3449 2892 (Heb.
3477 2819 3650 2889 νι,15).

2041 2915 2252 2974 Junior
2269 2931 2502 2988 quoque
2523 2931 2673 2987 papa
2694 2913 3008 2986 Gregorius
3029 2910 3652 2986 perDenualdumpres-

2042 3005 2309 3079 byterum
2339 3003 2636 3059 Bonifacio
2655 3002 2926 3076 episcopo
2945 3001 3186 3074 scripsit
3209 2995 3651 3074 (epist.lt,cap.3):

2044 3117 2071 3143 «
2099 3093 2420 3166 Presbyter,
2435 3091 2730 3164 inquiens,
2743 3090 2832 3147 vel
2857 3089 3104 3163 quilibet
3122 3090 3399 3146 sacerdos
3417 3105 3450 3144 a
3470 3083 3654 3160 populo

2043 3185 2376 3252 accusatus,
2409 3182 2458 3237 si
2490 3180 2629 3237 certi
2662 3197 2774 3236 non
2811 3178 3026 3234 fuerint
3054 3181 3262 3246 testes,
3297 3177 3394 3251 qui
3423 3171 3655 3233 criminis

2037 3269 2184 3327 illati
2213 3271 2536 3345 approbent
2564 3269 2886 3336 veritatem,
2909 3267 3338 3340 jusjurandum
3359 3265 3464 3323 erit
3481 3264 3536 3320 in
3553 3277 3656 3318 rne-

2037 3359 2154 3428 dio,
2189 3364 2247 3416 et
2275 3359 2442 3416 illum
2491 3363 2700 3417 testem
2751 3356 3007 3430 proferat
3053 3355 3125 3411 de
3174 3353 3514 3412 innocentiae
3557 3366 3656 3408 suae

2038 3449 2310 3522 puritate,
2345 3449 2436 3504 cui
2489 3449 2650 3504 nuda
2695 3449 2753 3504 et
2795 3448 2998 3518 aperta
3045 3448 3188 3500 sunt
3238 3445 3452 3509 omnia,
3483 3441 3656 3512 sicque

2038 3542 2273 3594 maneat
2301 3539 2359 3594 in
2393 3537 2626 3610 proprio
2654 3535 2859 3611 gradu.
2890 3556 2918 3584 »
2941 3535 3076 3600 Qua:
3098 3531 3451 3590 sacramenti
3480 3543 3660 3604 purga-

2037 3627 2118 3683 tio
2149 3631 2208 3684 et
2235 3627 2294 3682 in
2328 3625 2760 3693 ecclesiasticis,
2785 3628 2844 3680 et
2870 3621 2929 3678 in
2950 3621 3162 3679 exteris
3183 3619 3418 3696 legibus
3436 3615 3660 3676 usitatis-

2037 3715 2208 3787 sima,
2231 3719 2290 3772 et
2312 3715 2384 3771 de
2405 3715 2540 3770 ﬁdci
2560 3712 2802 3770 veritate
2821 3703 2998 3768 etiam
3025 3727 3062 3766 a
3080 3709 3296 3782 primis
3316 3706 3535 3766 seculis
3551 3715 3658 3761 esse

2035 3809 2266 3861 constat
2311 3807 2526 3860 exorta.
2570 3803 2734 3859 Unde
2783 3799 3014 3858 silentio
3062 3803 3412 3856 venerantes
3452 3813 3567 3870 quae
3609 3791 3656 3847 in

2034 3892 2223 3949 Veteri
2255 3895 2314 3948 et
2342 3893 2401 3948 in
2442 3893 2598 3949 Novo
2643 3893 3019 3948 Testamento
3069 3891 3126 3944 et
3171 3889 3251 3945 ab
3302 3888 3430 3962 ipsa
3474 3881 3660 3940 dicitur

2034 3981 2276 4050 Deitate,
2311 3986 2394 4049 ut,
2425 3984 2532 4038 Per
2577 3981 2951 4052 memetipsum
2986 3978 3203 4049 juravi,
3247 3977 3385 4033 dicit
3427 3973 3660 4032 Dominus

2033 4069 2188 4140 (Gen.
2221 4087 2355 4137 χχιι,
2391 4071 2500 4137 16).
2534 4071 2622 4136 Et,
2653 4069 2872 4124 Iuravit
2896 4067 3182 4133 Dominus,
3219 4073 3276 4122 et
3307 4081 3417 4120 non
3457 4060 3658 4134 pernite-

2035 4159 2114 4215 bit
2137 4176 2263 4216 eum
2289 4159 2459 4228 (Psal.
2489 4175 2598 4225 cxx,
2632 4157 2706 4228 4),
2737 4160 2797 4212 et
2825 4154 2996 4228 plura
3027 4152 3162 4209 alia.
3191 4153 3289 4220 Et,
3313 4153 3497 4220 Amen,
3525 4163 3658 4204 om

2031 4247 2152 4304 dico
2199 4247 2366 4304 vobis.
2401 4246 2650 4302 Multum
2702 4244 2920 4318 quippe
2975 4243 3355 4299 csmmendat
3402 4237 3660 4296 Dominus

2034 4336 2190 4408 quod
2218 4335 2300 4390 ita
2331 4333 2688 4406 pronuntiat,
2723 4331 2862 4404 quia
2892 4330 3359 4404 quodammodo,
3381 4327 3433 4386 si
3453 4326 3562 4384 dici
3589 4323 3662 4380 ias

2034 4427 2142 4490 est,
2163 4423 2384 4495 juratio
2413 4423 2543 4494 ejus
2575 4425 2682 4489 est,
2716 4421 2883 4477 Amen
2927 4420 3048 4476 dico
3094 4419 3267 4476 vobis.
3299 4420 3483 4474 Amen
3526 4414 3662 4472 enim

2034 4511 2450 4584 interpretatur
2476 4526 2700 4575 verum,
2729 4513 2786 4565 et
2812 4512 3008 4564 tamen
3039 4525 3155 4563 non
3196 4512 3292 4564 est
3340 4506 3660 4579 interpreta-

279 4616 404 4655 rum
430 4602 735 4657 substantia
763 4619 968 4670 rerum,
1002 4612 1392 4676 argumentum
1408 4621 1519 4659 non
1537 4610 1921 4678 apparentium
1957 4610 2004 4675 Ι)
2035 4605 2182 4657 tum.
2217 4599 2362 4656 Cum
2411 4599 2699 4672 potuisset
2755 4597 2890 4666 dici,
2939 4613 3128 4653 verum
3183 4597 3310 4652 dico
3358 4597 3526 4662 vobis,
3575 4606 3664 4648 nec

279 4687 428 4759 (Heb.
461 4705 539 4755 χι,
566 4688 638 4760 1).
673 4691 832 4757 Quod
863 4692 1100 4763 exponit
1127 4691 1380 4748 Joannes
1400 4693 1926 4768 Constantinopoli-

278 4780 456 4832 tanus
489 4794 503 4832 :
537 4800 564 4827 ‹‹
599 4778 906 4851 Quoniam,
939 4780 1315 4853 inquiens,ea
1334 4799 1462 4854 qua:
1484 4801 1599 4838 non
1629 4784 1920 4855 videntur,

277 4869 338 4922 et
366 4868 508 4920 sunt
535 4865 594 4922 in
627 4884 748 4939 spe,
781 4867 908 4924 sine
937 4869 1271 4925 substantia
1312 4885 1439 4927 esse
1487 4875 1785 4944 putantur,
1819 4875 1920 4930 sed

279 4953 426 5010 fides
456 4953 542 5012 eis
572 4954 776 5011 tribuit
805 4957 1398 5014 substantiam.Sicut
1417 4961 1761 5018 resurrectio
1785 4979 1924 5018 non-

277 5042 420 5098 dum
445 5043 596 5100 facta
615 5047 724 5111 est,
747 5049 805 5100 et
831 5047 1081 5102 necdum
1103 5047 1272 5102 estin
1294 5048 1752 5120 substantia,sed
1777 5051 1922 5107 fides

275 5135 445 5188 certe:
475 5133 599 5206 spei
620 5133 758 5190 facit
777 5151 903 5190 eam
927 5135 1248 5192 subsistere
1269 5134 1326 5190 in
1351 5137 1548 5192 anima
1567 5140 1920 5211 nostra,quze

275 5227 712 5296 argumentum,
745 5224 800 5279 id
836 5227 925 5280 est
952 5224 1238 5293 conjectio
1269 5229 1358 5281 est
1386 5243 1587 5282 eorum
1633 5245 1758 5299 quae
1805 5245 1920 5284 non

273 5311 564 5366 videntur.
600 5334 628 5362 ››
655 5311 948 5382 Conjeetio
977 5313 1196 5387 quippe
1216 5318 1304 5369 est
1326 5315 1383 5370 in
1407 5315 1582 5372 rebus
1603 5317 1920 5374 admodum

276 5398 622 5454 manifestis.
655 5400 824 5456 Fides
853 5399 1035 5474 igitur
1064 5403 1208 5458 visio
1239 5407 1329 5459 est
1353 5421 1466 5458 non
1489 5404 1918 5476 apparentium,

277 5500 402 5555 quae
434 5487 506 5542 ad
534 5488 799 5544 eamdem
832 5489 1289 5546 satisfactionem
1317 5491 1496 5559 ducit,
1514 5493 1583 5548 ad
1617 5510 1793 5564 quam
1823 5493 1922 5550 illa

277 5569 452 5628 etiam
482 5591 609 5644 qua:
635 5575 906 5633 videntur
941 5595 954 5632 :
990 5595 1178 5652 neque
1210 5579 1354 5635 ﬁdes
1402 5579 1518 5635 dici
1565 5585 1772 5652 potest,
1807 5581 1919 5638 nisi

2033 4691 2268 4746 Graecus
2297 4689 2406 4745 hoc
2437 4689 2722 4761 interpres
2743 4704 2925 4744 ausus
2945 4690 3036 4742 est
3057 4686 3266 4752 facere,
3286 4702 3393 4740 nec
3417 4683 3658 4740 Latinus.

2033 4779 2128 4835 Sic
2185 4777 2422 4844 mansit,
2455 4795 2570 4834 non
2627 4781 2716 4832 est
2769 4775 3238 4848 interpretatum,
3291 4778 3359 4830 ut
3406 4773 3662 4830 honorem

2031 4867 2272 4924 haberet
2301 4867 2625 4923 velamento
2657 4862 2884 4932 secreti,
2919 4880 3034 4920 non
3067 4866 3131 4918 ut
3174 4865 3337 4919 esset
3385 4865 3660 4933 negatum,

2031 4958 2132 5014 sed
2167 4974 2240 5013 ne
2268 4955 2568 5012 vilescerct
2594 4953 2902 5010 nudatum.
2928 4951 3114 5026 Igitur
3140 4966 3350 5007 verum
3374 4949 3504 5006 dico
3521 4945 3664 5003 vobis

2028 5045 2258 5102 Veritas
2288 5043 2450 5114 dicit,
2482 5060 2610 5116 qua:
2642 5043 2843 5116 utique
2871 5039 2982 5098 etsi
3011 5057 3126 5096 non
3172 5038 3418 5108 diceret,
3452 5031 3662 5092 mentiri

2029 5135 2268 5190 omnino
2313 5152 2428 5190 non
2479 5135 2695 5206 posset,
2728 5135 2924 5187 tamen
2973 5129 3374 5195 commendat,
3407 5121 3660 5186 inculcat,

2028 5223 2386 5278 dormientes
2399 5221 2828 5294 quodammodo
2850 5217 3347 5287 excitat,intentos
3369 5213 3525 5278 facit,
3539 5225 3658 5266 con-

2028 5310 2212 5367 temni
2241 5328 2356 5367 non
2387 5309 2529 5366 vult.
2563 5309 2673 5366 Sed
2703 5312 2761 5364 et
2789 5307 3083 5364 Abraham
3115 5307 3188 5362 ad
3219 5319 3459 5360 servum
3505 5312 3662 5358 suum

2029 5401 2175 5456 dixit
2199 5417 2213 5454 ε
2237 5403 2400 5468 Pone,
2424 5397 2718 5472 inquiens,
2746 5413 2976 5452 manum
3003 5404 3157 5452 tuam
3182 5387 3283 5451 sub
3307 5396 3516 5466 femore
3537 5403 3664 5452 meo,

2025 5497 2077 5546 et
2097 5489 2232 5561 jura
2260 5489 2403 5544 mihi
2419 5503 2518 5560 per
2545 5489 2715 5543 Deum
2742 5487 2866 5542 cwli
2893 5485 3047 5554 (Gen.
3080 5501 3232 5551 xxiv,
3263 5483 3347 5550 2).
3385 5481 3455 5536 Et
3483 5495 3578 5534 rex
3604 5472 3667 5531 ad

2027 5577 2343 5644 Abraham,
2364 5579 2502 5633 Iura
2529 5577 2672 5632 mihi
2701 5592 2801 5648 per
2829 5577 3076 5641 Deum,et
3105 5571 3389 5629 Abraham
3417 5571 3500 5624 ait
3529 5584 3546 5620 :
3575 5565 3672 5634 Ego

278 5673 412 5713 cum
443 5659 596 5717 circa
613 5678 683 5718 ea
701 5681 829 5734 qua:
851 5683 965 5723 non
987 5648 1277 5734 videntur,
1293 5667 1548 5741 amplius
1565 5648 1745 5740 quam
1766 5670 1918 5725 circa
2022 5666 2223 5738 jurabo
2247 5665 2398 5738 (Gen.
2432 5683 2545 5733 xx1,
2576 5667 2688 5734 23).
2723 5664 2792 5721 Et
2820 5664 2980 5722 Isaac
3011 5665 3188 5734 atque
3218 5675 3322 5716 rex
3350 5648 3672 5714 Abimelech
