3896 6182
211 357 317 422 661

1126 363 1228 424 DE
1272 364 1648 428 DIVORTIO
1690 366 2062 429 LOTHARII
2105 368 2207 430 ET
2251 369 2712 433 TETBERGE.

3501 367 3622 431 662

214 492 320 552 sibi
345 497 554 552 mutuo
579 493 924 568 juraverunt
955 494 1159 568 (Genes.
1189 500 1364 568 xxvx).
1398 497 1470 554 Et
1499 499 1558 554 in
1589 497 1862 568 Jeremia,
1893 504 1947 571 Α
1977 519 2090 576 que
2122 501 2518 560 consentiunt.
2551 503 2621 560 Et
2667 501 2728 559 in
2783 501 3060 561 Zacharia
3117 502 3400 578 propheta
3430 520 3444 561 :
3481 501 3626 574 Quia

213 587 318 656 Ego
337 585 536 658 juravi
586 587 647 642 in
693 587 918 642 nomine
943 603 1059 642 meo
1087 604 1302 660 magno,
1331 591 1414 644 ait
1439 589 1703 646 Dominus
1731 592 1860 662 (Jer.

1975 595 2153 650 munis
2180 597 2298 666 fur,
2328 595 2469 650 sicut
2492 593 2574 650 ibi
2589 595 2855 666 scriptum
2880 600 2978 660 est,
3003 593 3367 666 judicabitur,
3381 601 3433 650 et
3447 593 3626 651 omnis

215 692 359 742 κων,
378 676 493 745 26).
515 676 588 732 Et
603 675 1022 733 Davidzluravi
1040 680 1282 733 et‘sta-tui
1301 679 1471 750 (Psal.
1497 695 1690 747 cxvm,
1718 681 1877 750 106),
1967 681 2170 753 jurans
2217 699 2287 738 ex
2333 683 2430 738 hoc
2475 683 2737 738 similiter
2781 681 3148 754 judicabitur.
3181 682 3420 737 Educam
3458 681 3622 749 illud,

216 767 280 822 Et
295 764 354 820 in
378 765 536 820 Novo
567 766 942 822 Testamento
971 765 1224 840 legimus
1255 767 1471 826 dixisse
1503 767 1861 841 apostolum:

220 857 378 910 Testis
432 864 512 910 est
568 855 712 910 mihi
767 857 906 912 Deus
963 855 1135 929 (Rom.
1169 873 1209 926 ι,
1243 857 1320 926 9).
1355 858 1426 912 Et
1459 873 1472 912 :
1505 859 1636 914 Ecce
1661 874 1869 934 .coram

216 947 315 1002 Deo
374 947 510 1016 quia
563 959 675 1000 non
734 947 969 1000 mentior
1005 945 1202 1014 (Gatat.
1239 965 1276 1013 1,
1308 948 1420 1013 20).
1457 947 1528 1002 Et
1561 963 1573 1001 :
1609 947 1868 1020 Quotidie

216 1034 439 1100 morior,
469 1049 570 1104 per
611 1039 844 1088 vestram
890 1035 1143 1105 gloriam,
1174 1038 1376 1106 fratres
1399 1038 1447 1104 (I
1475 1036 1596 1092 Cor.
1627 1053 1721 1102 xv,
1752 1036 1862 1108 31).

217 1123 282 1177 Et
311 1120 372 1176 in
405 1119 670 1194 epistolis
703 1122 915 1178 Leonis
953 1126 1126 1195 atque
1157 1123 1435 1196 Gregorii,
1471 1124 1608 1180 hinc
1638 1124 1738 1196 qui
1768 1141 1865 1180 vo-

217 1209 391 1266 luerit
421 1227 680 1282 quaerere
709 1209 1084 1267 abundanter
1110 1211 1688 1280 inveniet.Quantum
1710 1213 1869 1268 deni-

219 1317 328 1372 que
347 1297 409 1354 in
423 1299 722 1371 juratione
751 1301 1076 1372 perjurium
1107 1301 1185 1357 sit
1212 1303 1558 1370 cavendum,
1582 1303 1867 1358 Dominus

220 1389 585 1444 demonstrat
615 1388 672 1443 in
703 1389 894 1445 Exodo
925 1387 1127 1446 dicens
1158 1407 1172 1445 :
1203 1391 1322 1446 Non
1377 1408 1627 1448 assumas
1673 1407 1869 1447 nomen

207 1479 438 1541 Domini
463 1479 566 1534 Dei
591 1479 676 1534 tui
704 1479 762 1534 in
792 1495 996 1534 vanum
1017 1497 1036 1534 :
1055 1496 1155 1535 nec
1178 1483 1328 1535 enim
1357 1483 1624 1537 insontem
1653 1480 1870 1536 habebit

220 1568 481 1624 Dominus
505 1583 631 1624 eum
658 1569 756 1640 qui
785 1571 1138 1640 assumpserit
1164 1586 1362 1626 nomen
1406 1572 1630 1626 Domini
1655 1572 1753 1626 Dei
1776 1571 1870 1626 sui

219 1657 426 1728 frustra
471 1655 663 1725 (Ii-cod.
713 1673 806 1722 xx,
854 1657 932 1729 7).
986 1658 1048 1712 In
1095 1675 1310 1730 vanum
1360 1659 1577 1732 quippe
1630 1663 1689 1714 et
1749 1659 1866 1714 fru-

221 1751 359 1812 stra,
382 1762 499 1802 non
533 1749 598 1800 ut
628 1744 772 1800 nihil
805 1745 901 1813 sit,
937 1749 1039 1803 sed
1072 1751 1135 1802 ut
1165 1746 1214 1802 ei
1249 1747 1350 1820 qui
1378 1765 1592 1804 nomen
1636 1746 1867 1804 Domini

222 1835 315 1892 Dei
351 1835 446 1892 sui
479 1835 540 1890 in
568 1851 786 1890 vanum
813 1839 870 1891 et
897 1836 1120 1892 frustra
1163 1836 1473 1910 acceperit,
1500 1836 1770 1893 nocivum
1802 1840 1870 1890 ut

223 1923 486 1980 criminis
517 1939 614 1980 reo
645 1923 742 1979 sit.
777 1923 922 1980 Item
953 1923 1012 1979 in
1046 1924 1296 1982 Levitico
1347 1925 1632 1981 Dominus
1677 1925 1820 1981 dicit
1855 1942 1868 1980 :

221 2013 334 2070 Non
391 2013 708 2086 perjurabis
766 2015 828 2068 in
871 2014 1092 2069 nomine
1145 2030 1284 2080 meo,
1315 2029 1414 2069 nec
1439 2015 1650 2086 pollues
1675 2026 1872 2070 nomen

222 2102 442 2158 Domini
511 2103 612 2158 Dei
675 2103 778 2158 tui.
811 2101 922 2172 Ego
996 2104 1260 2158 Dominus
1338 2105 1526 2171 (Leuit.
1588 2121 1700 2171 xIx,
1760 2101 1868 2175 12).

223 2191 290 2248 Et
317 2197 566 2268 sanctus
623 2190 801 2248 David
848 2190 907 2246 in
952 2190 1180 2264 psalmo
1214 2208 1228 2246 :
1261 2192 1368 2260 Qui
1409 2193 1569 2262 jurat
1619 2193 1874 2264 proximo

221 2297 336 2346 suo,
398 2287 453 2337 et
505 2295 617 2336 non
689 2280 890 2352 decipit
953 2280 1124 2350 (Psal.
1178 2297 1290 2346 xxv,
1351 2282 1425 2350 4).
1487 2281 1696 2337 Jurare
1761 2284 1873 2348 est,

227 2371 370 2426 θυι
406 2367 600 2441 inquit
629 2367 1031 2435 Cassiodorus,
1067 2368 1398 2448 hominum,
1425 2370 1533 2428 sub
1566 2369 1876 2426 testatione

225 2457 430 2514 divina.
462 2456 684 2530 aliquid
742 2457 1023 2530 polliceri.
1056 2457 1265 2514 Jurare
1311 2457 1468 2514 enim
1507 2457 1730 2513 dictum
1763 2462 1873 2525 est,

226 2545 394 2619 quasi
417 2547 554 2619 jure
586 2563 770 2614 orare,
804 2546 863 2602 id
913 2551 1005 2602 est
1041 2547 1205 2618 justo
1263 2545 1441 2618 loqui.
1475 2548 1640 2602 Tunc
1681 2549 1876 2601 autem

227 2635 524 2710 quispiam
545 2636 708 2708 juste
752 2633 1034 2707 loquitur,
1067 2636 1303 2708 quando
1333 2653 1401 2690 ea
1431 2652 1556 2707 qua:
1586 2633 1878 2708 promittit

225 2723 568 2798 implentur.
599 2725 670 2780 Et
697 2729 940 2780 sanctus
967 2723 1312 2780 Ambrosius
1333 2723 1393 2778 in
1423 2723 1673 2796 epistola
1699 2723 1874 2796 (epist.

225 2813 310 2886 30)
339 2814 418 2869 ad
450 2811 928 2868 Valentinianum
951 2811 1364 2884 imperatorem
1390 2829 1403 2866 :
1437 2833 1464 2862 «
1491 2811 1638 2878 Quid
1669 2815 1757 2867 est
1787 2811 1876 2883 ju-

226 2919 372 2968 rare,
399 2901 514 2958 nisi
539 2901 670 2973 ejus
693 2916 868 2972 quem
892 2901 1127 2956 testaris
1161 2899 1294 2956 fidei
1317 2905 1430 2956 tum
1453 2899 1760 2972 praesulem
1792 2899 1877 2954 di-

227 2990 427 3046 vinam
488 2989 809 3062 potentiam
869 2988 1234 3045 confiteri?»
1269 2989 1339 3044 Et
1386 2989 1524 3044 item
1575 2987 1790 3043 dicitur
1820 2987 1880 3042 in

227 3079 458 3153 psalmo
484 3095 498 3134 :
523 3079 626 3135 Nec
639 3079 855 3150 juravit
877 3080 933 3134 in
965 3077 1086 3134 dolo
1112 3081 1364 3150 proximo
1391 3094 1488 3133 suo
1519 3078 1686 3146 (Psal.
1719 3094 1880 3145 xxm,

228 3169 299 3240 4).
323 3169 439 3225 Per
459 3167 660 3224 dolum
699 3167 893 3240 itaque
925 3167 1093 3238 jurat
1122 3165 1393 3238 quisquis
1426 3165 1594 3222 aliter
1621 3165 1882 3222 facturus

1975 771 2112 827 dicit
2139 774 2402 828 Dominus
2437 774 2796 838 exercituum,
2828 778 2881 828 et
2907 773 3084 827 veniet
3113 771 3183 825 ad
3210 771 3426 826 domum
3453 772 3620 842 furis,

1974 870 2025 918 et
2053 862 2122 918 ad
2149 861 2370 918 domum
2407 862 2653 934 jurantis
2684 863 2739 916 in
2771 861 2993 916 nomine
3033 875 3150 916 meo
3197 858 3548 926 mendaciter,
3574 867 3628 915 et

1975 952 2403 1008 commorabitur
2431 953 2487 1006 in
2527 951 2704 1006 medio
2751 951 2890 1022 ejus,
2923 957 2975 1006 et
2994 955 3270 1005 consumet
3297 963 3441 1016 eam,
3473 947 3623 1003 et'li-

1976 1059 2089 1110 gna
2111 1043 2248 1114 ejus,
2280 1049 2330 1096 et
2363 1041 2570 1112 lapides
2599 1041 2714 1112 ejus
2745 1039 2928 1108 (Zach.
2958 1056 3016 1105 v,
3038 1037 3112 1110 3).
3143 1037 3216 1093 Et
3242 1037 3300 1091 in
3331 1033 3627 1092 Ezechiele

1978 1129 2261 1203 propheta
2293 1146 2306 1184 :
2346 1129 2468 1184 Vivo
2511 1146 2628 1198 ego,
2658 1128 2793 1184 dicit
2827 1129 3108 1196 Dominus,
3144 1127 3408 1199 quoniam
3430 1127 3492 1180 in
3515 1124 3628 1180 loco

1977 1219 2142 1286 regis,
2161 1219 2260 1288 qui
2289 1219 2566 1273 constituit
2591 1233 2716 1272 eum
2747 1232 2944 1284 regem,
2970 1215 3124 1286 cujus
3152 1215 3284 1286 fecit
3314 1212 3618 1283 irritumju

1977 1312 2306 1370 ramentum,
2339 1313 2389 1360 et
2416 1305 2576 1360 solvit
2604 1310 2825 1376 pactum
2871 1303 3012 1374 quod
3052 1301 3282 1358 habebat
3307 1319 3433 1358 cum
3458 1316 3539 1369 eo,
3569 1301 3632 1356 in

1975 1393 2154 1449 medio
2188 1393 2485 1466 Babylonis
2525 1395 2793 1448 morietur
2821 1393 3033 1462 (Ezech.
3065 1409 3204 1460 xvu,
3240 1389 3348 1462 l6).
3381 1391 3628 1463 Spreve-

1977 1486 2068 1538 rat
2079 1481 2459 1555 enim,inquit
2475 1479 3628 1554 llieronymus,Sedechiasjuramentum,

1978 1575 2046 1626 ut
2075 1569 2322 1626 solveret
2369 1571 2578 1638 fmdus,
2612 1574 2670 1626 et
2697 1587 2833 1626 cum
2881 1568 3080 1628 omnia
3107 1569 3229 1624 haec
3259 1567 3478 1635 fecerit,
3512 1583 3629 1622 non

1978 1661 2273 1733 eil‘ugiet.»
2295 1661 2366 1716 Et
2385 1661 2525 1716 item
2557 1659 2966 1732 Hieronymus,
2990 1681 3017 1708 ‹‹
3043 1659 3208 1726 Ecce,
3231 1655 3445 1729 inquit,
3469 1653 3631 1710 dedit

1979 1766 2222 1805 manum
2245 1766 2416 1805 suam
2439 1749 2559 1822 regi
2583 1747 2830 1822 Egypti,
2854 1751 2913 1803 et
2945 1745 3182 1802 tradidit
3203 1762 3284 1813 se,
3309 1749 3367 1800 et
3385 1742 3628 1818 perjurii

1979 1842 2183 1894 contra
2214 1838 2399 1894 Deum
2429 1835 2726 1894 commisit
2753 1834 3146 1908 sacrilegium.
3176 1856 3204 1883 »
3236 1833 3306 1889 Et
3329 1831 3468 1888 hinc
3487 1830 3628 1886 item

1981 1926 2398 2000 Hieronymus:
2415 1950 2439 1978 ‹‹
2457 1927 2538 1982 Ne
2551 1930 2892 2000 putaremus
2897 1925 3324 1998 juramentum,
3344 1925 3402 1978 et
3417 1921 3627 1990 fcedus,

1983 2019 2038 2071 et
2059 2021 2294 2089 pactum
2322 2015 2476 2089 regis
2497 2033 2625 2072 esse
2644 2013 2966 2088 Babylonii,
2985 2012 3072 2068 vel
3096 2009 3388 2068 Sedechiaa
3411 2009 3512 2082 qui
3544 2008 3628 2063 fe—

1983 2109 2158 2174 cerat,
2183 2105 2452 2178 sequitur
2475 2122 2489 2160 :
2515 2105 2573 2160 in
2595 2103 3068 2178 praevaricatione
3094 2118 3212 2172 qua
3231 2096 3496 2171 despexit
3513 2113 3628 2152 me.

1983 2195 2132 2268 Ergo
2154 2195 2252 2268 qui
2276 2193 2601 2250 contemnit
2619 2195 3046 2265 juramentum,
3071 2189 3240 2244 illum
3265 2185 3514 2260 despicit
3531 2201 3636 2258 per

1984 2301 2160 2356 quem
2185 2285 2425 2356 juravit,
2459 2282 2662 2355 illique
2693 2281 2832 2338 facit
2859 2279 3162 2352 injuriam,
3193 2279 3366 2350 cujus
3409 2273 3634 2332 nomini

1985 2372 2233 2429 credidit
2261 2371 2652 2428 adversarius.
2685 2369 2980 2443 Quidquid
3010 2368 3196 2442 igitur
3225 2369 3431 2422 contra
3459 2364 3635 2422 Sede-

1986 2461 2178 2518 chiam
2231 2463 2387 2519 602
2438 2460 2572 2518 fecit
2627 2459 3163 2516 Nabuchodonosor
3209 2456 3297 2528 (IV
3324 2455 3449 2526 Reg.
3479 2453 3632 2520 xxv),

1987 2569 2100 2607 non
2125 2551 2250 2607 suis
2273 2551 2406 2606 fecit
2431 2551 2678 2616 viribus,
2701 2549 2800 2604 sed
2832 2548 2921 2604 ira
2949 2547 3074 2618 Dei,
3104 2545 3164 2602 in
3197 2545 3368 2617 cujus
3399 2541 3636 2600 nomine

1986 2643 2176 2698 fuerat
2189 2639 2687 2714 perjuratus.Legi
2697 2656 2748 2693 m
2759 2655 2827 2694 us
2839 2637 2996 2692 enim
3011 2633 3357 2692 Sedechiam
3369 2635 3632 2705 captum,

1987 2731 2231 2786 ductum
2261 2729 2322 2784 in
2354 2728 2616 2796 Reblata,
2652 2727 2852 2799 ibique
2881 2724 3200 2780 interfectis
3229 2722 3366 2778 ﬁliis
3391 2737 3640 2777 exczeca-

1985 2822 2136 2884 tum,
2159 2823 2218 2874 et
2243 2818 2429 2874 instar
2475 2817 2608 2872 ferae
2655 2815 2922 2870 clausum
2964 2829 3156 2879 cavea,
3189 2809 3542 2866 translatum
3572 2807 3634 2864 in

1987 2907 2360 2981 Babylonem.
2387 2928 2416 2956 ››
2437 2907 2507 2962 Et
2531 2908 2770 2961 sanctus
2799 2901 3122 2975 Cyprianus
3141 2898 3200 2954 in
3225 2915 3378 2956 nono
3399 2896 3634 2954 abusio-

1988 2997 2081 3053 nis
2103 2996 2312 3070 gradu,
2345 3018 2372 3044 ‹‹
2399 2993 2553 3066 regis
2575 2989 2967 3047 ministerium
2990 3005 3118 3045 esse
3139 2985 3299 3054 dicit,
3320 2985 3536 3058 impios
3566 2984 3638 3040 de

1988 3090 2144 3141 terra
2162 3083 2420 3156 perdere,
2445 3081 2766 3154 parricidas
2795 3083 2854 3135 et
2884 3077 3151 3151 perjuros
3193 3075 3382 3131 vivere
3411 3089 3527 3129 non
3557 3071 3638 3129 si-

1991 3187 2210 3229 nere.»
2242 3172 2313 3226 Et
2349 3175 2589 3227 sanctus
2639 3167 2954 3241 Gregorius
2982 3164 3040 3220 in
3074 3162 3318 3220 homilia
3343 3160 3639 3233 Evangelii

226 3261 519 3330 estquam
542 3256 853 3330 promittit,
878 3256 1121 3312 credens
1152 3255 1476 3328 perjurium
1507 3272 1622 3310 non
1643 3271 1772 3310 esse
1791 3255 1886 3310 de-
1913 3249 1956 3314 C
1994 3263 2066 3318 de
2095 3260 2448 3334 Martyribus
2475 3277 2488 3314 :
2533 3280 2561 3308 «
2581 3258 2665 3314 Ad
2709 3255 3014 3321 exstincta,
3038 3253 3252 3326 inquit,
3279 3267 3482 3308 eorum
3513 3266 3638 3306 cor-

227 3347 460 3418 ccpisse
487 3345 754 3418 nequiter
775 3343 1065 3401 credentis
1086 3361 1363 3401 errorem.
1397 3345 1467 3399 Et
1487 3343 1624 3414 hinc
1646 3347 1884 3399 sanctus

226 3434 400 3491 Hiero
413 3451 624 3508 nymus
648 3451 662 3490 :
687 3457 715 3484 «
743 3432 908 3489 Multi
930 3431 1306 3505 sunt,inquit,
1321 3433 1422 3505 qui
1445 3433 1642 3488 dolose
1656 3432 1681 3504 j
1691 3435 1883 3500 urant,

224 3528 286 3579 ut
301 3523 611 3596 decipiant
623 3521 1137 3596 proximum,quod
1154 3521 1530 3578 abominetur
1543 3521 1708 3577 Pater
1719 3520 1887 3576 lumi-

221 3630 384 3680 num,
424 3613 649 3668 dicente
673 3611 838 3668 Petro
863 3627 877 3664 ε
913 3611 1029 3667 Non
1058 3627 1112 3666 es
1143 3610 1455 3666 hominibus
1484 3613 1762 3677 mentitus,
1796 3611 1889 3665 sed

221 3703 322 3759 Deo
349 3701 490 3772 (Act
519 3703 653 3769 ων).
696 3700 764 3756 Et
819 3700 878 3754 in
938 3698 1087 3754 libro
1147 3699 1371 3772 Regum
1431 3697 1714 3770 scriptum
1776 3702 1886 3767 est,

221 3792 360 3863 quia
383 3790 630 3866 quando
673 3789 826 3844 facta
856 3791 946 3844 est
963 3787 1147 3843 fames
1171 3787 1227 3841 in
1249 3787 1456 3842 diebus
1488 3787 1666 3842 David
1699 3787 1890 3842 tribus

223 3881 395 3937 annis
417 3879 736 3952 jugiter,et
759 3875 1054 3932 consuluit
1083 3875 1258 3930 David
1294 3874 1600 3930 oraculum
1633 3873 1886 3941 Domini,

226 3969 372 4024 dixit
403 3967 699 4024 Dominus
733 3982 746 4020 :
779 3968 1004 4037 Pr0pter
1031 3963 1188 4030 Saul,
1215 3971 1266 4018 et
1295 3963 1516 4018 domum
1532 3963 1667 4035 ejus,
1691 3972 1743 4019 et
1757 3981 1890 4018 san-

225 4061 478 4127 guinem,
513 4058 647 4128 quia
705 4053 900 4110 occidit
950 4053 1272 4110 Gabaonitas
1329 4053 1405 4121 (II
1432 4054 1556 4121 Reg.
1589 4055 1727 4121 XXI).
1762 4050 1906 4107 Filii-

228 4145 455 4218 quippe
479 4143 656 4200 Israel
671 4144 1019 4214 juraverant
1039 4141 1205 4208 cis,et
1225 4140 1409 4196 voluit
1429 4140 1566 4196 Saul
1590 4143 1892 4213 percutere

229 4251 330 4290 eos
350 4234 504 4302 zelo,
528 4231 699 4305 quasi
722 4247 826 4304 pro
849 4229 986 4285 ﬁliis
1010 4229 1186 4286 lsrael
1211 4232 1268 4285 et
1283 4228 1458 4296 Juda,
1482 4228 1684 4284 dicens
1713 4229 1893 4285 Josue

229 4325 416 4397 gratis
449 4322 690 4380 eosdem
721 4319 1078 4376 Gabaonitas
1119 4317 1308 4373 vivere
1357 4316 1712 4389 permisisse.
1748 4317 1894 4372 Hinc

229 4417 393 4486 patet
429 4415 656 4484 quanta
683 4409 958 4481 impietas
986 4411 1076 4463 est
1104 4407 1452 4480 perjurium,
1485 4405 1578 4461 cui
1609 4405 1894 4462 Dominus

225 4505 463 4557 tantam
497 4497 782 4572 imposuit
811 4495 1118 4552 ultionem.
1145 4519 1172 4544 ››
1196 4495 1265 4550 Et
1282 4494 1569 4550 Jeremias
1590 4495 1892 4567 propheta,

1995 3368 2135 3425 pora
2163 3350 2421 3405 viventes
2441 3347 2574 3420 aegri
2609 3345 2850 3402 veniunt
2869 3348 2926 3401 et
2947 3346 3267 3400 sanantur:
3295 3339 3516 3414 perjuri
3546 3355 3641 3394 ve-

1995 3440 2190 3508 niunt,
2221 3443 2279 3494 et
2307 3456 2341 3494 a
2371 3435 2657 3493 daemonio
2688 3438 2969 3491 vexantur
2991 3449 3004 3488 :
3029 3430 3372 3488 (leemoniaci
3402 3427 3644 3486 veniunt

1995 3535 2052 3585 et
2081 3529 2422 3584 liberantur.
2461 3549 2489 3576 ››
2521 3525 2667 3580 Hinc
2715 3540 2852 3596 ergo
2895 3521 3288 3595 colligendum
3321 3524 3428 3587 est,
3463 3533 3646 3590 quan-

1996 3622 2122 3673 tum
2156 3620 2456 3690 peccatum
2506 3614 2582 3670 sit
2625 3613 2922 3686 perjurare
2950 3610 3010 3665 in
3042 3609 3278 3666 nomine
3325 3604 3559 3664 Domini
3588 3607 3647 3661 et

1997 3710 2335 3763 sanctorum
2367 3705 2516 3775 ejus,
2567 3701 2724 3774 quod
2754 3698 3235 3772 et'sacrilegium,
3268 3699 3334 3752 ut
3358 3692 3643 3768 praemisi-

1998 3793 2301 3863 mus,dicit
2321 3809 2451 3849 esse
2474 3795 2714 3847 sanctus
2737 3787 3264 3862 Hieronymus.Sed
3285 3787 3344 3840 et
3355 3785 3644 3856 quantum

1997 3881 2548 3953 temeritasjurandi
2569 3878 2737 3934 vitari
2761 3878 2988 3947 debeat,
3011 3875 3124 3931 nisi
3149 3889 3365 3946 magna
3396 3869 3648 3944 exegerit

1999 3971 2341 4037 necessitas,
2372 3973 2477 4024 aut
2522 3967 2771 4024 aliorum
2815 3966 2915 4038 qui
2969 3982 3083 4019 non
3131 3963 3379 4019 credunt
3417 3957 3648 4016 veritati

2001 4061 2246 4130 utilitas,
2273 4064 2335 4114 ut
2355 4059 2613 4125 credant,
2639 4061 2696 4112 et
2726 4055 2852 4128 paci
2884 4071 2952 4109 ac
2979 4050 3300 4108 concordiae
3331 4066 3435 4122 per
3463 4065 3650 4105 sacra-

2001 4153 2265 4206 mentum
2315 4145 2676 4212 consulatur,
2711 4142 2967 4198 cavenda
3013 4140 3110 4196 sit.
3143 4141 3214 4194 Et
3259 4137 3546 4194 Dominus
3588 4135 3650 4190 in

2000 4235 2310 4309 Evangelio
2341 4236 2706 4290 demonstrat
2741 4231 2942 4288 dicens
2977 4246 2989 4284 :
3022 4229 3199 4284 Nolite
3217 4228 3414 4298 jurare
3442 4223 3648 4296 (Matth.

2000 4346 2056 4394 ν,
2079 4329 2190 4396 34).
2215 4327 2285 4381 Et
2320 4323 2575 4381 Jacobus
2606 4322 2663 4376 in
2697 4317 2944 4393 epistola
2982 4332 3130 4374 sua:
3165 4315 3299 4370 Ante
3320 4314 3528 4380 omnia,
3562 4310 3650 4366 in-

2003 4415 2152 4490 quit,
2183 4419 2386 4487 fratres
2432 4415 2561 4480 mei,
2593 4411 2764 4466 nolite
2812 4409 3028 4480 jurare,
3060 4419 3235 4476 neque
3285 4417 3386 4474 per
3433 4401 3652 4467 caelum,

2002 4521 2174 4577 neque
2203 4520 2301 4576 per
2331 4511 2553 4567 terram,
2582 4514 2754 4570 neque
2779 4496 2935 4552 aliud
2972 4494 3326 4567 quodcunque
3363 4491 3653 4562 juramen-

227 4589 361 4646 Ecce
389 4606 485 4646 vos
523 4587 797 4660 conﬁditis
827 4587 976 4642 vobis
1016 4587 1076 4640 in
1107 4584 1279 4640 verbis
1308 4583 1602 4652 mendacii,
1633 4599 1760 4655 qua:

2117 4617 2122 4646 ι
2152 4612 2170 4648 :
2199 4595 2270 4646 sit
2319 4599 2501 4644 autem
2544 4603 2720 4644 sermo
2769 4593 2956 4651 vester,
2986 4585 3096 4650 Est,
3127 4589 3226 4648 est,
3259 4580 3398 4647 Non,
3430 4594 3564 4649 non,
3595 4585 3655 4633 ut

224 4680 541 4750 proderunt
588 4677 756 4744 vobis,
802 4676 1009 4748 furari,
1053 4673 1312 4741 οεοίάσνε,
1347 4673 1676 4740 adulterare,
1701 4674 1899 4744 iurare
1928 4665 1972 4682 "
2005 4699 2118 4738 non
2143 4681 2242 4735 sub
2263 4679 2478 4750 judicio
2500 4676 2762 4732 decidatis
2793 4675 2994 4744 (Iacob.
3027 4673 3180 4740 v,t2)
3213 4687 3226 4726 :
3258 4668 3359 4724 illo
3386 4665 3658 4723 videlicet

227 4768 579 4826 mendaciter
607 4768 736 4836 (Jer.
768 4781 868 4828 vn,
899 4764 978 4832 9).
1010 4761 1152 4817 Hinc
1200 4778 1336 4834 ergo
1386 4761 1752 4833 pensandum
1809 4767 1900 4818 est

232 4860 535 4929 quantum
559 4855 782 4910 crimen
801 4853 879 4907 sit
898 4852 1102 4922 jurare
1124 4850 1665 4922 mendaciter,quod
1684 4852 1752 4905 ad
1764 4851 1903 4906 ulte-

233 4945 342 5015 rio,
367 4949 429 5002 et
464 4941 806 5008 homicidio,
829 4957 895 4996 ac
918 4941 1070 4995 furto
1092 4937 1396 5010 conjunxit
1427 4939 1730 5011 propheta,
1757 4957 1900 5012 quo-

234 5053 370 5092 rum
405 5037 846 5108 perpetratores
883 5030 1195 5104 Apostolus
1227 5030 1274 5101 (I
1304 5031 1421 5086 Cor.
1457 5047 1535 5098 v1,
1567 5029 1624 5098 9)
1657 5047 1903 5104 regnum

236 5125 337 5182 Dei
371 5123 528 5180 dixit
561 5139 677 5178 non
715 5119 1034 5194 possidere.
1059 5119 1130 5174 Et
1165 5117 1554 5190 Hieronymus
1586 5118 1645 5173 in
1677 5120 1901 5191 exposi-

237 5217 400 5271 tione
442 5212 716 5284 ejusdem
765 5209 1059 5282 prophetze
1088 5225 1102 5263 :
1154 5230 1181 5257 «
1207 5207 1440 5262 Poterat
1475 5207 1598 5262 fieri
1631 5211 1695 5262 ut
1725 5207 1906 5280 aliqui

233 5303 656 5360 invenirentur
675 5300 735 5354 in
759 5297 995 5373 populo,
1019 5295 1121 5370 qui
1147 5295 1498 5352 simularent
1527 5296 1751 5351 cultum
1784 5299 1907 5370 Dei,

235 5398 296 5448 et
325 5393 618 5466 jurarent
656 5405 759 5461 per
785 5386 1124 5444 Dominum.
1152 5384 1268 5440 Hoc
1294 5384 1590 5456 praevenit,
1627 5387 1782 5456 quod
1819 5405 1914 5442 ne-

234 5496 560 5558 quaquam
580 5480 735 5536 Deus
767 5477 934 5534 vanis
955 5475 1350 5558 sermonibus,
1377 5475 1477 5528 sed
1507 5475 1744 5532 veritate
1775 5477 1912 5533 ﬁdei

236 5553 585 5630 delectetur
610 5572 669 5625 et
699 5567 852 5624 dicet
884 5583 897 5622 :
931 5566 1058 5622 Non
1108 5553 1207 5620 eos
1246 5563 1425 5636 diligo
1455 5562 1554 5635 qui
1577 5564 1784 5636 jurant
1811 5584 1914 5639 per

239 5679 360 5732 me,
380 5663 446 5716 et
455 5658 672 5729 jurant
691 5655 750 5712 in
773 5655 1100 5724 mendacio,
1125 5653 1225 5709 sed
1253 5669 1500 5724 quorum
1524 5654 1701 5710 corda
1731 5654 1913 5712 labia-

2001 4769 2248 4843 judicio,
2281 4767 2394 4822 sub
2427 4783 2543 4838 quo
2590 4763 2809 4819 decidit
2852 4762 3126 4828 l-lerodes,
3163 4762 3228 4814 ut
3255 4757 3342 4815 vel
3375 4757 3656 4830 pejorare,

2008 4859 2095 4916 vel
2117 4855 2373 4931 perjuriu
2384 4873 2438 4908 η]
2461 4854 2714 4910 cavendo
2737 4851 2893 4907 aliud
2919 4864 3154 4907 necesse
3173 4847 3416 4903 haberet
3431 4849 3660 4918 patrare

2012 4946 2322 5020 flagitium.
2346 4945 2418 4998 At
2445 4943 2523 4998 sit
2551 4941 2776 5014 aliquid
2807 4941 2956 4996 forte
2984 4956 3094 4995 nos
3116 4935 3661 5007 incautiusjurasse

2013 5033 2340 5106 contigerit,
2365 5033 2519 5104 quod
2543 5031 2916 5086 observatum
2938 5027 3159 5084 scilicet
3183 5027 3438 5098 pejorem
3462 5021 3662 5092 vergat

2015 5126 2072 5181 in
2097 5120 2523 5190 exitum,libere
2539 5119 2682 5175 illud
2704 5117 2948 5174 consilio
2969 5114 3295 5173 salubriora
3314 5107 3662 5166 mutandum

2016 5213 2371 5276 noverimus,
2395 5227 2462 5266 ac
2502 5208 2692 5281 magis
2735 5209 2991 5264 instante
3025 5201 3370 5259 necessitate
3401 5197 3664 5270 pejeran-

2016 5305 2157 5359 dum
2183 5301 2372 5366 nobis,
2396 5316 2576 5371 quam
2609 5315 2712 5369 pro
2746 5295 2981 5352 vitando
3017 5290 3271 5363 perjurio
3293 5287 3348 5343 in
3369 5286 3524 5342 aliud
3550 5283 3668 5338 cri-

2019 5409 2154 5447 men
2177 5389 2414 5463 gravius
2449 5404 2575 5442 esse
2616 5384 3020 5441 divertendum
3045 5383 3092 5446 (I
3114 5381 3240 5447 Reg.
3260 5377 3375 5444 25).
3409 5373 3672 5463 Denique

2011 5462 2234 5553 juravit
2265 5478 2442 5534 David
2475 5494 2578 5548 per
2607 5473 2944 5535 Dominum,
2969 5468 3230 5524 occidere
3250 5463 3455 5532 Nabal,
3478 5462 3670 5518 virum

2022 5549 2270 5625 stultum
2291 5573 2348 5624 et
2370 5566 2640 5638 impium,
2669 5567 2842 5634 atque
2859 5556 3057 5615 omnia
3073 5573 3200 5628 quae
3218 5554 3288 5610 ad
3307 5551 3474 5608 illum
3496 5549 3672 5624 perti-

2023 5663 2230 5715 nerent
2242 5654 2535 5714 demoliri:
2557 5652 2659 5708 sed
2677 5651 2749 5707 ad
2767 5647 3018 5722 primam
3035 5642 3520 5702 intercessionem
3544 5639 3678 5696 Abi-
