3896 6182
311 355 435 413 663

1231 342 1619 422 HINCMARI
1667 349 2119 414 RHEMENSIS
2167 355 2760 418 ARCHIEPISCOPI

3587 359 3692 422 664

307 484 422 560 gail
445 482 672 541 feminae
695 482 1024 556 prudentis,
1042 500 1176 540 mox
1193 483 1422 540 remisit
1439 485 1650 552 minas,
1679 484 1966 540 revocavit
1991 485 2047 552 Α
2077 489 2329 544 sentiam
2361 489 2486 545 sine
2513 491 2627 545 ﬁne
2674 489 3026 548 subsistunt.
3063 489 3320 548 Praeterit
3346 490 3499 548 enim
3527 492 3694 566 ﬁgura

305 589 508 631 ensem
529 573 592 630 in
615 573 911 645 vaginam,
939 590 1128 646 neque
1169 573 1391 644 aliquid
1413 571 1596 644 culpa:
1619 590 1680 628 se
1701 573 1802 629 tali
1834 591 1963 646 per-

296 662 456 736 jurio
479 661 836 720 contraxisse
857 661 1064 717 doluit.
1089 663 1317 718 Jnravit
1355 663 1610 717 Herodes
1631 663 1770 717 dare
1793 661 1966 720 salta-

307 751 434 808 trici
469 751 860 823 quodcunque
891 751 1248 822 postulasset
1276 751 1348 807 ab
1381 769 1467 820 eo,
1501 756 1556 806 ct
1586 768 1657 806 ne
1687 753 1963 824 perjurus

310 841 602 897 diceretur
647 857 682 896 a
721 839 1000 906 convivis,
1057 839 1250 912 ipsum
1300 839 1628 895 convivium
1676 841 1964 911 sanguine

310 929 539 1003 polluit,
555 931 696 985 dum
719 929 1011 1001 propheta:
1034 933 1282 984 mortem
1309 929 1639 985 saltationis
1663 931 1798 986 fecit
1819 948 1961 1002 pris-

309 1022 516 1075 mium.
549 1019 674 1074 Non
703 1017 894 1075 solum
935 1022 1130 1075 autem
1163 1019 1220 1074 in
1245 1019 1523 1090 jurando,
1558 1019 1658 1074 sed
1695 1019 1753 1074 in
1787 1037 1961 1076 omne

311 1109 465 1180 quod
489 1109 746 1180 agimus,
763 1107 884 1163 haec
905 1111 996 1164 est
1020 1107 1339 1163 moderatio
1360 1107 1638 1164 solertius
1659 1108 1964 1165 observan—

310 1199 403 1267 da,
428 1202 494 1254 ut
513 1198 559 1254 si
583 1197 758 1254 talem
787 1199 931 1252 forte
961 1197 1192 1269 lapsum
1225 1197 1441 1252 versuti
1475 1197 1662 1253 hostis
1689 1199 1958 1255 incideri-

307 1305 442 1344 mus
473 1287 725 1354 insidiis,
757 1305 825 1342 ex
857 1303 973 1358 quo
1004 1286 1130 1342 sine
1176 1285 1374 1358 aliquo
1424 1287 1641 1358 peccati
1691 1289 1960 1360 contagio

309 1393 544 1450 surgere
567 1393 679 1432 non
704 1374 1194 1448 possimus,illum
1213 1376 1408 1448 potius
1429 1377 1707 1432 evadendi
1733 1377 1958 1434 aditum

307 1465 661 1538 petamus,in
685 1482 799 1537 quo
822 1465 1020 1522 minus
1040 1464 1282 1536 periculi
1307 1482 1414 1520 nos
1437 1482 1816 1537 perpessuros
1831 1485 1962 1524 esse

307 1571 640 1622 cernamus,
666 1557 722 1610 et
733 1555 903 1626 juxta
919 1553 1251 1626 exemplum
1274 1571 1496 1620 eorum,
1521 1555 1620 1627 qui
1644 1555 1958 1612 hostilibus

308 1641 491 1698 clausi
513 1643 720 1710 muris,
745 1644 887 1698 dum
909 1643 1151 1699 evadere
1172 1643 1632 1711 desiderant,sed
1658 1647 1954 1716 portarum

307 1731 574 1790 omnium
597 1749 900 1788 accessum
927 1732 1039 1787 sibi
1063 1731 1440 1788 interdictum
1463 1733 1852 1802 considerant,
1876 1735 1955 1791 ibi

2077 575 2259 647 hujus
2318 577 2525 633 mundi
2575 580 2620 651 (I
2649 580 2752 635 Cor
2797 579 2898 651 vn)
2931 597 2944 635 :
2978 581 3041 636 Et
3069 588 3249 644 erunt,
3283 579 3494 654 inquit,
3525 584 3694 639 emtum

2074 680 2294 733 novum,
2327 674 2378 720 et
2407 674 2554 721 terra
2579 683 2719 722 nova
2749 666 2820 740 (II
2844 671 2992 723 Petr.
3024 669 3126 740 ιιι).
3160 670 3294 735 Quae
3335 668 3564 742 quidem
3594 687 3694 727 non

2077 753 2196 808 alia
2225 755 2514 811 credenda
2535 761 2694 822 sunt,
2721 757 2819 813 sed
2843 757 2962 812 haec
2983 757 3114 830 ipsa
3133 759 3694 816 renovantur.'l‘rans-

2074 847 2319 912 eunt,ct
2338 846 2764 915 permanebunt
2785 864 2798 912 ;
2819 845 3096 918 quoniam
3125 847 3198 912 ab
3228 863 3296 904 ea
3324 847 3694 920 specie,quam

2076 949 2234 988 nunc
2286 932 2508 988 habent
2565 939 2884 1006 tergentur,
2917 939 2974 991 et
3003 935 3062 990 in
3097 953 3207 992 sua
3252 953 3487 1009 semper
3515 941 3697 995 natura

2072 1025 2396 1090 servantur,
2433 1025 2586 1080 unde
2619 1023 2904 1096 scriptum
2937 1027 3044 1094 est,
3079 1024 3312 1080 Mutabia
3339 1043 3425 1090 ea,
3457 1035 3512 1083 et
3538 1037 3692 1082 muta-

2073 1111 2278 1167 buntur
2293 1113 2663 1181 (P31113127).
2685 1116 3046 1185 Quapropter
3065 1113 3190 1169 ﬁeri
3213 1130 3427 1186 aquam
3449 1114 3723 1192 ignitam,_

2071 1199 2142 1254 ad
2174 1198 2296 1255 haec
2327 1200 2443 1254 duo
2475 1199 2748 1271 copulata
2777 1200 2838 1255 in
2867 1217 3051 1256 unum
3094 1199 3434 1274 indaganda
3469 1203 3696 1274 judicia,

2071 1287 2215 1343 illud
2249 1289 2536 1358 videlicet,
2557 1290 2712 1361 quod
2735 1289 2862 1361 jam
2896 1306 3000 1362 per
3027 1305 3243 1362 aquam
3275 1289 3497 1346 factum
3530 1297 3627 1358 est,
3654 1297 3701 1348 et

2069 1375 2214 1432 illud
2247 1379 2402 1450 quod
2435 1396 2538 1451 per
2594 1378 2790 1452 ignem
2846 1379 3106 1435 ﬂendum
3165 1383 3274 1447 est,
3309 1378 3444 1436 licet
3467 1378 3588 1436 sint
3613 1399 3699 1454 pro

2069 1468 2400 1539 temporum
2431 1466 2712 1524 varietate
2751 1467 3030 1540 disparia,
3066 1469 3166 1524 sed
3199 1485 3385 1524 unum
3417 1475 3561 1526 sunt
3585 1487 3700 1544 ope-

2069 1555 2315 1611 rationis
2331 1557 2628 1629 mysterio,
2655 1557 2713 1611 in
2739 1556 2955 1630 quibus
2973 1557 3161 1614 sancti
3187 1557 3516 1615 liberantur
3538 1558 3699 1626 illusi,

2067 1649 2124 1699 et
2155 1645 2382 1717 reprobi
2428 1645 2759 1718 puniuntur
2807 1645 3046 1713 addicti,
3081 1646 3368 1717 Ecclesiae,
3403 1665 3582 1720 quam
3616 1649 3699 1704 de-

2068 1733 2319 1806 signavit
2347 1751 2482 1790 arca
2509 1733 2732 1803 diluvii,
2765 1735 3022 1791 creditur
3040 1735 3353 1793 tradidisse
3377 1737 3696 1803 auctoritas,

307 1837 544 1876 necesse
574 1823 662 1877 est
684 1821 990 1877 desiliendi
1017 1821 1211 1877 locum
1235 1821 1468 1895 eligant,
1489 1823 1585 1878 ubi
1610 1840 1777 1879 muro
1807 1824 1955 1880 exis-
1988 1860 2034 1925 Β
2067 1839 2195 1894 quae
2221 1823 2396 1878 etiam
2429 1824 2564 1879 inde
2596 1823 2810 1890 sanxit,
2838 1829 2902 1880 ut
2931 1841 3094 1897 aquae
3126 1825 3501 1898 baptismatis
3531 1826 3698 1883 halitu

309 1913 471 1965 tente
484 1909 744 1966 breviore
757 1909 1072 1965 minimum
1093 1909 1333 1982 periculi
1358 1913 1954 1969 cadentisincurrani.

307 1998 380 2052 Et
397 1997 537 2054 hinc
561 2015 629 2054 ex
652 2000 872 2054 sanctis
894 1999 1297 2070 Scripturis,et
1317 2000 1736 2057 catholicorum
1763 2001 1954 2069 dictis,

307 2085 556 2158 quidam
575 2088 944 2144 'orlhodoxus
964 2091 1023 2144 et
1040 2088 1290 2160 insignis
1321 2087 1488 2160 poeta
1517 2089 1668 2145 inter
1687 2091 1802 2146 alia
1821 2092 1960 2147 scri-

308 2175 493 2248 pserit
520 2176 720 2232 dicens
753 2193 766 2231 :

495 2275 634 2339 Atei
659 2274 878 2339 jurandi
908 2279 964 2339 te
989 2289 1147 2324 causa
1177 2280 1431 2339 perurget
1454 2279 1508 2326 et
1533 2281 1718 2338 arctat,

556 2337 614 2386 1d
645 2337 794 2402 puris
823 2338 1018 2396 verbis,
1050 2339 1103 2386 id
1133 2337 1254 2402 gere
1274 2337 1460 2402 intente
1493 2339 1595 2401 pia.

311 2399 450 2448 008
496 2399 603 2464 Nec
631 2399 918 2464 verbiuarte
947 2403 1102 2461 putes
1137 2399 1187 2449 te
1219 2400 1400 2464 fallere
1426 2399 1582 2462 posse
1610 2403 1922 2464 Tonantem,

556 2461 649 2528 Qui
681 2461 812 2511 nihil
840 2463 1150 2528 abstrusum
1175 2467 1279 2528 est,
1305 2462 1389 2528 cui
1419 2461 1508 2512 tua
1539 2465 1694 2514 corda
1729 2461 1953 2528 patent:

491 2523 608 2590 Qui,
635 2538 750 2590 non
782 2527 841 2574 ut
863 2524 1030 2590 juras,
1062 2524 1154 2590 sed
1188 2529 1244 2574 ut
1268 2525 1313 2574 is
1335 2524 1545 2590 jurasse
1575 2523 1785 2590 putavit

554 2585 645 2635 Cui
671 2586 824 2652 jugras
852 2585 1018 2652 audit,
1045 2587 1226 2650 sicque
1257 2601 1314 2652 es
1338 2585 1555 2652 utrique
1577 2585 1726 2650 reus,

496 2647 694 2716 Nempe
724 2650 848 2716 Deo,
880 2649 933 2697 in
965 2647 1161 2698 vanum
1193 2649 1348 2716 cuius
1378 2647 1694 2716 vis'sumere
1715 2647 1950 2716 'nomen,

556 2711 852 2778 Seu_socio,
872 2715 1189 2778 Aqu_em_atra
1217 2711 1614 2778 falleregfraudc
1645 2729 1818 2778 paras.

494 2772 546 2822 Si
577 2773 748 2836 scelus
777 2777 838 2823 ut
866 2772 1028 2826 facias
1049 2775 1222 2836 jures,
1251 2779 1378 2826 vota
1405 2775 1554 2826 irrita
1581 2772 1739 2828 sunto
1772 2794 1784 2827 :

559 2836 670 2902 Hoc
699 2835 788 2884 illo
819 2839 899 2885 est
923 2835 1155 2902 gravius,
1187 2837 1382 2902 vulnus
1412 2841 1694 2902 utrumque
1726 2845 1920 2892 tamen.

491 2897 728 2968 vulnera
756 2897 1149 2968 parvajninus,
1174 2901 1347 2968 magis
1375 2903 1428 2950 et
1455 2897 1657 2968 majora
1685 2904 1909 2968 fatigant
1939 2921 1951 2956 :

552 2961 696 3010 Felix
724 2961 812 3024 qui
845 2961 994 3012 nullo
1023 2963 1244 3012 vulnere
1273 2963 1432 3014 Ιωειιε
1457 2961 1584 3015 abit.

303 3055 587 3116 Caeterum
621 3058 693 3114 de
725 3059 974 3130 judicio,
1003 3064 1315 3133 postquam
1361 3061 1508 3118 dixit
1552 3063 1836 3121 Dominus
1885 3067 1954 3122 de

308 3163 416 3203 suo
445 3147 698 3204 adventu
742 3149 812 3204 ad
863 3149 1129 3204 futurum
1181 3149 1495 3221 judicium,
1531 3153 1684 3224 quod
1717 3153 1827 3209 erit
1853 3173 1956 3227 per

2069 1912 2410 1968 sacerdotali
2455 1917 2696 1968 sanctus
2741 1911 3075 1970 insufﬁetur
3121 1913 3394 1988 Spiritus,
3428 1917 3532 1988 qui
3572 1915 3702 1972 inter

2067 2001 2196 2073 ipsa
2226 2002 2428 2058 mundi
2469 2002 2788 2075 primordia
2846 2003 3140 2060 ferebatur
3187 2021 3364 2076 super
3418 2023 3620 2082 aquas,
3647 2010 3700 2062 ut

2068 2091 2222 2150 604
2246 2091 2371 2162 jam
2401 2096 2542 2148 tunc
2572 2093 2845 2148 virtutem
2889 2092 3371 2150 sanctiﬁcationis
3427 2111 3699 2166 aquarum

2069 2185 2281 2235 natura
2311 2180 2659 2253 conciperet,
2691 2185 2748 2238 et
2773 2198 2890 2254 quo
2920 2181 3127 2255 rubigo
3156 2183 3422 2238 omnium
3453 2183 3700 2256 excoqui-

2066 2274 2162 2324 tur
2191 2275 2584 2340 peccatorum,
2617 2271 2762 2326 ccrei
2799 2270 3022 2327 lumine
3051 2270 3413 2328 sanctiﬁcata
3461 2271 3694 2342 accensi,

2065 2375 2096 2412 a
2115 2355 2241 2414 loco
2271 2363 2582 2414 teneantur
2611 2358 2884 2430 immissi,
2907 2361 3090 2416 donec
3110 2361 3374 2432 ejusdem
3397 2361 3697 2419 fontiscon-

2063 2447 2312 2502 sacratio
2343 2447 2710 2520 compleatur
2757 2466 2860 2520 per
2903 2465 3038 2505 eum
3080 2450 3180 2526 qui
3213 2449 3476 2507 nocentis
3507 2449 3696 2506 mundi

2063 2535 2312 2590 crimina
2333 2553 2436 2608 per
2456 2554 2638 2609 aquas
2671 2537 2935 2606 abluens,
2969 2539 3428 2612 regenerationis
3457 2541 3691 2613 speciem

2065 2623 2124 2678 in
2157 2624 2515 2696 ipsa‘diluvii
2545 2626 2826 2682 ell'usione
2855 2627 3124 2700 signavit,
3145 2632 3212 2683 ut
3231 2627 3406 2684 unius
3427 2629 3696 2701 ejusdem-

2063 2730 2178 2786 que
2207 2713 2476 2770 elemcnti
2510 2715 2808 2788 mysterio,
2831 2719 2889 2771 et
2917 2715 3052 2772 finis
3083 2720 3236 2772 esset
3267 2717 3446 2784 vitiis,
3465 2722 3521 2774 et
3547 2718 3690 2791 origo

2059 2801 2396 2872 virtutibus,
2433 2803 2650 2876 quique
2704 2808 2984 2861 venturus
3041 2808 3130 2861 est
3173 2805 3443 2877 judicare
3492 2807 3691 2863 vivose

2063 2896 2346 2962 mortuos,
2381 2897 2440 2949 et
2477 2891 2757 2949 saeculum
2816 2910 2920 2965 per
2973 2893 3188 2966 ignem.
3222 2894 3370 2960 Quia
3414 2895 3474 2952 in
3507 2896 3691 2952 eodem

2063 2979 2456 3052 baptismatc,i
2466 2999 2500 3037 n
2513 2999 2628 3054 quo
2641 2980 2940 3055 signanter
2951 2983 3178 3056 Moyses
3190 2983 3691 3058 prophetalignum

2062 3069 2220 3125 velut
2243 3070 2300 3124 in
2341 3071 2640 3144 myrrhato
2685 3072 2841 3126 fonte
2872 3071 3114 3127 miserat
3143 3077 3201 3128 et
3231 3071 3566 3130 dulcoratus
3593 3078 3687 3140 est,

2061 3159 2374 3228 praedicata
2394 3177 2498 3232 per
2515 3159 2744 3216 Domini
2769 3161 3128 3216 sacerdotem
3158 3161 3468 3234 sanguinis
3497 3161 3688 3218 Christi

303 3233 520 3306 ignem,
554 3252 1023 3294 commemorans
1078 3236 1221 3294 illud
1281 3239 1438 3310 quod
1486 3257 1590 3310 per
1613 3257 1827 3313 aquam
1859 3248 1949 3300 est
1977 3232 2022 3298 C
2060 3263 2251 3314 cruce,
2274 3251 2394 3304 tres
2422 3265 2606 3304 unum
2639 3252 2798 3320 sunt,
2823 3267 2938 3304 non
2970 3253 3198 3316 natura,
3221 3232 3320 3306 sed
3357 3250 3690 3324 operationis

299 3323 540 3392 factum,
571 3323 742 3390 Sicut,
778 3323 988 3396 inquit,
1019 3330 1229 3396 factum
1272 3334 1349 3382 est
1395 3330 1454 3382 in
1499 3329 1686 3386 diebus
1713 3333 1840 3400 Noe,
1873 3336 1951 3392 ita

296 3411 403 3466 erit
425 3418 477 3465 et
510 3413 572 3464 in
597 3411 686 3466 die
713 3413 825 3480 ﬂlii
853 3413 1092 3468 hominis
1123 3415 1274 3482 (Luc.
1308 3418 1563 3486 xvn,26).
1597 3419 1666 3473 Et
1695 3420 1949 3478 referens

299 3497 452 3568 quod
499 3514 602 3570 per
659 3498 854 3570 ignem
909 3501 1203 3558 Sodonam
1250 3503 1622 3577 judicaverit,
1653 3508 1946 3582 Similiter,

298 3585 511 3658 inquit,
539 3589 622 3643 sic
649 3591 858 3660 factum
887 3599 966 3646 est
997 3593 1056 3646 in
1083 3592 1271 3649 diebus
1299 3595 1414 3650 Lot.
1449 3594 1861 3656 Christianitas
1879 3617 1949 3656 ex

297 3673 560 3748 antiquo,
583 3693 713 3748 qua:
736 3677 888 3734 inter
910 3684 1040 3735 acta
1059 3684 1146 3737 est
1165 3685 1224 3736 et
1245 3683 1471 3753 agenda
1485 3684 1728 3756 judicia,
1755 3688 1948 3746 sanxit

297 3767 356 3818 et
377 3763 1068 3838 frequentavitjudicium
1089 3771 1243 3840 quod
1277 3773 1343 3826 ﬁt
1371 3789 1474 3844 per
1499 3790 1735 3846 aquam,
1766 3779 1947 3848 quod-

296 3868 413 3923 que
471 3855 584 3909 sub
627 3855 745 3910 Noe
804 3855 1021 3911 factum
1077 3859 1264 3914 fuerat
1311 3861 1519 3928 (Cenes.
1548 3869 1684 3932 XIX),
1719 3865 1778 3920 in
1811 3885 1946 3924 arca

295 3939 432 3994 ﬁdei
464 3939 720 3997 liberans
749 3943 1108 4016 innocentes,
1141 3951 1200 4004 et
1229 3950 1629 4009 condemnans
1689 3956 1892 4014 noxios
1924 3975 1939 4014 :

293 4026 352 4082 in
387 4027 572 4100 ignita
601 4034 797 4086 autem
842 4049 1012 4104 aqua,
1049 4033 1202 4091 sicut
1232 4037 1452 4094 factum
1485 4044 1572 4096 est
1603 4042 1714 4097 sub
1746 4045 1851 4099 Lot
1880 4045 1940 4100 in

293 4114 446 4187 igne,
479 4121 538 4174 et
567 4117 826 4176 flendum
855 4125 946 4178 est
976 4121 1036 4177 in
1068 4125 1318 4180 adventu
1345 4125 1452 4181 ﬁlii
1480 4127 1756 4197 hominis,
1774 4132 1938 4190 Petro

291 4209 626 4275 attestante,
657 4209 760 4280 qui
791 4209 967 4266 dicit:
1002 4212 1150 4279 Quod
1180 4215 1306 4270 caeli
1331 4225 1490 4272 erant
1513 4221 1694 4289 prius,
1712 4229 1765 4276 et
1791 4231 1940 4278 terra

2059 3335 2331 3410 mystero,
2357 3338 2415 3394 id
2437 3343 2528 3395 est
2560 3339 2801 3414 sanguis
2834 3337 3536 3412 redemptionis,spiritus
3565 3355 3684 3395 san-

2052 3424 2446 3496 ctiﬁcationis,
2479 3432 2538 3482 et
2593 3445 2747 3499 aqua
2799 3427 3034 3494 lavacri,
3088 3427 3187 3484 ubi
3245 3428 3582 3485 exsufﬂatus
3632 3430 3686 3482 et

2055 3514 2414 3572 exorcizalus
2469 3516 2816 3573 immundus
2873 3515 3119 3589 spiritus
3171 3517 3289 3572 exit
3331 3517 3406 3573 ab
3447 3517 3680 3582 homine,

2055 3603 2238 3676 ﬁtque
2295 3605 2497 3660 mundi
2552 3605 2868 3676 judicium,
2900 3609 2959 3662 et
2988 3606 3264 3680 princeps
3307 3607 3512 3662 mundi
3543 3606 3682 3680 foras

2051 3690 2322 3763 ejicitur;
2355 3698 2411 3748 et
2441 3693 2540 3766 qui
2575 3695 2633 3750 in
2683 3695 2924 3752 veritate
2976 3712 3093 3750 non
3153 3695 3334 3762 stetit,
3369 3696 3606 3752 mendax
3629 3697 3682 3748 et

2055 3785 2217 3852 pater
2254 3781 2542 3837 mendacii
2575 3801 2609 3838 a
2637 3783 2877 3840 veritate
2927 3787 3148 3840 natura:
3195 3784 3536 3848 secernitur,
3566 3797 3679 3854 qua

2052 3869 2125 3924 ad
2157 3868 2474 3943 imaginem
2534 3871 2634 3926 Dei
2689 3873 2944 3939 condita,
2978 3876 3036 3930 et
3078 3891 3147 3930 ex
3193 3891 3348 3946 aqua
3395 3877 3452 3930 et
3479 3871 3678 3945 Spiritu

2053 3961 2253 4013 sancto
2285 3963 2504 4028 renata,
2541 3961 2612 4016 ad
2646 3978 2824 4018 suum
2855 3962 3206 4018 reformatur
3235 3960 3594 4036 principium,
3613 3975 3677 4014 ac

2051 4045 2164 4100 ﬁde
2221 4045 2468 4104 interius
2523 4048 2894 4123 exteriusque
2950 4055 3257 4124 purgatur,
3295 4057 3354 4107 et
3409 4051 3480 4107 ab
3532 4045 3675 4104 cmni

2049 4135 2330 4206 ﬁgmento
2363 4137 2651 4192 mendacii
2677 4139 2973 4212 totiusque
2994 4138 3230 4195 malitiae
3251 4139 3524 4196 innocens
3537 4151 3674 4192 com-

2046 4223 2343 4293 probatur.
2381 4225 2491 4280 Sed
2525 4231 2582 4281 et
2613 4225 2662 4282 si
2693 4225 2826 4298 quis
2874 4226 3086 4301 frigida
3133 4231 3365 4284 tantum
3396 4242 3555 4299 aqua,
3582 4221 3662 4278 vel

287 4295 352 4350 de
379 4310 544 4368 aqua,
577 4306 628 4352 et
647 4315 748 4370 per
775 4315 976 4370 (zonam
1003 4303 1300 4358 consistens
1349 4305 1512 4361 verbo
1542 4307 1659 4375 Dei,
1685 4325 1788 4380 per
1815 4328 1938 4382 qua:

289 4384 384 4439 itte
415 4393 545 4441 tunc
571 4387 810 4444 mundus
834 4391 1020 4460 periit.
1055 4391 1192 4446 Caeli
1235 4401 1419 4448 autem
1465 4397 1564 4465 qui
1609 4414 1756 4452 nunc
1808 4409 1938 4456 sunt
2043 4404 2103 4454 et
2129 4384 2577 4471 gubernatorem
2635 4384 3080 4472 elementorum,
3137 4384 3312 4478 quem
3369 4404 3554 4462 omnia
3600 4399 3662 4453 ﬁ—

287 4480 340 4562 et
370 4481 518 4562 terra
544 4475 727 4531 eodem
755 4479 914 4532 verbo
960 4481 1181 4550 repositi
1231 4490 1358 4538 sunt
1407 4485 1530 4551 igni
1585 4491 1844 4543 reservati
1875 4492 1935 4544 in
2043 4487 2249 4545 deliter
2332 4489 2664 4548 invocatum
2743 4493 3006 4550 sentiunt
3059 4475 3366 4562 elementa,
3419 4492 3559 4548 sicut
3605 4487 3661 4542 in

283 4559 372 4614 die
391 4560 602 4666 {adimi
629 4572 678 4618 et
704 4565 1030 4666 perditionis
1050 4567 1338 4625 hominum
1365 4573 1660 4642 impiorum
1681 4576 1756 4647 (II
1777 4580 1926 4634 Petr.
1958 4603 2006 4666 Β
2043 4577 2226 4650 Moysi
2287 4579 2470 4652 virga,
2523 4585 2579 4636 et
2634 4598 2797 4652 aqua;
2857 4582 2915 4636 in
2973 4581 3320 4654 sanguinem
3352 4559 3562 4644 versas,
3609 4579 3662 4632 et

283 4663 368 4712 ιιι,
509 4650 720 4742 Aperte
763 4653 978 4710 docens
1025 4656 1164 4726 quia
1195 4675 1308 4713 non
1337 4658 1436 4714 alii
1465 4660 1592 4716 cmli
1625 4667 1764 4717 sunt
1795 4664 1929 4737 igne
1958 4648 2004 4666 υ
2037 4648 2249 4722 iterum
2272 4648 2514 4740 sanguis
2537 4667 2595 4723 in
2619 4648 2822 4740 aquas,
2846 4673 2903 4724 et
2921 4648 3236 4742 petra‘qua:
3269 4669 3429 4725 dedit
3449 4681 3658 4740 aquam

281 4734 730 4832 perituri-quam
754 4743 854 4814 qui
877 4760 1031 4815 aqua
1051 4745 1284 4816 perditi,
1311 4747 1417 4802 hoc
1438 4753 1548 4818 est,
1573 4749 1772 4806 inania
1806 4734 1929 4812 haec
2036 4758 2094 4809 et
2113 4757 2223 4811 sub
2246 4734 2432 4812 Elise'o
2457 4757 2542 4811 sal
2573 4756 2660 4812 vel
2689 4734 3110 4832 lignum-aquae
3141 4757 3494 4824 immissum,
3515 4755 3661 4810 indu-

2043 4309 2214 4384 igniti
2246 4313 2652 4386 cujuscunque
2711 4313 2982 4372 elementi
3025 4315 3274 4388 judicio,
3305 4316 3362 4370 in
3395 4317 3664 4372 auctorem

278 4827 336 4880 et
364 4825 636 4884 nubilosa
665 4831 886 4886 ventosi
921 4833 1072 4889 aeris
1116 4834 1324 4905 spatia.
1359 4836 1558 4908 Neque
1587 4839 1743 4896 enim
1775 4860 1928 4916 aqua

275 4912 501 4986 diluvii,
531 4934 658 4988 quae
690 4919 1022 4989 quindecim
1073 4926 1304 4980 tantum
1360 4927 1576 4984 cubitis
1633 4912 1926 4989 montium

274 5005 584 5060 cacumina
613 5007 864 5075 transiit,
900 5009 1056 5067 ultra
1095 5012 1247 5068 aeris
1295 5012 1642 5088 citharisque
1673 5020 1926 5078 conﬁnia

273 5093 602 5162 pervenisse
632 5096 922 5153 credenda
949 5103 1058 5154 cst.
1093 5101 1451 5173 Quocunque
1495 5109 1688 5163 autem
1717 5125 1922 5180 perve—

2036 4841 2244 4898 hitanti
2269 4846 2402 4910 ﬁde,
2427 4863 2554 4916 qua:
2576 4849 2666 4901 est
2684 4850 3098 4918 argumentum
3118 4863 3234 4902 non
3252 4846 3652 4920 apparentium,

2035 4933 2277 4988 credens
2299 4932 2433 4988 ﬁdei
2459 4934 2602 4989 satis
2625 4933 2736 4989 sibi
2755 4934 3094 5002 decreverit,
3119 4934 3266 4991 nihil
3289 4935 3500 4992 diil‘ert.
3516 4935 3659 5004 Aqua

2032 5020 2189 5075 enim
2221 5019 2451 5092 frigida,
2485 5021 2640 5078 sicut
2683 5023 2833 5078 etin
2891 5023 3246 5096 baptismate
3305 5029 3576 5088 sacratur,
3603 5020 3654 5074 in

2031 5107 2248 5164 diluvio
2304 5108 2524 5164 innoxii
2557 5127 2690 5166 cum
2721 5129 2856 5168 arca
2885 5117 3023 5168 sunt
3052 5114 3126 5169 ad
3156 5112 3372 5170 caelum
3403 5111 3580 5178 levati,
3604 5111 3656 5164 et

273 5180 398 5236 nire
419 5181 626 5254 potuit,
649 5200 718 5240 eo
741 5185 1023 5242 nimirum
1047 5187 1217 5258 juxta
1247 5192 1548 5261 praefatam
1581 5195 1732 5250 beati
1767 5196 1916 5254 Petri

270 5270 640 5339 sententiam,
671 5277 730 5328 et
787 5272 942 5346 ignis
993 5275 1202 5346 judicii
1248 5281 1574 5358 perveniet.
1609 5284 1720 5340 Sed
1777 5285 1916 5358 quia

267 5356 549 5430 scriptum
567 5365 674 5427 est,
702 5363 907 5418 Caelum
926 5371 976 5419 et
997 5373 1142 5420 terra
1173 5352 1486 5423 tru‘nsibunt
1505 5370 1710 5437 (Matth.
1735 5352 1909 5443 xxiv),

267 5449 324 5500 et
352 5445 584 5516 iterum,
623 5451 784 5506 Terra
842 5470 966 5509 vero
1019 5455 1078 5510 in
1105 5463 1374 5511 aeternum
1401 5465 1506 5512 stat
1536 5460 1728 5526 (Ereto.
1765 5480 1802 5530 1,
1833 5465 1910 5531 4),

267 5533 569 5590 sciendum
600 5541 710 5603 est,
739 5541 874 5610 quia
905 5541 1118 5598 caelum
1147 5548 1203 5598 et
1231 5547 1404 5612 terra,
1439 5562 1542 5616 per
1570 5564 1698 5602 eum
1730 5567 1908 5622 quam

269 5633 420 5677 nunc
449 5620 668 5680 habent
695 5624 1012 5698 imaginem
1037 5635 1362 5703 transeunt,
1397 5637 1653 5691 attamen
1687 5620 1789 5708 per
1816 5655 1904 5694 es-

2029 5197 2184 5252 noxii
2224 5197 2456 5269 perditi,
2483 5199 2731 5272 igneque
2763 5205 2902 5256 sunt
2931 5201 3244 5259 Sodomitas
3273 5202 3462 5276 puniti
3491 5198 3649 5256 "Hebr.

2021 5303 2098 5351 x1,
2121 5287 2191 5357 1).
2226 5287 2294 5341 Et
2324 5286 2381 5341 in
2413 5286 2562 5342 libro
2595 5287 2853 5356 Numeri,
2878 5305 3032 5361 aqua
3064 5289 3296 5364 frigida,
3331 5291 3389 5348 in
3420 5307 3531 5364 qua
3559 5293 3652 5343 Dc-

2023 5373 2220 5430 minus
2249 5375 2696 5448 imprecationes
2732 5377 2917 5448 jussit
2947 5378 3084 5446 elui,
3117 5379 3334 5436 hausta
3362 5398 3397 5436 a
3427 5379 3652 5436 muliere

2020 5463 2302 5531 adultera,
2325 5467 2914 5538 computrescendum
2939 5468 3129 5523 femur
3147 5469 3336 5540 ipsius
3358 5469 3588 5542 legitur;
3603 5468 3655 5520 et

2017 5551 2272 5609 Joannes
2302 5554 2602 5626 apostolus
2653 5555 2722 5611 de
2780 5554 2890 5612 olei
2949 5556 3226 5613 ferventis
3279 5557 3433 5614 dolio
3484 5553 3652 5613 evasit

2019 5639 2258 5696 illmsus.
2282 5641 2351 5698 Et
2390 5643 2487 5714 qui
2520 5652 2734 5716 aquam
2766 5644 3014 5716 ignitam
3045 5645 3347 5719 delegerit,
3381 5644 3650 5717 intelligat
