  <div class='ocr_page' id='page_1' title='image "/cluster/home/n/w/nwhite01/storage/ocr_20150623/125/hvd.32044054759873/338.png"; bbox 0 0 3896 6182; ppageno 0'>
   <div class='ocr_carea' id='block_1_1' title="bbox 197 359 321 421">
    <p class='ocr_par' dir='ltr' id='par_1_1' title="bbox 197 359 321 421">
     <span class='ocr_line' id='line_1_1' title="bbox 197 359 321 421; baseline -0.008 0"><span class='ocrx_word' id='word_1_1' title='bbox 197 359 321 421; x_wconf 77' lang='grc'>665</span> 
     </span>
    </p>
   </div>
   <div class='ocr_carea' id='block_1_2' title="bbox 1122 355 2702 421">
    <p class='ocr_par' dir='ltr' id='par_1_2' title="bbox 1122 355 2702 421">
     <span class='ocr_line' id='line_1_2' title="bbox 1122 355 2702 421; baseline 0.001 -3"><span class='ocrx_word' id='word_1_2' title='bbox 1122 357 1224 418; x_wconf 87' lang='lat' dir='ltr'><strong>DE</strong></span> <span class='ocrx_word' id='word_1_3' title='bbox 1265 355 1636 419; x_wconf 83' lang='lat' dir='ltr'>DIVOR&#39;I‘IO</span> <span class='ocrx_word' id='word_1_4' title='bbox 1681 355 2055 418; x_wconf 78' lang='lat' dir='ltr'>LO&#39;l‘HARll</span> <span class='ocrx_word' id='word_1_5' title='bbox 2098 355 2199 417; x_wconf 82' lang='lat' dir='ltr'>ET</span> <span class='ocrx_word' id='word_1_6' title='bbox 2243 355 2702 421; x_wconf 70' lang='lat' dir='ltr'>TETBEDGIE.</span> 
     </span>
    </p>
   </div>
   <div class='ocr_carea' id='block_1_3' title="bbox 3485 361 3605 426">
    <p class='ocr_par' dir='ltr' id='par_1_3' title="bbox 3485 361 3605 426">
     <span class='ocr_line' id='line_1_3' title="bbox 3485 361 3605 426; baseline -0.025 0"><span class='ocrx_word' id='word_1_7' title='bbox 3485 361 3605 426; x_wconf 77' lang='lat'>666</span> 
     </span>
    </p>
   </div>
   <div class='ocr_carea' id='block_1_4' title="bbox 199 487 3604 569">
    <p class='ocr_par' dir='ltr' id='par_1_4' title="bbox 199 487 3604 569">
     <span class='ocr_line' id='line_1_4' title="bbox 199 487 3604 569; baseline 0.001 -19"><span class='ocrx_word' id='word_1_8' title='bbox 199 491 480 568; x_wconf 82' lang='lat' dir='ltr'>quoniam</span> <span class='ocrx_word' id='word_1_9' title='bbox 509 490 836 550; x_wconf 76' lang='lat' dir='ltr'>venientem</span> <span class='ocrx_word' id='word_1_10' title='bbox 855 491 926 547; x_wconf 86' lang='lat' dir='ltr'>ad</span> <span class='ocrx_word' id='word_1_11' title='bbox 944 492 1208 548; x_wconf 80' lang='lat' dir='ltr'>futurum</span> <span class='ocrx_word' id='word_1_12' title='bbox 1217 489 1510 563; x_wconf 89' lang='lat' dir='ltr'>judicium</span> <span class='ocrx_word' id='word_1_13' title='bbox 1528 491 1662 546; x_wconf 91' lang='lat' dir='ltr'>terri</span> <span class='ocrx_word' id='word_1_14' title='bbox 1671 489 1844 546; x_wconf 90' lang='lat' dir='ltr'>bilem</span> <span class='ocrx_word' id='word_1_15' title='bbox 1875 487 1933 556; x_wconf 76' lang='grc' dir='ltr'><strong>Α</strong></span> <span class='ocrx_word' id='word_1_16' title='bbox 1961 487 2232 546; x_wconf 63' lang='lat' dir='ltr'>humanae</span> <span class='ocrx_word' id='word_1_17' title='bbox 2257 491 2556 564; x_wconf 83' lang='lat' dir='ltr'>postulant</span> <span class='ocrx_word' id='word_1_18' title='bbox 2584 492 2845 562; x_wconf 81' lang='lat' dir='ltr'>rationis,</span> <span class='ocrx_word' id='word_1_19' title='bbox 2865 493 3140 566; x_wconf 86' lang='lat' dir='ltr'>quoniam</span> <span class='ocrx_word' id='word_1_20' title='bbox 3175 499 3232 552; x_wconf 90' lang='lat' dir='ltr'>et</span> <span class='ocrx_word' id='word_1_21' title='bbox 3252 496 3450 569; x_wconf 88' lang='lat' dir='ltr'>justo</span> <span class='ocrx_word' id='word_1_22' title='bbox 3469 513 3604 555; x_wconf 86' lang='lat' dir='ltr'>eon-</span> 
     </span>
    </p>
   </div>
   <div class='ocr_carea' id='block_1_5' title="bbox 189 579 1851 657">
    <p class='ocr_par' dir='ltr' id='par_1_5' title="bbox 189 579 1851 657">
     <span class='ocr_line' id='line_1_5' title="bbox 189 579 1851 657; baseline -0.002 -18"><span class='ocrx_word' id='word_1_23' title='bbox 189 583 457 657; x_wconf 88' lang='lat' dir='ltr'>judicem</span> <span class='ocrx_word' id='word_1_24' title='bbox 511 585 833 654; x_wconf 78' lang='lat' dir='ltr'>tempestas</span> <span class='ocrx_word' id='word_1_25' title='bbox 879 581 1148 654; x_wconf 85' lang='lat' dir='ltr'>ignisque</span> <span class='ocrx_word' id='word_1_26' title='bbox 1204 579 1662 646; x_wconf 86' lang='lat' dir='ltr'>comitabuntur,</span> <span class='ocrx_word' id='word_1_27' title='bbox 1697 579 1851 636; x_wconf 82' lang='lat' dir='ltr'>sicut</span> 
     </span>
    </p>
   </div>
   <div class='ocr_carea' id='block_1_6' title="bbox 195 669 1848 745">
    <p class='ocr_par' dir='ltr' id='par_1_6' title="bbox 195 669 1848 745">
     <span class='ocr_line' id='line_1_6' title="bbox 195 669 1848 745; baseline -0.003 -16"><span class='ocrx_word' id='word_1_28' title='bbox 195 672 486 745; x_wconf 86' lang='lat' dir='ltr'>scriptum</span> <span class='ocrx_word' id='word_1_29' title='bbox 521 675 612 726; x_wconf 87' lang='lat' dir='ltr'>est</span> <span class='ocrx_word' id='word_1_30' title='bbox 641 687 654 724; x_wconf 88' lang='lat'><strong>:</strong></span> <span class='ocrx_word' id='word_1_31' title='bbox 687 673 836 740; x_wconf 88' lang='lat' dir='ltr'>Ignis</span> <span class='ocrx_word' id='word_1_32' title='bbox 868 673 927 726; x_wconf 86' lang='lat' dir='ltr'>in</span> <span class='ocrx_word' id='word_1_33' title='bbox 953 679 1237 742; x_wconf 78' lang='lat' dir='ltr'>conspectu</span> <span class='ocrx_word' id='word_1_34' title='bbox 1281 671 1397 742; x_wconf 88' lang='lat' dir='ltr'>ejus</span> <span class='ocrx_word' id='word_1_35' title='bbox 1443 669 1674 735; x_wconf 86' lang='lat' dir='ltr'>ardebit,</span> <span class='ocrx_word' id='word_1_36' title='bbox 1707 677 1759 724; x_wconf 83' lang='lat' dir='ltr'>et</span> <span class='ocrx_word' id='word_1_37' title='bbox 1787 671 1848 724; x_wconf 83' lang='lat' dir='ltr'>in</span> 
     </span>
    </p>
   </div>
   <div class='ocr_carea' id='block_1_7' title="bbox 193 759 1845 834">
    <p class='ocr_par' dir='ltr' id='par_1_7' title="bbox 193 759 1845 834">
     <span class='ocr_line' id='line_1_7' title="bbox 193 759 1845 834; baseline -0.002 -16"><span class='ocrx_word' id='word_1_38' title='bbox 193 764 433 818; x_wconf 81' lang='lat' dir='ltr'>circuitu</span> <span class='ocrx_word' id='word_1_39' title='bbox 453 762 574 834; x_wconf 79' lang='lat' dir='ltr'>ejus</span> <span class='ocrx_word' id='word_1_40' title='bbox 605 769 888 832; x_wconf 81' lang='lat' dir='ltr'>tempestas</span> <span class='ocrx_word' id='word_1_41' title='bbox 917 761 1104 816; x_wconf 84' lang='lat' dir='ltr'>valida</span> <span class='ocrx_word' id='word_1_42' title='bbox 1134 761 1304 829; x_wconf 88' lang='lat' dir='ltr'>(Psal.</span> <span class='ocrx_word' id='word_1_43' title='bbox 1328 777 1476 826; x_wconf 63' lang='grc' dir='ltr'>κως,</span> <span class='ocrx_word' id='word_1_44' title='bbox 1500 759 1576 830; x_wconf 84' lang='grc'>3),</span> <span class='ocrx_word' id='word_1_45' title='bbox 1600 763 1666 814; x_wconf 89' lang='lat' dir='ltr'>ut</span> <span class='ocrx_word' id='word_1_46' title='bbox 1696 763 1845 814; x_wconf 89' lang='lat' dir='ltr'>tem-</span> 
     </span>
    </p>
   </div>
   <div class='ocr_carea' id='block_1_8' title="bbox 197 849 1845 925">
    <p class='ocr_par' dir='ltr' id='par_1_8' title="bbox 197 849 1845 925">
     <span class='ocr_line' id='line_1_8' title="bbox 197 849 1845 925; baseline -0.002 -17"><span class='ocrx_word' id='word_1_47' title='bbox 197 856 392 925; x_wconf 86' lang='lat' dir='ltr'>pestas</span> <span class='ocrx_word' id='word_1_48' title='bbox 422 850 718 906; x_wconf 82' lang='lat' dir='ltr'>examinet</span> <span class='ocrx_word' id='word_1_49' title='bbox 747 866 895 923; x_wconf 88' lang='lat' dir='ltr'>quos</span> <span class='ocrx_word' id='word_1_50' title='bbox 924 849 1080 922; x_wconf 81' lang='lat' dir='ltr'>ignis</span> <span class='ocrx_word' id='word_1_51' title='bbox 1110 853 1330 915; x_wconf 87' lang='lat' dir='ltr'>exuret,</span> <span class='ocrx_word' id='word_1_52' title='bbox 1365 853 1423 904; x_wconf 90' lang='lat' dir='ltr'>et</span> <span class='ocrx_word' id='word_1_53' title='bbox 1451 849 1606 922; x_wconf 84' lang='lat' dir='ltr'>ignis</span> <span class='ocrx_word' id='word_1_54' title='bbox 1634 849 1728 903; x_wconf 90' lang='lat' dir='ltr'>ille</span> <span class='ocrx_word' id='word_1_55' title='bbox 1759 849 1845 904; x_wconf 79' lang='lat' dir='ltr'>fu-</span> 
     </span>
    </p>
   </div>
   <div class='ocr_carea' id='block_1_9' title="bbox 191 939 1846 1012">
    <p class='ocr_par' dir='ltr' id='par_1_9' title="bbox 191 939 1846 1012">
     <span class='ocr_line' id='line_1_9' title="bbox 191 939 1846 1012; baseline -0.002 -15"><span class='ocrx_word' id='word_1_56' title='bbox 191 947 364 998; x_wconf 88' lang='lat' dir='ltr'>turus</span> <span class='ocrx_word' id='word_1_57' title='bbox 395 939 621 998; x_wconf 86' lang='lat' dir='ltr'>sanctis</span> <span class='ocrx_word' id='word_1_58' title='bbox 650 941 762 996; x_wconf 89' lang='lat' dir='ltr'>erit</span> <span class='ocrx_word' id='word_1_59' title='bbox 793 939 1049 1012; x_wconf 89' lang='lat' dir='ltr'>pervius,</span> <span class='ocrx_word' id='word_1_60' title='bbox 1083 940 1180 1012; x_wconf 87' lang='lat' dir='ltr'>qui</span> <span class='ocrx_word' id='word_1_61' title='bbox 1237 939 1538 1011; x_wconf 90' lang='lat' dir='ltr'>rapientur</span> <span class='ocrx_word' id='word_1_62' title='bbox 1588 939 1846 994; x_wconf 89' lang='lat' dir='ltr'>nubibus</span> 
     </span>
    </p>
   </div>
   <div class='ocr_carea' id='block_1_10' title="bbox 190 1026 1844 1096">
    <p class='ocr_par' dir='ltr' id='par_1_10' title="bbox 190 1026 1844 1096">
     <span class='ocr_line' id='line_1_10' title="bbox 190 1026 1844 1096; baseline -0.002 -9"><span class='ocrx_word' id='word_1_63' title='bbox 190 1030 426 1087; x_wconf 82' lang='lat' dir='ltr'><strong>obviam</strong></span> <span class='ocrx_word' id='word_1_64' title='bbox 460 1031 520 1086; x_wconf 92' lang='lat' dir='ltr'>in</span> <span class='ocrx_word' id='word_1_65' title='bbox 555 1047 692 1086; x_wconf 89' lang='lat' dir='ltr'>aera</span> <span class='ocrx_word' id='word_1_66' title='bbox 721 1029 988 1096; x_wconf 91' lang='lat' dir='ltr'>Domino,</span> <span class='ocrx_word' id='word_1_67' title='bbox 1014 1035 1072 1084; x_wconf 90' lang='lat' dir='ltr'>et</span> <span class='ocrx_word' id='word_1_68' title='bbox 1095 1027 1483 1084; x_wconf 86' lang='lat' dir='ltr'>inﬁammabit</span> <span class='ocrx_word' id='word_1_69' title='bbox 1505 1029 1562 1083; x_wconf 90' lang='lat' dir='ltr'>in</span> <span class='ocrx_word' id='word_1_70' title='bbox 1597 1026 1844 1084; x_wconf 75' lang='lat' dir='ltr'>circuitu</span> 
     </span>
    </p>
   </div>
   <div class='ocr_carea' id='block_1_11' title="bbox 191 1118 648 1191">
    <p class='ocr_par' dir='ltr' id='par_1_11' title="bbox 191 1118 648 1191">
     <span class='ocr_line' id='line_1_11' title="bbox 191 1118 648 1191; baseline -0.007 -15"><span class='ocrx_word' id='word_1_71' title='bbox 191 1118 468 1176; x_wconf 86' lang='lat' dir='ltr'>inimicos</span> <span class='ocrx_word' id='word_1_72' title='bbox 499 1119 648 1191; x_wconf 87' lang='lat' dir='ltr'>ejus.</span> 
     </span>
    </p>
   </div>
   <div class='ocr_carea' id='block_1_12' title="bbox 259 1207 1842 1281">
    <p class='ocr_par' dir='ltr' id='par_1_12' title="bbox 259 1207 1842 1281">
     <span class='ocr_line' id='line_1_12' title="bbox 259 1207 1842 1281; baseline 0 -17"><span class='ocrx_word' id='word_1_73' title='bbox 259 1208 556 1274; x_wconf 79' lang='lat' dir='ltr'>Quoniam</span> <span class='ocrx_word' id='word_1_74' title='bbox 575 1207 811 1280; x_wconf 87' lang='lat' dir='ltr'>quidem</span> <span class='ocrx_word' id='word_1_75' title='bbox 829 1208 900 1264; x_wconf 86' lang='lat' dir='ltr'>de</span> <span class='ocrx_word' id='word_1_76' title='bbox 913 1207 1504 1280; x_wconf 87' lang='lat' dir='ltr'>purgationisjudicio</span> <span class='ocrx_word' id='word_1_77' title='bbox 1518 1226 1619 1281; x_wconf 89' lang='lat' dir='ltr'>per</span> <span class='ocrx_word' id='word_1_78' title='bbox 1629 1226 1842 1280; x_wconf 89' lang='lat' dir='ltr'>aquam</span> 
     </span>
    </p>
   </div>
   <div class='ocr_carea' id='block_1_13' title="bbox 189 1294 1841 1370">
    <p class='ocr_par' dir='ltr' id='par_1_13' title="bbox 189 1294 1841 1370">
     <span class='ocr_line' id='line_1_13' title="bbox 189 1294 1841 1370; baseline 0.002 -20"><span class='ocrx_word' id='word_1_79' title='bbox 189 1295 510 1352; x_wconf 71' lang='lat' dir='ltr'>ferventem</span> <span class='ocrx_word' id='word_1_80' title='bbox 532 1294 622 1351; x_wconf 89' lang='lat' dir='ltr'>vel</span> <span class='ocrx_word' id='word_1_81' title='bbox 642 1295 916 1368; x_wconf 85' lang='lat' dir='ltr'>frigidam</span> <span class='ocrx_word' id='word_1_82' title='bbox 934 1311 994 1350; x_wconf 93' lang='lat' dir='ltr'>se</span> <span class='ocrx_word' id='word_1_83' title='bbox 1013 1295 1160 1351; x_wconf 78' lang='lat' dir='ltr'>ratio</span> <span class='ocrx_word' id='word_1_84' title='bbox 1175 1295 1666 1362; x_wconf 86' lang='lat' dir='ltr'>intulit,dicamus</span> <span class='ocrx_word' id='word_1_85' title='bbox 1688 1299 1841 1370; x_wconf 90' lang='lat' dir='ltr'>quod</span> 
     </span>
    </p>
   </div>
   <div class='ocr_carea' id='block_1_14' title="bbox 189 1383 1841 1458">
    <p class='ocr_par' dir='ltr' id='par_1_14' title="bbox 189 1383 1841 1458">
     <span class='ocr_line' id='line_1_14' title="bbox 189 1383 1841 1458; baseline 0.002 -20"><span class='ocrx_word' id='word_1_86' title='bbox 189 1383 435 1456; x_wconf 85' lang='lat' dir='ltr'>quidam</span> <span class='ocrx_word' id='word_1_87' title='bbox 485 1384 714 1458; x_wconf 81' lang='lat' dir='ltr'>sagacis</span> <span class='ocrx_word' id='word_1_88' title='bbox 772 1383 992 1457; x_wconf 84' lang='lat' dir='ltr'>ingenii</span> <span class='ocrx_word' id='word_1_89' title='bbox 1040 1390 1488 1457; x_wconf 81' lang='lat' dir='ltr'>percunctantes</span> <span class='ocrx_word' id='word_1_90' title='bbox 1536 1387 1841 1458; x_wconf 77' lang='lat' dir='ltr'>adjiciunt.</span> 
     </span>
    </p>
   </div>
   <div class='ocr_carea' id='block_1_15' title="bbox 187 1472 1846 1550">
    <p class='ocr_par' dir='ltr' id='par_1_15' title="bbox 187 1472 1846 1550">
     <span class='ocr_line' id='line_1_15' title="bbox 187 1472 1846 1550; baseline 0.002 -22"><span class='ocrx_word' id='word_1_91' title='bbox 187 1472 433 1529; x_wconf 78' lang='lat' dir='ltr'>Constat</span> <span class='ocrx_word' id='word_1_92' title='bbox 464 1474 769 1539; x_wconf 85' lang='lat' dir='ltr'>nimirum,</span> <span class='ocrx_word' id='word_1_93' title='bbox 800 1478 867 1530; x_wconf 89' lang='lat' dir='ltr'>ut</span> <span class='ocrx_word' id='word_1_94' title='bbox 895 1475 1193 1548; x_wconf 88' lang='lat' dir='ltr'>inquiunt,</span> <span class='ocrx_word' id='word_1_95' title='bbox 1219 1475 1358 1547; x_wconf 91' lang='lat' dir='ltr'>quia</span> <span class='ocrx_word' id='word_1_96' title='bbox 1387 1475 1446 1531; x_wconf 91' lang='lat' dir='ltr'>in</span> <span class='ocrx_word' id='word_1_97' title='bbox 1480 1494 1634 1549; x_wconf 87' lang='lat' dir='ltr'>aqua</span> <span class='ocrx_word' id='word_1_98' title='bbox 1661 1476 1846 1550; x_wconf 78' lang='lat' dir='ltr'>ignita</span> 
     </span>
    </p>
   </div>
   <div class='ocr_carea' id='block_1_16' title="bbox 188 1562 1841 1636">
    <p class='ocr_par' dir='ltr' id='par_1_16' title="bbox 188 1562 1841 1636">
     <span class='ocr_line' id='line_1_16' title="bbox 188 1562 1841 1636; baseline 0.003 -18"><span class='ocrx_word' id='word_1_99' title='bbox 188 1566 531 1635; x_wconf 81' lang='lat' dir='ltr'>coquuntur</span> <span class='ocrx_word' id='word_1_100' title='bbox 557 1562 902 1636; x_wconf 90' lang='lat' dir='ltr'>culpabiles,</span> <span class='ocrx_word' id='word_1_101' title='bbox 932 1567 991 1620; x_wconf 91' lang='lat' dir='ltr'>et</span> <span class='ocrx_word' id='word_1_102' title='bbox 1022 1563 1239 1620; x_wconf 86' lang='lat' dir='ltr'>innoxii</span> <span class='ocrx_word' id='word_1_103' title='bbox 1267 1564 1590 1622; x_wconf 81' lang='lat' dir='ltr'>liberantur</span> <span class='ocrx_word' id='word_1_104' title='bbox 1609 1567 1841 1636; x_wconf 87' lang='lat' dir='ltr'>incocti,</span> 
     </span>
    </p>
   </div>
   <div class='ocr_carea' id='block_1_17' title="bbox 187 1651 1842 1726">
    <p class='ocr_par' dir='ltr' id='par_1_17' title="bbox 187 1651 1842 1726">
     <span class='ocr_line' id='line_1_17' title="bbox 187 1651 1842 1726; baseline 0.004 -20"><span class='ocrx_word' id='word_1_105' title='bbox 187 1652 323 1724; x_wconf 83' lang='lat' dir='ltr'>quia</span> <span class='ocrx_word' id='word_1_106' title='bbox 353 1653 435 1708; x_wconf 86' lang='lat' dir='ltr'>de</span> <span class='ocrx_word' id='word_1_107' title='bbox 467 1651 601 1725; x_wconf 87' lang='lat' dir='ltr'>igne</span> <span class='ocrx_word' id='word_1_108' title='bbox 631 1653 990 1709; x_wconf 87' lang='lat' dir='ltr'>Sodomitico</span> <span class='ocrx_word' id='word_1_109' title='bbox 1022 1655 1128 1710; x_wconf 90' lang='lat' dir='ltr'>Lot</span> <span class='ocrx_word' id='word_1_110' title='bbox 1141 1655 1342 1726; x_wconf 88' lang='lat' dir='ltr'>justus</span> <span class='ocrx_word' id='word_1_111' title='bbox 1373 1656 1557 1711; x_wconf 89' lang='lat' dir='ltr'>evasit</span> <span class='ocrx_word' id='word_1_112' title='bbox 1586 1655 1842 1726; x_wconf 89' lang='lat' dir='ltr'>inustus,</span> 
     </span>
    </p>
   </div>
   <div class='ocr_carea' id='block_1_18' title="bbox 189 1741 1842 1816">
    <p class='ocr_par' dir='ltr' id='par_1_18' title="bbox 189 1741 1842 1816">
     <span class='ocr_line' id='line_1_18' title="bbox 189 1741 1842 1816; baseline 0.002 -18"><span class='ocrx_word' id='word_1_113' title='bbox 189 1745 245 1798; x_wconf 87' lang='lat' dir='ltr'>et</span> <span class='ocrx_word' id='word_1_114' title='bbox 273 1742 520 1798; x_wconf 79' lang='lat' dir='ltr'>futurus</span> <span class='ocrx_word' id='word_1_115' title='bbox 550 1741 724 1816; x_wconf 83' lang='lat' dir='ltr'>ignis,</span> <span class='ocrx_word' id='word_1_116' title='bbox 759 1741 858 1816; x_wconf 91' lang='lat' dir='ltr'>qui</span> <span class='ocrx_word' id='word_1_117' title='bbox 908 1744 1137 1816; x_wconf 71' lang='lat' dir='ltr'>prmibit</span> <span class='ocrx_word' id='word_1_118' title='bbox 1186 1743 1506 1801; x_wconf 85' lang='lat' dir='ltr'>terribilem</span> <span class='ocrx_word' id='word_1_119' title='bbox 1550 1747 1842 1814; x_wconf 85' lang='lat' dir='ltr'>Judicem,</span> 
     </span>
    </p>
   </div>
   <div class='ocr_carea' id='block_1_19' title="bbox 1956 577 3600 657">
    <p class='ocr_par' dir='ltr' id='par_1_19' title="bbox 1956 577 3600 657">
     <span class='ocr_line' id='line_1_19' title="bbox 1956 577 3600 657; baseline 0.007 -24"><span class='ocrx_word' id='word_1_120' title='bbox 1956 577 2152 635; x_wconf 89' lang='lat' dir='ltr'>tinens</span> <span class='ocrx_word' id='word_1_121' title='bbox 2201 597 2354 647; x_wconf 80' lang='lat' dir='ltr'>arca,</span> <span class='ocrx_word' id='word_1_122' title='bbox 2389 598 2506 653; x_wconf 88' lang='lat' dir='ltr'>qua</span> <span class='ocrx_word' id='word_1_123' title='bbox 2555 581 2816 638; x_wconf 88' lang='lat' dir='ltr'>ﬁdelium</span> <span class='ocrx_word' id='word_1_124' title='bbox 2848 587 2936 637; x_wconf 86' lang='lat' dir='ltr'>est</span> <span class='ocrx_word' id='word_1_125' title='bbox 2967 584 3273 657; x_wconf 85' lang='lat' dir='ltr'>designata</span> <span class='ocrx_word' id='word_1_126' title='bbox 3320 587 3600 655; x_wconf 86' lang='lat' dir='ltr'>Ecclesia,</span> 
     </span>
    </p>
   </div>
   <div class='ocr_carea' id='block_1_20' title="bbox 1958 669 3602 744">
    <p class='ocr_par' dir='ltr' id='par_1_20' title="bbox 1958 669 3602 744">
     <span class='ocr_line' id='line_1_20' title="bbox 1958 669 3602 744; baseline 0.006 -21"><span class='ocrx_word' id='word_1_127' title='bbox 1958 669 2103 724; x_wconf 91' lang='lat' dir='ltr'>ﬁdes</span> <span class='ocrx_word' id='word_1_128' title='bbox 2134 674 2346 726; x_wconf 80' lang='lat' dir='ltr'>sanctze</span> <span class='ocrx_word' id='word_1_129' title='bbox 2369 671 2672 727; x_wconf 81' lang='lat' dir='ltr'>Trinitatis</span> <span class='ocrx_word' id='word_1_130' title='bbox 2689 672 3266 744; x_wconf 87' lang='lat' dir='ltr'>perincarnationem</span> <span class='ocrx_word' id='word_1_131' title='bbox 3289 676 3427 732; x_wconf 83' lang='lat' dir='ltr'>Jesu</span> <span class='ocrx_word' id='word_1_132' title='bbox 3445 676 3602 733; x_wconf 88' lang='lat' dir='ltr'>Chri-</span> 
     </span>
    </p>
   </div>
   <div class='ocr_carea' id='block_1_21' title="bbox 1956 757 3598 834">
    <p class='ocr_par' dir='ltr' id='par_1_21' title="bbox 1956 757 3598 834">
     <span class='ocr_line' id='line_1_21' title="bbox 1956 757 3598 834; baseline 0.005 -20"><span class='ocrx_word' id='word_1_133' title='bbox 1956 757 2032 814; x_wconf 86' lang='lat' dir='ltr'>sti</span> <span class='ocrx_word' id='word_1_134' title='bbox 2058 759 2360 828; x_wconf 69' lang='lat' dir='ltr'>zediﬁcata,</span> <span class='ocrx_word' id='word_1_135' title='bbox 2393 765 2450 816; x_wconf 91' lang='lat' dir='ltr'>et</span> <span class='ocrx_word' id='word_1_136' title='bbox 2476 777 2702 828; x_wconf 89' lang='lat' dir='ltr'>omnes,</span> <span class='ocrx_word' id='word_1_137' title='bbox 2731 763 2803 818; x_wconf 90' lang='lat' dir='ltr'>de</span> <span class='ocrx_word' id='word_1_138' title='bbox 2833 762 3052 834; x_wconf 88' lang='lat' dir='ltr'>quibus</span> <span class='ocrx_word' id='word_1_139' title='bbox 3081 762 3224 817; x_wconf 80' lang='lat' dir='ltr'>dixit</span> <span class='ocrx_word' id='word_1_140' title='bbox 3271 764 3548 821; x_wconf 88' lang='lat' dir='ltr'>Dominus</span> <span class='ocrx_word' id='word_1_141' title='bbox 3586 783 3598 824; x_wconf 92' lang='lat'>:</span> 
     </span>
    </p>
   </div>
   <div class='ocr_carea' id='block_1_22' title="bbox 1954 849 3602 924">
    <p class='ocr_par' dir='ltr' id='par_1_22' title="bbox 1954 849 3602 924">
     <span class='ocr_line' id='line_1_22' title="bbox 1954 849 3602 924; baseline 0.005 -22"><span class='ocrx_word' id='word_1_142' title='bbox 1954 849 2108 904; x_wconf 84' lang='lat' dir='ltr'>Finis</span> <span class='ocrx_word' id='word_1_143' title='bbox 2139 852 2284 905; x_wconf 81' lang='lat' dir='ltr'>venit</span> <span class='ocrx_word' id='word_1_144' title='bbox 2331 852 2599 906; x_wconf 71' lang='lat' dir='ltr'>universae</span> <span class='ocrx_word' id='word_1_145' title='bbox 2642 852 2828 906; x_wconf 83' lang='lat' dir='ltr'>carnis</span> <span class='ocrx_word' id='word_1_146' title='bbox 2855 869 2874 906; x_wconf 90' lang='lat'><em>:</em></span> <span class='ocrx_word' id='word_1_147' title='bbox 2902 868 3088 907; x_wconf 83' lang='lat' dir='ltr'>coram</span> <span class='ocrx_word' id='word_1_148' title='bbox 3135 869 3220 908; x_wconf 87' lang='lat' dir='ltr'>me</span> <span class='ocrx_word' id='word_1_149' title='bbox 3267 855 3474 924; x_wconf 85' lang='lat' dir='ltr'>repleta</span> <span class='ocrx_word' id='word_1_150' title='bbox 3523 864 3602 910; x_wconf 88' lang='lat' dir='ltr'>est</span> 
     </span>
    </p>
   </div>
   <div class='ocr_carea' id='block_1_23' title="bbox 1953 940 3602 1012">
    <p class='ocr_par' dir='ltr' id='par_1_23' title="bbox 1953 940 3602 1012">
     <span class='ocr_line' id='line_1_23' title="bbox 1953 940 3602 1012; baseline 0.004 -20"><span class='ocrx_word' id='word_1_151' title='bbox 1953 945 2101 992; x_wconf 85' lang='lat' dir='ltr'>terra</span> <span class='ocrx_word' id='word_1_152' title='bbox 2132 940 2422 1009; x_wconf 78' lang='lat' dir='ltr'>iniquitate</span> <span class='ocrx_word' id='word_1_153' title='bbox 2449 958 2482 993; x_wconf 90' lang='lat' dir='ltr'>a</span> <span class='ocrx_word' id='word_1_154' title='bbox 2508 942 2654 1011; x_wconf 82' lang='lat' dir='ltr'>faeie</span> <span class='ocrx_word' id='word_1_155' title='bbox 2702 957 2911 1005; x_wconf 87' lang='lat' dir='ltr'>eorum,</span> <span class='ocrx_word' id='word_1_156' title='bbox 2938 949 2990 996; x_wconf 88' lang='lat' dir='ltr'>et</span> <span class='ocrx_word' id='word_1_157' title='bbox 3043 957 3142 1010; x_wconf 88' lang='lat' dir='ltr'>ego</span> <span class='ocrx_word' id='word_1_158' title='bbox 3179 941 3489 1012; x_wconf 84' lang='lat' dir='ltr'>disperdam</span> <span class='ocrx_word' id='word_1_159' title='bbox 3517 960 3602 999; x_wconf 87' lang='lat' dir='ltr'>eos</span> 
     </span>
    </p>
   </div>
   <div class='ocr_carea' id='block_1_24' title="bbox 1952 1029 3600 1103">
    <p class='ocr_par' dir='ltr' id='par_1_24' title="bbox 1952 1029 3600 1103">
     <span class='ocr_line' id='line_1_24' title="bbox 1952 1029 3600 1103; baseline 0.004 -22"><span class='ocrx_word' id='word_1_160' title='bbox 1952 1044 2076 1082; x_wconf 87' lang='lat' dir='ltr'>cum</span> <span class='ocrx_word' id='word_1_161' title='bbox 2103 1037 2248 1083; x_wconf 83' lang='lat' dir='ltr'>terra</span> <span class='ocrx_word' id='word_1_162' title='bbox 2281 1029 2484 1096; x_wconf 78' lang='lat' dir='ltr'>(Cenes.</span> <span class='ocrx_word' id='word_1_163' title='bbox 2513 1047 2590 1096; x_wconf 74' lang='lat' dir='ltr'>vx,</span> <span class='ocrx_word' id='word_1_164' title='bbox 2623 1032 2733 1096; x_wconf 87' lang='grc'>13),</span> <span class='ocrx_word' id='word_1_165' title='bbox 2767 1031 3165 1102; x_wconf 76' lang='lat' dir='ltr'>superfluente</span> <span class='ocrx_word' id='word_1_166' title='bbox 3195 1047 3349 1102; x_wconf 88' lang='lat' dir='ltr'>aqua</span> <span class='ocrx_word' id='word_1_167' title='bbox 3393 1031 3600 1103; x_wconf 88' lang='lat' dir='ltr'>operti,</span> 
     </span>
    </p>
   </div>
   <div class='ocr_carea' id='block_1_25' title="bbox 1953 1118 3604 1187">
    <p class='ocr_par' dir='ltr' id='par_1_25' title="bbox 1953 1118 3604 1187">
     <span class='ocr_line' id='line_1_25' title="bbox 1953 1118 3604 1187; baseline 0.004 -17"><span class='ocrx_word' id='word_1_168' title='bbox 1953 1120 2010 1170; x_wconf 89' lang='lat' dir='ltr'>et</span> <span class='ocrx_word' id='word_1_169' title='bbox 2039 1134 2153 1170; x_wconf 85' lang='lat' dir='ltr'>non</span> <span class='ocrx_word' id='word_1_170' title='bbox 2185 1134 2389 1172; x_wconf 86' lang='lat' dir='ltr'>omnes</span> <span class='ocrx_word' id='word_1_171' title='bbox 2418 1118 2708 1174; x_wconf 89' lang='lat' dir='ltr'>submersi</span> <span class='ocrx_word' id='word_1_172' title='bbox 2740 1119 3006 1186; x_wconf 88' lang='lat' dir='ltr'>sunt,sed</span> <span class='ocrx_word' id='word_1_173' title='bbox 3041 1119 3258 1175; x_wconf 84' lang='lat' dir='ltr'>innoxii</span> <span class='ocrx_word' id='word_1_174' title='bbox 3290 1119 3604 1187; x_wconf 85' lang='lat' dir='ltr'>liberati,et</span> 
     </span>
    </p>
   </div>
   <div class='ocr_carea' id='block_1_26' title="bbox 1953 1207 3602 1280">
    <p class='ocr_par' dir='ltr' id='par_1_26' title="bbox 1953 1207 3602 1280">
     <span class='ocr_line' id='line_1_26' title="bbox 1953 1207 3602 1280; baseline 0.004 -20"><span class='ocrx_word' id='word_1_175' title='bbox 1953 1207 2144 1277; x_wconf 90' lang='lat' dir='ltr'>puniti</span> <span class='ocrx_word' id='word_1_176' title='bbox 2177 1210 2315 1261; x_wconf 90' lang='lat' dir='ltr'>sunt</span> <span class='ocrx_word' id='word_1_177' title='bbox 2345 1207 2496 1262; x_wconf 77' lang='lat' dir='ltr'>noxii</span> <span class='ocrx_word' id='word_1_178' title='bbox 2533 1208 2687 1262; x_wconf 89' lang='lat' dir='ltr'>sicut</span> <span class='ocrx_word' id='word_1_179' title='bbox 2727 1207 3014 1280; x_wconf 88' lang='lat' dir='ltr'>scriptum</span> <span class='ocrx_word' id='word_1_180' title='bbox 3047 1213 3136 1264; x_wconf 90' lang='lat' dir='ltr'>est</span> <span class='ocrx_word' id='word_1_181' title='bbox 3169 1226 3182 1262; x_wconf 74' lang='grc' dir='ltr'>ε</span> <span class='ocrx_word' id='word_1_182' title='bbox 3217 1212 3494 1278; x_wconf 79' lang='lat' dir='ltr'>Ingressus</span> <span class='ocrx_word' id='word_1_183' title='bbox 3523 1220 3602 1267; x_wconf 86' lang='lat' dir='ltr'>est</span> 
     </span>
    </p>
   </div>
   <div class='ocr_carea' id='block_1_27' title="bbox 1951 1295 3602 1372">
    <p class='ocr_par' dir='ltr' id='par_1_27' title="bbox 1951 1295 3602 1372">
     <span class='ocr_line' id='line_1_27' title="bbox 1951 1295 3602 1372; baseline 0.004 -22"><span class='ocrx_word' id='word_1_184' title='bbox 1951 1295 2078 1362; x_wconf 85' lang='lat' dir='ltr'>Noe,</span> <span class='ocrx_word' id='word_1_185' title='bbox 2110 1304 2160 1351; x_wconf 91' lang='lat' dir='ltr'>et</span> <span class='ocrx_word' id='word_1_186' title='bbox 2189 1298 2300 1367; x_wconf 83' lang='lat' dir='ltr'>ﬁlii</span> <span class='ocrx_word' id='word_1_187' title='bbox 2344 1298 2480 1368; x_wconf 85' lang='lat' dir='ltr'>ejus,</span> <span class='ocrx_word' id='word_1_188' title='bbox 2515 1314 2657 1352; x_wconf 77' lang='lat' dir='ltr'>uxor</span> <span class='ocrx_word' id='word_1_189' title='bbox 2683 1299 2820 1368; x_wconf 83' lang='lat' dir='ltr'>ejus,</span> <span class='ocrx_word' id='word_1_190' title='bbox 2853 1307 2904 1353; x_wconf 88' lang='lat' dir='ltr'>et</span> <span class='ocrx_word' id='word_1_191' title='bbox 2952 1315 3146 1354; x_wconf 67' lang='lat' dir='ltr'>umores</span> <span class='ocrx_word' id='word_1_192' title='bbox 3191 1301 3437 1370; x_wconf 84' lang='lat' dir='ltr'>ﬁliorum</span> <span class='ocrx_word' id='word_1_193' title='bbox 3485 1301 3602 1372; x_wconf 84' lang='lat' dir='ltr'>ejus</span> 
     </span>
    </p>
   </div>
   <div class='ocr_carea' id='block_1_28' title="bbox 1951 1388 3598 1460">
    <p class='ocr_par' dir='ltr' id='par_1_28' title="bbox 1951 1388 3598 1460">
     <span class='ocr_line' id='line_1_28' title="bbox 1951 1388 3598 1460; baseline 0.004 -22"><span class='ocrx_word' id='word_1_194' title='bbox 1951 1401 2076 1440; x_wconf 79' lang='lat' dir='ltr'>eum</span> <span class='ocrx_word' id='word_1_195' title='bbox 2095 1401 2155 1440; x_wconf 89' lang='lat' dir='ltr'>eo</span> <span class='ocrx_word' id='word_1_196' title='bbox 2188 1388 2248 1440; x_wconf 89' lang='lat' dir='ltr'>in</span> <span class='ocrx_word' id='word_1_197' title='bbox 2277 1403 2484 1453; x_wconf 87' lang='lat' dir='ltr'>aream,</span> <span class='ocrx_word' id='word_1_198' title='bbox 2515 1396 2737 1458; x_wconf 81' lang='lat' dir='ltr'>propter</span> <span class='ocrx_word' id='word_1_199' title='bbox 2767 1404 2971 1458; x_wconf 85' lang='lat' dir='ltr'>aquam</span> <span class='ocrx_word' id='word_1_200' title='bbox 3006 1388 3212 1444; x_wconf 78' lang='lat' dir='ltr'>diluvii</span> <span class='ocrx_word' id='word_1_201' title='bbox 3259 1389 3464 1460; x_wconf 77' lang='lat' dir='ltr'>(Cenes.</span> <span class='ocrx_word' id='word_1_202' title='bbox 3498 1408 3598 1456; x_wconf 83' lang='lat' dir='ltr'>vn,</span> 
     </span>
    </p>
   </div>
   <div class='ocr_carea' id='block_1_29' title="bbox 1949 1473 3603 1553">
    <p class='ocr_par' dir='ltr' id='par_1_29' title="bbox 1949 1473 3603 1553">
     <span class='ocr_line' id='line_1_29' title="bbox 1949 1473 3603 1553; baseline 0.006 -27"><span class='ocrx_word' id='word_1_203' title='bbox 1949 1473 2005 1544; x_wconf 89' lang='lat'>7)</span> <span class='ocrx_word' id='word_1_204' title='bbox 2032 1492 2046 1540; x_wconf 88' lang='lat'><strong>;</strong></span> <span class='ocrx_word' id='word_1_205' title='bbox 2079 1477 2136 1528; x_wconf 88' lang='lat' dir='ltr'>et</span> <span class='ocrx_word' id='word_1_206' title='bbox 2164 1479 2293 1546; x_wconf 88' lang='lat' dir='ltr'>post</span> <span class='ocrx_word' id='word_1_207' title='bbox 2321 1474 2658 1546; x_wconf 88' lang='lat' dir='ltr'>paululum:</span> <span class='ocrx_word' id='word_1_208' title='bbox 2677 1477 2838 1547; x_wconf 82' lang='lat' dir='ltr'>Rupti</span> <span class='ocrx_word' id='word_1_209' title='bbox 2860 1485 2986 1533; x_wconf 85' lang='lat' dir='ltr'>sunt</span> <span class='ocrx_word' id='word_1_210' title='bbox 3017 1494 3198 1532; x_wconf 87' lang='lat' dir='ltr'>omnes</span> <span class='ocrx_word' id='word_1_211' title='bbox 3225 1481 3400 1549; x_wconf 76' lang='lat' dir='ltr'>fontes</span> <span class='ocrx_word' id='word_1_212' title='bbox 3417 1482 3603 1553; x_wconf 80' lang='lat' dir='ltr'>abyssi</span> 
     </span>
    </p>
   </div>
   <div class='ocr_carea' id='block_1_30' title="bbox 1950 1567 3600 1638">
    <p class='ocr_par' dir='ltr' id='par_1_30' title="bbox 1950 1567 3600 1638">
     <span class='ocr_line' id='line_1_30' title="bbox 1950 1567 3600 1638; baseline 0.007 -23"><span class='ocrx_word' id='word_1_213' title='bbox 1950 1579 2192 1631; x_wconf 61' lang='lat' dir='ltr'>magnae,</span> <span class='ocrx_word' id='word_1_214' title='bbox 2225 1573 2276 1620; x_wconf 86' lang='lat' dir='ltr'>et</span> <span class='ocrx_word' id='word_1_215' title='bbox 2299 1572 2594 1621; x_wconf 69' lang='lat' dir='ltr'>cataracta?</span> <span class='ocrx_word' id='word_1_216' title='bbox 2635 1567 2758 1620; x_wconf 69' lang='lat' dir='ltr'>caeli</span> <span class='ocrx_word' id='word_1_217' title='bbox 2803 1574 3009 1637; x_wconf 66' lang='lat' dir='ltr'>aperta?</span> <span class='ocrx_word' id='word_1_218' title='bbox 3053 1574 3200 1637; x_wconf 83' lang='lat' dir='ltr'>sunt,</span> <span class='ocrx_word' id='word_1_219' title='bbox 3233 1575 3285 1623; x_wconf 84' lang='lat' dir='ltr'>et</span> <span class='ocrx_word' id='word_1_220' title='bbox 3329 1571 3477 1638; x_wconf 83' lang='lat' dir='ltr'>facta</span> <span class='ocrx_word' id='word_1_221' title='bbox 3521 1578 3600 1626; x_wconf 84' lang='lat' dir='ltr'>est</span> 
     </span>
    </p>
   </div>
   <div class='ocr_carea' id='block_1_31' title="bbox 1948 1654 3601 1728">
    <p class='ocr_par' dir='ltr' id='par_1_31' title="bbox 1948 1654 3601 1728">
     <span class='ocr_line' id='line_1_31' title="bbox 1948 1654 3601 1728; baseline 0.004 -21"><span class='ocrx_word' id='word_1_222' title='bbox 1948 1654 2141 1723; x_wconf 81' lang='lat' dir='ltr'>pluvia</span> <span class='ocrx_word' id='word_1_223' title='bbox 2159 1669 2323 1725; x_wconf 80' lang='lat' dir='ltr'>super</span> <span class='ocrx_word' id='word_1_224' title='bbox 2336 1662 2538 1709; x_wconf 88' lang='lat' dir='ltr'>terram</span> <span class='ocrx_word' id='word_1_225' title='bbox 2558 1655 2930 1726; x_wconf 79' lang='lat' dir='ltr'>quadraginta</span> <span class='ocrx_word' id='word_1_226' title='bbox 2946 1656 3138 1711; x_wconf 87' lang='lat' dir='ltr'>diebus</span> <span class='ocrx_word' id='word_1_227' title='bbox 3157 1664 3208 1712; x_wconf 85' lang='lat' dir='ltr'>et</span> <span class='ocrx_word' id='word_1_228' title='bbox 3227 1657 3601 1728; x_wconf 80' lang='lat' dir='ltr'>quadraginta</span> 
     </span>
    </p>
   </div>
   <div class='ocr_carea' id='block_1_32' title="bbox 1952 1744 3598 1819">
    <p class='ocr_par' dir='ltr' id='par_1_32' title="bbox 1952 1744 3598 1819">
     <span class='ocr_line' id='line_1_32' title="bbox 1952 1744 3598 1819; baseline 0.005 -23"><span class='ocrx_word' id='word_1_229' title='bbox 1952 1744 2220 1798; x_wconf 78' lang='lat' dir='ltr'>noctibus.</span> <span class='ocrx_word' id='word_1_230' title='bbox 2251 1744 2320 1799; x_wconf 90' lang='lat' dir='ltr'>Et</span> <span class='ocrx_word' id='word_1_231' title='bbox 2349 1745 2486 1798; x_wconf 87' lang='lat' dir='ltr'>item</span> <span class='ocrx_word' id='word_1_232' title='bbox 2521 1761 2534 1798; x_wconf 88' lang='lat'>:</span> <span class='ocrx_word' id='word_1_233' title='bbox 2570 1745 2634 1800; x_wconf 81' lang='lat' dir='ltr'>Et</span> <span class='ocrx_word' id='word_1_234' title='bbox 2660 1745 3050 1816; x_wconf 71' lang='lat' dir='ltr'>multiplicata:</span> <span class='ocrx_word' id='word_1_235' title='bbox 3077 1755 3204 1801; x_wconf 82' lang='lat' dir='ltr'>sunt</span> <span class='ocrx_word' id='word_1_236' title='bbox 3237 1762 3418 1819; x_wconf 62' lang='lat' dir='ltr'>aquae,</span> <span class='ocrx_word' id='word_1_237' title='bbox 3448 1755 3500 1803; x_wconf 85' lang='lat' dir='ltr'>et</span> <span class='ocrx_word' id='word_1_238' title='bbox 3521 1747 3598 1804; x_wconf 79' lang='lat' dir='ltr'>le-</span> 
     </span>
    </p>
   </div>
   <div class='ocr_carea' id='block_1_33' title="bbox 188 1831 3594 1927">
    <p class='ocr_par' dir='ltr' id='par_1_33' title="bbox 188 1831 3594 1927">
     <span class='ocr_line' id='line_1_33' title="bbox 188 1831 3594 1927; baseline 0.001 -40"><span class='ocrx_word' id='word_1_239' title='bbox 188 1831 412 1888; x_wconf 82' lang='lat' dir='ltr'>sanctis</span> <span class='ocrx_word' id='word_1_240' title='bbox 445 1831 556 1888; x_wconf 90' lang='lat' dir='ltr'>erit</span> <span class='ocrx_word' id='word_1_241' title='bbox 585 1831 897 1899; x_wconf 88' lang='lat' dir='ltr'>innocuus,</span> <span class='ocrx_word' id='word_1_242' title='bbox 924 1837 982 1888; x_wconf 92' lang='lat' dir='ltr'>et</span> <span class='ocrx_word' id='word_1_243' title='bbox 1023 1833 1300 1889; x_wconf 88' lang='lat' dir='ltr'>scelestos</span> <span class='ocrx_word' id='word_1_244' title='bbox 1348 1835 1572 1903; x_wconf 70' lang='lat' dir='ltr'>adurat,</span> <span class='ocrx_word' id='word_1_245' title='bbox 1608 1840 1674 1891; x_wconf 90' lang='lat' dir='ltr'>ut</span> <span class='ocrx_word' id='word_1_246' title='bbox 1705 1837 1842 1892; x_wconf 89' lang='lat' dir='ltr'>olim</span> <span class='ocrx_word' id='word_1_247' title='bbox 1875 1861 1923 1927; x_wconf 79' lang='grc' dir='ltr'>Β</span> <span class='ocrx_word' id='word_1_248' title='bbox 1951 1841 2216 1888; x_wconf 76' lang='lat' dir='ltr'>vnverunl</span> <span class='ocrx_word' id='word_1_249' title='bbox 2245 1850 2428 1888; x_wconf 84' lang='lat' dir='ltr'>arcam</span> <span class='ocrx_word' id='word_1_250' title='bbox 2459 1835 2520 1888; x_wconf 83' lang='lat' dir='ltr'>in</span> <span class='ocrx_word' id='word_1_251' title='bbox 2545 1835 2781 1888; x_wconf 82' lang='lat' dir='ltr'>sublime</span> <span class='ocrx_word' id='word_1_252' title='bbox 2810 1851 2845 1888; x_wconf 74' lang='grc' dir='ltr'><strong><em>(ι</em></strong></span> <span class='ocrx_word' id='word_1_253' title='bbox 2876 1842 3045 1889; x_wconf 84' lang='lat' dir='ltr'>terra.</span> <span class='ocrx_word' id='word_1_254' title='bbox 3077 1836 3148 1890; x_wconf 86' lang='lat' dir='ltr'>Et</span> <span class='ocrx_word' id='word_1_255' title='bbox 3193 1839 3324 1908; x_wconf 90' lang='lat' dir='ltr'>post</span> <span class='ocrx_word' id='word_1_256' title='bbox 3369 1853 3594 1908; x_wconf 85' lang='lat' dir='ltr'>pauca;</span> 
     </span>
    </p>
   </div>
   <div class='ocr_carea' id='block_1_34' title="bbox 191 1919 1842 1999">
    <p class='ocr_par' dir='ltr' id='par_1_34' title="bbox 191 1919 1842 1999">
     <span class='ocr_line' id='line_1_34' title="bbox 191 1919 1842 1999; baseline 0.004 -23"><span class='ocrx_word' id='word_1_257' title='bbox 191 1919 549 1994; x_wconf 82' lang='lat' dir='ltr'>Babylonica</span> <span class='ocrx_word' id='word_1_258' title='bbox 570 1921 926 1994; x_wconf 69' lang='lat' dir='ltr'>fornax,qua3</span> <span class='ocrx_word' id='word_1_259' title='bbox 943 1939 1156 1993; x_wconf 86' lang='lat' dir='ltr'>pueros</span> <span class='ocrx_word' id='word_1_260' title='bbox 1177 1923 1416 1980; x_wconf 90' lang='lat' dir='ltr'>omnino</span> <span class='ocrx_word' id='word_1_261' title='bbox 1439 1942 1552 1980; x_wconf 85' lang='lat' dir='ltr'>non</span> <span class='ocrx_word' id='word_1_262' title='bbox 1577 1926 1842 1999; x_wconf 79' lang='lat' dir='ltr'>contigit,</span> 
     </span>
    </p>
   </div>
   <div class='ocr_carea' id='block_1_35' title="bbox 187 2009 1845 2084">
    <p class='ocr_par' dir='ltr' id='par_1_35' title="bbox 187 2009 1845 2084">
     <span class='ocr_line' id='line_1_35' title="bbox 187 2009 1845 2084; baseline 0.003 -18"><span class='ocrx_word' id='word_1_263' title='bbox 187 2009 342 2066; x_wconf 68' lang='grc' dir='ltr'>σοι</span> <span class='ocrx_word' id='word_1_264' title='bbox 378 2027 573 2083; x_wconf 88' lang='lat' dir='ltr'>neque</span> <span class='ocrx_word' id='word_1_265' title='bbox 602 2009 992 2079; x_wconf 85' lang='lat' dir='ltr'>contristavit,</span> <span class='ocrx_word' id='word_1_266' title='bbox 1008 2010 1092 2066; x_wconf 90' lang='lat' dir='ltr'>vel</span> <span class='ocrx_word' id='word_1_267' title='bbox 1115 2012 1438 2084; x_wconf 85' lang='lat' dir='ltr'>quidquam</span> <span class='ocrx_word' id='word_1_268' title='bbox 1462 2014 1738 2070; x_wconf 68' lang='lat' dir='ltr'>molestiis</span> <span class='ocrx_word' id='word_1_269' title='bbox 1762 2016 1845 2071; x_wconf 90' lang='lat' dir='ltr'>eis</span> 
     </span>
    </p>
   </div>
   <div class='ocr_carea' id='block_1_36' title="bbox 186 2098 1844 2176">
    <p class='ocr_par' dir='ltr' id='par_1_36' title="bbox 186 2098 1844 2176">
     <span class='ocr_line' id='line_1_36' title="bbox 186 2098 1844 2176; baseline 0.004 -23"><span class='ocrx_word' id='word_1_270' title='bbox 186 2098 410 2166; x_wconf 86' lang='lat' dir='ltr'>intulit,</span> <span class='ocrx_word' id='word_1_271' title='bbox 437 2099 538 2155; x_wconf 89' lang='lat' dir='ltr'>sed</span> <span class='ocrx_word' id='word_1_272' title='bbox 559 2098 794 2154; x_wconf 88' lang='lat' dir='ltr'>vincula</span> <span class='ocrx_word' id='word_1_273' title='bbox 813 2116 1014 2155; x_wconf 91' lang='lat' dir='ltr'>eorum</span> <span class='ocrx_word' id='word_1_274' title='bbox 1037 2100 1677 2171; x_wconf 84' lang='lat' dir='ltr'>comburens,incendit</span> <span class='ocrx_word' id='word_1_275' title='bbox 1697 2121 1844 2176; x_wconf 85' lang='lat' dir='ltr'>quos</span> 
     </span>
    </p>
   </div>
   <div class='ocr_carea' id='block_1_37' title="bbox 187 2187 1844 2263">
    <p class='ocr_par' dir='ltr' id='par_1_37' title="bbox 187 2187 1844 2263">
     <span class='ocr_line' id='line_1_37' title="bbox 187 2187 1844 2263; baseline 0.005 -21"><span class='ocrx_word' id='word_1_276' title='bbox 187 2187 406 2260; x_wconf 85' lang='lat' dir='ltr'>reperit</span> <span class='ocrx_word' id='word_1_277' title='bbox 436 2188 510 2243; x_wconf 90' lang='lat' dir='ltr'>de</span> <span class='ocrx_word' id='word_1_278' title='bbox 537 2187 824 2244; x_wconf 79' lang='lat' dir='ltr'>Chaldaeis</span> <span class='ocrx_word' id='word_1_279' title='bbox 855 2187 1156 2245; x_wconf 88' lang='lat' dir='ltr'>ministros</span> <span class='ocrx_word' id='word_1_280' title='bbox 1205 2191 1378 2262; x_wconf 85' lang='lat' dir='ltr'>regis,</span> <span class='ocrx_word' id='word_1_281' title='bbox 1413 2192 1512 2263; x_wconf 89' lang='lat' dir='ltr'>qui</span> <span class='ocrx_word' id='word_1_282' title='bbox 1543 2210 1673 2248; x_wconf 90' lang='lat' dir='ltr'>eam</span> <span class='ocrx_word' id='word_1_283' title='bbox 1707 2211 1844 2250; x_wconf 90' lang='lat' dir='ltr'>suc-</span> 
     </span>
    </p>
   </div>
   <div class='ocr_carea' id='block_1_38' title="bbox 185 2275 1845 2350">
    <p class='ocr_par' dir='ltr' id='par_1_38' title="bbox 185 2275 1845 2350">
     <span class='ocr_line' id='line_1_38' title="bbox 185 2275 1845 2350; baseline 0.005 -19"><span class='ocrx_word' id='word_1_284' title='bbox 185 2275 535 2332; x_wconf 83' lang='lat' dir='ltr'>cendebant.</span> <span class='ocrx_word' id='word_1_285' title='bbox 552 2277 663 2333; x_wconf 89' lang='lat' dir='ltr'>Sed</span> <span class='ocrx_word' id='word_1_286' title='bbox 686 2277 748 2332; x_wconf 90' lang='lat' dir='ltr'>in</span> <span class='ocrx_word' id='word_1_287' title='bbox 769 2293 932 2349; x_wconf 63' lang='lat' dir='ltr'>aqua:</span> <span class='ocrx_word' id='word_1_288' title='bbox 951 2278 1175 2350; x_wconf 71' lang='lat' dir='ltr'>frigida:</span> <span class='ocrx_word' id='word_1_289' title='bbox 1191 2279 1416 2350; x_wconf 86' lang='lat' dir='ltr'>judicio</span> <span class='ocrx_word' id='word_1_290' title='bbox 1441 2298 1555 2336; x_wconf 92' lang='lat' dir='ltr'>non</span> <span class='ocrx_word' id='word_1_291' title='bbox 1579 2287 1845 2340; x_wconf 86' lang='lat' dir='ltr'>constare</span> 
     </span>
    </p>
   </div>
   <div class='ocr_carea' id='block_1_39' title="bbox 182 2364 1841 2446">
    <p class='ocr_par' dir='ltr' id='par_1_39' title="bbox 182 2364 1841 2446">
     <span class='ocr_line' id='line_1_39' title="bbox 182 2364 1841 2446; baseline 0.006 -27"><span class='ocrx_word' id='word_1_292' title='bbox 182 2364 436 2432; x_wconf 79' lang='lat' dir='ltr'>videtur,</span> <span class='ocrx_word' id='word_1_293' title='bbox 461 2367 616 2438; x_wconf 89' lang='lat' dir='ltr'>quod</span> <span class='ocrx_word' id='word_1_294' title='bbox 641 2365 860 2422; x_wconf 84' lang='lat' dir='ltr'>innoxii</span> <span class='ocrx_word' id='word_1_295' title='bbox 886 2368 1371 2440; x_wconf 85' lang='lat' dir='ltr'>submerguntur,</span> <span class='ocrx_word' id='word_1_296' title='bbox 1393 2375 1451 2425; x_wconf 92' lang='lat' dir='ltr'>et</span> <span class='ocrx_word' id='word_1_297' title='bbox 1472 2388 1622 2444; x_wconf 89' lang='lat' dir='ltr'>aqua</span> <span class='ocrx_word' id='word_1_298' title='bbox 1642 2372 1841 2446; x_wconf 89' lang='lat' dir='ltr'>culpa-</span> 
     </span>
    </p>
   </div>
   <div class='ocr_carea' id='block_1_40' title="bbox 187 2452 1844 2530">
    <p class='ocr_par' dir='ltr' id='par_1_40' title="bbox 187 2452 1844 2530">
     <span class='ocr_line' id='line_1_40' title="bbox 187 2452 1844 2530; baseline 0.006 -22"><span class='ocrx_word' id='word_1_299' title='bbox 187 2452 334 2509; x_wconf 73' lang='lat' dir='ltr'>biles</span> <span class='ocrx_word' id='word_1_300' title='bbox 371 2458 777 2528; x_wconf 84' lang='lat' dir='ltr'>supernatant,</span> <span class='ocrx_word' id='word_1_301' title='bbox 810 2471 945 2510; x_wconf 91' lang='lat' dir='ltr'>cum</span> <span class='ocrx_word' id='word_1_302' title='bbox 975 2455 1037 2510; x_wconf 90' lang='lat' dir='ltr'>in</span> <span class='ocrx_word' id='word_1_303' title='bbox 1066 2456 1402 2528; x_wconf 82' lang='lat' dir='ltr'>cataclysmi</span> <span class='ocrx_word' id='word_1_304' title='bbox 1425 2460 1652 2530; x_wconf 88' lang='lat' dir='ltr'>judicio</span> <span class='ocrx_word' id='word_1_305' title='bbox 1683 2461 1844 2518; x_wconf 92' lang='lat' dir='ltr'>inno-</span> 
     </span>
    </p>
   </div>
   <div class='ocr_carea' id='block_1_41' title="bbox 183 2545 1840 2624">
    <p class='ocr_par' dir='ltr' id='par_1_41' title="bbox 183 2545 1840 2624">
     <span class='ocr_line' id='line_1_41' title="bbox 183 2545 1840 2624; baseline 0.005 -26"><span class='ocrx_word' id='word_1_306' title='bbox 183 2547 390 2599; x_wconf 84' lang='lat' dir='ltr'>centes</span> <span class='ocrx_word' id='word_1_307' title='bbox 421 2560 555 2598; x_wconf 90' lang='lat' dir='ltr'>cum</span> <span class='ocrx_word' id='word_1_308' title='bbox 577 2560 713 2599; x_wconf 87' lang='lat' dir='ltr'>arca</span> <span class='ocrx_word' id='word_1_309' title='bbox 734 2545 1086 2611; x_wconf 83' lang='lat' dir='ltr'>Ievantur,et</span> <span class='ocrx_word' id='word_1_310' title='bbox 1107 2545 1260 2601; x_wconf 82' lang='lat' dir='ltr'>noxii</span> <span class='ocrx_word' id='word_1_311' title='bbox 1285 2547 1690 2606; x_wconf 88' lang='lat' dir='ltr'>submersione</span> <span class='ocrx_word' id='word_1_312' title='bbox 1712 2569 1840 2624; x_wconf 83' lang='lat' dir='ltr'>per-</span> 
     </span>
    </p>
   </div>
   <div class='ocr_carea' id='block_1_42' title="bbox 187 2629 1843 2710">
    <p class='ocr_par' dir='ltr' id='par_1_42' title="bbox 187 2629 1843 2710">
     <span class='ocr_line' id='line_1_42' title="bbox 187 2629 1843 2710; baseline 0.008 -26"><span class='ocrx_word' id='word_1_313' title='bbox 187 2629 388 2698; x_wconf 79' lang='lat' dir='ltr'>ierint,</span> <span class='ocrx_word' id='word_1_314' title='bbox 421 2635 481 2688; x_wconf 87' lang='lat' dir='ltr'>et</span> <span class='ocrx_word' id='word_1_315' title='bbox 505 2633 757 2705; x_wconf 68' lang='lat' dir='ltr'>Egyptii</span> <span class='ocrx_word' id='word_1_316' title='bbox 790 2633 1166 2705; x_wconf 84' lang='lat' dir='ltr'>insequentes</span> <span class='ocrx_word' id='word_1_317' title='bbox 1215 2635 1484 2693; x_wconf 64' lang='lat' dir='ltr'>Hebraeos</span> <span class='ocrx_word' id='word_1_318' title='bbox 1533 2656 1635 2710; x_wconf 90' lang='lat' dir='ltr'>per</span> <span class='ocrx_word' id='word_1_319' title='bbox 1683 2657 1843 2698; x_wconf 89' lang='lat' dir='ltr'>mare</span> 
     </span>
    </p>
   </div>
   <div class='ocr_carea' id='block_1_43' title="bbox 181 2720 1843 2802">
    <p class='ocr_par' dir='ltr' id='par_1_43' title="bbox 181 2720 1843 2802">
     <span class='ocr_line' id='line_1_43' title="bbox 181 2720 1843 2802; baseline 0.006 -26"><span class='ocrx_word' id='word_1_320' title='bbox 181 2720 834 2793; x_wconf 74' lang='lat' dir='ltr'>itubrum,respiciente</span> <span class='ocrx_word' id='word_1_321' title='bbox 856 2721 1190 2790; x_wconf 89' lang='lat' dir='ltr'>Domino,in</span> <span class='ocrx_word' id='word_1_322' title='bbox 1210 2723 1406 2796; x_wconf 86' lang='lat' dir='ltr'>vigilia</span> <span class='ocrx_word' id='word_1_323' title='bbox 1431 2729 1720 2785; x_wconf 85' lang='lat' dir='ltr'>matutina</span> <span class='ocrx_word' id='word_1_324' title='bbox 1743 2748 1843 2802; x_wconf 86' lang='lat' dir='ltr'>per</span> 
     </span>
    </p>
   </div>
   <div class='ocr_carea' id='block_1_44' title="bbox 184 2807 1839 2890">
    <p class='ocr_par' dir='ltr' id='par_1_44' title="bbox 184 2807 1839 2890">
     <span class='ocr_line' id='line_1_44' title="bbox 184 2807 1839 2890; baseline 0.008 -28"><span class='ocrx_word' id='word_1_325' title='bbox 184 2807 527 2864; x_wconf 81' lang='lat' dir='ltr'>columnam</span> <span class='ocrx_word' id='word_1_326' title='bbox 557 2809 713 2882; x_wconf 88' lang='lat' dir='ltr'>ignis</span> <span class='ocrx_word' id='word_1_327' title='bbox 735 2814 792 2866; x_wconf 90' lang='lat' dir='ltr'>et</span> <span class='ocrx_word' id='word_1_328' title='bbox 813 2810 1304 2876; x_wconf 90' lang='lat' dir='ltr'>nubis,submersi</span> <span class='ocrx_word' id='word_1_329' title='bbox 1322 2814 1443 2870; x_wconf 89' lang='lat' dir='ltr'>sint</span> <span class='ocrx_word' id='word_1_330' title='bbox 1459 2817 1627 2888; x_wconf 89' lang='lat' dir='ltr'>quasi</span> <span class='ocrx_word' id='word_1_331' title='bbox 1647 2818 1839 2890; x_wconf 89' lang='lat' dir='ltr'>plum-</span> 
     </span>
    </p>
   </div>
   <div class='ocr_carea' id='block_1_45' title="bbox 181 2895 1838 2976">
    <p class='ocr_par' dir='ltr' id='par_1_45' title="bbox 181 2895 1838 2976">
     <span class='ocr_line' id='line_1_45' title="bbox 181 2895 1838 2976; baseline 0.008 -25"><span class='ocrx_word' id='word_1_332' title='bbox 181 2895 322 2952; x_wconf 79' lang='lat' dir='ltr'>bum</span> <span class='ocrx_word' id='word_1_333' title='bbox 349 2897 416 2952; x_wconf 86' lang='lat' dir='ltr'>in</span> <span class='ocrx_word' id='word_1_334' title='bbox 445 2899 616 2970; x_wconf 84' lang='lat' dir='ltr'>aquis</span> <span class='ocrx_word' id='word_1_335' title='bbox 642 2899 1106 2967; x_wconf 83' lang='lat' dir='ltr'>vehementibus,</span> <span class='ocrx_word' id='word_1_336' title='bbox 1131 2906 1188 2957; x_wconf 90' lang='lat' dir='ltr'>et</span> <span class='ocrx_word' id='word_1_337' title='bbox 1206 2919 1278 2958; x_wconf 91' lang='lat' dir='ltr'>ne</span> <span class='ocrx_word' id='word_1_338' title='bbox 1301 2921 1454 2960; x_wconf 90' lang='lat' dir='ltr'>unus</span> <span class='ocrx_word' id='word_1_339' title='bbox 1477 2905 1714 2976; x_wconf 90' lang='lat' dir='ltr'>quidem</span> <span class='ocrx_word' id='word_1_340' title='bbox 1740 2925 1838 2964; x_wconf 89' lang='lat' dir='ltr'>su-</span> 
     </span>
    </p>
   </div>
   <div class='ocr_carea' id='block_1_46' title="bbox 184 2986 1836 3063">
    <p class='ocr_par' dir='ltr' id='par_1_46' title="bbox 184 2986 1836 3063">
     <span class='ocr_line' id='line_1_46' title="bbox 184 2986 1836 3063; baseline 0.007 -23"><span class='ocrx_word' id='word_1_341' title='bbox 184 2986 409 3057; x_wconf 83' lang='lat' dir='ltr'>perfuit</span> <span class='ocrx_word' id='word_1_342' title='bbox 437 3003 508 3042; x_wconf 82' lang='lat' dir='ltr'>ex</span> <span class='ocrx_word' id='word_1_343' title='bbox 527 2987 710 3044; x_wconf 87' lang='lat' dir='ltr'>eis.Et</span> <span class='ocrx_word' id='word_1_344' title='bbox 731 2988 834 3043; x_wconf 86' lang='lat' dir='ltr'>ﬁlii</span> <span class='ocrx_word' id='word_1_345' title='bbox 858 2989 1032 3046; x_wconf 84' lang='lat' dir='ltr'>Israel</span> <span class='ocrx_word' id='word_1_346' title='bbox 1055 3007 1232 3063; x_wconf 90' lang='lat' dir='ltr'>super</span> <span class='ocrx_word' id='word_1_347' title='bbox 1250 2991 1416 3048; x_wconf 89' lang='lat' dir='ltr'>littus</span> <span class='ocrx_word' id='word_1_348' title='bbox 1443 2994 1664 3051; x_wconf 74' lang='lat' dir='ltr'>stantes</span> <span class='ocrx_word' id='word_1_349' title='bbox 1681 2995 1836 3052; x_wconf 81' lang='lat' dir='ltr'>vide-</span> 
     </span>
    </p>
   </div>
   <div class='ocr_carea' id='block_1_47' title="bbox 181 3075 1839 3155">
    <p class='ocr_par' dir='ltr' id='par_1_47' title="bbox 181 3075 1839 3155">
     <span class='ocr_line' id='line_1_47' title="bbox 181 3075 1839 3155; baseline 0.007 -25"><span class='ocrx_word' id='word_1_350' title='bbox 181 3077 318 3130; x_wconf 77' lang='lat' dir='ltr'>runt</span> <span class='ocrx_word' id='word_1_351' title='bbox 351 3075 658 3149; x_wconf 67' lang='lat' dir='ltr'>Egyptios</span> <span class='ocrx_word' id='word_1_352' title='bbox 688 3082 987 3145; x_wconf 87' lang='lat' dir='ltr'>mortuos;</span> <span class='ocrx_word' id='word_1_353' title='bbox 1021 3082 1078 3134; x_wconf 90' lang='lat' dir='ltr'>et</span> <span class='ocrx_word' id='word_1_354' title='bbox 1107 3078 1372 3137; x_wconf 89' lang='lat' dir='ltr'>inﬁdeles</span> <span class='ocrx_word' id='word_1_355' title='bbox 1403 3098 1468 3136; x_wconf 88' lang='lat' dir='ltr'>ac</span> <span class='ocrx_word' id='word_1_356' title='bbox 1508 3089 1839 3155; x_wconf 87' lang='lat' dir='ltr'>peccatores</span> 
     </span>
    </p>
   </div>
   <div class='ocr_carea' id='block_1_48' title="bbox 179 3163 1837 3244">
    <p class='ocr_par' dir='ltr' id='par_1_48' title="bbox 179 3163 1837 3244">
     <span class='ocr_line' id='line_1_48' title="bbox 179 3163 1837 3244; baseline 0.007 -25"><span class='ocrx_word' id='word_1_357' title='bbox 179 3166 332 3220; x_wconf 79' lang='lat' dir='ltr'>terra</span> <span class='ocrx_word' id='word_1_358' title='bbox 368 3163 663 3222; x_wconf 87' lang='lat' dir='ltr'>sustinere</span> <span class='ocrx_word' id='word_1_359' title='bbox 694 3183 810 3222; x_wconf 90' lang='lat' dir='ltr'>non</span> <span class='ocrx_word' id='word_1_360' title='bbox 857 3167 1068 3240; x_wconf 89' lang='lat' dir='ltr'>potuit,</span> <span class='ocrx_word' id='word_1_361' title='bbox 1100 3169 1338 3240; x_wconf 88' lang='lat' dir='ltr'>quando</span> <span class='ocrx_word' id='word_1_362' title='bbox 1387 3175 1588 3244; x_wconf 84' lang='lat' dir='ltr'>aperta</span> <span class='ocrx_word' id='word_1_363' title='bbox 1637 3178 1744 3239; x_wconf 84' lang='lat' dir='ltr'>est,</span> <span class='ocrx_word' id='word_1_364' title='bbox 1779 3179 1837 3231; x_wconf 89' lang='lat' dir='ltr'>et</span> 
     </span>
    </p>
   </div>
   <div class='ocr_carea' id='block_1_49' title="bbox 181 3253 1832 3334">
    <p class='ocr_par' dir='ltr' id='par_1_49' title="bbox 181 3253 1832 3334">
     <span class='ocr_line' id='line_1_49' title="bbox 181 3253 1832 3334; baseline 0.007 -25"><span class='ocrx_word' id='word_1_365' title='bbox 181 3253 496 3330; x_wconf 79' lang='lat' dir='ltr'>degiutivit</span> <span class='ocrx_word' id='word_1_366' title='bbox 525 3255 774 3324; x_wconf 82' lang='lat' dir='ltr'>Dathan,</span> <span class='ocrx_word' id='word_1_367' title='bbox 799 3260 855 3312; x_wconf 91' lang='lat' dir='ltr'>et</span> <span class='ocrx_word' id='word_1_368' title='bbox 875 3257 1106 3329; x_wconf 89' lang='lat' dir='ltr'>operuit</span> <span class='ocrx_word' id='word_1_369' title='bbox 1125 3275 1303 3334; x_wconf 82' lang='lat' dir='ltr'>super</span> <span class='ocrx_word' id='word_1_370' title='bbox 1322 3263 1832 3334; x_wconf 86' lang='lat' dir='ltr'>congregationem</span> 
     </span>
    </p>
   </div>
   <div class='ocr_carea' id='block_1_50' title="bbox 179 3342 1838 3420">
    <p class='ocr_par' dir='ltr' id='par_1_50' title="bbox 179 3342 1838 3420">
     <span class='ocr_line' id='line_1_50' title="bbox 179 3342 1838 3420; baseline 0.007 -23"><span class='ocrx_word' id='word_1_371' title='bbox 179 3342 425 3398; x_wconf 72' lang='lat' dir='ltr'>Abii-on.</span> <span class='ocrx_word' id='word_1_372' title='bbox 457 3344 528 3399; x_wconf 82' lang='lat' dir='ltr'>Et</span> <span class='ocrx_word' id='word_1_373' title='bbox 557 3343 793 3400; x_wconf 86' lang='lat' dir='ltr'>Petrum</span> <span class='ocrx_word' id='word_1_374' title='bbox 827 3345 940 3402; x_wconf 89' lang='lat' dir='ltr'>ﬁde</span> <span class='ocrx_word' id='word_1_375' title='bbox 969 3347 1244 3403; x_wconf 81' lang='lat' dir='ltr'>fidentem</span> <span class='ocrx_word' id='word_1_376' title='bbox 1277 3365 1440 3420; x_wconf 80' lang='lat' dir='ltr'>aquae</span> <span class='ocrx_word' id='word_1_377' title='bbox 1485 3349 1838 3409; x_wconf 88' lang='lat' dir='ltr'>instabilitas</span> 
     </span>
    </p>
   </div>
   <div class='ocr_carea' id='block_1_51' title="bbox 182 3435 1835 3514">
    <p class='ocr_par' dir='ltr' id='par_1_51' title="bbox 182 3435 1835 3514">
     <span class='ocr_line' id='line_1_51' title="bbox 182 3435 1835 3514; baseline 0.005 -24"><span class='ocrx_word' id='word_1_378' title='bbox 182 3451 240 3490; x_wconf 89' lang='lat' dir='ltr'>se</span> <span class='ocrx_word' id='word_1_379' title='bbox 255 3435 590 3491; x_wconf 84' lang='lat' dir='ltr'>calcantem</span> <span class='ocrx_word' id='word_1_380' title='bbox 614 3435 899 3492; x_wconf 87' lang='lat' dir='ltr'>sustinuit</span> <span class='ocrx_word' id='word_1_381' title='bbox 924 3453 936 3491; x_wconf 92' lang='lat'>:</span> <span class='ocrx_word' id='word_1_382' title='bbox 961 3437 1022 3492; x_wconf 90' lang='lat' dir='ltr'>in</span> <span class='ocrx_word' id='word_1_383' title='bbox 1046 3437 1158 3493; x_wconf 88' lang='lat' dir='ltr'>ﬁde</span> <span class='ocrx_word' id='word_1_384' title='bbox 1177 3455 1312 3494; x_wconf 91' lang='lat' dir='ltr'>vero</span> <span class='ocrx_word' id='word_1_385' title='bbox 1331 3440 1696 3497; x_wconf 87' lang='lat' dir='ltr'>dubitantem</span> <span class='ocrx_word' id='word_1_386' title='bbox 1707 3443 1835 3514; x_wconf 89' lang='lat' dir='ltr'>jam</span> 
     </span>
    </p>
   </div>
   <div class='ocr_carea' id='block_1_52' title="bbox 181 3522 1834 3599">
    <p class='ocr_par' dir='ltr' id='par_1_52' title="bbox 181 3522 1834 3599">
     <span class='ocr_line' id='line_1_52' title="bbox 181 3522 1834 3599; baseline 0.007 -22"><span class='ocrx_word' id='word_1_387' title='bbox 181 3537 322 3594; x_wconf 86' lang='lat' dir='ltr'>pene</span> <span class='ocrx_word' id='word_1_388' title='bbox 355 3522 687 3580; x_wconf 85' lang='lat' dir='ltr'>dimersum</span> <span class='ocrx_word' id='word_1_389' title='bbox 714 3525 1282 3599; x_wconf 86' lang='lat' dir='ltr'>obsorbuit,quando</span> <span class='ocrx_word' id='word_1_390' title='bbox 1303 3544 1436 3584; x_wconf 92' lang='lat' dir='ltr'>eum</span> <span class='ocrx_word' id='word_1_391' title='bbox 1463 3529 1675 3586; x_wconf 78' lang='lat' dir='ltr'>Christi</span> <span class='ocrx_word' id='word_1_392' title='bbox 1699 3533 1834 3588; x_wconf 84' lang='lat' dir='ltr'>dex-</span> 
     </span>
    </p>
   </div>
   <div class='ocr_carea' id='block_1_53' title="bbox 179 3611 1833 3693">
    <p class='ocr_par' dir='ltr' id='par_1_53' title="bbox 179 3611 1833 3693">
     <span class='ocr_line' id='line_1_53' title="bbox 179 3611 1833 3693; baseline 0.007 -27"><span class='ocrx_word' id='word_1_393' title='bbox 179 3614 297 3667; x_wconf 82' lang='lat' dir='ltr'>tera</span> <span class='ocrx_word' id='word_1_394' title='bbox 321 3611 704 3668; x_wconf 76' lang='lat' dir='ltr'>allevavit.Et</span> <span class='ocrx_word' id='word_1_395' title='bbox 725 3614 913 3688; x_wconf 88' lang='lat' dir='ltr'>ipsius</span> <span class='ocrx_word' id='word_1_396' title='bbox 938 3615 1194 3687; x_wconf 70' lang='lat' dir='ltr'>epistola:</span> <span class='ocrx_word' id='word_1_397' title='bbox 1227 3618 1577 3674; x_wconf 85' lang='lat' dir='ltr'>sententiam</span> <span class='ocrx_word' id='word_1_398' title='bbox 1596 3621 1666 3676; x_wconf 91' lang='lat' dir='ltr'>de</span> <span class='ocrx_word' id='word_1_399' title='bbox 1685 3622 1833 3693; x_wconf 86' lang='lat' dir='ltr'>ﬁgu-</span> 
     </span>
    </p>
   </div>
   <div class='ocr_carea' id='block_1_54' title="bbox 181 3701 1835 3779">
    <p class='ocr_par' dir='ltr' id='par_1_54' title="bbox 181 3701 1835 3779">
     <span class='ocr_line' id='line_1_54' title="bbox 181 3701 1835 3779; baseline 0.007 -24"><span class='ocrx_word' id='word_1_400' title='bbox 181 3715 241 3755; x_wconf 83' lang='lat' dir='ltr'>ra</span> <span class='ocrx_word' id='word_1_401' title='bbox 267 3701 653 3778; x_wconf 81' lang='lat' dir='ltr'>baptismatis</span> <span class='ocrx_word' id='word_1_402' title='bbox 693 3701 754 3758; x_wconf 89' lang='lat' dir='ltr'>in</span> <span class='ocrx_word' id='word_1_403' title='bbox 806 3721 942 3760; x_wconf 86' lang='lat' dir='ltr'>arca</span> <span class='ocrx_word' id='word_1_404' title='bbox 990 3704 1192 3760; x_wconf 87' lang='lat' dir='ltr'>diluvii</span> <span class='ocrx_word' id='word_1_405' title='bbox 1240 3712 1592 3779; x_wconf 86' lang='lat' dir='ltr'>exponentes</span> <span class='ocrx_word' id='word_1_406' title='bbox 1636 3709 1835 3767; x_wconf 85' lang='lat' dir='ltr'>Patres</span> 
     </span>
    </p>
   </div>
   <div class='ocr_carea' id='block_1_55' title="bbox 179 3788 1832 3869">
    <p class='ocr_par' dir='ltr' id='par_1_55' title="bbox 179 3788 1832 3869">
     <span class='ocr_line' id='line_1_55' title="bbox 179 3788 1832 3869; baseline 0.006 -25"><span class='ocrx_word' id='word_1_407' title='bbox 179 3788 452 3846; x_wconf 70' lang='lat' dir='ltr'>catholici</span> <span class='ocrx_word' id='word_1_408' title='bbox 481 3790 706 3859; x_wconf 89' lang='lat' dir='ltr'>dicunt,</span> <span class='ocrx_word' id='word_1_409' title='bbox 739 3791 881 3864; x_wconf 89' lang='lat' dir='ltr'>quia</span> <span class='ocrx_word' id='word_1_410' title='bbox 909 3808 1026 3848; x_wconf 91' lang='lat' dir='ltr'>non</span> <span class='ocrx_word' id='word_1_411' title='bbox 1059 3791 1210 3859; x_wconf 89' lang='lat' dir='ltr'>aliis,</span> <span class='ocrx_word' id='word_1_412' title='bbox 1235 3794 1336 3850; x_wconf 91' lang='lat' dir='ltr'>sed</span> <span class='ocrx_word' id='word_1_413' title='bbox 1359 3793 1504 3868; x_wconf 88' lang='lat' dir='ltr'>ipsis</span> <span class='ocrx_word' id='word_1_414' title='bbox 1527 3797 1696 3869; x_wconf 87' lang='lat' dir='ltr'>aquis</span> <span class='ocrx_word' id='word_1_415' title='bbox 1716 3798 1832 3853; x_wconf 73' lang='lat' dir='ltr'>haz-</span> 
     </span>
    </p>
   </div>
   <div class='ocr_carea' id='block_1_56' title="bbox 179 3879 1831 3960">
    <p class='ocr_par' dir='ltr' id='par_1_56' title="bbox 179 3879 1831 3960">
     <span class='ocr_line' id='line_1_56' title="bbox 179 3879 1831 3960; baseline 0.005 -26"><span class='ocrx_word' id='word_1_416' title='bbox 179 3879 332 3935; x_wconf 85' lang='lat' dir='ltr'>rctici</span> <span class='ocrx_word' id='word_1_417' title='bbox 369 3884 431 3936; x_wconf 85' lang='lat' dir='ltr'>et</span> <span class='ocrx_word' id='word_1_418' title='bbox 461 3879 603 3935; x_wconf 87' lang='lat' dir='ltr'>mali</span> <span class='ocrx_word' id='word_1_419' title='bbox 633 3880 946 3937; x_wconf 85' lang='lat' dir='ltr'>Christiani</span> <span class='ocrx_word' id='word_1_420' title='bbox 979 3883 1051 3937; x_wconf 87' lang='lat' dir='ltr'>ad</span> <span class='ocrx_word' id='word_1_421' title='bbox 1083 3881 1310 3938; x_wconf 73' lang='lat' dir='ltr'>inferna</span> <span class='ocrx_word' id='word_1_422' title='bbox 1330 3888 1831 3960; x_wconf 86' lang='lat' dir='ltr'>merguntur,qui-</span> 
     </span>
    </p>
   </div>
   <div class='ocr_carea' id='block_1_57' title="bbox 177 3966 1834 4048">
    <p class='ocr_par' dir='ltr' id='par_1_57' title="bbox 177 3966 1834 4048">
     <span class='ocr_line' id='line_1_57' title="bbox 177 3966 1834 4048; baseline 0.006 -26"><span class='ocrx_word' id='word_1_423' title='bbox 177 3966 282 4023; x_wconf 79' lang='lat' dir='ltr'>bus</span> <span class='ocrx_word' id='word_1_424' title='bbox 313 3968 628 4025; x_wconf 79' lang='lat' dir='ltr'>orthodoxi</span> <span class='ocrx_word' id='word_1_425' title='bbox 666 3973 724 4026; x_wconf 89' lang='lat' dir='ltr'>et</span> <span class='ocrx_word' id='word_1_426' title='bbox 761 3969 910 4041; x_wconf 80' lang='lat' dir='ltr'>justi</span> <span class='ocrx_word' id='word_1_427' title='bbox 955 3971 1174 4044; x_wconf 88' lang='lat' dir='ltr'>quique</span> <span class='ocrx_word' id='word_1_428' title='bbox 1224 3973 1296 4028; x_wconf 87' lang='lat' dir='ltr'>ad</span> <span class='ocrx_word' id='word_1_429' title='bbox 1345 3973 1601 4030; x_wconf 74' lang='lat' dir='ltr'>omlestia</span> <span class='ocrx_word' id='word_1_430' title='bbox 1654 3993 1834 4048; x_wconf 82' lang='lat' dir='ltr'>regna</span> 
     </span>
    </p>
   </div>
   <div class='ocr_carea' id='block_1_58' title="bbox 176 4056 1832 4129">
    <p class='ocr_par' dir='ltr' id='par_1_58' title="bbox 176 4056 1832 4129">
     <span class='ocr_line' id='line_1_58' title="bbox 176 4056 1832 4129; baseline 0.005 -18"><span class='ocrx_word' id='word_1_431' title='bbox 176 4056 744 4115; x_wconf 40' lang='lat' dir='ltr'>sublevanturzSed</span> <span class='ocrx_word' id='word_1_432' title='bbox 794 4059 1100 4116; x_wconf 89' lang='lat' dir='ltr'>sciendum</span> <span class='ocrx_word' id='word_1_433' title='bbox 1162 4061 1332 4117; x_wconf 90' lang='lat' dir='ltr'>nobis</span> <span class='ocrx_word' id='word_1_434' title='bbox 1380 4065 1488 4129; x_wconf 87' lang='lat' dir='ltr'>est,</span> <span class='ocrx_word' id='word_1_435' title='bbox 1518 4067 1583 4119; x_wconf 90' lang='lat' dir='ltr'>ut</span> <span class='ocrx_word' id='word_1_436' title='bbox 1625 4065 1832 4121; x_wconf 90' lang='lat' dir='ltr'>beatus</span> 
     </span>
    </p>
   </div>
   <div class='ocr_carea' id='block_1_59' title="bbox 174 4143 1832 4222">
    <p class='ocr_par' dir='ltr' id='par_1_59' title="bbox 174 4143 1832 4222">
     <span class='ocr_line' id='line_1_59' title="bbox 174 4143 1832 4222; baseline 0.006 -24"><span class='ocrx_word' id='word_1_437' title='bbox 174 4143 311 4201; x_wconf 83' lang='lat' dir='ltr'>dicit</span> <span class='ocrx_word' id='word_1_438' title='bbox 337 4146 665 4218; x_wconf 84' lang='lat' dir='ltr'>Gregorius</span> <span class='ocrx_word' id='word_1_439' title='bbox 694 4149 858 4219; x_wconf 86' lang='lat' dir='ltr'>(hom.</span> <span class='ocrx_word' id='word_1_440' title='bbox 890 4149 962 4203; x_wconf 87' lang='lat'><strong>26</strong></span> <span class='ocrx_word' id='word_1_441' title='bbox 991 4151 1052 4204; x_wconf 89' lang='lat' dir='ltr'>in</span> <span class='ocrx_word' id='word_1_442' title='bbox 1082 4148 1334 4220; x_wconf 85' lang='lat' dir='ltr'>Evang.),</span> <span class='ocrx_word' id='word_1_443' title='bbox 1371 4171 1399 4200; x_wconf 89' lang='grc'><em>‹‹</em></span> <span class='ocrx_word' id='word_1_444' title='bbox 1433 4152 1588 4222; x_wconf 90' lang='lat' dir='ltr'>quod</span> <span class='ocrx_word' id='word_1_445' title='bbox 1636 4151 1832 4208; x_wconf 88' lang='lat' dir='ltr'>divina</span> 
     </span>
    </p>
   </div>
   <div class='ocr_carea' id='block_1_60' title="bbox 173 4234 1829 4310">
    <p class='ocr_par' dir='ltr' id='par_1_60' title="bbox 173 4234 1829 4310">
     <span class='ocr_line' id='line_1_60' title="bbox 173 4234 1829 4310; baseline 0.005 -23"><span class='ocrx_word' id='word_1_446' title='bbox 173 4234 435 4306; x_wconf 84' lang='lat' dir='ltr'>operatio</span> <span class='ocrx_word' id='word_1_447' title='bbox 464 4234 515 4291; x_wconf 89' lang='lat' dir='ltr'>si</span> <span class='ocrx_word' id='word_1_448' title='bbox 542 4237 767 4292; x_wconf 84' lang='lat' dir='ltr'>ratione</span> <span class='ocrx_word' id='word_1_449' title='bbox 787 4237 1443 4310; x_wconf 88' lang='lat' dir='ltr'>comprehenditur,non</span> <span class='ocrx_word' id='word_1_450' title='bbox 1467 4245 1556 4295; x_wconf 87' lang='lat' dir='ltr'>est</span> <span class='ocrx_word' id='word_1_451' title='bbox 1577 4239 1829 4297; x_wconf 89' lang='lat' dir='ltr'>admira-</span> 
     </span>
    </p>
   </div>
   <div class='ocr_carea' id='block_1_61' title="bbox 174 4320 1828 4395">
    <p class='ocr_par' dir='ltr' id='par_1_61' title="bbox 174 4320 1828 4395">
     <span class='ocr_line' id='line_1_61' title="bbox 174 4320 1828 4395; baseline 0.007 -20"><span class='ocrx_word' id='word_1_452' title='bbox 174 4320 340 4391; x_wconf 84' lang='lat' dir='ltr'>bilis;</span> <span class='ocrx_word' id='word_1_453' title='bbox 373 4339 482 4380; x_wconf 87' lang='lat' dir='ltr'>nec</span> <span class='ocrx_word' id='word_1_454' title='bbox 511 4325 660 4381; x_wconf 83' lang='lat' dir='ltr'>fides</span> <span class='ocrx_word' id='word_1_455' title='bbox 691 4325 869 4381; x_wconf 86' lang='lat' dir='ltr'>habet</span> <span class='ocrx_word' id='word_1_456' title='bbox 903 4326 1198 4395; x_wconf 90' lang='lat' dir='ltr'>meritum,</span> <span class='ocrx_word' id='word_1_457' title='bbox 1233 4327 1325 4382; x_wconf 90' lang='lat' dir='ltr'>cui</span> <span class='ocrx_word' id='word_1_458' title='bbox 1374 4327 1635 4384; x_wconf 88' lang='lat' dir='ltr'>humana</span> <span class='ocrx_word' id='word_1_459' title='bbox 1683 4332 1828 4387; x_wconf 90' lang='lat' dir='ltr'>ratio</span> 
     </span>
    </p>
   </div>
   <div class='ocr_carea' id='block_1_62' title="bbox 173 4412 1828 4490">
    <p class='ocr_par' dir='ltr' id='par_1_62' title="bbox 173 4412 1828 4490">
     <span class='ocr_line' id='line_1_62' title="bbox 173 4412 1828 4490; baseline 0.005 -23"><span class='ocrx_word' id='word_1_460' title='bbox 173 4412 392 4484; x_wconf 66' lang='lat' dir='ltr'>praebet</span> <span class='ocrx_word' id='word_1_461' title='bbox 422 4413 911 4486; x_wconf 82' lang='lat' dir='ltr'>experimentum.</span> <span class='ocrx_word' id='word_1_462' title='bbox 950 4437 978 4463; x_wconf 83' lang='lat'><strong><em>»</em></strong></span> <span class='ocrx_word' id='word_1_463' title='bbox 1008 4415 1079 4470; x_wconf 86' lang='lat' dir='ltr'>Et</span> <span class='ocrx_word' id='word_1_464' title='bbox 1109 4432 1245 4470; x_wconf 91' lang='lat' dir='ltr'>cum</span> <span class='ocrx_word' id='word_1_465' title='bbox 1280 4415 1498 4472; x_wconf 89' lang='lat' dir='ltr'>Paulus</span> <span class='ocrx_word' id='word_1_466' title='bbox 1529 4418 1828 4490; x_wconf 87' lang='lat' dir='ltr'>apostolus</span> 
     </span>
    </p>
   </div>
   <div class='ocr_carea' id='block_1_63' title="bbox 173 4499 1824 4577">
    <p class='ocr_par' dir='ltr' id='par_1_63' title="bbox 173 4499 1824 4577">
     <span class='ocr_line' id='line_1_63' title="bbox 173 4499 1824 4577; baseline 0.005 -23"><span class='ocrx_word' id='word_1_467' title='bbox 173 4499 358 4557; x_wconf 81' lang='lat' dir='ltr'>dicat:</span> <span class='ocrx_word' id='word_1_468' title='bbox 384 4503 480 4558; x_wconf 81' lang='lat' dir='ltr'>Est</span> <span class='ocrx_word' id='word_1_469' title='bbox 498 4505 652 4559; x_wconf 86' lang='lat' dir='ltr'>enim</span> <span class='ocrx_word' id='word_1_470' title='bbox 678 4505 809 4575; x_wconf 79' lang='lat' dir='ltr'>fides</span> <span class='ocrx_word' id='word_1_471' title='bbox 837 4505 1238 4577; x_wconf 84' lang='lat' dir='ltr'>sperandarum</span> <span class='ocrx_word' id='word_1_472' title='bbox 1266 4505 1573 4561; x_wconf 83' lang='lat' dir='ltr'>substantia</span> <span class='ocrx_word' id='word_1_473' title='bbox 1619 4524 1824 4576; x_wconf 86' lang='lat' dir='ltr'>rerum,</span> 
     </span>
    </p>
   </div>
   <div class='ocr_carea' id='block_1_64' title="bbox 1959 1922 3598 1998">
    <p class='ocr_par' dir='ltr' id='par_1_64' title="bbox 1959 1922 3598 1998">
     <span class='ocr_line' id='line_1_64' title="bbox 1959 1922 3598 1998; baseline 0.002 -21"><span class='ocrx_word' id='word_1_474' title='bbox 1959 1922 2388 1994; x_wconf 79' lang='lat' dir='ltr'>Consumptaque</span> <span class='ocrx_word' id='word_1_475' title='bbox 2420 1931 2495 1978; x_wconf 86' lang='lat' dir='ltr'>est</span> <span class='ocrx_word' id='word_1_476' title='bbox 2540 1925 2718 1978; x_wconf 86' lang='lat' dir='ltr'>omnis</span> <span class='ocrx_word' id='word_1_477' title='bbox 2745 1940 2892 1994; x_wconf 78' lang='lat' dir='ltr'>caro,</span> <span class='ocrx_word' id='word_1_478' title='bbox 2923 1939 3050 1996; x_wconf 71' lang='lat' dir='ltr'>qua:</span> <span class='ocrx_word' id='word_1_479' title='bbox 3092 1927 3409 1981; x_wconf 83' lang='lat' dir='ltr'>movebatur</span> <span class='ocrx_word' id='word_1_480' title='bbox 3435 1942 3598 1998; x_wconf 86' lang='lat' dir='ltr'>super</span> 
     </span>
    </p>
   </div>
   <div class='ocr_carea' id='block_1_65' title="bbox 1953 2013 3596 2085">
    <p class='ocr_par' dir='ltr' id='par_1_65' title="bbox 1953 2013 3596 2085">
     <span class='ocr_line' id='line_1_65' title="bbox 1953 2013 3596 2085; baseline 0.002 -19"><span class='ocrx_word' id='word_1_481' title='bbox 1953 2019 2159 2068; x_wconf 80' lang='lat' dir='ltr'>terram</span> <span class='ocrx_word' id='word_1_482' title='bbox 2189 2030 2206 2065; x_wconf 91' lang='lat'><strong><em>:</em></strong></span> <span class='ocrx_word' id='word_1_483' title='bbox 2241 2015 2500 2068; x_wconf 84' lang='lat' dir='ltr'>remansit</span> <span class='ocrx_word' id='word_1_484' title='bbox 2538 2021 2720 2068; x_wconf 74' lang='lat' dir='ltr'>mitem</span> <span class='ocrx_word' id='word_1_485' title='bbox 2763 2014 2911 2068; x_wconf 87' lang='lat' dir='ltr'>solus</span> <span class='ocrx_word' id='word_1_486' title='bbox 2957 2013 3084 2079; x_wconf 84' lang='lat' dir='ltr'>Noe,</span> <span class='ocrx_word' id='word_1_487' title='bbox 3117 2021 3170 2068; x_wconf 86' lang='lat' dir='ltr'>et</span> <span class='ocrx_word' id='word_1_488' title='bbox 3218 2016 3316 2085; x_wconf 88' lang='lat' dir='ltr'>qui</span> <span class='ocrx_word' id='word_1_489' title='bbox 3361 2031 3485 2070; x_wconf 85' lang='lat' dir='ltr'>cum</span> <span class='ocrx_word' id='word_1_490' title='bbox 3537 2030 3596 2070; x_wconf 88' lang='lat' dir='ltr'>eo</span> 
     </span>
    </p>
   </div>
   <div class='ocr_carea' id='block_1_66' title="bbox 1952 2103 3600 2175">
    <p class='ocr_par' dir='ltr' id='par_1_66' title="bbox 1952 2103 3600 2175">
     <span class='ocr_line' id='line_1_66' title="bbox 1952 2103 3600 2175; baseline 0.002 -21"><span class='ocrx_word' id='word_1_491' title='bbox 1952 2109 2110 2156; x_wconf 85' lang='lat' dir='ltr'>erant</span> <span class='ocrx_word' id='word_1_492' title='bbox 2142 2104 2202 2156; x_wconf 89' lang='lat' dir='ltr'>in</span> <span class='ocrx_word' id='word_1_493' title='bbox 2232 2103 2386 2157; x_wconf 72' lang='lat'>608</span> <span class='ocrx_word' id='word_1_494' title='bbox 2417 2119 2566 2157; x_wconf 70' lang='lat' dir='ltr'>m&#39;ca.</span> <span class='ocrx_word' id='word_1_495' title='bbox 2599 2104 2668 2157; x_wconf 89' lang='lat' dir='ltr'>Et</span> <span class='ocrx_word' id='word_1_496' title='bbox 2696 2103 2835 2157; x_wconf 87' lang='lat' dir='ltr'>item</span> <span class='ocrx_word' id='word_1_497' title='bbox 2870 2105 3002 2175; x_wconf 89' lang='lat' dir='ltr'>post</span> <span class='ocrx_word' id='word_1_498' title='bbox 3049 2119 3235 2174; x_wconf 85' lang='lat' dir='ltr'>pauca</span> <span class='ocrx_word' id='word_1_499' title='bbox 3268 2121 3280 2159; x_wconf 93' lang='lat'>:</span> <span class='ocrx_word' id='word_1_500' title='bbox 3313 2104 3379 2159; x_wconf 83' lang='lat' dir='ltr'>Et</span> <span class='ocrx_word' id='word_1_501' title='bbox 3419 2103 3600 2158; x_wconf 80' lang='lat' dir='ltr'>clausi</span> 
     </span>
    </p>
   </div>
   <div class='ocr_carea' id='block_1_67' title="bbox 1953 2191 3598 2263">
    <p class='ocr_par' dir='ltr' id='par_1_67' title="bbox 1953 2191 3598 2263">
     <span class='ocr_line' id='line_1_67' title="bbox 1953 2191 3598 2263; baseline 0.002 -18"><span class='ocrx_word' id='word_1_502' title='bbox 1953 2199 2082 2246; x_wconf 88' lang='lat' dir='ltr'>sunt</span> <span class='ocrx_word' id='word_1_503' title='bbox 2123 2193 2298 2262; x_wconf 82' lang='lat' dir='ltr'>fontes</span> <span class='ocrx_word' id='word_1_504' title='bbox 2342 2191 2526 2263; x_wconf 84' lang='lat' dir='ltr'>abyssi</span> <span class='ocrx_word' id='word_1_505' title='bbox 2575 2200 2625 2247; x_wconf 83' lang='lat' dir='ltr'>et</span> <span class='ocrx_word' id='word_1_506' title='bbox 2675 2200 2962 2248; x_wconf 65' lang='lat' dir='ltr'>cataracta:</span> <span class='ocrx_word' id='word_1_507' title='bbox 2988 2193 3131 2247; x_wconf 70' lang='lat' dir='ltr'>etrli.</span> <span class='ocrx_word' id='word_1_508' title='bbox 3163 2193 3234 2247; x_wconf 85' lang='lat' dir='ltr'>Et</span> <span class='ocrx_word' id='word_1_509' title='bbox 3265 2193 3450 2248; x_wconf 88' lang='lat' dir='ltr'>nubes</span> <span class='ocrx_word' id='word_1_510' title='bbox 3480 2208 3598 2248; x_wconf 87' lang='lat' dir='ltr'>una</span> 
     </span>
    </p>
   </div>
   <div class='ocr_carea' id='block_1_68' title="bbox 1952 2279 3594 2352">
    <p class='ocr_par' dir='ltr' id='par_1_68' title="bbox 1952 2279 3594 2352">
     <span class='ocr_line' id='line_1_68' title="bbox 1952 2279 3594 2352; baseline 0.001 -18"><span class='ocrx_word' id='word_1_511' title='bbox 1952 2281 2259 2335; x_wconf 89' lang='lat' dir='ltr'>tenebrosa</span> <span class='ocrx_word' id='word_1_512' title='bbox 2289 2281 2440 2335; x_wconf 83' lang='lat' dir='ltr'>facta</span> <span class='ocrx_word' id='word_1_513' title='bbox 2469 2284 2557 2336; x_wconf 89' lang='lat' dir='ltr'>est</span> <span class='ocrx_word' id='word_1_514' title='bbox 2587 2280 2870 2352; x_wconf 73' lang='lat' dir='ltr'>lEgyptiis</span> <span class='ocrx_word' id='word_1_515' title='bbox 2900 2284 2957 2336; x_wconf 90' lang='lat' dir='ltr'>et</span> <span class='ocrx_word' id='word_1_516' title='bbox 2999 2279 3294 2336; x_wconf 86' lang='lat' dir='ltr'>luminosa</span> <span class='ocrx_word' id='word_1_517' title='bbox 3319 2279 3594 2348; x_wconf 64' lang='lat' dir='ltr'>Hebraeis,</span> 
     </span>
    </p>
   </div>
   <div class='ocr_carea' id='block_1_69' title="bbox 1952 2368 3600 2442">
    <p class='ocr_par' dir='ltr' id='par_1_69' title="bbox 1952 2368 3600 2442">
     <span class='ocr_line' id='line_1_69' title="bbox 1952 2368 3600 2442; baseline 0.001 -18"><span class='ocrx_word' id='word_1_518' title='bbox 1952 2375 2018 2424; x_wconf 90' lang='lat' dir='ltr'>ut</span> <span class='ocrx_word' id='word_1_519' title='bbox 2047 2368 2260 2424; x_wconf 88' lang='lat' dir='ltr'>iterum</span> <span class='ocrx_word' id='word_1_520' title='bbox 2293 2369 2575 2441; x_wconf 86' lang='lat' dir='ltr'>scriptum</span> <span class='ocrx_word' id='word_1_521' title='bbox 2603 2373 2692 2424; x_wconf 90' lang='lat' dir='ltr'>est</span> <span class='ocrx_word' id='word_1_522' title='bbox 2724 2386 2736 2425; x_wconf 90' lang='lat'><strong>:</strong></span> <span class='ocrx_word' id='word_1_523' title='bbox 2775 2371 3088 2442; x_wconf 81' lang='lat' dir='ltr'>Tollcnsque</span> <span class='ocrx_word' id='word_1_524' title='bbox 3117 2371 3344 2440; x_wconf 82' lang='lat' dir='ltr'>angelus</span> <span class='ocrx_word' id='word_1_525' title='bbox 3368 2371 3487 2435; x_wconf 84' lang='lat' dir='ltr'>Dei,</span> <span class='ocrx_word' id='word_1_526' title='bbox 3500 2372 3600 2442; x_wconf 85' lang='lat' dir='ltr'>qui</span> 
     </span>
    </p>
   </div>
   <div class='ocr_carea' id='block_1_70' title="bbox 1949 2459 3596 2531">
    <p class='ocr_par' dir='ltr' id='par_1_70' title="bbox 1949 2459 3596 2531">
     <span class='ocr_line' id='line_1_70' title="bbox 1949 2459 3596 2531; baseline 0.002 -18"><span class='ocrx_word' id='word_1_527' title='bbox 1949 2459 2279 2530; x_wconf 62' lang='lat' dir='ltr'>praecedebat</span> <span class='ocrx_word' id='word_1_528' title='bbox 2325 2468 2503 2514; x_wconf 80' lang='lat' dir='ltr'>castra</span> <span class='ocrx_word' id='word_1_529' title='bbox 2551 2461 2739 2522; x_wconf 86' lang='lat' dir='ltr'>Israel,</span> <span class='ocrx_word' id='word_1_530' title='bbox 2787 2462 2928 2515; x_wconf 85' lang='lat' dir='ltr'>abiit</span> <span class='ocrx_word' id='word_1_531' title='bbox 2971 2468 3090 2531; x_wconf 86' lang='lat' dir='ltr'>post</span> <span class='ocrx_word' id='word_1_532' title='bbox 3132 2476 3240 2527; x_wconf 78' lang='lat' dir='ltr'>eos,</span> <span class='ocrx_word' id='word_1_533' title='bbox 3273 2467 3325 2516; x_wconf 88' lang='lat' dir='ltr'>et</span> <span class='ocrx_word' id='word_1_534' title='bbox 3371 2473 3495 2515; x_wconf 85' lang='lat' dir='ltr'>cum</span> <span class='ocrx_word' id='word_1_535' title='bbox 3535 2476 3596 2517; x_wconf 85' lang='lat' dir='ltr'>eo</span> 
     </span>
    </p>
   </div>
   <div class='ocr_carea' id='block_1_71' title="bbox 1947 2549 3597 2620">
    <p class='ocr_par' dir='ltr' id='par_1_71' title="bbox 1947 2549 3597 2620">
     <span class='ocr_line' id='line_1_71' title="bbox 1947 2549 3597 2620; baseline 0.001 -18"><span class='ocrx_word' id='word_1_536' title='bbox 1947 2551 2160 2619; x_wconf 85' lang='lat' dir='ltr'>pariter</span> <span class='ocrx_word' id='word_1_537' title='bbox 2181 2549 2434 2603; x_wconf 80' lang='lat' dir='ltr'>columna</span> <span class='ocrx_word' id='word_1_538' title='bbox 2465 2551 2603 2604; x_wconf 85' lang='lat' dir='ltr'>nubi</span> <span class='ocrx_word' id='word_1_539' title='bbox 2609 2568 2648 2611; x_wconf 72' lang='grc' dir='ltr'>ς,</span> <span class='ocrx_word' id='word_1_540' title='bbox 2675 2551 2868 2620; x_wconf 81' lang='lat' dir='ltr'>priora</span> <span class='ocrx_word' id='word_1_541' title='bbox 2896 2549 3197 2614; x_wconf 84' lang='lat' dir='ltr'>dimittens,</span> <span class='ocrx_word' id='word_1_542' title='bbox 3227 2557 3344 2620; x_wconf 86' lang='lat' dir='ltr'>post</span> <span class='ocrx_word' id='word_1_543' title='bbox 3383 2557 3597 2618; x_wconf 78' lang='lat' dir='ltr'>tergum</span> 
     </span>
    </p>
   </div>
   <div class='ocr_carea' id='block_1_72' title="bbox 1948 2637 3592 2710">
    <p class='ocr_par' dir='ltr' id='par_1_72' title="bbox 1948 2637 3592 2710">
     <span class='ocr_line' id='line_1_72' title="bbox 1948 2637 3592 2710; baseline 0.002 -19"><span class='ocrx_word' id='word_1_544' title='bbox 1948 2640 2264 2701; x_wconf 82' lang='lat' dir='ltr'>stetit,inter</span> <span class='ocrx_word' id='word_1_545' title='bbox 2292 2646 2470 2693; x_wconf 74' lang='lat' dir='ltr'>castra</span> <span class='ocrx_word' id='word_1_546' title='bbox 2502 2640 2885 2710; x_wconf 62' lang='lat' dir='ltr'>Egyptiorum</span> <span class='ocrx_word' id='word_1_547' title='bbox 2913 2647 2964 2693; x_wconf 86' lang='lat' dir='ltr'>et</span> <span class='ocrx_word' id='word_1_548' title='bbox 2991 2647 3172 2694; x_wconf 85' lang='lat' dir='ltr'>castra</span> <span class='ocrx_word' id='word_1_549' title='bbox 3199 2639 3370 2694; x_wconf 85' lang='lat' dir='ltr'>Israel</span> <span class='ocrx_word' id='word_1_550' title='bbox 3401 2637 3592 2710; x_wconf 73' lang='lat' dir='ltr'>(Exod.</span> 
     </span>
    </p>
   </div>
   <div class='ocr_carea' id='block_1_73' title="bbox 1947 2726 3595 2794">
    <p class='ocr_par' dir='ltr' id='par_1_73' title="bbox 1947 2726 3595 2794">
     <span class='ocr_line' id='line_1_73' title="bbox 1947 2726 3595 2794; baseline 0.001 -14"><span class='ocrx_word' id='word_1_551' title='bbox 1947 2743 2062 2791; x_wconf 81' lang='lat' dir='ltr'>xw,</span> <span class='ocrx_word' id='word_1_552' title='bbox 2093 2729 2205 2794; x_wconf 88' lang='lat'>20).</span> <span class='ocrx_word' id='word_1_553' title='bbox 2243 2726 2309 2782; x_wconf 83' lang='lat' dir='ltr'>Et</span> <span class='ocrx_word' id='word_1_554' title='bbox 2339 2731 2464 2782; x_wconf 87' lang='lat' dir='ltr'>erat</span> <span class='ocrx_word' id='word_1_555' title='bbox 2495 2728 2682 2782; x_wconf 89' lang='lat' dir='ltr'>nubes</span> <span class='ocrx_word' id='word_1_556' title='bbox 2713 2727 3104 2794; x_wconf 88' lang='lat' dir='ltr'>tcnebrosa,et</span> <span class='ocrx_word' id='word_1_557' title='bbox 3131 2726 3477 2782; x_wconf 86' lang='lat' dir='ltr'>illuminans</span> <span class='ocrx_word' id='word_1_558' title='bbox 3497 2743 3595 2782; x_wconf 90' lang='lat' dir='ltr'>no-</span> 
     </span>
    </p>
   </div>
   <div class='ocr_carea' id='block_1_74' title="bbox 1949 2813 3594 2888">
    <p class='ocr_par' dir='ltr' id='par_1_74' title="bbox 1949 2813 3594 2888">
     <span class='ocr_line' id='line_1_74' title="bbox 1949 2813 3594 2888; baseline 0.002 -20"><span class='ocrx_word' id='word_1_559' title='bbox 1949 2813 2210 2882; x_wconf 87' lang='lat' dir='ltr'>ctem,ita</span> <span class='ocrx_word' id='word_1_560' title='bbox 2240 2818 2304 2869; x_wconf 92' lang='lat' dir='ltr'>ut</span> <span class='ocrx_word' id='word_1_561' title='bbox 2333 2816 2402 2870; x_wconf 87' lang='lat' dir='ltr'>ad</span> <span class='ocrx_word' id='word_1_562' title='bbox 2436 2833 2498 2870; x_wconf 87' lang='lat' dir='ltr'>se</span> <span class='ocrx_word' id='word_1_563' title='bbox 2528 2815 2775 2870; x_wconf 84' lang='lat' dir='ltr'>invicem</span> <span class='ocrx_word' id='word_1_564' title='bbox 2797 2819 2917 2871; x_wconf 87' lang='lat' dir='ltr'>toto</span> <span class='ocrx_word' id='word_1_565' title='bbox 2948 2815 3136 2872; x_wconf 89' lang='lat' dir='ltr'>noctis</span> <span class='ocrx_word' id='word_1_566' title='bbox 3153 2820 3416 2888; x_wconf 88' lang='lat' dir='ltr'>tempore</span> <span class='ocrx_word' id='word_1_567' title='bbox 3437 2833 3594 2872; x_wconf 87' lang='lat' dir='ltr'>acce-</span> 
     </span>
    </p>
   </div>
   <div class='ocr_carea' id='block_1_75' title="bbox 1947 2901 3594 2976">
    <p class='ocr_par' dir='ltr' id='par_1_75' title="bbox 1947 2901 3594 2976">
     <span class='ocr_line' id='line_1_75' title="bbox 1947 2901 3594 2976; baseline 0.001 -19"><span class='ocrx_word' id='word_1_568' title='bbox 1947 2901 2082 2958; x_wconf 88' lang='lat' dir='ltr'>dere</span> <span class='ocrx_word' id='word_1_569' title='bbox 2112 2920 2226 2957; x_wconf 92' lang='lat' dir='ltr'>non</span> <span class='ocrx_word' id='word_1_570' title='bbox 2257 2902 2534 2959; x_wconf 87' lang='lat' dir='ltr'>valerent.</span> <span class='ocrx_word' id='word_1_571' title='bbox 2567 2903 2636 2958; x_wconf 86' lang='lat' dir='ltr'>Et</span> <span class='ocrx_word' id='word_1_572' title='bbox 2666 2921 2783 2959; x_wconf 87' lang='lat' dir='ltr'>una</span> <span class='ocrx_word' id='word_1_573' title='bbox 2812 2904 3131 2976; x_wconf 88' lang='lat' dir='ltr'>eademque</span> <span class='ocrx_word' id='word_1_574' title='bbox 3157 2903 3338 2976; x_wconf 88' lang='lat' dir='ltr'>virga,</span> <span class='ocrx_word' id='word_1_575' title='bbox 3363 2907 3594 2960; x_wconf 87' lang='lat' dir='ltr'>extenta</span> 
     </span>
    </p>
   </div>
   <div class='ocr_carea' id='block_1_76' title="bbox 1948 2991 3592 3064">
    <p class='ocr_par' dir='ltr' id='par_1_76' title="bbox 1948 2991 3592 3064">
     <span class='ocr_line' id='line_1_76' title="bbox 1948 2991 3592 3064; baseline 0.001 -18"><span class='ocrx_word' id='word_1_576' title='bbox 1948 3007 2126 3062; x_wconf 91' lang='lat' dir='ltr'>super</span> <span class='ocrx_word' id='word_1_577' title='bbox 2153 3009 2494 3064; x_wconf 69' lang='lat' dir='ltr'>aquas,quie</span> <span class='ocrx_word' id='word_1_578' title='bbox 2523 2997 2689 3048; x_wconf 80' lang='lat' dir='ltr'>erant</span> <span class='ocrx_word' id='word_1_579' title='bbox 2709 2991 2876 3064; x_wconf 85' lang='lat' dir='ltr'>quasi</span> <span class='ocrx_word' id='word_1_580' title='bbox 2907 3009 3008 3064; x_wconf 87' lang='lat' dir='ltr'>pro</span> <span class='ocrx_word' id='word_1_581' title='bbox 3036 3009 3204 3048; x_wconf 87' lang='lat' dir='ltr'>muro</span> <span class='ocrx_word' id='word_1_582' title='bbox 3237 3009 3271 3048; x_wconf 89' lang='lat' dir='ltr'>a</span> <span class='ocrx_word' id='word_1_583' title='bbox 3298 2992 3519 3048; x_wconf 83' lang='lat' dir='ltr'>dextris</span> <span class='ocrx_word' id='word_1_584' title='bbox 3535 2996 3592 3048; x_wconf 89' lang='lat' dir='ltr'>et</span> 
     </span>
    </p>
   </div>
   <div class='ocr_carea' id='block_1_77' title="bbox 1947 3080 3588 3153">
    <p class='ocr_par' dir='ltr' id='par_1_77' title="bbox 1947 3080 3588 3153">
     <span class='ocr_line' id='line_1_77' title="bbox 1947 3080 3588 3153; baseline 0 -17"><span class='ocrx_word' id='word_1_585' title='bbox 1947 3097 1982 3136; x_wconf 83' lang='lat' dir='ltr'>a</span> <span class='ocrx_word' id='word_1_586' title='bbox 2009 3080 2285 3151; x_wconf 87' lang='lat' dir='ltr'>sinistris,</span> <span class='ocrx_word' id='word_1_587' title='bbox 2322 3081 2472 3137; x_wconf 90' lang='lat' dir='ltr'>ﬁlios</span> <span class='ocrx_word' id='word_1_588' title='bbox 2506 3081 2679 3137; x_wconf 86' lang='lat' dir='ltr'>Israel</span> <span class='ocrx_word' id='word_1_589' title='bbox 2719 3080 3070 3148; x_wconf 83' lang='lat' dir='ltr'>transduxit,</span> <span class='ocrx_word' id='word_1_590' title='bbox 3103 3081 3257 3137; x_wconf 85' lang='lat' dir='ltr'>sicut</span> <span class='ocrx_word' id='word_1_591' title='bbox 3299 3081 3588 3153; x_wconf 88' lang='lat' dir='ltr'>scriptum</span> 
     </span>
    </p>
   </div>
   <div class='ocr_carea' id='block_1_78' title="bbox 1946 3169 3592 3242">
    <p class='ocr_par' dir='ltr' id='par_1_78' title="bbox 1946 3169 3592 3242">
     <span class='ocr_line' id='line_1_78' title="bbox 1946 3169 3592 3242; baseline 0.001 -18"><span class='ocrx_word' id='word_1_592' title='bbox 1946 3173 2036 3225; x_wconf 86' lang='lat' dir='ltr'>est</span> <span class='ocrx_word' id='word_1_593' title='bbox 2080 3169 2230 3242; x_wconf 86' lang='lat' dir='ltr'>(Sap.</span> <span class='ocrx_word' id='word_1_594' title='bbox 2265 3188 2318 3237; x_wconf 83' lang='lat' dir='ltr'>x,</span> <span class='ocrx_word' id='word_1_595' title='bbox 2372 3172 2482 3240; x_wconf 84' lang='grc'>18),</span> <span class='ocrx_word' id='word_1_596' title='bbox 2515 3187 2618 3242; x_wconf 90' lang='lat' dir='ltr'>per</span> <span class='ocrx_word' id='word_1_597' title='bbox 2664 3187 2878 3242; x_wconf 87' lang='lat' dir='ltr'>aquam</span> <span class='ocrx_word' id='word_1_598' title='bbox 2927 3169 3192 3238; x_wconf 90' lang='lat' dir='ltr'>nimiam,</span> <span class='ocrx_word' id='word_1_599' title='bbox 3246 3173 3305 3226; x_wconf 88' lang='lat' dir='ltr'>et</span> <span class='ocrx_word' id='word_1_600' title='bbox 3351 3169 3592 3230; x_wconf 83' lang='lat' dir='ltr'>involvit</span> 
     </span>
    </p>
   </div>
   <div class='ocr_carea' id='block_1_79' title="bbox 1865 3233 3588 3332">
    <p class='ocr_par' dir='ltr' id='par_1_79' title="bbox 1865 3233 3588 3332">
     <span class='ocr_line' id='line_1_79' title="bbox 1865 3233 3588 3332; baseline 0 -18"><span class='ocrx_word' id='word_1_601' title='bbox 1865 3233 1908 3300; x_wconf 61' lang='grc' dir='ltr'>(ἶ</span> <span class='ocrx_word' id='word_1_602' title='bbox 1947 3233 2244 3332; x_wconf 67' lang='lat' dir='ltr'>Egyptios</span> <span class='ocrx_word' id='word_1_603' title='bbox 2275 3233 2333 3313; x_wconf 80' lang='lat' dir='ltr'>in</span> <span class='ocrx_word' id='word_1_604' title='bbox 2367 3233 2576 3315; x_wconf 76' lang='lat' dir='ltr'>mediis</span> <span class='ocrx_word' id='word_1_605' title='bbox 2609 3233 2904 3326; x_wconf 70' lang='lat' dir='ltr'>ﬂuctibus,</span> <span class='ocrx_word' id='word_1_606' title='bbox 2937 3262 3004 3314; x_wconf 89' lang='lat' dir='ltr'>ut</span> <span class='ocrx_word' id='word_1_607' title='bbox 3032 3276 3106 3314; x_wconf 91' lang='lat' dir='ltr'>ne</span> <span class='ocrx_word' id='word_1_608' title='bbox 3149 3233 3304 3314; x_wconf 83' lang='lat' dir='ltr'>unus</span> <span class='ocrx_word' id='word_1_609' title='bbox 3350 3258 3588 3330; x_wconf 80' lang='lat' dir='ltr'>quidem</span> 
     </span>
    </p>
   </div>
   <div class='ocr_carea' id='block_1_80' title="bbox 1946 3346 3590 3420">
    <p class='ocr_par' dir='ltr' id='par_1_80' title="bbox 1946 3346 3590 3420">
     <span class='ocr_line' id='line_1_80' title="bbox 1946 3346 3590 3420; baseline 0 -16"><span class='ocrx_word' id='word_1_610' title='bbox 1946 3348 2299 3420; x_wconf 81' lang='lat' dir='ltr'>superfuerit</span> <span class='ocrx_word' id='word_1_611' title='bbox 2327 3365 2397 3403; x_wconf 86' lang='lat' dir='ltr'>ex</span> <span class='ocrx_word' id='word_1_612' title='bbox 2424 3348 2530 3414; x_wconf 90' lang='lat' dir='ltr'>eis,</span> <span class='ocrx_word' id='word_1_613' title='bbox 2555 3365 2704 3420; x_wconf 92' lang='lat' dir='ltr'>quos</span> <span class='ocrx_word' id='word_1_614' title='bbox 2731 3348 2995 3403; x_wconf 87' lang='lat' dir='ltr'>viderent</span> <span class='ocrx_word' id='word_1_615' title='bbox 3022 3346 3296 3403; x_wconf 60' lang='lat' dir='ltr'>Israelita:</span> <span class='ocrx_word' id='word_1_616' title='bbox 3326 3351 3590 3404; x_wconf 88' lang='lat' dir='ltr'>mortuos</span> 
     </span>
    </p>
   </div>
   <div class='ocr_carea' id='block_1_81' title="bbox 1945 3435 3592 3510">
    <p class='ocr_par' dir='ltr' id='par_1_81' title="bbox 1945 3435 3592 3510">
     <span class='ocr_line' id='line_1_81' title="bbox 1945 3435 3592 3510; baseline -0.001 -16"><span class='ocrx_word' id='word_1_617' title='bbox 1945 3455 2125 3510; x_wconf 91' lang='lat' dir='ltr'>super</span> <span class='ocrx_word' id='word_1_618' title='bbox 2149 3437 2314 3494; x_wconf 90' lang='lat' dir='ltr'>littus</span> <span class='ocrx_word' id='word_1_619' title='bbox 2337 3437 2690 3510; x_wconf 87' lang='lat' dir='ltr'>maris,quos</span> <span class='ocrx_word' id='word_1_620' title='bbox 2711 3441 3042 3510; x_wconf 86' lang='lat' dir='ltr'>respexerat</span> <span class='ocrx_word' id='word_1_621' title='bbox 3060 3435 3345 3493; x_wconf 86' lang='lat' dir='ltr'>Dominus</span> <span class='ocrx_word' id='word_1_622' title='bbox 3373 3436 3431 3491; x_wconf 90' lang='lat' dir='ltr'>in</span> <span class='ocrx_word' id='word_1_623' title='bbox 3454 3436 3592 3510; x_wconf 83' lang='lat' dir='ltr'>vigi-</span> 
     </span>
    </p>
   </div>
   <div class='ocr_carea' id='block_1_82' title="bbox 1945 3525 3588 3602">
    <p class='ocr_par' dir='ltr' id='par_1_82' title="bbox 1945 3525 3588 3602">
     <span class='ocr_line' id='line_1_82' title="bbox 1945 3525 3588 3602; baseline 0.001 -20"><span class='ocrx_word' id='word_1_624' title='bbox 1945 3527 2024 3583; x_wconf 88' lang='lat' dir='ltr'>lia</span> <span class='ocrx_word' id='word_1_625' title='bbox 2054 3529 2435 3590; x_wconf 84' lang='lat' dir='ltr'>matutina,ut</span> <span class='ocrx_word' id='word_1_626' title='bbox 2462 3527 2806 3596; x_wconf 59' lang='lat' dir='ltr'>diximusﬁn</span> <span class='ocrx_word' id='word_1_627' title='bbox 2837 3527 3112 3582; x_wconf 90' lang='lat' dir='ltr'>columna</span> <span class='ocrx_word' id='word_1_628' title='bbox 3141 3525 3296 3600; x_wconf 88' lang='lat' dir='ltr'>ignis</span> <span class='ocrx_word' id='word_1_629' title='bbox 3316 3530 3373 3582; x_wconf 91' lang='lat' dir='ltr'>et</span> <span class='ocrx_word' id='word_1_630' title='bbox 3393 3527 3588 3602; x_wconf 87' lang='lat' dir='ltr'>nubis,</span> 
     </span>
    </p>
   </div>
   <div class='ocr_carea' id='block_1_83' title="bbox 1944 3615 3591 3688">
    <p class='ocr_par' dir='ltr' id='par_1_83' title="bbox 1944 3615 3591 3688">
     <span class='ocr_line' id='line_1_83' title="bbox 1944 3615 3591 3688; baseline -0.001 -16"><span class='ocrx_word' id='word_1_631' title='bbox 1944 3621 2004 3672; x_wconf 90' lang='lat' dir='ltr'>et</span> <span class='ocrx_word' id='word_1_632' title='bbox 2049 3616 2325 3688; x_wconf 78' lang='lat' dir='ltr'>expandit</span> <span class='ocrx_word' id='word_1_633' title='bbox 2374 3617 2586 3671; x_wconf 87' lang='lat' dir='ltr'>nubem</span> <span class='ocrx_word' id='word_1_634' title='bbox 2638 3616 2696 3671; x_wconf 91' lang='lat' dir='ltr'>in</span> <span class='ocrx_word' id='word_1_635' title='bbox 2757 3615 3171 3688; x_wconf 81' lang='lat' dir='ltr'>protectionem</span> <span class='ocrx_word' id='word_1_636' title='bbox 3221 3632 3485 3684; x_wconf 87' lang='lat' dir='ltr'>suorum,</span> <span class='ocrx_word' id='word_1_637' title='bbox 3534 3619 3591 3671; x_wconf 93' lang='lat' dir='ltr'>et</span> 
     </span>
    </p>
   </div>
   <div class='ocr_carea' id='block_1_84' title="bbox 1944 3703 3588 3777">
    <p class='ocr_par' dir='ltr' id='par_1_84' title="bbox 1944 3703 3588 3777">
     <span class='ocr_line' id='line_1_84' title="bbox 1944 3703 3588 3777; baseline -0.001 -17"><span class='ocrx_word' id='word_1_638' title='bbox 1944 3707 2138 3777; x_wconf 83' lang='lat' dir='ltr'>ignem</span> <span class='ocrx_word' id='word_1_639' title='bbox 2169 3709 2233 3760; x_wconf 90' lang='lat' dir='ltr'>ut</span> <span class='ocrx_word' id='word_1_640' title='bbox 2263 3704 2481 3761; x_wconf 88' lang='lat' dir='ltr'>luceret</span> <span class='ocrx_word' id='word_1_641' title='bbox 2509 3706 2596 3761; x_wconf 90' lang='lat' dir='ltr'>eis</span> <span class='ocrx_word' id='word_1_642' title='bbox 2627 3721 2728 3777; x_wconf 88' lang='lat' dir='ltr'>per</span> <span class='ocrx_word' id='word_1_643' title='bbox 2757 3708 2987 3761; x_wconf 89' lang='lat' dir='ltr'>noctem</span> <span class='ocrx_word' id='word_1_644' title='bbox 3018 3705 3188 3774; x_wconf 89' lang='lat' dir='ltr'>(Psal.</span> <span class='ocrx_word' id='word_1_645' title='bbox 3218 3720 3327 3775; x_wconf 76' lang='lat' dir='ltr'>CIV,</span> <span class='ocrx_word' id='word_1_646' title='bbox 3357 3704 3471 3773; x_wconf 90' lang='lat'>39),</span> <span class='ocrx_word' id='word_1_647' title='bbox 3503 3703 3588 3758; x_wconf 88' lang='lat' dir='ltr'>vi-</span> 
     </span>
    </p>
   </div>
   <div class='ocr_carea' id='block_1_85' title="bbox 1941 3791 3587 3866">
    <p class='ocr_par' dir='ltr' id='par_1_85' title="bbox 1941 3791 3587 3866">
     <span class='ocr_line' id='line_1_85' title="bbox 1941 3791 3587 3866; baseline -0.002 -16"><span class='ocrx_word' id='word_1_648' title='bbox 1941 3794 2153 3850; x_wconf 87' lang='lat' dir='ltr'>delicet</span> <span class='ocrx_word' id='word_1_649' title='bbox 2180 3794 2501 3860; x_wconf 87' lang='lat' dir='ltr'>Christum,</span> <span class='ocrx_word' id='word_1_650' title='bbox 2534 3793 2636 3866; x_wconf 90' lang='lat' dir='ltr'>qui</span> <span class='ocrx_word' id='word_1_651' title='bbox 2667 3797 2759 3850; x_wconf 90' lang='lat' dir='ltr'>est</span> <span class='ocrx_word' id='word_1_652' title='bbox 2795 3793 3072 3849; x_wconf 88' lang='lat' dir='ltr'>columna</span> <span class='ocrx_word' id='word_1_653' title='bbox 3119 3791 3268 3848; x_wconf 85' lang='lat' dir='ltr'>lucis</span> <span class='ocrx_word' id='word_1_654' title='bbox 3316 3792 3587 3848; x_wconf 86' lang='lat' dir='ltr'>tenebras</span> 
     </span>
    </p>
   </div>
   <div class='ocr_carea' id='block_1_86' title="bbox 1941 3879 3585 3955">
    <p class='ocr_par' dir='ltr' id='par_1_86' title="bbox 1941 3879 3585 3955">
     <span class='ocr_line' id='line_1_86' title="bbox 1941 3879 3585 3955; baseline -0.001 -17"><span class='ocrx_word' id='word_1_655' title='bbox 1941 3883 2306 3940; x_wconf 87' lang='lat' dir='ltr'>inﬁdelitatis</span> <span class='ocrx_word' id='word_1_656' title='bbox 2335 3883 2650 3955; x_wconf 87' lang='lat' dir='ltr'>depellens,</span> <span class='ocrx_word' id='word_1_657' title='bbox 2683 3887 2740 3940; x_wconf 90' lang='lat' dir='ltr'>et</span> <span class='ocrx_word' id='word_1_658' title='bbox 2765 3883 2956 3938; x_wconf 90' lang='lat' dir='ltr'>lucem</span> <span class='ocrx_word' id='word_1_659' title='bbox 2988 3882 3246 3938; x_wconf 82' lang='lat' dir='ltr'>veritatis</span> <span class='ocrx_word' id='word_1_660' title='bbox 3277 3899 3345 3938; x_wconf 90' lang='lat' dir='ltr'>ac</span> <span class='ocrx_word' id='word_1_661' title='bbox 3388 3879 3585 3954; x_wconf 68' lang='lat' dir='ltr'>gratiae</span> 
     </span>
    </p>
   </div>
   <div class='ocr_carea' id='block_1_87' title="bbox 1942 3972 3586 4046">
    <p class='ocr_par' dir='ltr' id='par_1_87' title="bbox 1942 3972 3586 4046">
     <span class='ocr_line' id='line_1_87' title="bbox 1942 3972 3586 4046; baseline -0.001 -18"><span class='ocrx_word' id='word_1_662' title='bbox 1942 3973 2227 4046; x_wconf 87' lang='lat' dir='ltr'>spiritalis</span> <span class='ocrx_word' id='word_1_663' title='bbox 2257 3973 2562 4029; x_wconf 70' lang='lat' dir='ltr'>affectibus</span> <span class='ocrx_word' id='word_1_664' title='bbox 2593 3972 2874 4027; x_wconf 87' lang='lat' dir='ltr'>humanis</span> <span class='ocrx_word' id='word_1_665' title='bbox 2904 3972 3239 4040; x_wconf 82' lang='lat' dir='ltr'>infundens,</span> <span class='ocrx_word' id='word_1_666' title='bbox 3271 3975 3329 4027; x_wconf 90' lang='lat' dir='ltr'>et</span> <span class='ocrx_word' id='word_1_667' title='bbox 3359 3988 3460 4044; x_wconf 91' lang='lat' dir='ltr'>per</span> <span class='ocrx_word' id='word_1_668' title='bbox 3485 3987 3586 4027; x_wconf 86' lang='lat' dir='ltr'>co-</span> 
     </span>
    </p>
   </div>
   <div class='ocr_carea' id='block_1_88' title="bbox 1940 4060 3585 4133">
    <p class='ocr_par' dir='ltr' id='par_1_88' title="bbox 1940 4060 3585 4133">
     <span class='ocr_line' id='line_1_88' title="bbox 1940 4060 3585 4133; baseline 0 -17"><span class='ocrx_word' id='word_1_669' title='bbox 1940 4061 2204 4117; x_wconf 91' lang='lat' dir='ltr'>lumnam</span> <span class='ocrx_word' id='word_1_670' title='bbox 2239 4061 2433 4128; x_wconf 89' lang='lat' dir='ltr'>nubis,</span> <span class='ocrx_word' id='word_1_671' title='bbox 2470 4061 2569 4133; x_wconf 88' lang='lat' dir='ltr'>qui</span> <span class='ocrx_word' id='word_1_672' title='bbox 2615 4065 2704 4117; x_wconf 88' lang='lat' dir='ltr'>est</span> <span class='ocrx_word' id='word_1_673' title='bbox 2745 4061 3001 4132; x_wconf 88' lang='lat' dir='ltr'>Spiritus</span> <span class='ocrx_word' id='word_1_674' title='bbox 3049 4065 3326 4128; x_wconf 83' lang='lat' dir='ltr'>sanctus;</span> <span class='ocrx_word' id='word_1_675' title='bbox 3359 4060 3420 4114; x_wconf 87' lang='lat' dir='ltr'>in</span> <span class='ocrx_word' id='word_1_676' title='bbox 3469 4075 3585 4133; x_wconf 91' lang='lat' dir='ltr'>quo</span> 
     </span>
    </p>
   </div>
   <div class='ocr_carea' id='block_1_89' title="bbox 1940 4147 3584 4222">
    <p class='ocr_par' dir='ltr' id='par_1_89' title="bbox 1940 4147 3584 4222">
     <span class='ocr_line' id='line_1_89' title="bbox 1940 4147 3584 4222; baseline -0.001 -16"><span class='ocrx_word' id='word_1_677' title='bbox 1940 4150 2293 4222; x_wconf 85' lang='lat' dir='ltr'>baptismate</span> <span class='ocrx_word' id='word_1_678' title='bbox 2314 4154 2488 4222; x_wconf 88' lang='lat' dir='ltr'>typus</span> <span class='ocrx_word' id='word_1_679' title='bbox 2508 4149 2880 4222; x_wconf 89' lang='lat' dir='ltr'>baptismatis</span> <span class='ocrx_word' id='word_1_680' title='bbox 2889 4150 3014 4220; x_wconf 89' lang='lat' dir='ltr'>jam</span> <span class='ocrx_word' id='word_1_681' title='bbox 3033 4149 3187 4204; x_wconf 88' lang='lat' dir='ltr'>sicut</span> <span class='ocrx_word' id='word_1_682' title='bbox 3207 4148 3342 4204; x_wconf 86' lang='lat' dir='ltr'>etin</span> <span class='ocrx_word' id='word_1_683' title='bbox 3365 4147 3584 4204; x_wconf 88' lang='lat' dir='ltr'>diluvio</span> 
     </span>
    </p>
   </div>
   <div class='ocr_carea' id='block_1_90' title="bbox 1940 4235 3584 4308">
    <p class='ocr_par' dir='ltr' id='par_1_90' title="bbox 1940 4235 3584 4308">
     <span class='ocr_line' id='line_1_90' title="bbox 1940 4235 3584 4308; baseline -0.001 -15"><span class='ocrx_word' id='word_1_684' title='bbox 1940 4237 2605 4293; x_wconf 80' lang='lat' dir='ltr'>monstrabatur.Adhuc</span> <span class='ocrx_word' id='word_1_685' title='bbox 2635 4237 2924 4292; x_wconf 85' lang='lat' dir='ltr'>addamus</span> <span class='ocrx_word' id='word_1_686' title='bbox 2953 4237 3092 4308; x_wconf 86' lang='lat' dir='ltr'>quia</span> <span class='ocrx_word' id='word_1_687' title='bbox 3125 4236 3408 4292; x_wconf 86' lang='lat' dir='ltr'>invocavit</span> <span class='ocrx_word' id='word_1_688' title='bbox 3427 4235 3584 4291; x_wconf 78' lang='lat' dir='ltr'>Elius</span> 
     </span>
    </p>
   </div>
   <div class='ocr_carea' id='block_1_91' title="bbox 1940 4323 3579 4396">
    <p class='ocr_par' dir='ltr' id='par_1_91' title="bbox 1940 4323 3579 4396">
     <span class='ocr_line' id='line_1_91' title="bbox 1940 4323 3579 4396; baseline -0.003 -14"><span class='ocrx_word' id='word_1_689' title='bbox 1940 4344 2152 4382; x_wconf 89' lang='lat' dir='ltr'>nomen</span> <span class='ocrx_word' id='word_1_690' title='bbox 2185 4325 2410 4382; x_wconf 85' lang='lat' dir='ltr'>Domini</span> <span class='ocrx_word' id='word_1_691' title='bbox 2435 4326 2530 4381; x_wconf 92' lang='lat' dir='ltr'>Dei</span> <span class='ocrx_word' id='word_1_692' title='bbox 2567 4324 2679 4392; x_wconf 71' lang='lat' dir='ltr'>sui,</span> <span class='ocrx_word' id='word_1_693' title='bbox 2712 4329 2768 4380; x_wconf 89' lang='lat' dir='ltr'>et</span> <span class='ocrx_word' id='word_1_694' title='bbox 2797 4325 3100 4380; x_wconf 87' lang='lat' dir='ltr'>descendit</span> <span class='ocrx_word' id='word_1_695' title='bbox 3127 4325 3199 4380; x_wconf 88' lang='lat' dir='ltr'>de</span> <span class='ocrx_word' id='word_1_696' title='bbox 3230 4323 3372 4380; x_wconf 74' lang='lat' dir='ltr'>cmlo</span> <span class='ocrx_word' id='word_1_697' title='bbox 3404 4323 3579 4396; x_wconf 85' lang='lat' dir='ltr'>ignis.</span> 
     </span>
    </p>
   </div>
   <div class='ocr_carea' id='block_1_92' title="bbox 1939 4413 3581 4486">
    <p class='ocr_par' dir='ltr' id='par_1_92' title="bbox 1939 4413 3581 4486">
     <span class='ocr_line' id='line_1_92' title="bbox 1939 4413 3581 4486; baseline -0.002 -15"><span class='ocrx_word' id='word_1_698' title='bbox 1939 4417 2228 4472; x_wconf 87' lang='lat' dir='ltr'>Invecavit</span> <span class='ocrx_word' id='word_1_699' title='bbox 2257 4421 2313 4472; x_wconf 89' lang='lat' dir='ltr'>et</span> <span class='ocrx_word' id='word_1_700' title='bbox 2337 4415 2578 4471; x_wconf 69' lang='lat' dir='ltr'>Elisaau</span> <span class='ocrx_word' id='word_1_701' title='bbox 2609 4431 2821 4469; x_wconf 88' lang='lat' dir='ltr'>nomen</span> <span class='ocrx_word' id='word_1_702' title='bbox 2855 4413 3170 4479; x_wconf 90' lang='lat' dir='ltr'>Domini,et</span> <span class='ocrx_word' id='word_1_703' title='bbox 3199 4415 3269 4469; x_wconf 91' lang='lat' dir='ltr'>de</span> <span class='ocrx_word' id='word_1_704' title='bbox 3299 4413 3581 4486; x_wconf 88' lang='lat' dir='ltr'>aquafer-</span> 
     </span>
    </p>
   </div>
   <div class='ocr_carea' id='block_1_93' title="bbox 1939 4501 3583 4582">
    <p class='ocr_par' dir='ltr' id='par_1_93' title="bbox 1939 4501 3583 4582">
     <span class='ocr_line' id='line_1_93' title="bbox 1939 4501 3583 4582; baseline -0.002 -22"><span class='ocrx_word' id='word_1_705' title='bbox 1939 4523 2067 4560; x_wconf 91' lang='lat' dir='ltr'>rum</span> <span class='ocrx_word' id='word_1_706' title='bbox 2093 4505 2314 4562; x_wconf 89' lang='lat' dir='ltr'>securis</span> <span class='ocrx_word' id='word_1_707' title='bbox 2337 4505 2587 4560; x_wconf 88' lang='lat' dir='ltr'>levatum</span> <span class='ocrx_word' id='word_1_708' title='bbox 2609 4508 2697 4560; x_wconf 87' lang='lat' dir='ltr'>est</span> <span class='ocrx_word' id='word_1_709' title='bbox 2725 4504 2794 4558; x_wconf 89' lang='lat' dir='ltr'>ad</span> <span class='ocrx_word' id='word_1_710' title='bbox 2828 4502 3206 4582; x_wconf 81' lang='lat' dir='ltr'>manubrium</span> <span class='ocrx_word' id='word_1_711' title='bbox 3238 4501 3583 4575; x_wconf 85' lang='lat' dir='ltr'>ligneum,et</span> 
     </span>
    </p>
   </div>
   <div class='ocr_carea' id='block_1_94' title="bbox 171 4589 3581 4671">
    <p class='ocr_par' dir='ltr' id='par_1_94' title="bbox 171 4589 3581 4671">
     <span class='ocr_line' id='line_1_94' title="bbox 171 4589 3581 4671; baseline 0.001 -27"><span class='ocrx_word' id='word_1_712' title='bbox 171 4599 560 4658; x_wconf 81' lang='lat' dir='ltr'>argumentum</span> <span class='ocrx_word' id='word_1_713' title='bbox 587 4609 702 4648; x_wconf 83' lang='lat' dir='ltr'>non</span> <span class='ocrx_word' id='word_1_714' title='bbox 730 4595 1116 4664; x_wconf 83' lang='lat' dir='ltr'>apparenlium</span> <span class='ocrx_word' id='word_1_715' title='bbox 1145 4594 1325 4665; x_wconf 89' lang='lat' dir='ltr'>(IIebr.</span> <span class='ocrx_word' id='word_1_716' title='bbox 1359 4612 1435 4661; x_wconf 79' lang='lat' dir='ltr'>x1,</span> <span class='ocrx_word' id='word_1_717' title='bbox 1472 4595 1544 4666; x_wconf 86' lang='grc'>1),</span> <span class='ocrx_word' id='word_1_718' title='bbox 1571 4597 1826 4667; x_wconf 80' lang='lat' dir='ltr'>profecto</span> <span class='ocrx_word' id='word_1_719' title='bbox 1858 4607 1906 4671; x_wconf 73' lang='grc' dir='ltr'><strong>Β</strong></span> <span class='ocrx_word' id='word_1_720' title='bbox 1937 4593 2336 4668; x_wconf 88' lang='lat' dir='ltr'>supernatavit</span> <span class='ocrx_word' id='word_1_721' title='bbox 2367 4593 2538 4666; x_wconf 88' lang='lat' dir='ltr'>aquis</span> <span class='ocrx_word' id='word_1_722' title='bbox 2570 4611 2583 4648; x_wconf 92' lang='lat'>:</span> <span class='ocrx_word' id='word_1_723' title='bbox 2616 4593 2846 4666; x_wconf 88' lang='lat' dir='ltr'>gravior</span> <span class='ocrx_word' id='word_1_724' title='bbox 2875 4592 3034 4646; x_wconf 89' lang='lat' dir='ltr'>anim</span> <span class='ocrx_word' id='word_1_725' title='bbox 3067 4597 3158 4647; x_wconf 88' lang='lat' dir='ltr'>est</span> <span class='ocrx_word' id='word_1_726' title='bbox 3186 4591 3320 4648; x_wconf 85' lang='lat' dir='ltr'>ferri</span> <span class='ocrx_word' id='word_1_727' title='bbox 3359 4589 3581 4664; x_wconf 84' lang='lat' dir='ltr'>species</span> 
     </span>
    </p>
   </div>
   <div class='ocr_carea' id='block_1_95' title="bbox 169 4674 1822 4755">
    <p class='ocr_par' dir='ltr' id='par_1_95' title="bbox 169 4674 1822 4755">
     <span class='ocr_line' id='line_1_95' title="bbox 169 4674 1822 4755; baseline 0.007 -25"><span class='ocrx_word' id='word_1_728' title='bbox 169 4674 352 4749; x_wconf 89' lang='lat' dir='ltr'>liquet</span> <span class='ocrx_word' id='word_1_729' title='bbox 383 4680 529 4752; x_wconf 86' lang='lat' dir='ltr'>quia</span> <span class='ocrx_word' id='word_1_730' title='bbox 555 4681 701 4736; x_wconf 85' lang='lat' dir='ltr'>ﬁdes</span> <span class='ocrx_word' id='word_1_731' title='bbox 730 4679 966 4737; x_wconf 87' lang='lat' dir='ltr'>illarum</span> <span class='ocrx_word' id='word_1_732' title='bbox 1002 4699 1196 4738; x_wconf 90' lang='lat' dir='ltr'>rerum</span> <span class='ocrx_word' id='word_1_733' title='bbox 1247 4687 1664 4755; x_wconf 85' lang='lat' dir='ltr'>argumentum</span> <span class='ocrx_word' id='word_1_734' title='bbox 1713 4689 1822 4752; x_wconf 88' lang='lat' dir='ltr'>est,</span> 
     </span>
    </p>
   </div>
   <div class='ocr_carea' id='block_1_96' title="bbox 168 4772 1821 4846">
    <p class='ocr_par' dir='ltr' id='par_1_96' title="bbox 168 4772 1821 4846">
     <span class='ocr_line' id='line_1_96' title="bbox 168 4772 1821 4846; baseline 0.005 -25"><span class='ocrx_word' id='word_1_735' title='bbox 168 4782 292 4838; x_wconf 70' lang='lat' dir='ltr'>quae</span> <span class='ocrx_word' id='word_1_736' title='bbox 306 4785 592 4841; x_wconf 87' lang='lat' dir='ltr'>apparere</span> <span class='ocrx_word' id='word_1_737' title='bbox 611 4787 726 4826; x_wconf 90' lang='lat' dir='ltr'>non</span> <span class='ocrx_word' id='word_1_738' title='bbox 750 4775 1000 4843; x_wconf 88' lang='lat' dir='ltr'>possunt</span> <span class='ocrx_word' id='word_1_739' title='bbox 1023 4788 1035 4826; x_wconf 92' lang='lat'>:</span> <span class='ocrx_word' id='word_1_740' title='bbox 1063 4789 1191 4843; x_wconf 60' lang='lat' dir='ltr'>qua;</span> <span class='ocrx_word' id='word_1_741' title='bbox 1213 4772 1370 4826; x_wconf 90' lang='lat' dir='ltr'>enim</span> <span class='ocrx_word' id='word_1_742' title='bbox 1393 4775 1821 4846; x_wconf 85' lang='lat' dir='ltr'>apparent,jam</span> 
     </span>
    </p>
   </div>
   <div class='ocr_carea' id='block_1_97' title="bbox 167 4852 1823 4935">
    <p class='ocr_par' dir='ltr' id='par_1_97' title="bbox 167 4852 1823 4935">
     <span class='ocr_line' id='line_1_97' title="bbox 167 4852 1823 4935; baseline 0.007 -28"><span class='ocrx_word' id='word_1_743' title='bbox 167 4852 340 4910; x_wconf 82' lang='lat' dir='ltr'>ﬁdem</span> <span class='ocrx_word' id='word_1_744' title='bbox 375 4874 492 4912; x_wconf 88' lang='lat' dir='ltr'>non</span> <span class='ocrx_word' id='word_1_745' title='bbox 524 4857 764 4926; x_wconf 86' lang='lat' dir='ltr'>habent,</span> <span class='ocrx_word' id='word_1_746' title='bbox 799 4860 898 4914; x_wconf 88' lang='lat' dir='ltr'>sed</span> <span class='ocrx_word' id='word_1_747' title='bbox 931 4859 1308 4931; x_wconf 86' lang='lat' dir='ltr'>agnitionem.</span> <span class='ocrx_word' id='word_1_748' title='bbox 1345 4884 1372 4909; x_wconf 82' lang='grc'>‹‹</span> <span class='ocrx_word' id='word_1_749' title='bbox 1408 4861 1516 4915; x_wconf 89' lang='lat' dir='ltr'>Sed</span> <span class='ocrx_word' id='word_1_750' title='bbox 1550 4861 1671 4916; x_wconf 60' lang='lat' dir='ltr'>haec</span> <span class='ocrx_word' id='word_1_751' title='bbox 1695 4864 1823 4935; x_wconf 89' lang='lat' dir='ltr'>ipsa</span> 
     </span>
    </p>
   </div>
   <div class='ocr_carea' id='block_1_98' title="bbox 168 4939 1824 5020">
    <p class='ocr_par' dir='ltr' id='par_1_98' title="bbox 168 4939 1824 5020">
     <span class='ocr_line' id='line_1_98' title="bbox 168 4939 1824 5020; baseline 0.006 -22"><span class='ocrx_word' id='word_1_752' title='bbox 168 4939 579 5016; x_wconf 75' lang='lat' dir='ltr'>Redemptoris</span> <span class='ocrx_word' id='word_1_753' title='bbox 609 4947 794 5002; x_wconf 83' lang='lat' dir='ltr'>nostri</span> <span class='ocrx_word' id='word_1_754' title='bbox 826 4965 1001 5020; x_wconf 88' lang='lat' dir='ltr'>opera</span> <span class='ocrx_word' id='word_1_755' title='bbox 1028 4949 1235 5016; x_wconf 89' lang='lat' dir='ltr'>(Greg.,</span> <span class='ocrx_word' id='word_1_756' title='bbox 1268 4949 1451 5018; x_wconf 71' lang='lat' dir='ltr'>ibid),</span> <span class='ocrx_word' id='word_1_757' title='bbox 1483 4967 1610 5020; x_wconf 72' lang='lat' dir='ltr'>quas</span> <span class='ocrx_word' id='word_1_758' title='bbox 1641 4968 1710 5006; x_wconf 82' lang='lat' dir='ltr'>ex</span> <span class='ocrx_word' id='word_1_759' title='bbox 1740 4970 1824 5008; x_wconf 88' lang='lat' dir='ltr'>se-</span> 
     </span>
    </p>
   </div>
   <div class='ocr_carea' id='block_1_99' title="bbox 165 5031 1819 5110">
    <p class='ocr_par' dir='ltr' id='par_1_99' title="bbox 165 5031 1819 5110">
     <span class='ocr_line' id='line_1_99' title="bbox 165 5031 1819 5110; baseline 0.007 -25"><span class='ocrx_word' id='word_1_760' title='bbox 165 5031 432 5105; x_wconf 82' lang='lat' dir='ltr'>metipsis</span> <span class='ocrx_word' id='word_1_761' title='bbox 462 5035 881 5108; x_wconf 87' lang='lat' dir='ltr'>comprehendi</span> <span class='ocrx_word' id='word_1_762' title='bbox 913 5053 1284 5110; x_wconf 87' lang='lat' dir='ltr'>nequaquam</span> <span class='ocrx_word' id='word_1_763' title='bbox 1309 5043 1578 5110; x_wconf 88' lang='lat' dir='ltr'>possunt,</span> <span class='ocrx_word' id='word_1_764' title='bbox 1607 5057 1675 5094; x_wconf 87' lang='lat' dir='ltr'>ex</span> <span class='ocrx_word' id='word_1_765' title='bbox 1707 5041 1819 5097; x_wconf 90' lang='lat' dir='ltr'>alia</span> 
     </span>
    </p>
   </div>
   <div class='ocr_carea' id='block_1_100' title="bbox 164 5121 1819 5197">
    <p class='ocr_par' dir='ltr' id='par_1_100' title="bbox 164 5121 1819 5197">
     <span class='ocr_line' id='line_1_100' title="bbox 164 5121 1819 5197; baseline 0.004 -19"><span class='ocrx_word' id='word_1_766' title='bbox 164 5121 291 5192; x_wconf 79' lang='lat' dir='ltr'>ejus</span> <span class='ocrx_word' id='word_1_767' title='bbox 320 5123 662 5194; x_wconf 85' lang='lat' dir='ltr'>operatione</span> <span class='ocrx_word' id='word_1_768' title='bbox 694 5126 996 5197; x_wconf 88' lang='lat' dir='ltr'>pensanda</span> <span class='ocrx_word' id='word_1_769' title='bbox 1018 5126 1819 5194; x_wconf 80' lang='lat' dir='ltr'>sunt,utrebusmirabilibus</span> 
     </span>
    </p>
   </div>
   <div class='ocr_carea' id='block_1_101' title="bbox 163 5209 1818 5284">
    <p class='ocr_par' dir='ltr' id='par_1_101' title="bbox 163 5209 1818 5284">
     <span class='ocr_line' id='line_1_101' title="bbox 163 5209 1818 5284; baseline 0.007 -21"><span class='ocrx_word' id='word_1_770' title='bbox 163 5209 336 5266; x_wconf 85' lang='lat' dir='ltr'>ﬁdem</span> <span class='ocrx_word' id='word_1_771' title='bbox 373 5213 670 5284; x_wconf 62' lang='lat' dir='ltr'>praebeant</span> <span class='ocrx_word' id='word_1_772' title='bbox 702 5215 855 5271; x_wconf 85' lang='lat' dir='ltr'>facta</span> <span class='ocrx_word' id='word_1_773' title='bbox 884 5214 1260 5271; x_wconf 88' lang='lat' dir='ltr'>mirabiliora.</span> <span class='ocrx_word' id='word_1_774' title='bbox 1300 5239 1327 5265; x_wconf 90' lang='lat'>»</span> <span class='ocrx_word' id='word_1_775' title='bbox 1357 5217 1428 5271; x_wconf 87' lang='lat' dir='ltr'>Et</span> <span class='ocrx_word' id='word_1_776' title='bbox 1459 5216 1672 5272; x_wconf 85' lang='lat' dir='ltr'>idcirco</span> <span class='ocrx_word' id='word_1_777' title='bbox 1703 5219 1818 5274; x_wconf 87' lang='lat' dir='ltr'>Do-</span> 
     </span>
    </p>
   </div>
   <div class='ocr_carea' id='block_1_102' title="bbox 161 5298 1819 5380">
    <p class='ocr_par' dir='ltr' id='par_1_102' title="bbox 161 5298 1819 5380">
     <span class='ocr_line' id='line_1_102' title="bbox 161 5298 1819 5380; baseline 0.006 -28"><span class='ocrx_word' id='word_1_778' title='bbox 161 5298 364 5355; x_wconf 86' lang='lat' dir='ltr'>minus</span> <span class='ocrx_word' id='word_1_779' title='bbox 380 5302 652 5374; x_wconf 73' lang='lat' dir='ltr'>quzedam</span> <span class='ocrx_word' id='word_1_780' title='bbox 671 5303 744 5358; x_wconf 87' lang='lat' dir='ltr'>de</span> <span class='ocrx_word' id='word_1_781' title='bbox 760 5303 1082 5376; x_wconf 86' lang='lat' dir='ltr'>Scripturis</span> <span class='ocrx_word' id='word_1_782' title='bbox 1101 5321 1204 5377; x_wconf 81' lang='lat' dir='ltr'>per</span> <span class='ocrx_word' id='word_1_783' title='bbox 1223 5305 1607 5377; x_wconf 87' lang='lat' dir='ltr'>semetipsum</span> <span class='ocrx_word' id='word_1_784' title='bbox 1621 5307 1819 5380; x_wconf 85' lang='lat' dir='ltr'>digna-</span> 
     </span>
    </p>
   </div>
   <div class='ocr_carea' id='block_1_103' title="bbox 159 5391 1815 5468">
    <p class='ocr_par' dir='ltr' id='par_1_103' title="bbox 159 5391 1815 5468">
     <span class='ocr_line' id='line_1_103' title="bbox 159 5391 1815 5468; baseline 0.007 -28"><span class='ocrx_word' id='word_1_785' title='bbox 159 5391 256 5444; x_wconf 78' lang='lat' dir='ltr'>tus</span> <span class='ocrx_word' id='word_1_786' title='bbox 280 5394 378 5446; x_wconf 87' lang='lat' dir='ltr'>est</span> <span class='ocrx_word' id='word_1_787' title='bbox 400 5407 711 5463; x_wconf 83' lang='lat' dir='ltr'>exponere,</span> <span class='ocrx_word' id='word_1_788' title='bbox 743 5397 810 5448; x_wconf 92' lang='lat' dir='ltr'>ut</span> <span class='ocrx_word' id='word_1_789' title='bbox 841 5393 1100 5449; x_wconf 89' lang='lat' dir='ltr'>sciamus</span> <span class='ocrx_word' id='word_1_790' title='bbox 1131 5411 1326 5449; x_wconf 89' lang='lat' dir='ltr'>rerum</span> <span class='ocrx_word' id='word_1_791' title='bbox 1357 5394 1815 5468; x_wconf 85' lang='lat' dir='ltr'>signiﬁcationes</span> 
     </span>
    </p>
   </div>
   <div class='ocr_carea' id='block_1_104' title="bbox 161 5480 1814 5556">
    <p class='ocr_par' dir='ltr' id='par_1_104' title="bbox 161 5480 1814 5556">
     <span class='ocr_line' id='line_1_104' title="bbox 161 5480 1814 5556; baseline 0.006 -25"><span class='ocrx_word' id='word_1_792' title='bbox 161 5491 420 5547; x_wconf 72' lang='lat' dir='ltr'>quaerere</span> <span class='ocrx_word' id='word_1_793' title='bbox 448 5480 511 5534; x_wconf 92' lang='lat' dir='ltr'>in</span> <span class='ocrx_word' id='word_1_794' title='bbox 543 5480 637 5537; x_wconf 89' lang='lat' dir='ltr'>his</span> <span class='ocrx_word' id='word_1_795' title='bbox 666 5482 841 5538; x_wconf 84' lang='lat' dir='ltr'>etiam</span> <span class='ocrx_word' id='word_1_796' title='bbox 874 5499 1002 5555; x_wconf 71' lang='lat' dir='ltr'>qua:</span> <span class='ocrx_word' id='word_1_797' title='bbox 1037 5499 1140 5556; x_wconf 89' lang='lat' dir='ltr'>per</span> <span class='ocrx_word' id='word_1_798' title='bbox 1192 5483 1575 5555; x_wconf 87' lang='lat' dir='ltr'>semetipsum</span> <span class='ocrx_word' id='word_1_799' title='bbox 1627 5485 1814 5541; x_wconf 91' lang='lat' dir='ltr'>noluit</span> 
     </span>
    </p>
   </div>
   <div class='ocr_carea' id='block_1_105' title="bbox 159 5563 1814 5642">
    <p class='ocr_par' dir='ltr' id='par_1_105' title="bbox 159 5563 1814 5642">
     <span class='ocr_line' id='line_1_105' title="bbox 159 5563 1814 5642; baseline 0.005 -24"><span class='ocrx_word' id='word_1_800' title='bbox 159 5563 495 5638; x_wconf 81' lang='lat' dir='ltr'>explanare.</span> <span class='ocrx_word' id='word_1_801' title='bbox 513 5567 676 5624; x_wconf 90' lang='lat' dir='ltr'>Unde</span> <span class='ocrx_word' id='word_1_802' title='bbox 699 5569 758 5623; x_wconf 85' lang='lat' dir='ltr'>in</span> <span class='ocrx_word' id='word_1_803' title='bbox 781 5587 1128 5642; x_wconf 86' lang='lat' dir='ltr'>responsum</span> <span class='ocrx_word' id='word_1_804' title='bbox 1152 5569 1568 5642; x_wconf 89' lang='lat' dir='ltr'>accipiant,qui</span> <span class='ocrx_word' id='word_1_805' title='bbox 1592 5571 1650 5626; x_wconf 91' lang='lat' dir='ltr'>in</span> <span class='ocrx_word' id='word_1_806' title='bbox 1673 5572 1814 5628; x_wconf 89' lang='lat' dir='ltr'>divi-</span> 
     </span>
    </p>
   </div>
   <div class='ocr_carea' id='block_1_106' title="bbox 161 5653 1810 5732">
    <p class='ocr_par' dir='ltr' id='par_1_106' title="bbox 161 5653 1810 5732">
     <span class='ocr_line' id='line_1_106' title="bbox 161 5653 1810 5732; baseline 0.005 -24"><span class='ocrx_word' id='word_1_807' title='bbox 161 5653 508 5723; x_wconf 83' lang='lat' dir='ltr'>nisjudiciis</span> <span class='ocrx_word' id='word_1_808' title='bbox 524 5663 701 5729; x_wconf 86' lang='lat' dir='ltr'>atque</span> <span class='ocrx_word' id='word_1_809' title='bbox 717 5659 1136 5716; x_wconf 87' lang='lat' dir='ltr'>miraculorum</span> <span class='ocrx_word' id='word_1_810' title='bbox 1150 5659 1337 5732; x_wconf 88' lang='lat' dir='ltr'>signis</span> <span class='ocrx_word' id='word_1_811' title='bbox 1349 5661 1810 5732; x_wconf 85' lang='lat' dir='ltr'>experimentum</span> 
     </span>
    </p>
   </div>
   <div class='ocr_carea' id='block_1_107' title="bbox 1935 4678 3580 4756">
    <p class='ocr_par' dir='ltr' id='par_1_107' title="bbox 1935 4678 3580 4756">
     <span class='ocr_line' id='line_1_107' title="bbox 1935 4678 3580 4756; baseline -0.002 -18"><span class='ocrx_word' id='word_1_812' title='bbox 1935 4701 2111 4756; x_wconf 89' lang='lat' dir='ltr'>qnam</span> <span class='ocrx_word' id='word_1_813' title='bbox 2145 4699 2430 4756; x_wconf 89' lang='lat' dir='ltr'>aquarum</span> <span class='ocrx_word' id='word_1_814' title='bbox 2463 4682 2693 4754; x_wconf 88' lang='lat' dir='ltr'>liquor;</span> <span class='ocrx_word' id='word_1_815' title='bbox 2729 4681 3086 4736; x_wconf 87' lang='lat' dir='ltr'>advertimus</span> <span class='ocrx_word' id='word_1_816' title='bbox 3118 4680 3299 4753; x_wconf 85' lang='lat' dir='ltr'>igitur</span> <span class='ocrx_word' id='word_1_817' title='bbox 3341 4678 3580 4752; x_wconf 88' lang='lat' dir='ltr'>majoris</span> 
     </span>
    </p>
   </div>
   <div class='ocr_carea' id='block_1_108' title="bbox 1931 4770 3578 4844">
    <p class='ocr_par' dir='ltr' id='par_1_108' title="bbox 1931 4770 3578 4844">
     <span class='ocr_line' id='line_1_108' title="bbox 1931 4770 3578 4844; baseline -0.002 -16"><span class='ocrx_word' id='word_1_818' title='bbox 1931 4790 2059 4828; x_wconf 85' lang='lat' dir='ltr'>esse</span> <span class='ocrx_word' id='word_1_819' title='bbox 2089 4772 2337 4844; x_wconf 81' lang='lat' dir='ltr'>gratiam</span> <span class='ocrx_word' id='word_1_820' title='bbox 2369 4787 2546 4843; x_wconf 88' lang='lat' dir='ltr'>quam</span> <span class='ocrx_word' id='word_1_821' title='bbox 2580 4770 2966 4827; x_wconf 87' lang='lat' dir='ltr'>naturam.De</span> <span class='ocrx_word' id='word_1_822' title='bbox 2996 4770 3090 4826; x_wconf 90' lang='lat' dir='ltr'>his</span> <span class='ocrx_word' id='word_1_823' title='bbox 3118 4770 3394 4826; x_wconf 90' lang='lat' dir='ltr'>omnibus</span> <span class='ocrx_word' id='word_1_824' title='bbox 3427 4770 3578 4826; x_wconf 86' lang='lat' dir='ltr'>beati</span> 
     </span>
    </p>
   </div>
   <div class='ocr_carea' id='block_1_109' title="bbox 1929 4859 3578 4934">
    <p class='ocr_par' dir='ltr' id='par_1_109' title="bbox 1929 4859 3578 4934">
     <span class='ocr_line' id='line_1_109' title="bbox 1929 4859 3578 4934; baseline -0.002 -17"><span class='ocrx_word' id='word_1_825' title='bbox 1929 4861 2220 4917; x_wconf 83' lang='lat' dir='ltr'>Ambrosii</span> <span class='ocrx_word' id='word_1_826' title='bbox 2252 4861 2508 4916; x_wconf 75' lang='lat' dir='ltr'>sufﬁciat</span> <span class='ocrx_word' id='word_1_827' title='bbox 2537 4859 2886 4932; x_wconf 77' lang='lat' dir='ltr'>explanatio,</span> <span class='ocrx_word' id='word_1_828' title='bbox 2909 4865 2973 4916; x_wconf 89' lang='lat' dir='ltr'>ut</span> <span class='ocrx_word' id='word_1_829' title='bbox 2998 4859 3190 4934; x_wconf 87' lang='lat' dir='ltr'>colligi</span> <span class='ocrx_word' id='word_1_830' title='bbox 3224 4859 3408 4933; x_wconf 89' lang='lat' dir='ltr'>possit</span> <span class='ocrx_word' id='word_1_831' title='bbox 3432 4859 3578 4916; x_wconf 89' lang='lat' dir='ltr'>assi-</span> 
     </span>
    </p>
   </div>
   <div class='ocr_carea' id='block_1_110' title="bbox 1931 4949 3576 5023">
    <p class='ocr_par' dir='ltr' id='par_1_110' title="bbox 1931 4949 3576 5023">
     <span class='ocr_line' id='line_1_110' title="bbox 1931 4949 3576 5023; baseline -0.001 -17"><span class='ocrx_word' id='word_1_832' title='bbox 1931 4950 2288 5015; x_wconf 88' lang='lat' dir='ltr'>milatio,cur</span> <span class='ocrx_word' id='word_1_833' title='bbox 2316 4949 2374 5004; x_wconf 89' lang='lat' dir='ltr'>in</span> <span class='ocrx_word' id='word_1_834' title='bbox 2407 4950 2629 5023; x_wconf 78' lang='lat' dir='ltr'>frigidae</span> <span class='ocrx_word' id='word_1_835' title='bbox 2661 4967 2824 5022; x_wconf 83' lang='lat' dir='ltr'>aquae</span> <span class='ocrx_word' id='word_1_836' title='bbox 2848 4949 3073 5020; x_wconf 89' lang='lat' dir='ltr'>judicio</span> <span class='ocrx_word' id='word_1_837' title='bbox 3105 4949 3283 5006; x_wconf 88' lang='lat' dir='ltr'>unius</span> <span class='ocrx_word' id='word_1_838' title='bbox 3303 4950 3402 5005; x_wconf 86' lang='lat' dir='ltr'>ﬁat</span> <span class='ocrx_word' id='word_1_839' title='bbox 3427 4966 3576 5004; x_wconf 88' lang='lat' dir='ltr'>mer-</span> 
     </span>
    </p>
   </div>
   <div class='ocr_carea' id='block_1_111' title="bbox 1930 5037 3575 5106">
    <p class='ocr_par' dir='ltr' id='par_1_111' title="bbox 1930 5037 3575 5106">
     <span class='ocr_line' id='line_1_111' title="bbox 1930 5037 3575 5106; baseline -0.002 -12"><span class='ocrx_word' id='word_1_840' title='bbox 1930 5038 2285 5106; x_wconf 85' lang='lat' dir='ltr'>sio,alterius</span> <span class='ocrx_word' id='word_1_841' title='bbox 2315 5037 2660 5094; x_wconf 85' lang='lat' dir='ltr'>sublevatio.</span> <span class='ocrx_word' id='word_1_842' title='bbox 2692 5037 2787 5093; x_wconf 78' lang='lat' dir='ltr'>Ait</span> <span class='ocrx_word' id='word_1_843' title='bbox 2810 5038 2966 5094; x_wconf 89' lang='lat' dir='ltr'>enim</span> <span class='ocrx_word' id='word_1_844' title='bbox 3001 5039 3058 5094; x_wconf 91' lang='lat' dir='ltr'>in</span> <span class='ocrx_word' id='word_1_845' title='bbox 3089 5037 3239 5095; x_wconf 89' lang='lat' dir='ltr'>libro</span> <span class='ocrx_word' id='word_1_846' title='bbox 3271 5039 3341 5092; x_wconf 94' lang='lat' dir='ltr'>de</span> <span class='ocrx_word' id='word_1_847' title='bbox 3373 5038 3575 5092; x_wconf 78' lang='lat' dir='ltr'>Sacra-</span> 
     </span>
    </p>
   </div>
   <div class='ocr_carea' id='block_1_112' title="bbox 1931 5127 3571 5200">
    <p class='ocr_par' dir='ltr' id='par_1_112' title="bbox 1931 5127 3571 5200">
     <span class='ocr_line' id='line_1_112' title="bbox 1931 5127 3571 5200; baseline -0.003 -18"><span class='ocrx_word' id='word_1_848' title='bbox 1931 5127 2145 5183; x_wconf 85' lang='lat' dir='ltr'>mentis</span> <span class='ocrx_word' id='word_1_849' title='bbox 2177 5129 2297 5182; x_wconf 86' lang='lat' dir='ltr'>sive</span> <span class='ocrx_word' id='word_1_850' title='bbox 2329 5127 2622 5200; x_wconf 82' lang='lat' dir='ltr'>mysteriis</span> <span class='ocrx_word' id='word_1_851' title='bbox 2652 5129 2772 5197; x_wconf 89' lang='lat' dir='ltr'>(lib.</span> <span class='ocrx_word' id='word_1_852' title='bbox 2794 5145 2853 5194; x_wconf 84' lang='lat' dir='ltr'>n,</span> <span class='ocrx_word' id='word_1_853' title='bbox 2875 5146 2924 5184; x_wconf 87' lang='lat' dir='ltr'>c.</span> <span class='ocrx_word' id='word_1_854' title='bbox 2941 5127 3034 5198; x_wconf 89' lang='lat'>6):</span> <span class='ocrx_word' id='word_1_855' title='bbox 3071 5151 3098 5176; x_wconf 91' lang='grc'>‹‹</span> <span class='ocrx_word' id='word_1_856' title='bbox 3133 5127 3571 5190; x_wconf 85' lang='lat' dir='ltr'>Verumtamen,</span> 
     </span>
    </p>
   </div>
   <div class='ocr_carea' id='block_1_113' title="bbox 1927 5211 3575 5285">
    <p class='ocr_par' dir='ltr' id='par_1_113' title="bbox 1927 5211 3575 5285">
     <span class='ocr_line' id='line_1_113' title="bbox 1927 5211 3575 5285; baseline -0.001 -15"><span class='ocrx_word' id='word_1_857' title='bbox 1927 5233 1999 5272; x_wconf 89' lang='lat' dir='ltr'>ne</span> <span class='ocrx_word' id='word_1_858' title='bbox 2029 5215 2086 5270; x_wconf 90' lang='lat' dir='ltr'>in</span> <span class='ocrx_word' id='word_1_859' title='bbox 2121 5215 2229 5270; x_wconf 91' lang='lat' dir='ltr'>hoc</span> <span class='ocrx_word' id='word_1_860' title='bbox 2258 5214 2468 5272; x_wconf 69' lang='lat' dir='ltr'>saeculo</span> <span class='ocrx_word' id='word_1_861' title='bbox 2498 5213 2712 5271; x_wconf 86' lang='lat' dir='ltr'>diaboli</span> <span class='ocrx_word' id='word_1_862' title='bbox 2745 5218 2904 5271; x_wconf 85' lang='lat' dir='ltr'>fraus</span> <span class='ocrx_word' id='word_1_863' title='bbox 2934 5215 3019 5270; x_wconf 85' lang='lat' dir='ltr'>vel</span> <span class='ocrx_word' id='word_1_864' title='bbox 3055 5214 3278 5270; x_wconf 70' lang='lat' dir='ltr'>insidia:</span> <span class='ocrx_word' id='word_1_865' title='bbox 3309 5211 3575 5285; x_wconf 69' lang='lat' dir='ltr'>praevale-</span> 
     </span>
    </p>
   </div>
   <div class='ocr_carea' id='block_1_114' title="bbox 1927 5302 3573 5378">
    <p class='ocr_par' dir='ltr' id='par_1_114' title="bbox 1927 5302 3573 5378">
     <span class='ocr_line' id='line_1_114' title="bbox 1927 5302 3573 5378; baseline 0 -20"><span class='ocrx_word' id='word_1_866' title='bbox 1927 5308 2074 5374; x_wconf 76' lang='lat' dir='ltr'>rent,</span> <span class='ocrx_word' id='word_1_867' title='bbox 2110 5305 2410 5361; x_wconf 89' lang='lat' dir='ltr'>inventum</span> <span class='ocrx_word' id='word_1_868' title='bbox 2440 5309 2530 5359; x_wconf 84' lang='lat' dir='ltr'>est</span> <span class='ocrx_word' id='word_1_869' title='bbox 2579 5305 2908 5378; x_wconf 86' lang='lat' dir='ltr'>baptisma;</span> <span class='ocrx_word' id='word_1_870' title='bbox 2943 5305 3013 5360; x_wconf 90' lang='lat' dir='ltr'>de</span> <span class='ocrx_word' id='word_1_871' title='bbox 3057 5321 3172 5376; x_wconf 89' lang='lat' dir='ltr'>quo</span> <span class='ocrx_word' id='word_1_872' title='bbox 3220 5302 3573 5375; x_wconf 85' lang='lat' dir='ltr'>baptismate</span> 
     </span>
    </p>
   </div>
   <div class='ocr_carea' id='block_1_115' title="bbox 1924 5390 3571 5466">
    <p class='ocr_par' dir='ltr' id='par_1_115' title="bbox 1924 5390 3571 5466">
     <span class='ocr_line' id='line_1_115' title="bbox 1924 5390 3571 5466; baseline -0.001 -16"><span class='ocrx_word' id='word_1_873' title='bbox 1924 5395 2058 5450; x_wconf 87' lang='lat' dir='ltr'>audi</span> <span class='ocrx_word' id='word_1_874' title='bbox 2092 5395 2231 5466; x_wconf 85' lang='lat' dir='ltr'>quid</span> <span class='ocrx_word' id='word_1_875' title='bbox 2264 5395 2420 5450; x_wconf 86' lang='lat' dir='ltr'>dicat</span> <span class='ocrx_word' id='word_1_876' title='bbox 2449 5394 2892 5465; x_wconf 85' lang='lat' dir='ltr'>Scriptura,imo</span> <span class='ocrx_word' id='word_1_877' title='bbox 2917 5391 3096 5448; x_wconf 84' lang='lat' dir='ltr'>Filius</span> <span class='ocrx_word' id='word_1_878' title='bbox 3120 5390 3394 5463; x_wconf 85' lang='lat' dir='ltr'>Dei,quia</span> <span class='ocrx_word' id='word_1_879' title='bbox 3423 5391 3571 5448; x_wconf 82' lang='lat' dir='ltr'>Pha—</span> 
     </span>
    </p>
   </div>
   <div class='ocr_carea' id='block_1_116' title="bbox 1925 5467 3566 5556">
    <p class='ocr_par' dir='ltr' id='par_1_116' title="bbox 1925 5467 3566 5556">
     <span class='ocr_line' id='line_1_116' title="bbox 1925 5467 3566 5556; baseline -0.001 -18"><span class='ocrx_word' id='word_1_880' title='bbox 1925 5467 2095 5550; x_wconf 63' lang='lat' dir='ltr'>risa-i,</span> <span class='ocrx_word' id='word_1_881' title='bbox 2131 5483 2229 5556; x_wconf 88' lang='lat' dir='ltr'>qui</span> <span class='ocrx_word' id='word_1_882' title='bbox 2261 5483 2576 5538; x_wconf 84' lang='lat' dir='ltr'>noluerunt</span> <span class='ocrx_word' id='word_1_883' title='bbox 2624 5483 2929 5555; x_wconf 85' lang='lat' dir='ltr'>baptizari,</span> <span class='ocrx_word' id='word_1_884' title='bbox 2961 5481 3253 5552; x_wconf 87' lang='lat' dir='ltr'>baptismo</span> <span class='ocrx_word' id='word_1_885' title='bbox 3301 5481 3566 5550; x_wconf 88' lang='lat' dir='ltr'>Joannis,</span> 
     </span>
    </p>
   </div>
   <div class='ocr_carea' id='block_1_117' title="bbox 1921 5567 3568 5644">
    <p class='ocr_par' dir='ltr' id='par_1_117' title="bbox 1921 5567 3568 5644">
     <span class='ocr_line' id='line_1_117' title="bbox 1921 5567 3568 5644; baseline -0.001 -17"><span class='ocrx_word' id='word_1_886' title='bbox 1921 5573 2232 5628; x_wconf 84' lang='lat' dir='ltr'>consilium</span> <span class='ocrx_word' id='word_1_887' title='bbox 2260 5572 2354 5628; x_wconf 89' lang='lat' dir='ltr'>Dei</span> <span class='ocrx_word' id='word_1_888' title='bbox 2381 5575 2882 5644; x_wconf 86' lang='lat' dir='ltr'>spreverunt;ergo</span> <span class='ocrx_word' id='word_1_889' title='bbox 2905 5567 3234 5638; x_wconf 85' lang='lat' dir='ltr'>baptismus</span> <span class='ocrx_word' id='word_1_890' title='bbox 3259 5568 3568 5626; x_wconf 88' lang='lat' dir='ltr'>consilium</span> 
     </span>
    </p>
   </div>
   <div class='ocr_carea' id='block_1_118' title="bbox 1920 5657 3568 5734">
    <p class='ocr_par' dir='ltr' id='par_1_118' title="bbox 1920 5657 3568 5734">
     <span class='ocr_line' id='line_1_118' title="bbox 1920 5657 3568 5734; baseline -0.004 -18"><span class='ocrx_word' id='word_1_891' title='bbox 1920 5661 2021 5716; x_wconf 80' lang='lat' dir='ltr'>Dei</span> <span class='ocrx_word' id='word_1_892' title='bbox 2049 5667 2157 5718; x_wconf 89' lang='lat' dir='ltr'>est.</span> <span class='ocrx_word' id='word_1_893' title='bbox 2191 5683 2218 5713; x_wconf 85' lang='lat'><strong>»</strong></span> <span class='ocrx_word' id='word_1_894' title='bbox 2253 5663 2323 5718; x_wconf 83' lang='lat' dir='ltr'>Et</span> <span class='ocrx_word' id='word_1_895' title='bbox 2350 5664 2481 5734; x_wconf 86' lang='lat' dir='ltr'>post</span> <span class='ocrx_word' id='word_1_896' title='bbox 2511 5658 2814 5734; x_wconf 86' lang='lat' dir='ltr'>paululum</span> <span class='ocrx_word' id='word_1_897' title='bbox 2851 5673 2863 5712; x_wconf 88' lang='lat'><strong>:</strong></span> <span class='ocrx_word' id='word_1_898' title='bbox 2900 5681 2928 5706; x_wconf 85' lang='lat'><strong><em>«</em></strong></span> <span class='ocrx_word' id='word_1_899' title='bbox 2955 5657 3120 5726; x_wconf 81' lang='lat' dir='ltr'>Quod</span> <span class='ocrx_word' id='word_1_900' title='bbox 3153 5657 3568 5732; x_wconf 80' lang='lat' dir='ltr'>mergis,solvi.</span> 
     </span>
    </p>
   </div>
  </div>
