3896 6182
155 359 256 420 669

1035 355 1137 416 DE
1179 353 1554 416 DlVORTlO
1597 347 1969 412 LO'I‘HARII
2013 349 2114 410 ET
2155 350 2616 414 TETBERGIE.

3406 350 3527 420 670

158 488 438 549 oramentis
459 487 735 559 dicit(lib.
757 503 882 560 11,0.
905 481 1017 560 7).«
1045 489 1440 561 Interrogatus
1461 504 1544 554 es,
1568 485 1769 542 Credis
1797 479 1852 550 Α
1881 481 2009 555 ejus
2041 483 2098 538 in
2132 483 2258 556 ipso
2295 486 2406 552 est,
2429 485 2530 558 qui
2574 485 2878 543 mendacio
2906 487 3161 562 contegit
3199 490 3527 564 veritatem,

157 582 205 637 in
240 581 409 636 Deum
459 578 683 633 Patrem
733 577 1231 650 omnipotentem?
1262 577 1426 644 dixit,
1468 576 1671 644 Credo,
1712 582 1769 632 et

157 665 398 730 mersisti,
434 665 542 720 hoc
581 669 668 720 est
706 664 974 738 sepultus
1005 683 1088 721 es.
1121 666 1335 722 Iterum
1378 665 1767 738 interrogatus

156 775 225 824 es,
243 753 424 811 Credis
449 754 505 808 in
529 753 843 810 Dominum
871 759 1136 811 nostrum
1160 756 1363 812 Jesum
1386 755 1770 823 Christum,et

156 846 202 901 in
227 859 435 900 crucem
469 843 640 916 ejus?
670 843 888 913 dixisti,
913 844 1114 912 Credo,
1139 849 1196 901 et
1228 843 1484 901 mersisti
1511 863 1524 901 :
1553 845 1680 901 ideo
1713 848 1770 900 et

155 934 348 990 Christo
373 949 434 988 es
464 933 873 1006 consepultus;
898 933 996 1006 qui
1019 935 1177 990 enim
1201 934 1430 992 Christo
1451 934 1769 1006 consepeli-

159 1028 246 1088 tur,
270 1021 483 1077 Christo
537 1023 812 1095 resurgit.
836 1023 1031 1079 Tertio
1071 1024 1464 1097 interrogatus
1515 1041 1600 1092 es,
1635 1025 1764 1079 Cre-

158 1114 228 1168 dis
251 1117 300 1166 et
326 1111 380 1165 in
423 1109 710 1183 Spiritum
752 1112 1062 1168 sanctum?
1094 1111 1313 1178 dixisti,
1337 1113 1540 1168 Credo.
1573 1113 1767 1168 Tertio

159 1199 395 1267 mersisti,
417 1203 484 1255 ut
513 1199 902 1272 multiplicem
950 1200 1182 1273 lapsum
1232 1202 1551 1276 superioris
1581 1203 1769 1258 aetatis

160 1288 442 1346 absolveret
470 1289 629 1345 trina
657 1289 966 1346 confessio.
990 1290 1272 1363 Denique,
1296 1296 1362 1346 ut
1387 1291 1552 1347 vobis
1571 1292 1770 1347 aii'era-

159 1395 264 1434 mus
289 1377 636 1450 exemplum,
661 1383 902 1435 sanctus
942 1380 1243 1452 apostolus
1281 1381 1506 1446 Petrus,
1540 1384 1764 1452 postea-

157 1484 298 1540 quam
321 1465 377 1521 in
408 1465 682 1538 passione
702 1467 935 1524 Domini
965 1467 1168 1540 lapsus
1187 1469 1415 1525 videtur
1435 1469 1768 1526 conditione

155 1553 494 1626 humana,qui
514 1560 692 1611 antea
709 1560 1040 1630 negaverat,
1053 1561 1255 1630 postea
1272 1562 1336 1614 ut
1350 1556 1516 1614 illum
1532 1557 1764 1631 lapsum

153 1644 367 1701 aboleret
394 1648 450 1700 et
478 1643 752 1713 solveret,
776 1645 946 1702 tertio
976 1645 1371 1720 interrogatus
1401 1665 1436 1703 a
1455 1647 1684 1704 Christo
1715 1649 1763 1704 si

150 1732 404 1788 Christum
437 1737 686 1800 amaret,
711 1738 839 1790 tum
872 1734 968 1790 ille
991 1734 1150 1803 dicit,
1176 1736 1263 1791 Tu
1297 1735 1471 1804 nosti,
1497 1736 1760 1804 Domine,

1876 577 1934 627 et
1963 571 2179 628 idcirco
2210 573 2282 628 de
2321 573 2500 646 stirpe
2538 575 2882 630 sacerdotali
2917 593 2930 632 :
2963 577 3090 644 Nos,
3123 579 3333 652 inquit,
3358 598 3529 654 genus

1875 663 2122 730 electum,
2158 663 2336 733 regale
2360 663 2723 719 sacerdotium
2749 665 2796 736 (1
2822 665 2971 720 Petr.
3007 683 3068 732 II,
3098 667 3175 735 9),
3208 673 3264 724 et
3293 670 3353 725 in
3382 673 3529 744 Apo-

1877 749 2097 822 calypsi
2132 767 2144 806 :
2181 752 2374 806 Fecisti
2398 765 2498 806 nos
2527 768 2758 821 regnum
2791 755 2914 822 Deo,
2946 763 2998 809 et
3021 756 3317 814 sacerdotes
3347 759 3525 832 (Apoc.

1877 857 1930 906 v,
1960 839 2066 911 10),
2092 839 2165 895 ad
2208 856 2275 895 ea
2325 857 2453 912 quae
2505 845 2843 898 consecrata
2888 847 3028 898 sunt
3073 844 3321 902 Domino
3368 865 3528 904 acce-

1877 929 2044 994 dens,
2075 929 2340 1001 quandiu
2391 929 2770 987 immunditia
2811 932 2942 1004 ejus
2987 931 3046 988 in
3096 933 3224 1006 ipso
3271 939 3381 1004 est,
3414 953 3529 992 non

1877 1017 2091 1089 poterit
2120 1017 2290 1090 aquis
2317 1017 2677 1075 invocatione
2700 1019 2796 1075 Dei
2827 1022 3209 1080 sanctiﬁcatis
3235 1023 3527 1098 immergi,

1877 1110 1942 1160 ut
1973 1106 2245 1162 innoxius
2293 1111 2511 1178 pareat,
2547 1109 2647 1163 sed
2699 1111 3033 1180 pereundus
3083 1115 3527 1170 monstrabitur.

1876 1195 2207 1267 Expurgate,
2228 1195 2421 1268 inquit
2448 1197 2781 1270 Apostolus,
2817 1207 2964 1254 vetus
3003 1201 3352 1270 fermentum,
3375 1211 3434 1260 ut
3459 1205 3533 1260 si-

1876 1285 1947 1338 tis
1976 1299 2114 1339 nova
2143 1287 2470 1356 conspersio,
2500 1287 2641 1340 sicut
2669 1288 2797 1342 estis
2826 1289 3013 1359 azymi
3040 1289 3090 1358 (Ι
3115 1289 3234 1346 Cor.
3267 1309 3322 1357 ν,
3353 1292 3430 1365 7).
3449 1293 3530 1349 Ac

1875 1370 1924 1427 si
1966 1376 2232 1444 patenter
2280 1373 2480 1429 dicat:
2517 1374 2874 1446 Reputatum
2925 1377 2996 1431 de
3047 1377 3315 1446 crimine,
3357 1384 3532 1454 atque

1875 1465 2401 1534 negantem,quem
2433 1463 2660 1519 idoneis
2702 1464 2952 1520 testibus
2982 1466 3298 1537 judiciario
3329 1469 3531 1527 ordine

1875 1551 2255 1623 comprobare
2278 1552 2558 1624 nequitis,
2581 1557 2683 1608 aut
2712 1557 3102 1624 sacramento,
3127 1559 3229 1612 aut
3253 1557 3354 1614 Dei
3375 1558 3533 1631 judi-

1874 1639 1984 1710 cio,
1999 1645 2334 1713 expurgate,
2355 1657 2427 1696 ne
2449 1641 2507 1696 in
2528 1642 2720 1698 medio
2737 1644 2914 1699 vestri
2933 1661 3178 1700 manens
3195 1645 3527 1718 anathema,

1874 1727 2104 1784 dicatur
2151 1729 2316 1786 vobis
2349 1745 2362 1784 :
2397 1730 2696 1788 Anathema
2744 1733 2804 1787 in
2848 1732 3024 1790 medio
3057 1735 3158 1801 tui,
3183 1735 3376 1802 Israel,
3417 1752 3532 1793 non

151 1819 261 1893 quia
280 1838 398 1878 amo
417 1825 472 1876 te
493 1820 674 1893 (Ioan.
699 1840 814 1890 xxx,
841 1824 950 1892 17).
976 1823 1173 1880 Tertio
1195 1823 1358 1893 dixit,
1383 1827 1449 1879 ut
1475 1826 1644 1880 tertio
1670 1827 1765 1881 ab-
1795 1849 1842 1914 Β
1869 1820 2099 1914 poteris“
2123 1828 2270 1914 stare
2315 1835 2500 1914 eorum
2550 1822 2797 1914 inimicis
2843 1823 2954 1878 tuis
2993 1822 3128 1895 (Jos.
3151 1841 3274 1892 vm,
3319 1825 3428 1895 13).
3459 1827 3532 1882 Et

153 1909 481 1966 solveretur.»
505 1911 606 1967 Sic
629 1916 687 1966 et
707 1911 977 1968 inventus
999 1913 1058 1967 in
1072 1913 1298 1985 judicio
1323 1914 1624 1983 noxius,'si
1651 1916 1770 1971 fuc-

155 1998 215 2055 rit
238 1999 366 2056 forte
395 2017 576 2074 super
607 1999 778 2073 plura
815 2005 1146 2075 suspectus,
1171 2002 1376 2058 iterato
1415 2008 1506 2060 est
1539 2003 1766 2077 judicio

155 2088 554 2158 examinandus,
603 2107 905 2164 quousqae
953 2091 1285 2148 inveniatur
1341 2093 1768 2149 emendationis

156 2177 472 2235 confessione
511 2180 823 2252 probatus.
848 2182 1000 2238 009
1030 2182 1102 2237 Et
1131 2183 1203 2237 ad
1243 2182 1354 2238 hoc
1391 2201 1767 2241 assumamus

157 2267 310 2322 sancti
335 2267 626 2324 Ambrosii
656 2269 830 2325 verba
859 2269 1109 2326 dicentis
1133 2287 1179 2328 :«
1206 2272 1487 2344 Denique,
1512 2277 1576 2328 ut
1604 2275 1768 2331 vobis

159 2354 430 2412 aderamus
474 2357 838 2430 exemplum,
884 2363 1124 2416 sanctus
1183 2361 1482 2434 apostolus
1541 2363 1766 2430 Petrus,

158 2449 496 2518 posteaquam
517 2447 582 2502 in
603 2445 877 2520 passione
893 2447 1124 2503 Domini
1147 2449 1349 2522 lapsus
1363 2450 1594 2506 videtur
1614 2451 1773 2506 infir-

159 2533 328 2588 mitate
371 2533 730 2591 conditionis
774 2535 1064 2604 humanas,
1099 2537 1198 2610 qui
1255 2541 1388 2594 ante
1441 2544 1768 2612 negaverat,

160 2627 344 2692 postea,
374 2629 436 2680 ut
465 2623 641 2680 illum
673 2624 904 2697 lapsum
948 2625 1205 2682 aboleret
1224 2632 1282 2682 et
1312 2627 1578 2695 solveret,
1601 2629 1771 2684 tertio

158 2709 505 2786 interrogatur
546 2731 586 2770 a
612 2713 842 2770 Christo
893 2713 942 2770 si
991 2714 1290 2772 Christum
1342 2722 1584 2773 amaret.
1619 2718 1804 2774 Tum'

159 2797 235 2856 ille
275 2801 422 2869 dicit,
458 2803 547 2858 Tu
602 2801 780 2874 nosti,
821 2802 1086 2870 Domine,
1134 2803 1238 2877 qui
1282 2821 1414 2861 amo
1463 2807 1519 2862 te
1553 2823 1566 2861 :
1602 2807 1771 2864 tertio

163 2887 298 2956 dixit,
323 2895 381 2945 ut
407 2891 580 2948 tertio
604 2891 1023 2948 absolveretur.
1052 2915 1079 2942 ι)

214 2977 271 3033 Et
287 2979 575 3051 quoniam,
591 2980 748 3037 sicut
767 2998 947 3054 supra
965 2982 1333 3038 ostendimus
1355 2983 1552 3040 divina
1571 2987 1770 3040 aucto-

159 3063 297 3124 ritate
324 3067 687 3141 baptismum
725 3087 854 3127 esse
883 3071 1198 3144 judicium,
1227 3073 1382 3128 unde
1411 3076 1468 3129 et
1496 3073 1771 3130 Jordanis

158 3153 408 3228 baptisma
429 3158 756 3231 designans
785 3158 1203 3232 interpretatur
1231 3160 1390 3217 rivus
1410 3161 1620 3234 judicii
1653 3179 1770 3234 quo

156 3241 386 3318 princeps
415 3246 628 3303 mundi
661 3249 913 3304 mendax
941 3253 1000 3304 et
1037 3253 1202 3321 pater
1244 3250 1373 3322 ejus
1425 3250 1576 3307 foras
1605 3249 1769 3322 ejici-

155 3331 248 3397 tur,
267 3336 318 3388 et
343 3334 676 3408 baptismus
710 3335 811 3392 Dei
858 3341 948 3394 est
993 3337 1327 3404 consilium,
1353 3337 1531 3394 divini
1561 3339 1663 3394 viri
1699 3341 1770 3395 ad

154 3419 319 3492 ignota
341 3423 751 3498 investiganda
787 3426 1132 3482 invenerunt
1151 3427 1448 3499 judicium
1480 3445 1642 3502 aquae
1677 3427 1769 3484 fri-

155 3507 300 3579 gidae;
331 3511 386 3567 in
418 3531 537 3586 quo
588 3531 754 3588 aquae
805 3515 1026 3589 frigidm
1065 3516 1312 3588 judicio,
1337 3517 1408 3572 ad
1453 3516 1768 3574 invocatio-

157 3612 262 3653 nem
297 3602 575 3670 veritatis,
600 3620 729 3676 quze
778 3605 932 3660 Deus
982 3609 1093 3678 est,
1120 3605 1221 3678 qui
1252 3605 1554 3662 veritatem
1606 3624 1769 3662 men-

156 3685 289 3743 dacio
338 3691 496 3764 cupit
559 3693 850 3766 obtegere,
885 3693 944 3748 in
1008 3694 1199 3767 aquis,
1231 3711 1408 3768 super
1463 3713 1610 3768 quas
1661 3714 1770 3753 vox

156 3771 344 3833 Domini
374 3779 472 3836 Dei
503 3781 842 3854 majestatis
878 3781 1156 3851 intonuit,
1190 3800 1304 3839 non
1338 3786 1529 3856 potest
1560 3785 1766 3858 mergi,

156 3864 266 3934 quia
301 3885 440 3940 pura
486 3873 706 3927 natura
753 3887 916 3943 aquae
968 3875 1238 3926 naturam
1288 3872 1632 3941 humanam,
1668 3891 1770 3946 per

153 3967 328 4024 aquam
351 3957 725 4032 baptismatis
747 3960 820 4015 ab
839 3960 1000 4016 omni
1021 3959 1311 4016 mendacii
1339 3961 1615 4034 ﬁgmento
1636 3979 1769 4034 pur-

153 4043 331 4114 satam,
351 4044 565 4103 iterum
599 4047 902 4104 mendacio
932 4047 1232 4119 infectam,
1255 4067 1372 4105 non
1404 4051 1769 4124 recognoscit

153 4143 344 4199 puram,
363 4138 418 4190 et
446 4134 583 4192 ideo
614 4151 743 4191 eam
777 4153 891 4191 non
925 4135 1148 4209 recipit,
1181 4138 1282 4193 sed
1316 4137 1504 4210 rejicit
1535 4143 1600 4194 ut
1628 4139 1766 4196 alie-

154 4231 280 4274 nam.
304 4221 368 4277 Et
393 4228 458 4280 ut
486 4223 552 4279 in
593 4223 948 4296 baptismate
975 4226 1048 4281 ab
1077 4225 1316 4282 homine
1365 4226 1609 4299 spiritus
1654 4227 1764 4284 im-

153 4309 389 4379 mundus,
415 4311 470 4368 id
521 4316 616 4368 est
660 4312 933 4386 princeps
960 4313 1140 4387 hujus
1174 4315 1379 4370 mundi
1407 4316 1770 4387 ejicitur,’_ita

151 4397 194 4447 et
209 4397 296 4480 qui
317 4416 348 4454 a
365 4399 621 4468 diabolo,
645 4402 908 4475 principe
928 4403 1196 4460 videlicet
1217 4403 1420 4459 mundi
1443 4403 1642 4476 hujus,
1668 4423 1769 4480 per

150 4479 413 4552 peccatum
436 4495 846 4564 reoccupatu's,
862 4490 1015 4547 sicut
1032 4491 1142 4548 seri
1149 4496 1314 4565 ptum
1333 4497 1422 4549 est
1432 4493 1637 4563 (Matth.
1655 4514 1732 4551 xu
1751 4515 1764 4564 ;

1876 1905 2015 1962 item
2045 1907 2188 1963 dicit
2229 1909 2540 1980 Apostolus
2572 1926 2586 1965 :
2621 1911 2796 1968 Nolite
2833 1915 3234 1969 cem-municare
3280 1914 3531 1986 operibus

1875 1997 2230 2068 infructuosis
2275 1999 2622 2054 tenebrarum
2661 1999 2874 2071 (Ephes.
2899 2017 2954 2068 v,
2983 1999 3088 2072 11).
3125 2001 3286 2058 Unde
3332 2003 3528 2076 Augu-

1877 2084 2068 2140 stinus
2094 2103 2146 2141 :«
2176 2085 2365 2142 Nolite
2405 2087 2861 2156 communicare,
2893 2089 3004 2145 hoc
3053 2093 3142 2146 est
3194 2090 3372 2148 nolite
3401 2108 3532 2148 con-

1877 2175 2114 2243 sentire,
2139 2177 2195 2229 et
2223 2175 2364 2248 quia
2393 2193 2600 2248 parum
2641 2181 2766 2233 erat
2815 2195 2932 2234 non
2983 2179 3335 2248 consentire,
3367 2179 3415 2236 si
3446 2197 3532 2236 se-

1877 2266 2154 2336 queretur
2175 2263 2526 2337 negligentia
2548 2265 2890 2339 disciplinae,
2912 2266 3120 2340 magis,
3141 2267 3352 2340 inquit,
3368 2271 3427 2324 et
3448 2272 3532 2326 re-

1877 2352 2166 2425 darguite.
2184 2355 2276 2408 6|
2289 2355 2340 2410 0
2354 2353 2596 2410 Duobus
2617 2355 2809 2411 modis
2825 2360 2881 2411 te
2901 2373 3014 2411 non
3038 2355 3297 2412 maculat
3315 2357 3527 2430 malus,

1879 2439 1928 2496 si
1957 2457 2070 2495 non
2095 2440 2446 2510 consentias,
2471 2446 2528 2498 et
2547 2441 2596 2498 si
2621 2443 2960 2515 redarguas.
2987 2443 3170 2518 Igitur
3193 2447 3529 2519 arguendus

1877 2532 1969 2583 est
2017 2533 2304 2602 peccator,
2325 2535 2384 2584 et
2429 2531 2477 2586 si
2527 2531 2840 2604 negaverit,
2875 2535 2934 2587 et
2971 2532 3174 2589 ordine
3214 2533 3528 2606 judiciario

1879 2618 2246 2690 comprobari
2289 2636 2404 2674 non
2456 2619 2688 2692 poterit,
2713 2619 3099 2691 examinetur,
3135 2626 3201 2678 ut
3249 2624 3530 2697 probatus

1879 2705 2230 2764 manifestus
2275 2708 2394 2773 fiat,
2419 2712 2472 2763 et
2523 2709 2865 2782 reprobatus
2921 2709 3103 2767 latere
3153 2729 3267 2768 non
3319 2713 3526 2785 possit.

1878 2795 2286 2866 Deprehensus
2315 2799 2510 2852 autem
2543 2798 2894 2853 conﬁteatur
2921 2802 2978 2854 et
3006 2798 3299 2871 paeniteat,
3326 2805 3383 2858 et
3411 2819 3529 2858 non

1876 2885 2173 2940 tenebitur
2186 2885 2320 2940 fune
2338 2891 2708 2958 peccatorum
2725 2903 2989 2956 suorum,
3005 2905 3121 2960 quo
3138 2893 3228 2944 est
3244 2889 3526 2962 illigatus,

1879 2976 1945 3027 ut
1973 2989 2088 3027 non
2121 2977 2436 3046 mergatur,
2461 2977 2519 3030 et
2547 2974 2773 3030 lavetur
2801 2991 2954 3047 aqua
2983 2975 3226 3032 salutari
3255 2979 3528 3050 perfusus

1875 3061 2169 3136 lacrymis,
2192 3066 2250 3118 et
2279 3062 2684 3136 dimergantur
2714 3067 2779 3118 ut
2815 3063 3086 3137 .IEgyptii,
3110 3067 3169 3120 et
3197 3066 3299 3138 qui
3328 3071 3526 3124 corru-

1879 3151 1962 3222 pti
1993 3155 2160 3206 erant
2198 3150 2414 3207 carnali
2445 3152 2816 3224 corruptione
2854 3169 3050 3208 coram
3090 3152 3358 3222 Domino,
3388 3156 3531 3212 sicut

1799 3220 1842 3285 (ἶ
1875 3220 2163 3312 plumbum
2208 3242 2267 3296 in
2315 3243 2474 3314 aquis
2520 3220 2923 3298 vehementibus
2972 3241 3162 3316 (Exod.
3187 3242 3300 3315 xv),
3333 3220 3390 3300 et
3437 3260 3526 3300 se-

1879 3329 2138 3385 cundum
2172 3329 2538 3403 prophetam,
2571 3331 2946 3404 Projiciantur
2975 3331 3289 3403 iniquitates
3315 3333 3430 3405 ejus
3467 3333 3529 3389 in

1875 3419 2212 3492 profundum
2256 3421 2429 3475 maris
2478 3419 2783 3490 (Niciam,
2818 3420 2926 3492 19).
2965 3419 3112 3488 Quia
3167 3424 3338 3476 antea
3391 3437 3526 3477 cum

1880 3507 2183 3564 mendacio
2213 3525 2319 3564 suo
2340 3507 2522 3582 mergi
2545 3512 2612 3564 ut
2637 3507 2976 3565 ablueretur
3006 3525 3120 3564 non
3151 3512 3394 3582 poterat,
3419 3510 3527 3566 do-

1879 3613 1984 3652 nec
2015 3595 2375 3653 confessione
2401 3614 2436 3652 a
2455 3615 2518 3652 se
2548 3596 2692 3652 illud
2725 3597 2784 3652 in
2809 3597 3170 3670 profundum
3199 3597 3525 3669 projiceret,

1877 3689 1934 3741 et
1965 3685 2202 3741 ablutus
2231 3690 2574 3760 emergeret,
2606 3685 2707 3758 qui
2752 3690 2887 3742 ante
2919 3683 3344 3742 confessionem
3376 3683 3528 3740 sicut

1878 3774 2097 3830 ferrum
2118 3773 2303 3830 Elisz-ei
2323 3776 2700 3847 premebatur
2719 3791 2891 3847 aqua,
2918 3789 3106 3846 usque
3131 3773 3274 3828 dum
3303 3772 3529 3829 invoca-

1876 3863 2036 3920 tione
2055 3863 2233 3920 divini
2265 3864 2522 3920 nominis
2552 3865 2624 3920 ad
2652 3865 2880 3938 lignum
2905 3863 3096 3930 rediit,
3125 3862 3207 3918 ita
3235 3861 3528 3918 nihilomi-

1877 3970 1990 4008 nus
2020 3971 2242 4027 negans
2291 3952 2514 4026 peccati
2545 3954 2800 4026 pondere
2847 3952 3133 4025 premitur
3179 3950 3351 4008 anxia
3399 3969 3530 4008 son-

1877 4042 2142 4111 scientia,
2159 4043 2498 4114 usquedum
2517 4041 2906 4114 pronuntians
2923 4040 3284 4114 impietatem
3302 4041 3524 4112 peccati

1867 4130 1969 4186 'sui
2003 4131 2268 4198 Domino,
2303 4130 2362 4185 in
2396 4131 2565 4202 cujus
2608 4130 2766 4204 ligno
2807 4128 2999 4185 crucis
3039 4128 3305 4185 omnium
3345 4129 3530 4185 homi-

1877 4238 2041 4289 num,
2067 4224 2133 4275 ut
2157 4219 2298 4275 dicit
2316 4219 2682 4290 Ambrosius,
2709 4217 2934 4274 levatur
2961 4217 3295 4273 infirmitas.
3319 4219 3389 4273 Et
3416 4217 3526 4274 hoc

1876 4313 1966 4366 est
1995 4308 2280 4364 diluvium
2309 4309 2463 4381 quod
2494 4311 2550 4363 et
2580 4307 2894 4380 baptisma,
2919 4322 3034 4378 quo
3063 4309 3302 4378 peccata
3329 4305 3528 4362 omnia

1877 4399 2202 4466 diluuntur,
2235 4397 2361 4453 sola
2399 4395 2546 4468 justi
2593 4413 2760 4454 mens
2788 4399 2845 4451 et
2881 4395 3074 4468 gratia
3118 4393 3522 4467 resuscitatur,

1877 4487 2100 4560 pridem
2153 4487 2368 4559 quippe
2427 4483 2598 4540 morti
2652 4483 2959 4557 negatione
3009 4481 3250 4556 peccati.
3283 4503 3312 4533 ››
3347 4483 3528 4556 Legat

151 4569 252 4626 Luc.
275 4577 555 4644 x1);Quia
605 4596 739 4635 cum
787 4579 992 4636 exierit
1039 4581 1112 4636 ab
1164 4580 1422 4651 homine,
1462 4585 1770 4640 revertitur
1799 4594 1846 4657 ι)
1875 4572 2097 4630 devotis
2143 4573 2361 4628 librum
2413 4571 2775 4644 dialogorum
2825 4570 2976 4626 beati
3019 4569 3276 4644 Gregorii
3308 4571 3427 4643 (lib.
3461 4589 3522 4642 ιι,

151 4659 206 4712 ad
243 4678 365 4719 eum
394 4683 426 4722 a
452 4666 628 4724 bonis
677 4668 954 4741 operibus
983 4673 1312 4737 vacantem,
1345 4671 1464 4728 imo
1493 4689 1764 4746 vacuum,

150 4761 258 4834 cum
277 4751 399 4808 aliis
419 4762 643 4829 septem
666 4756 974 4828 spiritibus
993 4755 1376 4829 nequioribus
1397 4747 1486 4828 se,
1511 4761 1582 4816 ab
1613 4779 1767 4834 aqua

151 4831 472 4900 invocatione
503 4843 684 4900 divini
719 4844 977 4902 nominis
1007 4850 1236 4902 sacrata
1276 4847 1556 4919 rcjicitur.
1581 4831 1764 4915 Quem

148 4919 431 5002 hominem,
456 4949 572 4988 non
615 4933 966 5001 naturalem,
989 4934 1144 4990 sicut
1173 4951 1241 4990 ex
1270 4953 1424 5008 aqua
1461 4941 1518 4992 et
1554 4938 1764 5010 spiritu

149 5011 352 5072 renatus
396 5024 509 5087 est,
537 5025 594 5077 et
639 5026 975 5096 purgatum,
1011 5039 1126 5077 non
1169 5023 1364 5081 carnis
1403 5025 1766 5097 deposittone

147 5101 398 5172 sordium,
413 5109 514 5164 sed
539 5109 991 5184 interrogatione
1013 5115 1072 5167 et
1091 5110 1454 5168 confessione
1473 5115 1768 5172 conscien-

145 5185 221 5273 tiae
245 5189 397 5261 bona;
437 5196 498 5251 in
529 5197 734 5270 Deum,
756 5215 957 5255 verum
996 5199 1194 5272 potius
1235 5199 1431 5271 talem,
1457 5201 1526 5256 de
1556 5219 1671 5273 quo
1703 5204 1762 5258 in

147 5269 570 5368 leviticodevit.
592 5289 799 5357 xxu,3)
832 5269 1116 5361 scriptum
1149 5292 1267 5358 est;
1301 5269 1475 5345 sentit
1502 5307 1515 5345 :
1552 5269 1760 5359 (limits,

145 5366 328 5434 imluit,
350 5370 505 5428 homo
525 5378 620 5448 qui
653 5379 934 5432 accesserit
951 5377 1017 5432 de
1033 5379 1202 5450 stirpe
1226 5385 1400 5433 vestra
1439 5377 1508 5432 ad
1545 5396 1609 5435 ea
1639 5397 1764 5452 quae

143 5463 418 5514 comet-rata
444 5471 588 5530 sum,
613 5473 666 5520 et
683 5480 810 5538 quae
832 5466 1146 5522 obtulerunt
1167 5467 1280 5537 ﬁlii
1308 5467 1476 5522 Israel
1508 5471 1758 5538 Domino,

463 5537 829 5621 immunditia,
871 5557 1076 5628 peribit
1123 5572 1306 5611 coram
1352 5557 1600 5612 Domino.
1635 5537 1760 5614 Non

146 5623 282 5699 dicit,
304 5635 363 5689 in
401 5653 506 5709 quo
548 5645 657 5712 fuit
705 5623 1078 5700 immunditia.
1114 5644 1494 5701 Immunditia
1543 5646 1760 5720 quippe

1875 4680 1992 4736 cap.
2013 4663 2126 4731 23),
2151 4667 2210 4717 et
2238 4661 2493 4717 inveniet
2542 4658 3020 4716 sanctimoniales
3050 4676 3165 4716 non
3213 4663 3523 4729 correctas,

1874 4757 1932 4808 et
1958 4769 2060 4826 pro
2091 4749 2510 4807 incorrectione
2541 4767 2648 4805 sua
2677 4767 2711 4804 a
2741 4753 2943 4804 sancto
2965 4748 3276 4806 Benedicto
3304 4767 3528 4807 excom-

1875 4841 2226 4908 municatas,
2277 4845 2409 4912 post
2467 4843 2715 4896 mortem
2771 4841 3033 4910 tempore
3091 4839 3526 4896 communionis

1875 4933 1945 4987 de
1965 4930 2252 5004 sepulcris
2273 4930 2346 4984 ab
2379 4928 2655 4998 Ecclesia,
2676 4927 2818 5000 quia
2847 4945 2960 4984 non
2983 4927 3520 4994 communicabant,

1875 5020 2106 5088 exiisse,
2131 5023 2264 5092 post
2294 5017 2827 5075 reconciliationem
2867 5021 3064 5073 autem
3097 5035 3160 5073 se
3182 5016 3247 5076 in
3279 5015 3403 5072 suis
3433 5032 3522 5071 se-

1874 5109 2094 5183 pulcris
2115 5107 2578 5164 continuisse.Et
2599 5106 2764 5180 pueri
2792 5106 3063 5162 monachi
3085 5122 3298 5178 corpus
3317 5121 3351 5159 a
3371 5108 3524 5158 terra

1872 5198 2054 5254 teneri
2079 5216 2193 5254 non
2226 5196 2489 5270 potuisse
2509 5197 2690 5268 (ibid.,
2711 5212 2755 5250 c.
2779 5195 2890 5268 24),
2908 5195 3049 5267 quia
3075 5191 3367 5248 Benedicti
3390 5208 3520 5264 gra-

1872 5288 2016 5344 tiam
2049 5305 2162 5343 non
2195 5286 2469 5341 habebat.
2494 5287 2562 5340 Et
2590 5303 2692 5341 vas
2713 5285 2964 5339 vitreum
2993 5281 3174 5352 (ibid.,
3196 5298 3242 5335 c.
3265 5283 3322 5350 3)
3352 5280 3520 5353 signo

1873 5377 2064 5432 crucis
2086 5394 2190 5449 per
2210 5374 2582 5431 Benedictum
2609 5374 2765 5430 edito
2788 5369 3253 5442 disruptum(lib.
3271 5370 3516 5441 u,c.28).

1871 5468 1941 5522 Et
1974 5467 2183 5520 iterum
2204 5483 2305 5520 vas
2329 5465 2576 5520 vitreum
2606 5463 2662 5516 in
2696 5463 2905 5534 ingens
2935 5457 3321 5531 praecipitium
3355 5475 3520 5514 saxo-

1871 5572 2002 5610 rum
2023 5552 2277 5610 molibus
2302 5568 2603 5624 aspersum
2629 5551 2759 5621 ejus
2771 5547 3040 5620 jussione
3068 5550 3301 5620 propter
3331 5547 3522 5603 inobe—

1869 5643 2149 5701 dientiam
2209 5642 2554 5714 projectum,
2597 5643 2772 5710 atque
2817 5635 3112 5692 incolume
3159 5641 3520 5695 reservatum
