3896 6182
359 295 477 360 671

1273 303 1672 378 ⁵ΗῙΝΕΣΜΑΒΙ
1720 301 2172 365 llHEMENSIS
2217 303 2838 370 AllCHIEPISCOPI.

3632 310 3742 374 673

363 424 544 503 (ibid.,
569 445 618 486 o.
650 429 728 500 7).
751 430 822 488 Et
849 431 1203 507 discipulum
1236 437 1365 508 ejus
1397 437 1666 495 Maurum
1697 455 1876 511 super
1906 454 2008 494 un-
2035 437 2090 506 Α
2119 434 2242 493 sius
2273 437 2405 496 aliis
2422 442 2510 496 est
2529 441 2672 497 odor
2703 439 2910 497 mortis
2940 439 2998 496 in
3029 443 3298 508 mortem,
3323 439 3450 498 aliis
3471 442 3612 500 odor
3627 442 3745 502 vim

365 518 471 578 das
517 517 628 575 laci
677 520 1083 580 deambulasse
1112 526 1296 596 (ibid.,
1330 544 1381 582 c.
1409 529 1502 597 6):
1543 529 1760 584 ferrum
1811 533 2006 584 autem

364 607 436 665 de
466 609 755 680 profundo
782 611 892 667 laci
927 614 1113 669 Eliszei
1148 633 1306 671 more
1345 633 1449 688 per
1482 617 1675 688 ipsum
1710 619 1767 673 in
1803 635 2010 673 manu-

365 696 560 754 brium
594 705 922 756 revocatum
958 703 1158 760 fuisse.
1183 705 1252 760 Et
1277 705 1451 761 sicuti
1483 707 1770 779 scriptum
1801 707 2012 764 divinis

363 786 596 859 paginis
637 788 712 860 (11
742 790 873 846 illac.
900 809 940 860 ι,
970 795 1063 861 20)
1103 795 1454 863 continetur,
1489 814 1654 852 sacer
1692 797 1844 867 ignis
1880 798 2012 852 abs-

366 892 602 945 consus,
626 883 759 950 post
789 880 1106 938 multorum
1139 901 1427 941 annorum
1451 886 1744 942 curricula
1773 886 1829 940 in
1864 904 2016 943 cras-

367 981 492 1022 sam
525 983 738 1038 aqu-am
760 987 962 1026 versus
1001 974 1306 1044 reperitur,
1330 979 1387 1029 ct
1415 976 1617 1031 eadem
1659 993 1811 1048 aqua
1841 995 2018 1049 super

366 1053 628 1110 oblatum
663 1059 1016 1116 sacrificium
1047 1079 1211 1118 versa
1241 1063 1437 1120 divina
1476 1067 1736 1136 potentia
1764 1072 1854 1122 est
1884 1068 2016 1138 igne

367 1150 735 1218 consumpta.
772 1149 883 1204 Sed
930 1153 989 1206 et
1034 1152 1320 1209 Gedeonis
1364 1155 1718 1211 sacrificium
1767 1157 2012 1224 (Jud.vr,

365 1233 458 1301 20)
479 1249 613 1288 cum
639 1237 947 1308 superfuso
965 1239 1103 1309 jure
1127 1241 1298 1312 cujus
1317 1243 1677 1300 abundantia
1697 1246 1843 1301 solet
1864 1247 2018 1318 ignis

367 1321 678 1398 exstingui,
715 1343 818 1398 per
858 1327 1187 1400 angelicum
1229 1332 1643 1400 ministerium,
1669 1335 1802 1406 igne
1841 1335 2015 1391 etiam

369 1409 664 1470 lambente
713 1420 958 1486 petram,
1006 1425 1424 1493 consumptum
1474 1427 1582 1478 est.
1617 1425 1684 1478 Et
1733 1425 1791 1479 in
1841 1426 2018 1482 unius

369 1501 754 1576 ejusdemque
801 1506 1073 1564 elementi
1122 1511 1419 1584 mysterio,
1443 1515 1499 1567 et
1540 1513 1674 1569 ﬁnis
1705 1518 1793 1570 est
1838 1515 2016 1582 vitiis,

369 1594 428 1646 et
447 1589 607 1664 origo
627 1593 964 1664 virtutibus,
991 1604 1264 1670 cperante
1295 1601 1513 1673 Spiritu
1547 1608 1747 1658 sancto
1777 1603 1836 1659 in
1867 1621 2019 1676 aqua

363 1681 517 1738 sacri
551 1682 940 1756 baptismatis.
966 1688 1095 1743 Ilaec
1125 1689 1375 1761 diligens
1407 1691 1586 1748 lector
1613 1693 1788 1764 legat,
1818 1697 1874 1748 et
1904 1711 2017 1748 non

369 1769 683 1827 mirabitur
723 1773 778 1828 in
815 1775 1038 1846 judicio
1090 1795 1253 1849 aqua:
1302 1780 1524 1852 frigidae
1575 1781 1915 1838 innocentes
1947 1783 2018 1838 ab

369 1876 524 1932 aqua
550 1862 748 1934 recipi,
775 1869 1048 1922 nocentes
1092 1874 1285 1924 autem
1320 1887 1432 1924 non
1467 1871 1666 1944 recipi,
1693 1872 1846 1927 sicut
1873 1876 1929 1926 et
1956 1871 2015 1926 in

369 1967 524 2021 aqua
570 1951 759 2009 calida
806 1959 1140 2026 coquuntur
1189 1957 1366 2026 noxii,
1393 1959 1610 2015 innoxii
1659 1978 1792 2016 vero
1841 1977 2020 2016 reser-

367 2043 580 2096 vantur
606 2039 816 2098 incocti
843 2059 856 2096 :
882 2043 1019 2115 quia
1048 2049 1105 2100 et
1141 2045 1431 2116 Christus,
1454 2048 1702 2104 caelestis
1731 2049 2020 2108 medicina

372 2128 579 2198 Patris,
601 2147 770 2187 verus
818 2131 1089 2188 humanae
1139 2135 1404 2192 medicus
1451 2137 1679 2204 salutis,
1714 2139 2018 2195 invocatus

371 2218 560 2276 asuis
606 2219 896 2289 ﬁdelibus,
923 2225 988 2276 ut
1031 2227 1087 2278 et
1137 2224 1344 2280 medici
1397 2227 1591 2282 carnis
1648 2227 1776 2299 ipso
1834 2227 2032 2301 inspi-.

373 2311 536 2364 raute
573 2307 782 2376 solent,
825 2312 1119 2367 contraria
1150 2315 1297 2370 611
1331 2316 1660 2383 contrariis,
1684 2317 1875 2374 calida
1918 2319 2017 2373 fri-

369 2395 546 2469 gidis,
571 2396 782 2470 frigida
811 2398 1018 2455 calidis
1065 2407 1250 2456 curat.
1284 2403 1354 2458 Et
1380 2403 1436 2458 in
1469 2405 1677 2461 veteris
1713 2423 2018 2479 synagoga:

371 2486 550 2548 unius
577 2487 961 2560 ejusdemque
1005 2489 1287 2547 seditione
1318 2494 1604 2564 quosdam
1638 2498 1792 2550 terra
1819 2496 2019 2551 absor-

373 2575 522 2646 buit,
545 2577 832 2648 quosdam
853 2595 987 2634 vero
1012 2579 1157 2638 edax
1179 2581 1418 2637 flamma
1439 2584 1824 2656 consumpsit.
1849 2585 2022 2639 Dum-

373 2682 486 2737 que
513 2681 648 2722 caro
693 2664 928 2724 innoxia
967 2667 1282 2726 Salvotoris
1327 2672 1498 2743 aquis
1529 2673 1876 2744 trigentibus
1906 2674 2020 2729 tin-

371 2753 593 2826 guitur,
625 2756 892 2828 opposita
919 2759 1220 2829 quondam
1272 2760 1459 2817 noxiis
1507 2763 1803 2834 romphaea
1855 2765 2025 2833 ignea

375 2844 631 2917 paradisi
682 2845 1084 2919 restinguitur.
1139 2851 1250 2905 Sed
1299 2854 1356 2906 et
1407 2850 1795 2923 dispositione
1835 2852 2023 2924 ipsius

373 2931 794 2990 elementorum
825 2937 1144 2995 conditoris
1173 2942 1348 3010 atque
1370 2941 1629 3009 rectoris,
1655 2958 1772 2996 uno
1797 2941 2026 2996 eodem-

375 3039 488 3094 que
518 3023 640 3080 sole
667 3022 856 3081 lutum
889 3025 1218 3100 stringitur,
1242 3046 1391 3084 ctera
1411 3027 1690 3101 liquatur.
1717 3031 1844 3084 llaec
1868 3029 2024 3085 dicta

375 3111 515 3181 sint,
537 3112 676 3184 quia
721 3113 1076 3171 elementum
1131 3115 1421 3183 instabile,
1448 3118 1506 3172 in
1557 3118 1871 3188 mergendo
1922 3135 2024 3188 pro

374 3188 490 3256 ﬁde
527 3181 888 3258 credentium
921 3205 1206 3274 quosdam
1241 3181 1464 3277 recipit,
1489 3181 1775 3278 quosdam
1827 3181 2020 3262 autem
2055 3181 2124 3247 C-

376 3304 492 3346 ncn
513 3287 735 3360 recipit.
751 3291 862 3346 Sed
887 3295 943 3346 et
962 3293 1180 3347 fervore
1199 3291 1470 3348 elementi
1499 3295 1760 3364 ejusdem
1783 3296 2023 3367 quidam

377 3380 730 3446 coquuntur,
755 3383 813 3434 et
845 3379 1083 3450 quidam
1117 3382 1371 3436 evadunt
1401 3381 1632 3438 incocti.

448 3464 566 3520 Nec
622 3469 1090 3536 praetereundum
1149 3469 1290 3540 quia
1345 3469 1596 3542 legimus
1637 3475 1694 3527 in
1747 3475 2028 3545 Capitulis

299 3579 310 3592 -
375 3555 773 3625 Augustorum
797 3555 981 3612 fuisse
1003 3557 1242 3612 vetitum
1267 3558 1489 3631 frigida:
1512 3579 1674 3633 aquae
1690 3562 1983 3634 judicium
2010 3581 2023 3618 :

377 3643 480 3700 sed
513 3659 626 3698 non
658 3643 718 3700 in
749 3642 867 3700 illis
915 3646 1318 3718 synodalibus,
1341 3665 1468 3720 quae
1490 3651 1560 3705 de
1601 3652 1774 3708 certis
1803 3655 2026 3725 accepi-

379 3749 514 3790 mus
545 3732 804 3805 synodis.
839 3735 1002 3800 Quod
1033 3739 1091 3791 et
1120 3735 1358 3807 quidam
1409 3739 1632 3796 insulse
1671 3742 1874 3798 dicunt
1903 3760 2030 3814 pro-

379 3824 575 3892 pterea
617 3819 797 3876 fuisse
826 3823 1096 3889 vetitum,
1120 3824 1395 3896 quoniam
1429 3828 1597 3899 quasi
1638 3831 2030 3901 rebaptizatur

380 3909 478 3979 qui
513 3909 570 3962 iu
605 3909 840 3967 nomine
870 3911 1100 3966 Domini
1143 3914 1313 3985 aquis
1355 3915 1744 3989 immergitur.
1779 3919 1888 3973 Sed
1919 3919 2028 3974 hoc

381 3997 600 4052 ibidem
639 3997 924 4070 scriptum
973 4017 1348 4074 nequaquam
1397 4006 1742 4076 reperimus.
1776 4007 1892 4062 Nec
1924 4025 2030 4063 nos

375 4085 557 4142 etiam
580 4086 921 4160 ignoramus
943 4091 1083 4161 quia
1101 4091 1308 4148 beatus
1326 4093 1672 4150 Ambrosius
1701 4095 1869 4166 plura
1891 4096 2033 4152 dicit

381 4174 758 4248 baptismate,
792 4177 850 4233 id
880 4182 971 4234 est
1001 4179 1174 4251 plura
1211 4181 1582 4254 baptismatis
1613 4188 1856 4240 annotat
1887 4203 2029 4256 prae-

381 4263 568 4322 conia.
593 4265 664 4322 Et
693 4267 842 4323 sacri
873 4285 1128 4326 canones
1159 4271 1644 4343 rebaptizationes
1665 4273 2034 4344 omnibus,ut

380 4355 632 4412 vitandae
653 4359 812 4424 sunt,
836 4357 1166 4430 prohibent.
1187 4360 1368 4415 Nemo
1395 4365 1588 4417 tamen
1613 4367 1702 4418 est
1725 4379 1869 4433 pene
1891 4363 2030 4418 tide-

384 4443 658 4516 lium,qui
685 4461 746 4501 se
776 4445 902 4502 sine
932 4447 1122 4503 crucis
1154 4448 1342 4520 signo,
1357 4449 1443 4504 vel
1467 4449 1824 4506 invocatione
1850 4451 2031 4506 divini

2121 525 2180 581 in
2212 527 2411 596 vitam,
2436 533 2492 584 et
2528 529 2898 602 baptismatis
2947 534 3376 586 sacramentum
3426 530 3746 592 inﬁdelibus

2122 614 2461 685 ludificatio,
2495 618 2768 676 fidelibus
2816 624 3012 676 autem
3067 619 3388 692 redemptio
3419 624 3528 676 est.
3561 621 3747 681 Sacra.

2123 710 2320 762 menta
2335 725 2568 780 quoque
2590 707 2790 766 altaris
2809 709 3010 765 devote
3025 709 3098 764 ad
3117 725 3180 764 se
3193 709 3605 765 accedentibus
3623 709 3746 778 vita,

2123 795 2407 852 indevotis
2429 797 2744 868 judicium,
2769 797 2922 854 sicut
2941 801 2999 854 et
3029 798 3195 869 panis
3224 797 3404 853 vitam
3426 798 3654 857 fortium
3677 815 3750 854 ro-

2123 885 2307 952 borat,
2332 885 2705 958 parvulorum
2729 891 2917 955 necat,
2939 892 2998 942 et
3017 885 3164 944 lenis
3189 885 3402 942 sibilus
3420 903 3600 960 equos
3619 886 3750 946 miti-

2123 979 2240 1047 gat,
2261 975 2484 1030 catulos
2503 976 2764 1048 instigat,
2785 980 2842 1032 et
2871 975 2978 1043 sol,
3002 975 3104 1048 qui
3124 972 3316 1032 ceram
3347 975 3553 1048 liquat,
3577 975 3748 1032 lutum

2125 1065 2380 1136 stringit,
2411 1065 2574 1120 sanis
2603 1065 2790 1121 oculis
2820 1065 3017 1120 lumen
3047 1069 3156 1131 est,
3191 1069 3249 1120 et
3276 1063 3652 1136 lippientibus
3675 1069 3748 1120 te-

2126 1153 2337 1208 nebrae.
2371 1153 2562 1226 thue
2607 1169 2896 1210 venenum
2945 1169 3105 1210 mors
3152 1157 3241 1208 est
3287 1152 3536 1220 homini,
3565 1155 3620 1210 et
3651 1152 3751 1210 vita

2125 1243 2400 1314 serpenti,
2425 1243 2510 1298 sic
2539 1234 2598 1299 et
2627 1243 2783 1299 istud
2819 1243 3112 1314 judicium
3139 1239 3400 1301 ﬁrmiter
3426 1247 3488 1298 et
3516 1242 3620 1300 rite
3645 1259 3749 1298 cre-

2126 1332 2400 1388 dentibus
2431 1333 2686 1388 ostensio
2727 1331 3008 1400 veritatis,
3043 1331 3456 1388 haasitantibus
3497 1333 3676 1388 autem
3701 1336 3751 1386 et

2125 1420 2322 1477 dubiis
2352 1438 2513 1477 error
2557 1420 2858 1476 involvens
2905 1436 3034 1477 esse
3066 1420 3466 1492 dignoscitur;
3500 1420 3748 1492 quoniam

2127 1509 2282 1565 sicut
2311 1508 2528 1564 Paulus
2563 1509 2706 1564 dicit
2729 1525 2742 1563 :
2765 1510 2858 1564 Est
2884 1511 3033 1564 enim
3061 1509 3192 1580 ﬁdes
3230 1509 3627 1582 sper-(uideram
3650 1513 3751 1564 sub»

2125 1601 2329 1654 stantia
2366 1615 2572 1662 rerum,
2603 1607 2988 1670 argumentum
3027 1615 3137 1655 non.
3183 1599 3572 1670 apparentia»:
3595 1598 3747 1669 (Hebr.

2128 1705 2188 1755 Il,
2221 1689 2294 1754 1),
2319 1689 2592 1758 profecto,
2628 1687 3345 1760 liquet,quia,expouente
3377 1689 3550 1744 beato
3575 1688 3751 1758 Grego-

2049 1809 2096 1874 Β
2129 1775 2234 1844 rio,
2261 1777 2404 1831 iides
2435 1775 2668 1831 illarum
2702 1793 2894 1832 rerum
2939 1781 3354 1848 argumentum
3383 1780 3498 1843 est,
3522 1793 3640 1848 quae
3663 1788 3747 1846 ap-

2126 1882 2329 1938 parere
2385 1883 2500 1920 non
2561 1871 2830 1938 possunt,
2859 1883 2988 1938 qua:
3047 1866 3262 1922 etenim
3324 1868 3626 1938 apparent,
3646 1865 3748 1934 jam

2127 1955 2302 2009 ﬁdem
2333 1972 2448 2010 non
2497 1955 2738 2022 habent,
2773 1957 2872 2012 sed
2923 1954 3306 2028 agnitionem.
3339 1955 3436 2012 Sic
3470 1955 3529 2014 in
3559 1953 3657 2010 hoc
3680 1953 3748 2010 di-

2127 2061 2202 2099 no
2233 2045 2480 2116 judicio,
2515 2043 2609 2100 his
2657 2045 2730 2100 de
2781 2044 2999 2116 quibus
3029 2049 3201 2101 antea
3248 2044 3664 2102 dubitabamus
3687 2041 3750 2098 di»

2124 2133 2259 2188 vina
2280 2135 2614 2190 ostensione
2635 2133 3002 2199 monstratis,
3020 2151 3146 2206 quae
3169 2133 3576 2206 corporalibus
3597 2131 3750 2188 oculis

2125 2223 2318 2279 videre
2340 2241 2454 2278 non
2483 2222 3025 2295 possumus,0culis
3048 2225 3200 2282 612
3226 2223 3358 2280 ﬁdei
3388 2221 3751 2294 contemplan-

2125 2317 2216 2368 tes
2245 2312 2649 2368 credulitatem
2692 2313 3070 2369 accomodare
3110 2313 3415 2380 debemus,
3440 2311 3598 2368 sicut
3623 2310 3747 2366 Tho-

2129 2417 2256 2456 mas
2283 2405 2454 2456 antea
2482 2401 2780 2470 dubitans,
2805 2402 2946 2457 dum
2969 2399 3284 2458 Dominum
3317 2399 3595 2472 palpavit,
3617 2397 3749 2454 aliud

2125 2489 2274 2544 vidit
2301 2493 2358 2544 et
2388 2489 2545 2544 aliud
2575 2489 2851 2556 credidit;
2884 2508 2919 2546 a
2948 2488 3184 2545 mortali
3208 2488 3426 2562 quippe
3443 2487 3668 2544 homine
3687 2485 3752 2541 div

2127 2577 2342 2633 vinitas
2373 2578 2554 2634 videri
2586 2595 2700 2634 non
2741 2578 2957 2650 potuit;
2993 2577 3290 2634 hominem
3323 2575 3510 2648 igitur
3535 2573 3682 2640 vidit,
3708 2575 3753 2629 et

2083 2697 2094 2708 ο
2130 2669 2312 2724 Deum
2346 2668 2650 2724 confessus
2691 2665 2800 2736 est,
2825 2666 3026 2722 dicens
3051 2684 3064 2722 :
3089 2667 3352 2724 Dominus
3392 2682 3545 2726 meus
3569 2671 3617 2724 et
3641 2665 3751 2720 Dm

2128 2773 2280 2813 meus
2327 2757 2505 2826 (Joan.
2546 2775 2639 2824 xx,
2673 2757 2784 2829 26).
2809 2755 3072 2812 Videndo
3121 2771 3258 2829 ergo
3308 2755 3578 2820 credidit,
3607 2765 3750 2824 quem

2131 2846 2555 2902 considerando
2583 2863 2787 2900 verum
2820 2845 3141 2912 hominem,
3173 2844 3333 2900 hunc
3367 2843 3574 2910 Deum,
3605 2855 3747 2914 quem

2132 2936 2324 2992 videre
2349 2953 2460 2990 non
2495 2933 3120 3006 poterat,exclamavit.
3143 2933 3230 2990 Ita
3256 2937 3315 2988 et
3341 2931 3638 2991 veritatem
3665 2928 3745 2994 rei,

2133 3025 2205 3080 de
2229 3041 2346 3097 qua
2391 3024 2754 3092 dubitamus,
2777 3023 2916 3096 quia
2945 3022 3346 3096 corporalibus
3375 3020 3563 3078 oculis
3591 3019 3748 3075 videre

2136 3113 2547 3185 nequibamus,
2561 3112 2768 3170 divinae
2785 3111 3102 3168 ostensioni
3125 3109 3745 3178 credentes,veritatem,

2135 3220 2263 3274 quin
2295 3207 2443 3258 Deus
2485 3205 2593 3269 est,
2627 3199 2868 3258 laudare
2915 3201 3219 3256 debemus.
3244 3199 3374 3256 Hac
3411 3203 3604 3256 autem
3632 3194 3746 3254 dlci-

2137 3307 2290 3360 mus,
2311 3307 2424 3346 non
2449 3307 2563 3362 quo
2587 3306 2946 3362 quemquam
2979 3289 3500 3360 reprehendamus,
3515 3285 3649 3359 quia
3666 3299 3748 3340 nec

2137 3380 2214 3438 ibi
2243 3378 2525 3451 scriptum
2556 3383 2646 3436 est
2665 3381 2840 3448 (Rom.
2858 3395 2974 3446 xw,
2997 3379 3054 3444 5)
3074 3395 3180 3434 cur
3209 3377 3317 3434 hoc
3338 3376 3630 3447 judicium
3657 3390 3748 3430 non

2137 3469 2343 3524 debeat
2374 3467 2494 3524 fieri
2528 3469 2628 3524 sed
2672 3467 3081 3523 tantummodo
3112 3466 3334 3522 dictum
3367 3482 3440 3521 ne
3473 3465 3644 3532 fieret,
3671 3464 3749 3517 aut

2138 3560 2357 3625 nostra,
2383 3556 2550 3628 quasi
2575 3556 2903 3628 sapientius
2933 3555 3180 3628 prolata,
3198 3572 3376 3627 quam
3396 3553 3494 3610 alii
3527 3551 3748 3608 invenire

2137 3662 2205 3700 ex
2227 3651 2566 3700 sanctorum
2587 3644 2958 3702 documentis
2985 3641 3415 3716 praevaluerint,
3439 3642 3556 3698 sive
3573 3654 3751 3714 prava-

2137 3734 2316 3800 ieant,
2349 3733 2658 3790 defendere
2688 3737 3050 3806 satagamus.
3084 3731 3502 3806 Unusquisque
3535 3727 3678 3792 enim
3701 3727 3750 3782 in

2138 3841 2244 3879 suo
2275 3839 2453 3878 sensu
2475 3823 2758 3879 abundat.
2785 3823 3041 3880 Tantum
3065 3821 3314 3894 quilibet
3333 3819 3444 3876 hoc
3463 3822 3622 3881 caute
3649 3832 3750 3889 prc-

2135 3911 2345 3980 videat,
2365 3917 2430 3967 ut
2451 3931 2484 3968 a
2504 3912 2617 3967 tide
2639 3911 2926 3968 catholica
2942 3915 3002 3967 et
3023 3911 3334 3969 traditione
3353 3907 3667 3982 apostolicae
3684 3921 3750 3960 se-

2137 4001 2232 4058 dis
2263 4019 2378 4058 non
2411 4000 2718 4072 discrepet,
2733 4001 2832 4056 sed
2865 4018 2994 4074 quae
3021 3999 3308 4056 sentimus
3329 3997 3625 4060 humiliter
3648 4009 3749 4066 pre-

2139 4092 2410 4158 t‘erentes,
2447 4089 2633 4163 parati
2671 4089 2881 4158 simus,
2917 4089 2968 4146 si
2999 4088 3131 4161 quis
3171 4087 3584 4147 convenientus
3609 4080 3750 4140 nobis

2140 4178 2476 4247 ostenderit,
2497 4179 2624 4235 sine
2649 4178 3019 4238 contentione
3062 4193 3206 4236 sane
3237 4174 3552 4236 intellectui
3579 4171 3750 4231 cedere

2139 4273 2198 4326 et
2225 4267 2613 4326 libentissime
2659 4285 2775 4324 non
2827 4267 2999 4325 modo
3041 4265 3394 4332 consentire,
3418 4263 3561 4336 quin
3603 4260 3746 4322 etilli

2142 4357 2383 4414 discere.
3041 4403 3045 4406 _

2215 4446 2316 4500 llis
2345 4445 2428 4502 ita
2475 4462 2538 4501 se
2584 4445 2958 4514 habentibus,
2991 4444 3039 4500 si
3091 4441 3430 4516 bujusmodi
3472 4437 3746 4514 judicium,

384 4533 664 4600 nominis,
677 4535 847 4608 aquis
863 4535 1039 4592 etiam
1058 4538 1130 4592 ad
1147 4536 1460 4598 lavandum
1483 4538 2035 4610 immittat,jubente
2069 4547 2111 4612 ι)
2143 4535 2318 4607 quod,
2335 4539 2401 4590 ut
2420 4533 2774 4602 audivimus,
2789 4533 3030 4591 Carolus
3049 4531 3249 4605 magni
3271 4531 3527 4590 nominis
3545 4529 3750 4600 impera-

383 4621 660 4692 Apostolo
679 4625 879 4680 omnia
906 4627 1200 4698 agendum
1230 4627 1290 4680 in
1323 4627 1558 4683 nomine
1581 4627 1896 4698 Domini,et
1918 4647 2034 4684 non

387 4726 449 4764 se
469 4708 568 4766 illo
589 4711 865 4784 baptizari
896 4718 1062 4786 putat
1084 4714 1577 4787 baptismate,quo
1600 4721 1838 4773 renatus
1858 4723 2036 4774 estex

388 4815 543 4870 aqua
561 4804 620 4854 et
641 4800 872 4873 spiritu.
889 4803 1090 4858 Sermo
1111 4803 1289 4872 enim,
1313 4809 1369 4860 et
1388 4823 1536 4876 opus
1565 4805 1681 4872 Dei,
1705 4811 2036 4878 cunctaque

387 4894 754 4946 sacramenta
795 4890 1010 4958 divina,
1042 4911 1262 4948 manna
1311 4899 1472 4960 sunt,
1495 4897 1672 4966 quod,
1699 4895 1852 4951 sicut
1899 4897 2035 4951 scri-

390 4982 556 5050 ptum
577 4984 668 5034 est
683 4980 828 5052 (Sep.
848 4999 958 5048 xvr,
975 4983 1088 5053 20),
1105 4983 1310 5038 habuit
1328 5000 1501 5039 omne
1521 4983 2034 5056 delectamentum,

387 5073 443 5122 et
466 5069 660 5124 omnis
682 5070 907 5141 saporis
937 5070 1304 5138 suavitatem,
1329 5073 1600 5144 quodque
1633 5073 1783 5128 sicut
1813 5091 1916 5146 pro
1946 5075 2040 5130 de—

391 5157 605 5214 siderio
635 5157 1083 5229 suscipientium
1105 5161 1400 5232 quondam
1424 5162 1641 5217 iactum
1666 5165 1757 5218 est
1784 5161 1843 5217 in
1877 5181 2040 5234 sapo-

391 5263 512 5302 rem
539 5246 928 5318 gustantium,
955 5247 1036 5302 ita
1075 5253 1133 5304 et
1168 5249 1290 5304 haec
1328 5268 1431 5321 pro
1471 5251 1774 5306 devotione
1799 5253 2038 5307 creden-

393 5335 540 5390 tium
569 5337 720 5392 tiunt
741 5353 919 5392 causa
941 5337 1366 5394 ostensionum.
1389 5339 1564 5394 Velut
1583 5339 1908 5395 incarnatio
1929 5341 2038 5396 Do-

392 5423 538 5480 mini
569 5425 626 5480 in
660 5425 890 5481 ruinam
913 5433 970 5482 et
991 5429 1474 5482 resurrectionem
1507 5428 1826 5484 multorum
1853 5433 1962 5494 est,
1985 5433 2042 5484 et

393 5528 535 5567 crux
553 5514 681 5583 ejus
704 5515 1082 5588 pereuntibus
1107 5515 1346 5587 quidem
1369 5515 1618 5571 stultitia
1638 5522 1746 5584 est,
1762 5517 2043 5574 credenti-

393 5598 506 5658 hus
524 5617 658 5658 vero
687 5601 749 5658 in
780 5603 1030 5661 salutem
1050 5602 1238 5660 virtus
1259 5603 1360 5660 Dei
1388 5609 1498 5674 est,
1521 5609 1577 5660 et
1608 5607 1940 5678 praedicatio
1961 5606 2042 5678 ip-

2144 4629 2234 4680 tor
2261 4624 2332 4680 de
2361 4641 2482 4680 sua:
2511 4623 2638 4682 vita:
2687 4623 3029 4682 credulitate
3061 4620 3296 4694 recepit,
3326 4638 3431 4692 per
3477 4615 3746 4678 consilium

2143 4713 2426 4770 laicorum
2470 4711 2782 4780 nobilium,
2814 4729 3101 4768 consensu
3141 4710 3568 4784 episcoporum,
3589 4723 3646 4764 ac
3669 4703 3746 4760 de-

2143 4808 2300 4860 creto
2331 4803 2489 4876 regio
2511 4801 2700 4874 (aliter
2728 4801 2885 4858 enim
2918 4819 3031 4856 non
3063 4801 3424 4872 oportuerat)
3446 4798 3664 4871 pristina
3685 4791 3746 4846 i0-

2145 4893 2308 4949 mina
2327 4893 2398 4949 de
2419 4891 2636 4964 quibus
2657 4891 3037 4964 reputabatur
3055 4893 3284 4948 constat
3301 4906 3433 4946 esse
3453 4881 3748 4962 purgataet

2146 4982 2401 5039 maritali
2431 4981 2599 5038 thoro
2630 4999 2746 5038 non
2769 4979 2960 5038 solum
2983 4996 3268 5037 consensu
3297 4977 3582 5036 nobilium
3611 4971 3747 5029 laico-

2147 5090 2298 5140 rum,
2331 5088 2556 5143 verum,
2589 5076 2652 5126 ut
2683 5069 3037 5138 audivimus,
3059 5087 3194 5125 eum
3239 5064 3684 5124 reconciliatione
3703 5059 3748 5111 et

2147 5161 2549 5218 benedictione
2592 5159 3022 5232 episcoporum,
3055 5157 3326 5214 restituta
3373 5156 3495 5212 sive
3539 5149 3746 5242 reme

2147 5269 2253 5307 cur
2283 5251 2494 5306 iterum
2535 5265 2772 5306 causam
2807 5249 2866 5304 in
2895 5247 3274 5320 quaestionem
3314 5245 3670 5304 reducamus,
3685 5251 3748 5334 ξιξ

2149 5341 2282 5395 dere
2315 5357 2430 5394 non
2462 5355 2800 5411 possumus,
2824 5337 3052 5393 dicente
3091 5333 3337 5391 Domino
3371 5351 3386 5390 :
3419 5335 3540 5389 Non
3564 5322 3750 5394 eum?

2147 5431 2441 5485 Domi-num
2483 5430 2654 5484 Deum
2700 5437 2854 5484 tuum
2901 5426 3104 5498 (Matth.
3139 5441 3216 5491 ιν,
3245 5427 3324 5492 7).
3360 5423 3434 5478 Et
3482 5419 3751 5478 audiamus

2147 5518 2305 5589 quod
2335 5518 2556 5574 audivit
2602 5519 2675 5574 ab
2707 5517 2805 5572 illo
2853 5517 2924 5571 ad
2973 5533 3131 5583 eum,
3153 5514 3394 5570 dicens:
3418 5510 3670 5582 Magister,
3691 5514 3754 5555 ιο·

2148 5609 2290 5678 spica
2322 5610 2376 5662 in
2409 5607 2589 5677 ﬁlium
2616 5622 2818 5670 meum,
2838 5621 2954 5662 ecce
2988 5606 3214 5677 spiritus
3252 5599 3602 5676 apprehendit
3627 5594 3754 5652 illi!"
