3896 6182
137 351 231 417 673

1027 356 1127 415 DE
1175 355 1545 417 DIVORTIO
1592 356 1959 416 LO'l‘llAltll
2011 357 2107 416 ΕΤ
2151 357 2611 418 TE’I‘BERG/E.

3395 318 3512 427 ei);

136 500 176 548 et
196 489 376 558 rogavi
401 486 698 558 discipulos
728 495 844 543 tuos
874 495 937 543 ut
952 489 1208 559 ejicerent
1238 489 1420 556 illum,
1452 496 1503 543 et
1534 505 1639 543 non
1668 505 1759 559 ρο·
1794 499 1841 564 Α
1869 488 2186 544 sanetusin
2208 489 2483 545 omnibus
2505 492 2779 562 operibus
2796 493 3514 556 suis.Etcatholicidicunt

138 584 369 643 nierum;
400 580 461 631 et
489 577 773 631 Dominus
809 594 821 631 :
861 581 919 633 0'
947 580 1225 645 generatio
1269 578 1511 649 inﬁdelis
1558 586 1607 632 et
1634 595 1759 649 per-

138 685 281 733 versa,
314 682 592 737 usquean
618 682 711 721 ero
739 666 883 737 apud
910 682 1020 735 vos,
1053 674 1103 722 et
1131 670 1319 738 patiar
1348 684 1435 721 vos
1456 670 1482 720 .9
1512 667 1661 735 (Lac.
1682 683 1757 734 ix,

138 762 232 824 38.)
264 756 377 810 lIoc
408 754 565 811 enim
599 754 842 820 audivit,
877 755 1015 827 quia
1063 755 1310 810 latenter
1338 757 1450 810 isto
1480 755 1635 809 dicto
1668 772 1761 810 ac-

139 846 334 903 cusavit
354 846 423 900 de
440 842 919 916 impossibilitate
951 844 1409 916 apostolos,cum
1434 843 1765 918 impossibi-

139 937 246 991 litas
266 933 510 989 curandi
536 933 833 988 interdum
850 950 962 989 non
977 935 1049 989 ad
1073 933 1534 990 imbecillitatem
1562 949 1768 988 curan-

145 1022 403 1091 tium,sed
434 1021 507 1077 ad
537 1038 742 1077 eorum
773 1023 873 1094 qui
908 1023 1153 1078 curandi
1186 1027 1325 1079 sunt
1355 1024 1529 1078 tidem
1562 1023 1769 1077 refera-

148 1119 243 1169 tur.
269 1112 362 1168 Sic
381 1116 439 1167 et
454 1128 582 1179 nos,
607 1111 743 1167 licet
771 1128 885 1167 non
919 1113 1161 1168 auribus
1193 1112 1473 1186 corporis,
1508 1112 1609 1168 sed
1644 1127 1767 1165 me—

149 1204 235 1258 rito
294 1200 654 1257 inﬁdelitatis
710 1202 1039 1269 audiemus,
1074 1202 1123 1257 si
1157 1202 1296 1257 talia
1338 1202 1463 1258 sine
1507 1217 1686 1257 causa
1713 1201 1771 1253 et

151 1290 347 1346 ratione
367 1289 567 1345 debita
589 1292 1149 1362 removemus,quasi
1171 1292 1451 1363 quiddam
1476 1289 1768 1344 fraudisin

154 1382 238 1435 hoc
246 1379 473 1450 judicio
499 1378 670 1434 fuerit
690 1379 871 1434 dubia
900 1379 998 1436 Dei
1029 1380 1306 1447 ostensio,
1330 1385 1386 1435 et
1415 1396 1528 1434 non
1561 1378 1770 1433 inlide-

149 1469 257 1524 litas
280 1470 567 1525 nostra.Si
592 1472 788 1524 autem
813 1468 933 1524 hac
956 1469 1013 1524 in
1029 1470 1253 1541 judicio
1270 1466 1581 1541 culpabilis
1602 1483 1773 1538 appa-

151 1560 244 1614 ruit
299 1557 538 1623 femina,
572 1575 753 1629 quare
804 1557 915 1613 fuit
961 1560 1237 1630 recepta?
1268 1559 1325 1614 Si
1374 1556 1769 1629 inculpabilis,

150 1664 305 1719 quare
324 1652 617 1703 estcausa
636 1652 859 1704 remota
874 1648 1229 1720 Pprzesertim
1251 1664 1385 1702 eum
1417 1646 1774 1702 omnimodis

147 1736 603 1804 sitercdendum,
631 1736 770 1807 quia
801 1736 849 1791 si
878 1737 1130 1792 vicarius
1160 1736 1418 1809 ejus,qui
1452 1753 1554 1808 pro
1584 1735 1683 1790 illa
1700 1735 1772 1789 ad

142 1825 411 1897 judicium
430 1824 622 1891 exivit,
642 1824 850 1880 fuisset
871 1831 1166 1899 perustus,
1192 1825 1774 1898 culpabilisjudieata

1872 578 2136 649 magistri
2168 580 2238 633 de
2282 581 2634 635 sacramenti
2692 583 3055 654 purgatione,
3091 587 3227 656 quia
3258 587 3409 644 sicut
3441 591 3512 645 ab

1872 666 1970 719 illo
1995 666 2086 720 cui
2112 667 2349 738 perinde
2384 670 2446 722 tit
2468 669 2612 723 satis
2643 671 2982 743 suscipitur,
3014 673 3095 728 ita
3122 680 3179 729 et
3210 694 3243 731 a
3276 678 3514 735 Domino

1864 754 2185 825 judicatur.
2220 758 2287 810 Et
2322 757 2535 813 Paulus
2566 759 2707 813 dicit
2741 777 2752 815 :
2790 761 2955 816 Corde
2983 763 3224 818 creditur
3253 767 3321 819 ad
3347 768 3514 838 justi-

1874 846 2031 908 tiam,
2063 862 2155 899 ore
2183 854 2361 900 autem
2388 849 2649 917 con/insin
2680 849 2741 919 ﬁt
2769 850 2838 903 ait
2866 852 3095 905 salutem
3125 853 3298 921 (Rom.
3321 873 3377 921 Χ,
3407 858 3515 925 10).

1874 933 1944 987 Et
1974 949 2088 987 non
2120 939 2208 989 est
2239 936 2550 1008 confessio,
2584 936 2693 990 nisi
2743 938 2915 994 fuerit
2945 956 3078 995 cum
3113 943 3284 997 corde
3316 948 3373 999 et
3402 944 3520 1001 oris

1876 1022 2073 1091 fassio,
2100 1027 2164 1077 ut
2188 1040 2353 1079 mens
2385 1030 2582 1080 nostra
2610 1030 2921 1083 concordet
2948 1030 3073 1085 voci
3107 1035 3337 1087 nostrae.
3357 1031 3521 1089 Unde

1877 1110 2003 1165 etin
2020 1111 2308 1183 baptismo
2324 1131 2436 1168 non
2453 1116 2697 1170 mundat
2715 1117 2906 1173 carnis
2924 1120 3210 1191 depositio
3233 1123 3518 1190 sordium,

1879 1200 1978 1254 sed
2012 1199 2385 1273 interrogatio
2418 1221 2483 1257 ac
2516 1206 2802 1259 confessio
2852 1209 3219 1265 conscientiae
3266 1212 3429 1267 bona:
3461 1213 3520 1268 in

1882 1289 2085 1342 Deum.
2110 1289 2254 1344 Nam
2279 1291 2502 1359 Petrus,
2528 1310 2701 1363 quem
2724 1293 3022 1352 Christum
3050 1298 3256 1356 Filium
3281 1302 3379 1357 Dei
3413 1302 3523 1357 vivi

1881 1378 2185 1432 confessus
2219 1381 2422 1442 fuerat,
2456 1380 2770 1437 Dominum
2801 1402 2928 1439 esse
2961 1387 3198 1457 sciebat,
3221 1388 3525 1464 Deumque

1882 1467 2351 1538 credebat.,eujus
2373 1468 2725 1541 discipulum
2749 1490 2810 1527 se
2832 1490 2928 1528 ore
2952 1477 3323 1551 negabat,qui
3350 1480 3520 1537 dixit:

1885 1555 1989 1622 Qui
2016 1572 2099 1610 me
2124 1560 2396 1627 confessas
2424 1560 2594 1628 fuerit
2642 1576 2823 1616 coram
2878 1564 3208 1633 hominibus,
3237 1571 3527 1640 conﬁtebor

1882 1652 1930 1699 et
1956 1661 2051 1709 ego
2079 1661 2203 1699 cum
2232 1662 2414 1701 coram
2443 1656 2597 1718 patre
2624 1667 2741 1705 meo
2762 1671 2781 1715 ;
2811 1655 2867 1705 et
2900 1668 2911 1706 :
2949 1653 3056 1721 Qui
3098 1673 3185 1712 me
3224 1662 3523 1729 negaverit,

1883 1734 2089 1799 nntiabo
2119 1750 2243 1788 eunt
2270 1735 2473 1806 (Matth.
2494 1755 2546 1804 Χ,
2566 1739 2675 1810 2'2).
2713 1739 2779 1794 Et
2810 1740 2961 1796 sicut
2992 1743 3261 1816 legimus,
3297 1764 3411 1803 non
3439 1752 3528 1805 est

1886 1821 2043 1876 aliud
2069 1839 2278 1895 negare
2300 1842 2359 1880 se
2383 1825 2725 1899 ipsiusesse
2755 1830 3294 1903 diseipulum,sicut
3325 1837 3528 1895 Petrus

147 1916 206 1969 ad
221 1914 582 1969 audientiam
603 1915 796 1970 denuo
826 1915 1113 1971 noluisset
1145 1921 1450 1972 accusator
1480 1915 1665 1987 ipsius
1688 1914 1778 1968 de—
1810 1892 1857 1955 Β
1889 1910 2034 1965 dixit
2064 1911 2179 1966 Non
2208 1930 2349 1981 sum,
2378 1915 2674 1985 objicieuti
2735 1919 2845 1974 sibi
2894 1923 3048 1992 quod
3107 1940 3176 1979 ex
3224 1924 3529 2000 discipulis

149 2005 262 2059 bere
282 2003 448 2059 illam
471 2003 892 2060 admitti.Unde
913 2016 1069 2060 nunc
1091 2005 1648 2077 quoquetencndum
1662 2006 1772 2068 est,

149 2093 267 2165 quia
282 2093 443 2148 sicut
472 2092 532 2147 in
564 2093 936 2166 baptismatis
960 2094 1208 2166 judicio,
1242 2094 1491 2149 mendax
1523 2096 1578 2147 et
1614 2096 1779 2164 pater

150 2182 450 2250 mendacii,
483 2199 585 2253 per
614 2183 789 2237 tidem
823 2188 877 2238 et
908 2200 1010 2239 ora
1059 2183 1418 2255 gestantium
1470 2185 1643 2253 atque
1678 2196 1777 2252 pro

148 2272 220 2327 eis
272 2272 674 2344 proﬁtentium
731 2273 829 2344 qui
886 2273 1276 2345 baptizantur,
1318 2275 1470 2327 foras
1528 2270 1779 2342 cjieitur,

148 2356 385 2417 GIBita
399 2365 459 2416 et
474 2363 547 2416 ab
564 2361 673 2416 hac
692 2361 911 2417 femina
941 2362 1367 2417 criminatiouis
1398 2359 1642 2427 falsitas,
1671 2359 1781 2412 title

148 2454 198 2505 et
224 2450 582 2523 professione
612 2468 716 2523 pro
747 2468 808 2506 se
840 2451 1124 2506 mittentis
1156 2450 1459 2519 vicarium,
1495 2467 1597 2521 per
1625 2448 1782 2518 ejus-

152 2539 267 2594 dem
284 2539 493 2594 vicarii
523 2540 615 2594 sui
646 2540 1076 2595 exsecutionem
1108 2539 1301 2595 divino
1322 2538 1545 2611 judicio
1577 2538 1654 2592 sit
1682 2553 1783 2592 ex-

154 2628 325 2699 pulsa,
360 2634 418 2683 et
443 2629 574 2699 ejus
602 2629 948 2684 innocentia:
977 2629 1188 2685 veritas
1220 2629 1530 2684 declarata.
1556 2626 1701 2681 Nam
1735 2624 1784 2678 si

153 2717 544 2772 testimonium
576 2717 884 2773 hominum
917 2715 1664 2791 accipimus,testimonium
1684 2713 1785 2768 Dei

152 2807 331 2877 innjus
358 2811 454 2862 est
479 2809 533 2875 (l
558 2808 718 2862 Joan.
742 2807 878 2878 v,9),
913 2807 1010 2879 qui
1043 2807 1377 2862 ostensione
1405 2804 1637 2860 virtutis
1668 2820 1786 2857 sua:

150 2895 302 2950 nobis
334 2894 687 2950 testiﬁcatur
716 2896 857 2967 quid
881 2897 951 2951 de
971 2896 1078 2952 hoc
1108 2896 1340 2971 credere
1370 2893 1789 2960 debeamus,de

150 3002 253 3055 quo
281 2983 448 3040 dubii
481 2978 615 3039 ante
646 2984 1041 3041 ostensiouem
1074 3000 1328 3041 eramus.

610 3110 1156 3168 INTERROGATIO
1195 3112 1317 3167 VII.

215 3218 313 3283 Qui
338 3218 547 3273 dicunt
568 3218 723 3290 qhod
757 3235 859 3290 pro
891 3222 1109 3274 secrete
1143 3221 1294 3275 facta
1324 3218 1686 3274 confessione
1717 3218 1788 3272 ab

150 3307 337 3362 eadem
364 3306 602 3374 femina,
627 3308 878 3363 vicarius
901 3309 1029 3379 ejus
1049 3309 1121 3364 de
1136 3308 1361 3380 judicio
1386 3308 1646 3363 incoctus
1667 3323 1791 3361 eva-

154 3395 238 3450 sit.

760 3504 1177 3561 RESPONSIO.

219 3610 382 3667 Sicut
410 3610 560 3671 falsa
598 3610 814 3683 pietate
862 3611 1125 3684 quidam,
1158 3616 1221 3666 ut
1250 3611 1521 3684 legimus,
1557 3613 1793 3666 beatum

159 3698 379 3755 Petrum
414 3701 724 3756 defendere
776 3705 1146 3756 tentaverunt
1193 3700 1479 3757 dicentem
1514 3700 1651 3772 quia
1680 3717 1793 3755 non

158 3788 404 3845 novisset
432 3788 755 3857 hominem,
790 3807 962 3862 quem
1005 3792 1391 3862 cognoscebat
1420 3790 1628 3860 Deum,
1661 3805 1795 3845 cum

157 3876 374 3934 Veritas
422 3876 659 3947 dixerit,
719 3878 796 3933 Me
843 3881 1068 3948 negabis
1119 3879 1322 3951 (Matth.
1357 3895 1509 3946 xxvx,
1543 3880 1682 3950 311),;
1719 3879 1799 3933 ita

157 3966 243 4020 isti
274 3967 487 4039 majori
520 3968 698 4022 etiam
747 3966 1075 4040 iniquitate,
1106 3967 1246 4039 quia
1294 3968 1477 4041 impia
1523 3967 1795 4035 falsitate,

157 4054 473 4121 veritatem,
499 4056 640 4110 dum
666 4052 821 4127 piam
853 4056 1186 4126 praedicant,
1214 4055 1412 4111 fictam
1444 4055 1803 4110 calumnian-

156 4147 261 4211 tur,
284 4162 417 4217 qua)
442 4145 527 4200 sic
549 4143 729 4200 voluit
748 4144 1029 4200 feminam
1061 4144 1238 4200 istam
1270 4144 1536 4215 liberare,
1551 4148 1618 4199 ut
1638 4143 1800 4214 judi-

159 4232 236 4287 cio
288 4233 457 4288 illius
511 4233 814 4289 credentes
871 4234 1184 4305 deciperet,
1220 4249 1356 4289 cum
1408 4233 1691 4305 scriptum
1725 4231 1804 4288 sit

159 4318 297 4391 (Sep.
324 4338 364 4387 1,
388 4320 447 4389 5)
473 4336 488 4377 :
519 4320 761 4391 Spiritus
779 4320 1324 4393 sanctus'disciptinw
1342 4322 1564 4393 effugiet
1594 4323 1799 4393 ﬁctam.

158 4406 312 4464 Unde
336 4411 585 4465 sanctus
605 4409 811 4466 Petrus
832 4412 903 4465 ad
928 4409 1226 4466 Simonem
1259 4427 1498 4483 magum
1532 4408 1805 4481 dixit,qui

159 4512 213 4551 se
233 4496 462 4569 putavit
492 4514 686 4555 emere
716 4515 888 4571 posse
916 4499 1165 4572 gratiam
1196 4499 1384 4556 sancti
1416 4499 1687 4570 Spiritus,
1706 4517 1807 4573 per

160 4602 326 4658 quem
352 4587 605 4644 virtutes
626 4592 942 4661 operantur
971 4593 1028 4645 et
1043 4588 1454 4661 signa,quiq‘ue
1479 4606 1650 4645 omne
1668 4590 1806 4645 etfu-

160 4675 237 4747 git
264 4677 474 4733 ﬂetum
509 4694 522 4732 :
557 4677 673 4733 Non
705 4686 784 4733 est
810 4678 913 4734 tibi
934 4695 1082 4750 pars,
1114 4695 1287 4750 neque
1326 4695 1441 4734 sors
1475 4682 1532 4734 in
1559 4694 1805 4735 sermone

161 4767 347 4831 istoin
376 4767 510 4839 fcile
537 4770 688 4823 enim
719 4768 1131 4835 amaritudinis,
1163 4776 1215 4823 et
1242 4768 1572 4837 obligatione
1600 4770 1808 4840 iniqui-

160 4858 280 4910 tatis
338 4855 496 4912 video
528 4864 576 4912 te
604 4872 712 4913 esse
739 4857 874 4926 (Act.
910 4874 1028 4925 vm,
1060 4859 1177 4925 23).
1212 4858 1301 4926 Et,
1335 4862 1400 4912 ut
1432 4858 1639 4913 beatus
1670 4857 1810 4913 dicit

157 4941 494 5018 Gregorius,
525 4945 673 5002 nihil
731 4946 978 5019 simplex
1024 4948 1237 5002 veritas
1278 4963 1380 5019 per
1408 4947 1808 5019 duplicitatem

154 5031 310 5101 facit,
339 5039 619 5092 scrutatis
642 5036 821 5092 corda
840 5040 896 5091 et
916 5036 1171 5108 probans
1196 5052 1380 5104 renes,
1400 5040 1455 5091 et
1473 5038 1810 5109 pertingens

160 5136 343 5196 usque
374 5124 450 5179 ad
480 5123 825 5180 divisionem
849 5123 1056 5179 animae
1088 5128 1145 5179 et
1172 5123 1809 5197 corporis,compagum

157 5228 393 5284 quoque
447 5216 503 5267 et
560 5212 974 5282 medullarum,
1008 5218 1066 5269 et
1096 5213 1371 5268 interiora
1415 5213 1627 5279 cordis,
1656 5218 1713 5268 et
1746 5218 1811 5267 ut

154 5301 393 5369 veritas,
426 5317 608 5375 prope
640 5307 729 5359 est
759 5303 1166 5359 invocantibus
1225 5319 1287 5359 se
1344 5302 1403 5357 in
1460 5303 1721 5367 veritate,
1755 5306 1812 5358 et

150 5389 318 5458 jubet
336 5390 407 5446 in
426 5392 670 5448 veritate
692 5392 980 5465 judicium
1005 5393 1213 5448 facere.
1239 5392 1379 5458 Quis
1400 5391 1556 5447 enim
1582 5392 1809 5447 invoca-

156 5478 230 5532 vit
249 5475 600 5551 Dominum,
626 5488 683 5538 et
704 5483 981 5555 deceptus
1002 5484 1129 5538 est?
1152 5483 1214 5538 In
1232 5481 1454 5553 judicio
1476 5482 1632 5537 enim
1647 5482 1811 5551 justo

156 5566 411 5625 fideliter
435 5569 739 5626 invocatus
783 5571 1078 5629 neminem
1109 5572 1372 5644 decipere
1401 5571 1587 5645 potuit
1621 5589 1632 5626 :
1668 5588 1811 5644 quo-

156 5657 316 5716 niam
360 5659 572 5733 justas
610 5664 702 5719 est
728 5661 1013 5721 Dominus
1042 5662 1102 5719 in
1133 5661 1407 5721 omnibus
1437 5660 1544 5719 viis
1579 5661 1722 5731 suis,
1757 5665 1814 5719 et

1886 1996 2140 2055 hominis
2162 2001 2318 2057 illius
2340 2005 2632 2071 esset,nisi
2659 2025 2867 2081 negare
2888 2027 2948 2065 se
2962 2028 3087 2066 esse
3109 1996 3528 2076 Christianum.

1886 2089 2250 2176 Quapropter
2278 2094 2433 2148 614
2460 2098 2516 2148 et
2546 2095 2694 2149 sacri
2753 2114 3024 2166 canones,
3055 2100 3207 2156 inter
3235 2103 3430 2176 lapsos
3460 2107 3531 2161 de

1887 2173 2003 2228 illis
2036 2178 2435 2244 decreverunt,
2469 2182 2567 2253 qui
2601 2185 2773 2238 corde
2804 2185 3102 2242 Christum
3135 2173 3529 2262 crediderunt,

1888 2268 1944 2317 et
1967 2267 2272 2323 tm'mentis
2292 2268 2422 2324 victi
2455 2288 2552 2325 ore
2587 2279 2959 2343 negaverunt.
2984 2276 3053 2330 Et
3084 2277 3221 2333 item
3249 2281 3532 2352 scriptum

1890 2358 1978 2407 est
2012 2371 2023 2407 ε
2056 2358 2325 2422 Quomodo
2378 2360 2703 2416 inmu‘abunt
2734 2365 2793 2416 in
2817 2381 2977 2435 quem
3004 2383 3113 2421 non
3144 2369 3489 2427 crediderunt
3514 2372 3537 2427 ἲ

1891 2444 2061 2513 (Item.
2096 2447 2281 2515 x,'l"i.)
2308 2450 2630 2515 Quomodo,
2664 2451 2927 2523 inquam,
2962 2453 3082 2510 haec
3113 2457 3332 2514 femina
3352 2460 3411 2515 in
3434 2461 3534 2532 ju-

1893 2532 2043 2586 dicio
2074 2534 2389 2591 Dominum
2413 2538 2525 2593 sibi
2546 2540 2873 2611 adjutorem
2896 2547 2953 2597 et
2984 2543 3354 2604 liberatorem
3382 2547 3539 2606 inve.

1893 2622 2061 2689 cavit,
2098 2623 2154 2676 in
2214 2643 2389 2696 quem
2450 2644 2562 2682 non
2621 2628 2913 2685 credidit?
2944 2633 3089 2688 Etsi
3119 2635 3178 2690 in
3222 2636 3536 2695 Dominum

1895 2710 2141 2767 fideliter
2161 2714 2404 2768 credidit
2421 2733 2593 2786 quem
2612 2716 2916 2785 invocavit,
2936 2738 3157 2788 verum,
3181 2741 3293 2778 non
3312 2726 3537 2795 ﬁctum,

1896 2801 2189 2870 etjustum
2208 2804 2690 2874 atquejustitiam
2721 2806 3058 2879 diligentem
3080 2810 3247 2866 illum
3269 2815 3535 2884 credidit,

1896 2907 2068 2961 quem
2092 2890 2311 2946 fallivel
2332 2892 2527 2948 fallere
2546 2911 2660 2948 non
2697 2912 2868 2966 posse
2891 2900 3177 2969 cognovit.
3206 2901 3308 2957 Isti
3339 2908 3537 2959 autem

1897 2977 2190 3033 contraria
2218 2978 2498 3047 dicentes,
2536 2981 2675 3053 quid
2710 2981 2869 3036 aliud
2901 2983 3123 3052 dicunt,
3156 2987 3268 3043 nisi
3294 2988 3420 3043 falli
3451 2989 3540 3044 vel
3573 3003 3581 3010 '

1896 3067 2092 3122 fallere
2126 3083 2295 3139 posse
2324 3068 2623 3124 veritatem
2656 3072 3412 3133 afﬁrmant?obstinatiores
3436 3078 3543 3133 εἰω-

1898 3157 2192 3221 monibus,
2226 3157 2346 3229 qui,
2383 3162 2447 3213 ut
2505 3159 2879 3232 Evangelium
2937 3162 3098 3231 dicit,
3145 3165 3414 3221 exiebant
3470 3167 3542 3224 ab

1816 3260 1859 3327 α
1897 3247 2174 3311 obsessis,
2209 3248 2550 3303 confitentes
2576 3265 2730 3315 cum,
2756 3249 2894 3322 quia
2924 3251 3186 3308 sciebant
3215 3253 3382 3311 illum
3414 3274 3543 3314 esse

1901 3334 2197 3391 Christum
2231 3338 2379 3407 (Luc.
2412 3354 2488 3405 IV,
2523 3338 2634 3407 41).
2706 3380 2711 3383 ι

1973 3426 2134 3492 Quod
2186 3430 2381 3481 autem
2437 3425 2656 3482 dictum
2711 3432 2820 3493 est,
2854 3430 2993 3500 quia
3023 3448 3091 3487 ex
3121 3432 3229 3489 hoc
3261 3436 3425 3491 testis
3458 3440 3547 3492 est

1903 3515 2078 3570 etiam
2112 3516 2234 3587 ipse
2265 3516 2365 3588 qui
2397 3516 2821 3573 confessionem
2848 3519 3545 3598 feminzeilliussuseepit,

1904 3605 2190 3660 miramur
2211 3605 2259 3659 si
2283 3623 2480 3661 verum
2514 3624 2641 3662 esse
2666 3607 2860 3680 aliquo
2892 3611 3065 3666 modo
3096 3612 3319 3684 possit:
3352 3618 3408 3669 et
3438 3614 3547 3671 hoc

1906 3696 2138 3750 credere
2196 3711 2311 3749 non
2370 3694 2740 3763 auderemus,
2775 3696 2823 3752 si
2858 3698 3072 3755 talibus
3102 3700 3260 3767 viris,
3294 3701 3394 3773 qui
3426 3702 3548 3759 hzec

1908 3784 2074 3841 nobis
2091 3786 2513 3839 mandaverunt
2528 3803 2643 3841 non
2660 3787 2892 3843 credere
2910 3789 3419 3859 auderemus;eum
3435 3804 3549 3848 non

1908 3891 2173 3947 perverse
2200 3873 2565 3945 interpretari
2617 3877 2824 3932 debere
2876 3878 3097 3933 noverit
3126 3881 3281 3952 quod
3313 3879 3371 3936 in
3402 3881 3551 3938 libro

1909 3962 2178 4031 Levitico,
2211 3963 2416 4035 relegit
2450 3981 2462 4018 :
2493 3965 2689 4019 Anima
2719 3983 2839 4037 qua:
2862 3967 3018 4022 malit
3049 3985 3225 4023 vocem
3246 3971 3555 4041 juramenti

1907 4060 1958 4107 et
1982 4054 2125 4107 testis
2153 4060 2250 4119 est,
2282 4053 2364 4106 vel
2422 4069 2547 4123 quae
2604 4054 2744 4108 vidit
2799 4055 3014 4126 aliquid
3058 4065 3109 4111 et
3135 4061 3351 4113 conscia
3378 4068 3474 4125 est,
3504 4068 3556 4116 et

1908 4158 2018 4197 non
2050 4141 2257 4195 indicat
2287 4142 2474 4213 (Leuit.
2503 4159 2555 4208 v,
2592 4144 2663 4210 l).
2699 4144 2777 4197 Ex
2808 4160 2923 4214 quo
2954 4146 3177 4217 accepit
3222 4148 3396 4202 etiam
3426 4146 3557 4219 ipsa

1909 4232 2214 4303 peccatum
2235 4230 2363 4300 ejus
2394 4228 2519 4283 sine
2550 4229 2748 4298 dubio,
2783 4236 2848 4285 ut
2878 4230 3156 4302 Origenes
3187 4233 3435 4304 exponit,
3453 4228 3554 4306 qui

1911 4317 2130 4390 inique,
2165 4322 2267 4373 aut
2324 4316 2442 4389 egit
2500 4316 2742 4388 aliquid,
2773 4323 2876 4373 aut
2914 4319 3154 4389 juravit.
3208 4321 3320 4376 lloc
3377 4322 3554 4378 etiam

1913 4408 2237 4464 secundum
2297 4405 2602 4462 historiam
2649 4424 2754 4463 nos
2801 4408 3069 4475 aedificat,
3105 4426 3177 4464 ne
3208 4427 3467 4482 unquam
3495 4411 3555 4468 in

1912 4497 2166 4569 peccatis
2185 4495 2424 4551 alterius
2442 4494 2774 4567 polluamus
2790 4497 3177 4553 conscientias
3197 4503 3557 4565 nostras,nec

1913 4603 2264 4641 consensum
2283 4584 2435 4661 male
2465 4584 2772 4656 agentibus
2803 4586 3557 4658 praebeamusConsensum
3616 4587 3619 4590 ⁴

1913 4680 2109 4732 autem
2132 4674 2401 4741 dico,non
2417 4672 2608 4728 solum
2632 4674 2847 4745 pariter
2867 4676 3217 4747 agendo,sed
3242 4678 3417 4733 etiam
3432 4697 3560 4752 qua:

1918 4764 2223 4820 manifeste
2280 4767 2338 4817 et
2394 4761 2592 4817 illicite
2650 4767 2814 4835 gesta
2862 4768 3002 4819 sunt
3058 4767 3372 4822 reticendo.
3403 4769 3471 4824 Et
3511 4769 3559 4825 si

1918 4853 2104 4919 scivit,
2138 4857 2193 4908 et
2223 4856 2461 4924 propter
2499 4857 2781 4907 secretam
2835 4854 3259 4912 confessionem
3308 4856 3559 4925 reticuit,

1918 4962 2117 5016 quare,
2152 4943 2305 5015 quod
2338 4942 2511 5011 absit,
2544 4941 2697 4997 sicut
2754 4942 2986 5014 dicitur,
3020 4945 3396 5016 utjudicium
3428 4945 3562 5000 inde

1921 5035 2082 5088 fieret
2110 5031 2381 5099 obtinuit,
2413 5030 2501 5086 vel
2534 5032 2849 5098 consensit,
2886 5050 2997 5088 non
3030 5051 3295 5090 reverens
3326 5038 3563 5089 senten-

1918 5122 2057 5176 tiam
2093 5121 2237 5193 legis
2268 5120 2484 5193 pariter
2512 5126 2568 5176 et
2596 5121 2889 5194 Evangelii
2927 5139 2937 5176 :
2973 5122 3090 5178 Non
3120 5123 3350 5178 tentabis
3377 5124 3563 5177 Domi-

1918 5230 2050 5267 nam
2082 5215 2250 5266 Deam
2280 5214 2474 5266 tuum?
2495 5210 2708 5284 (Matth.
2743 5229 2820 5280 1v,
2851 5211 2930 5283 7.)
2963 5212 3107 5278 Quia
3152 5212 3198 5266 si
3231 5214 3431 5265 contra
3459 5225 3562 5263 au-

1919 5301 2247 5357 ctoritatem
2271 5299 2633 5366 canonicam,
2659 5318 2784 5372 qua:
2803 5318 2870 5355 ex
2887 5299 3031 5372 legis
3064 5303 3120 5355 et
3150 5298 3564 5371 prophetarum

1920 5395 2096 5462 atque
2117 5388 2403 5462 Evangelii
2426 5390 2599 5457 fonte,
2621 5393 2826 5444 saneto
2858 5387 3077 5460 Spiritu
3107 5404 3223 5458 quo
3241 5392 3296 5442 et
3311 5386 3411 5441 illa
3428 5388 3568 5441 sunt

1920 5480 2075 5536 dicta
2106 5479 2534 5552 promulgantc,
2569 5478 2848 5550 procedit,
2879 5477 3293 5531 detrimentum
3330 5471 3567 5531 honoris

1921 5575 2010 5626 est
2040 5568 2564 5645 agere,periculum
2596 5586 2710 5622 non
2742 5570 2933 5639 potest
2961 5566 3219 5638 evadere,
3247 5565 3349 5638 qui
3371 5565 3571 5624 studet

1922 5660 2034 5737 ipsi
2056 5659 2395 5734 evangelicae
2426 5656 2652 5715 veritati
2681 5656 2741 5713 in
2771 5660 2891 5714 tam
2925 5653 3197 5715 maximis
3223 5670 3572 5735 repugnare,
