3896 6182
391 319 510 376 675

1340 315 1720 376 llINCMARl
1769 315 2217 378 RHEMENSIS
2264 319 2854 382 ARCHIEPISCOPI

3652 323 3756 383 676

391 450 459 504 Et
489 443 630 502 item
663 446 947 520 scriptum
980 451 1070 504 est
1100 464 1114 504 :
1149 447 1346 505 Reddas
1399 456 1580 504 autem
1625 449 1854 504 Domino
1883 465 2034 510 1ura-
2064 452 2120 519 Α
2146 450 2416 507 sedentem
2471 469 2635 524 super
2690 453 2892 508 solium
2947 468 3128 519 suum,
3159 459 3210 506 et
3237 467 3446 507 omnem
3487 455 3758 511 exercitum

387 545 572 592 nauta
600 544 696 592 tua
725 535 930 608 (Matth.
964 555 1018 605 ν,
1045 538 1158 606 33).
1193 537 1250 594 Si
1287 535 1625 592 ﬁdelitatem
1683 537 1896 593 seniori
1929 556 2035 594 suo

390 625 682 700 promisit,
711 627 1004 698 quomodo
1034 625 1168 681 huic
1197 625 1455 682 illusioni
1481 631 1681 682 contra
1709 626 1872 682 illum
1907 644 2039 682 con-

392 714 610 773 sentire
642 715 1060 788 praesumpsit?
1089 715 1233 771 Etsi
1265 721 1406 771 tunc
1455 716 1607 772 inter
1634 716 1750 771 duo
1780 715 2038 788 pericula

391 804 640 878 positus,
673 805 871 860 minus
903 805 973 858 de
995 805 1334 876 juramento
1392 804 1688 878 negligere
1747 805 1940 878 elegit,
1975 809 2039 860 ut

391 894 586 966 majus
633 910 705 948 ne
761 893 1024 966 proditor
1077 893 1462 950 confessionis
1516 895 1678 950 ﬁeret
1735 895 2034 962 devitaret,

391 998 570 1055 quare
590 982 779 1055 ipsam
804 983 1227 1038 confessionem
1253 1001 1409 1038 nunc
1440 983 1730 1055 prodidit?
1745 1000 1879 1038 cum
1903 983 2039 1039 scri-

391 1077 558 1145 ptum
591 1071 668 1126 sit
700 1089 712 1127 :
749 1072 857 1139 Qui
883 1073 1126 1128 ambulat
1153 1073 1550 1145 fraudulenter,
1583 1073 1780 1128 revelat
1808 1089 2038 1140 arcana;

391 1163 492 1233 qui
519 1169 701 1216 autem
728 1161 904 1232 ﬁdelis
946 1168 1039 1229 est,
1073 1163 1254 1217 animi
1296 1163 1435 1217 celat
1481 1163 1823 1217 commissum
1854 1163 2036 1231 (Prov.

392 1267 471 1318 x1,
505 1249 614 1322 13),
651 1266 716 1304 ac
747 1248 797 1304 si
831 1253 1095 1321 patenter
1125 1249 1280 1304 dicat
1315 1267 1326 1306 :
1357 1250 1463 1318 Qui
1513 1249 1694 1305 animi
1746 1266 1859 1304 non
1892 1248 2040 1304 celat

392 1338 776 1395 commissum
811 1337 1064 1393 infidelis
1093 1339 1285 1394 est.Et
1307 1339 1522 1394 Paulus
1552 1337 1693 1393 dicit
1720 1337 1990 1393 fidelibus
2023 1353 2035 1392 :

397 1429 530 1497 Quae
555 1445 686 1500 pars
716 1427 868 1500 ﬁdeli
895 1443 1020 1482 cum
1069 1428 1332 1498 iuﬁdcle?
1361 1431 1434 1498 (II
1463 1430 1581 1484 Cor.
1613 1445 1690 1494 v1,
1727 1427 1836 1500 13.)
1869 1426 2042 1482 Plura

394 1517 531 1572 hinc
561 1515 675 1572 dici
710 1520 998 1588 poterant,
1032 1517 1129 1571 sed
1186 1517 1356 1572 nobis
1407 1534 1524 1572 non
1557 1517 1844 1572 convenit.
1879 1516 2041 1572 Onus
2083 1509 2109 1518 ’

393 1607 550 1663 enim
585 1622 759 1662 suum
791 1604 1201 1678 unusquisque
1233 1605 1506 1679 portabit.
1527 1606 1654 1661 Haec
1685 1609 1879 1660 autem
1911 1605 2039 1660 bre-

392 1695 540 1751 viter
591 1695 872 1762 diximus,
907 1711 1019 1750 non
1070 1701 1136 1750 ut
1177 1696 1410 1751 credere
1438 1693 1524 1751 vel
1556 1695 1710 1751 credi
1742 1695 1816 1750 ab
1846 1693 2040 1766 aliquo

394 1784 495 1856 huj
505 1784 733 1842 usmodi
759 1784 1120 1857 derogationi
1139 1785 1211 1840 de
1229 1801 1584 1857 quocunque
1602 1784 1899 1840 sacerdote
1909 1781 2043 1836 veli-

394 1889 550 1940 mus,
583 1873 682 1929 sed
720 1877 782 1928 ut
813 1891 918 1928 nos
947 1877 1240 1946 quatenus
1268 1873 1405 1929 hinc
1437 1874 1923 1946 responderemus
1940 1889 2044 1944 per

393 1980 606 2020 nomen
637 1962 866 2018 Domini
889 1963 1320 2019 obtestantibus
1349 1962 1861 2036 designemus,hoc
1879 1961 2043 2016 nefas

393 2051 742 2126 proditionis
774 2057 948 2124 atque
987 2052 1371 2125 duplicitatis,
1405 2058 1462 2108 et
1492 2068 1842 2125 magnopere
1875 2049 2042 2106 nobis

394 2158 522 2197 esse
553 2141 877 2206 vitandum,
908 2145 966 2196 et
993 2141 1146 2196 615
1179 2140 1238 2196 in
1269 2140 1546 2196 omnibus
1576 2141 1830 2212 profecto
1861 2137 2044 2193 homi-

393 2231 569 2286 nibus
599 2230 1032 2285 detestandum.

849 2353 1390 2410 INTERROGATIO
1439 2353 1585 2408 Vlll.

467 2463 613 2518 Huic
644 2467 839 2518 autem
873 2461 1028 2516 dicto
1059 2461 1212 2532 quod
1247 2459 1412 2514 aiunt
1467 2458 1728 2531 quidam,
1762 2457 2040 2531 quoniam

396 2552 645 2608 intentio
675 2550 837 2605 illius
868 2549 1094 2604 feminas
1125 2549 1236 2602 fuit
1257 2548 1327 2602 de
1349 2547 1462 2602 alio
1491 2547 1751 2618 eiusdem
1786 2545 2042 2602 nominis

395 2642 571 2697 fratre
593 2639 964 2710 suo,quando
983 2636 1264 2692 vicarium
1288 2652 1462 2691 suum
1484 2636 1542 2690 in
1556 2635 1848 2705 judicium
1866 2652 1967 2708 pro
1981 2653 2042 2692 se

397 2729 580 2796 misit,
611 2733 668 2784 et
699 2727 913 2783 idcirco
945 2744 1008 2782 se
1035 2725 1094 2780 in
1118 2724 1343 2796 judicio
1401 2725 1586 2780 isdem
1629 2725 1882 2780 vicarius
1911 2725 2042 2796 ejus

397 2837 512 2876 non
543 2817 716 2875 coxit.

1012 2921 1428 2980 RESPONSIO.

465 3029 834 3103 Quasijudex
853 3028 1119 3086 omnium
1147 3045 1274 3102 quae
1297 3032 1600 3102 geruntur,
1617 3027 1715 3100 qui
1739 3026 1896 3082 novit
1915 3043 2040 3082 om-

399 3123 496 3178 nia
510 3122 684 3177 etiam
707 3125 1023 3191 antequam
1043 3119 1206 3184 ﬁant,
1227 3117 1326 3173 tali
1345 3135 1539 3174 errore
1552 3117 1749 3173 seduci
1767 3115 2038 3188 potuerit,

2070 1830 2118 1894 B

2143 541 2269 595 ca'li
2317 543 2654 598 ussistentem
2709 544 2762 598 ei
2815 559 2849 596 (ι
2899 541 3106 596 dextris
3155 549 3204 596 et
3255 558 3290 594 a
3325 541 3576 596 sinistris.
3607 541 3665 596 Et
3691 545 3758 598 ait

2143 632 2406 686 Dominus
2435 649 2454 687 :
2487 631 2615 700 Quis
2645 633 2873 703 decipiet
2903 631 3083 686 Achab
3101 647 3280 699 regem
3309 631 3496 696 Israel,
3514 638 3572 684 ut
3597 647 3758 686 ascen-

2147 717 2241 773 dat
2269 727 2316 774 ct
2347 719 2502 775 cadat
2532 721 2592 775 in
2641 720 2866 776 Ramoth
2917 718 3123 774 Galaad
3147 723 3168 774 Ξ)
3197 719 3260 774 Et
3289 717 3434 773 dixit
3461 735 3596 774 unus
3622 719 3759 774 verba

2145 808 2535 880 hujuscemodi,
2567 818 2619 864 et
2655 809 2800 865 alius
2831 809 3013 864 aliter.
3053 809 3308 877 Egressus
3357 815 3435 863 est
3470 816 3638 862 autem
3661 811 3757 880 spi-

2145 899 2288 954 ritus
2310 915 2497 954 corum
2524 900 2774 969 Domino,
2805 906 2855 954 et
2885 899 2966 954 ait
2986 915 3005 952 :
3034 898 3144 967 Ego
3171 897 3443 968 decipiam
3474 897 3642 952 illum.
3669 897 3759 952 Cui

2153 988 2362 1042 loeutus
2412 997 2490 1043 est
2543 989 2830 1053 Dominus,
2861 988 2920 1042 In
2955 1003 3058 1060 quo
3077 990 3102 1041 .9
3129 988 3192 1041 Et
3223 987 3318 1042 ille
3343 987 3424 1041 ait
3456 1004 3474 1040 :
3505 986 3753 1054 Egrediar,

2149 1085 2198 1132 et
2237 1094 2328 1132 cro
2355 1079 2580 1148 spiritus
2605 1077 2842 1132 mendas:
2873 1078 2931 1132 in
2962 1093 3054 1132 ore
3108 1078 3354 1133 ninnium
3405 1076 3759 1146 prophetarum

2147 1167 2284 1237 ejus.
2343 1167 2407 1221 Et
2463 1166 2629 1222 dixit
2663 1167 2924 1222 Dominus
2953 1184 2972 1220 :
3029 1167 3291 1236 Decipies,
3349 1173 3401 1220 et
3451 1163 3762 1236 praevalebis,

2147 1256 2417 1324 egredere,
2476 1265 2526 1310 et
2577 1257 2668 1328 fac
2725 1257 2804 1310 ita
2856 1255 2956 1325 (111
3013 1255 3138 1323 Reg.
3197 1271 3315 1324 xxx,
3373 1254 3486 1322 19).
3517 1253 3651 1320 Ouid
3701 1253 3764 1308 sit

2149 1349 2340 1400 astare
2362 1343 2688 1417 malignum
2709 1344 2982 1417 spiritum
3009 1341 3274 1408 Domino,
3291 1347 3350 1398 et
3375 1343 3516 1414 quid
3539 1343 3611 1396 sit
3634 1342 3762 1414 quod

2150 1435 2540 1506 interrogasse
2580 1434 2906 1506 malignum
2940 1431 3212 1505 spiritum
3243 1431 3534 1486 Dominus
3561 1429 3759 1497 dicitur,

2151 1521 2474 1601 et_qualiter
2495 1521 2772 1594 loquatur
2791 1521 2947 1577 Deus
2978 1521 3051 1576 ad
3084 1517 3410 1593 malignum
3442 1517 3762 1591 spiritum,et

2151 1611 2446 1684 malignus
2469 1610 2712 1684 spiritus
2735 1611 2806 1666 ad
2841 1611 3048 1678 Deum,
3079 1609 3286 1665 bealus
3316 1607 3554 1681 exponit
3581 1607 3760 1678 Grego-

2151 1701 2274 1757 rius
2294 1700 2504 1774 (Illoral.
2536 1717 2614 1768 x1,
2638 1715 2758 1772 cup.
2793 1701 2847 1768 4)
2877 1699 2938 1754 in
2971 1697 3280 1754 Moralium
3313 1696 3485 1753 libris
3515 1695 3760 1752 devotioni

2152 1789 2434 1846 lectorum
2475 1789 2822 1846 notissimis.
2857 1787 3132 1860 Sequitur
3164 1788 3221 1842 in
3250 1786 3504 1842 historia
3529 1784 3650 1841 libri
3677 1785 3760 1840 [te-

2151 1897 2293 1952 gum
2329 1897 2341 1935 :
2375 1879 2532 1934 Nune
2561 1879 2737 1948 igitur
2764 1895 2881 1934 ecce
2908 1877 3054 1933 dedit
3083 1877 3345 1933 Dominus
3371 1877 3628 1948 spiritum
3647 1890 3763 1928 ruen-

2147 1969 2298 2024 dacii
2327 1970 2384 2023 in
2413 1985 2505 2024 ore
2534 1969 2782 2023 omnium
2827 1967 3217 2039 praphetarum
3249 1966 3403 2022 618
3433 1973 3652 2020 tuorum
3689 1963 3764 2034 qui

2149 2055 2239 2110 hic
2265 2062 2412 2110 sunt.
2446 2056 2509 2109 Et
2540 2056 2802 2110 Dominus
2858 2055 3066 2110 locutus
3114 2061 3191 2110 est
3245 2061 3438 2108 contra
3488 2060 3541 2108 te
3566 2051 3758 2106 malum

2147 2143 2218 2198 Et
2249 2148 2381 2216 post
2410 2141 2715 2216 aliquanta
2746 2161 2758 2200 :
2797 2145 2941 2200 Unus
2972 2151 3154 2198 autem
3181 2142 3410 2214 quidam
3455 2140 3669 2197 tetendit
3687 2156 3760 2194 ar-

2148 2250 2292 2302 cum,
2329 2236 2385 2288 in
2420 2235 2688 2288 incertum
2717 2235 2973 2302 sagittam
3003 2232 3268 2303 dirigens,
3299 2241 3350 2288 et
3381 2248 3514 2287 casu
3543 2231 3762 2304 percussit

2150 2339 2327 2394 regem
2355 2323 2544 2387 Israel,
2579 2321 2652 2376 id—
2669 2325 2757 2376 est
2783 2320 3002 2386 Achab,
3028 2322 3170 2376 inter
3193 2321 3515 2392 pulmonem
3533 2329 3580 2375 et
3605 2321 3765 2374 stoma-

2148 2413 2329 2468 chum.
2357 2411 2427 2464 Et
2457 2409 2631 2482 paulo
2655 2414 2807 2482 post,
2835 2419 2886 2465 et
2910 2419 3156 2465 mortuus
3185 2419 3261 2465 est
3291 2426 3526 2482 vespere,
3557 2414 3610 2464 et
3634 2421 3765 2463 com-

2149 2499 2343 2572 pletus
2371 2504 2459 2554 est
2490 2499 2546 2553 in
2579 2515 2645 2553 eo
2678 2515 2868 2554 sermo
2902 2498 3132 2553 Domini
3164 2515 3266 2570 per
3289 2515 3536 2554 manum
3555 2495 3764 2552 Micha

2149 2588 2465 2661 prophetae,
2485 2588 2556 2642 de
2586 2605 2702 2660 quo
2732 2593 2905 2642 antea
2930 2587 3162 2643 locutus
3192 2591 3283 2643 est
3314 2587 3466 2642 idem
3495 2585 3680 2642 Achab
3705 2582 3763 2638 al

2148 2676 2432 2749 .losaphat
2443 2692 2636 2748 regem
2649 2675 2681 2731 J
2689 2675 2804 2731 uda
2815 2680 3167 2748 quaerentem
3184 2675 3530 2748 prophetam
3546 2671 3762 2731 Domini.

2151 2763 2647 2838 llemansit,inquit
2673 2763 2891 2832 Achab,
2910 2766 2997 2820 vir
3024 2782 3170 2820 unus
3194 2781 3295 2836 per
3323 2781 3481 2838 quem
3509 2777 3763 2836 possumus

2153 2856 2491 2924 interrogare
2517 2855 2828 2919 Dominum,
2862 2853 2954 2908 sed
2983 2869 3080 2921 ego
3107 2853 3202 2908 odi
3227 2855 3514 2924 eum,quia
3545 2869 3646 2908 non
3659 2865 3762 2922 pro-

2146 2945 2330 3016 phetat
2357 2942 2500 2998 mihi
2530 2944 2750 3007 bonum,
2781 2941 2873 2997 sed
2913 2942 3143 2997 malum.
3180 2939 3460 2997 Videlicet
3519 2937 3760 3014 quoniam

2152 3048 2284 3088 vera
2306 3029 2389 3086 illi
2419 3029 2728 3096 dicebat,et
2749 3027 2876 3084 ideo
2905 3028 3140 3084 odiebat
3169 3044 3330 3098 eum,
3353 3026 3604 3100 diligens
3632 3039 3761 3081 men-

2151 3122 2324 3178 daces
2357 3119 2678 3186 ministros,
2711 3122 2767 3173 et
2797 3117 2908 3174 sibi
2937 3117 3149 3190 impios
3175 3136 3187 3186 ;
3213 3117 3368 3172 unde
3397 3115 3674 3189 scriptum
3693 3117 3762 3168 est

397 3225 743 3282 componere
791 3225 1108 3281 possumus
1138 3207 1295 3278 quod
1329 3206 1532 3261 Petrus
1563 3205 1620 3258 in
1653 3208 1860 3276 quarto
1891 3202 2039 3259 libro
2069 3201 2113 3265 C
2151 3212 2332 3284 (Prov.
2364 3227 2518 3278 xxrx,
2552 3208 2638 3282 12)
2675 3225 2687 3264 :
2723 3211 2982 3280 Princeps
3040 3209 3138 3279 qui
3186 3208 3420 3264 libenter
3448 3206 3605 3262 audit
3631 3203 3762 3260 verba

398 3297 772 3370 Dialogorum
793 3313 827 3350 a
842 3297 1010 3350 beato
1031 3293 1336 3366 requisivit
1353 3293 1628 3366 Gregorio
1650 3309 1661 3346 :
1696 3316 1722 3340 ‹‹
1749 3292 2039 3357 Quidnam

397 3389 508 3450 est,
539 3383 836 3455 inquiens,
871 3399 1066 3454 quaeso
1098 3387 1173 3448 te,
1207 3383 1360 3454 quod
1411 3379 1674 3436 nonnulli
1733 3379 1900 3453 quasi
1940 3395 2044 3453 per

397 3489 651 3528 errorem
701 3471 1088 3526 extrahuntur
1107 3487 1136 3524 e
1158 3470 1436 3542 corpore?
1457 3469 1560 3525 Cui
1592 3470 1797 3525 beatus
1827 3471 2043 3542 Grego-

397 3561 520 3618 rius
541 3561 796 3617 referens
812 3562 882 3616 de
904 3559 1134 3616 duobus
1165 3559 1500 3632 Stephanis,
1534 3558 1674 3630 quia
1705 3577 1820 3614 non
1855 3559 2040 3616 isdem

399 3649 861 3724 Stephanus,qui
883 3647 1368 3720 adductusjudici
1385 3649 1452 3703 ad
1469 3648 1815 3703 locainferni
1833 3651 2038 3718 fuerat,

389 3741 598 3814 jussus
629 3738 837 3794 adduci
871 3737 1295 3804 cxstiterat,scd
1329 3737 1664 3811 Stephanus
1694 3736 1842 3792 alter
1870 3739 2040 3793 ferra-

397 3828 522 3884 rius
556 3845 568 3883 :
601 3831 658 3882 et
684 3827 784 3882 illo
814 3827 1072 3895 reducto,
1107 3826 1440 3898 Stephanus
1471 3827 1769 3893 ferrarius,
1801 3826 1901 3898 qui
1935 3827 2040 3881 ad-

395 3915 532 3971 duci
589 3915 780 3970 fuerat
827 3916 1057 3988 jussus,
1105 3915 1392 3970 adductus
1450 3919 1557 3969 est.
1600 3914 1800 3981 «Hoc,
1850 3913 2044 3987 inquit

396 4003 605 4060 beatus
661 4002 977 4076 Gregorius
1008 4003 1148 4074 (cap.
1179 4004 1293 4070 36),
1323 4001 1786 4075 quotiescunque
1846 4005 1928 4070 tit,
1991 4003 2041 4058 si

395 4093 544 4150 bene
571 4091 1094 4168 perpenditur,non
1128 4109 1288 4146 error
1314 4092 1413 4147 sed
1446 4091 1764 4148 admonitio
1797 4097 1906 4147 est.
1940 4092 2043 4146 Su-

395 4199 576 4258 perna
606 4183 762 4238 enim
797 4182 983 4256 pietas
1013 4199 1080 4237 ex
1113 4198 1325 4253 magna
1358 4179 1769 4236 misericordize
1787 4199 1904 4236 sua:
1933 4181 2043 4236 lar-

394 4273 594 4348 gitate,
627 4271 906 4346 disponit,
939 4276 1004 4326 ut
1034 4269 1300 4326 nonnulli
1331 4269 1504 4325 etiam
1539 4275 1670 4342 post
1699 4270 1918 4326 exitum
1950 4286 2039 4326 re-

394 4367 566 4438 pente
598 4361 668 4418 ad
701 4378 912 4434 corpus
967 4360 1206 4416 redeant
1257 4364 1315 4414 et
1343 4363 1636 4415 tormenta
1693 4359 1883 4426 inferi,
1912 4376 2040 4433 quae

394 4451 595 4507 audita
625 4468 738 4506 non
765 4450 1152 4518 crediderant,
1177 4448 1387 4504 saltem
1415 4447 1541 4503 visa
1569 4446 2040 4519 pertimescant.»

393 4539 625 4634 Et_post
657 4539 1052 4634 narrationem
1082 4537 1154 4592 de
1187 4537 1501 4634 Stephano,
1531 4536 1628 4608 qui
1663 4536 1952 4634 adductus
1984 4538 2041 4593 et
2070 4569 2116 4634 Β

395 4627 674 4682 reductus
704 4631 760 4682 ct
785 4631 986 4699 postea
1039 4626 1247 4682 iterum
1281 4627 1352 4680 ad
1384 4629 1675 4680 tormenta
1723 4626 2039 4698 perductus

396 4715 877 4781 fuerat,subdidit
901 4715 1090 4783 (ib.,in
1108 4715 1236 4786 ﬁne)
1271 4733 1290 4770 :
1323 4739 1348 4763 ‹‹
1385 4716 1508 4780 Qua
1537 4715 1608 4770 de
1640 4732 1699 4770 re
1727 4713 2038 4788 colligitur,

396 4802 536 4876 quia
555 4803 664 4875 ipsi
690 4821 919 4876 quoque
943 4803 1153 4859 inferni
1177 4802 1466 4876 supplicia
1481 4820 1616 4859 cum
1642 4803 2042 4859 demonstran-

395 4895 511 4957 tur,
527 4890 656 4947 aliis
688 4891 807 4946 hmc
837 4892 906 4947 ad
942 4891 1321 4964 adjutorium,
1345 4891 1476 4946 aliis
1501 4907 1633 4946 vero
1665 4891 1736 4946 ad
1777 4891 2040 4948 testimo-

395 4981 558 5036 nium
595 4981 754 5046 fiant,
788 4985 850 5035 ut
882 4980 976 5036 isti
1027 4980 1260 5036 videant
1310 4980 1464 5035 mala
1507 4997 1634 5052 qua:
1666 4984 1924 5045 caveant,
1957 4979 2041 5035 illi

394 5090 526 5129 vero
548 5088 614 5128 eo
635 5070 890 5144 amplius
911 5071 1372 5143 puniantur,quo
1394 5069 1604 5125 inferni
1629 5068 1917 5142 supplicia
1937 5086 2042 5125 nec

391 5162 516 5219 visa
547 5165 600 5217 et
631 5161 868 5231 cognita
915 5160 1096 5216 vitare
1152 5159 1482 5216 voluerunt.
1519 5183 1545 5209 ››
1581 5159 1674 5215 Sic
1705 5163 1762 5214 et
1787 5159 1940 5214 Deus
1970 5177 2039 5215 ex

393 5251 684 5325 scriptura
715 5249 972 5306 veritatis
1013 5249 1184 5305 nobis
1211 5249 1595 5317 demonstrat,
1623 5248 1779 5320 quod
1811 5249 1882 5304 ad
1913 5265 2037 5304 cor-

393 5340 665 5396 rectionis
696 5338 983 5396 cautelam
1030 5338 1198 5394 nobis
1243 5337 1528 5410 proficiat,
1561 5341 1662 5393 aut
1690 5355 1758 5392 ex
1791 5337 2036 5392 retribu-

2149 3299 2441 3367 mendacii,
2473 3314 2655 3354 omnes
2683 3299 2968 3353 ministros
2998 3296 3216 3352 habebit
3249 3297 3464 3368 impios.
3497 3296 3621 3362 Qua
3645 3293 3764 3348 dere

2152 3386 2479 3442 timendum
2510 3390 2599 3442 est
2628 3385 2770 3457 regi,
2802 3389 2860 3440 et
2915 3385 3145 3440 cunctis
3201 3383 3506 3442 mendacio
3566 3381 3763 3440 credere

2150 3476 2499 3544 volentibus,
2517 3473 2688 3548 quasi
2710 3474 2864 3530 Deus
2887 3479 2989 3530 aut
3014 3473 3131 3530 falli
3165 3473 3442 3547 potuerit,
3467 3476 3570 3528 aut
3599 3468 3764 3527 fallere

2151 3582 2509 3639 quemquam
2539 3565 2692 3620 in'se
2719 3569 2872 3620 recte
2920 3563 3251 3620 credentem
3285 3563 3344 3618 in
3365 3561 3592 3646 judicio
3634 3555 3764 3646 velit,

2152 3659 2254 3710 aut
2287 3654 2546 3708 indebita
2597 3651 3000 3709 misericordia
3043 3652 3101 3708 in
3133 3650 3379 3707 crimine
3431 3645 3764 3710 consistenti,

2151 3749 2325 3816 atque
2368 3741 2584 3798 crimen
2620 3742 2816 3814 ipsum
2848 3741 3107 3814 neganti,
3139 3745 3196 3796 et
3220 3756 3282 3796 se
3315 3738 3563 3796 tentanti
3591 3735 3767 3792 debeat

2153 3831 2435 3899 misereri,
2465 3831 2564 3903 qui
2618 3831 2794 3886 etiam
2827 3829 3067 3904 pauperi
3097 3829 3157 3884 in
3184 3829 3408 3902 judicio
3435 3827 3524 3884 vel
3553 3825 3656 3883 sub
3682 3822 3768 3878 ob-

2150 3905 2314 3976 tent'u
2360 3919 2594 3992 pietatis
2653 3919 2915 3976 misereri
2963 3917 3284 3990 prohibuit,
3315 3933 3390 3972 ne
3423 3919 3648 3990 propter
3672 3909 3768 3968 alia

2151 4013 2480 4082 perpetrata
2530 4013 2784 4081 peccata,
2818 4009 2889 4064 de
2945 4007 3166 4080 quibus
3223 4023 3340 4062 non
3392 4002 3770 4062 satisfecerunt

2151 4097 2501 4162 Domino,ex
2527 4096 2907 4152 retributione
2929 4096 3198 4168 justitias,
3219 4113 3254 4151 a
3279 4095 3558 4150 mendace
3586 4089 3768 4164 spiritu

2151 4187 2527 4253 seducantur,
2561 4189 2627 4238 ut
2656 4184 2966 4250 intereant,
2999 4188 3057 4240 et
3086 4185 3144 4239 in
3178 4183 3361 4240 alium
3393 4182 3658 4255 laqueum
3685 4176 3769 4232 de-

2150 4273 2300 4346 cepti
2331 4271 2804 4338 cadant,sicutde
2823 4271 3179 4344 quihusdam
3213 4271 3431 4327 Paulus
3460 4269 3620 4326 dicit:
3643 4270 3770 4340 Quo-

2146 4365 2303 4418 niam
2329 4378 2448 4417 cvm
2475 4361 2844 4430 cognovissent
2874 4363 3062 4428 Deum,
3092 4377 3200 4416 non
3261 4361 3406 4416 sicut
3423 4361 3596 4418 Deum
3618 4353 3768 4426 glori-

2147 4441 2468 4524 ﬁcauerunt,
2500 4457 2595 4504 aut
2648 4450 2855 4520 gratias
2903 4457 3150 4519 egerunt,
3200 4449 3291 4504 sed
3349 4451 3676 4504 evanuerunt
3717 4443 3770 4495 in

2148 4540 2572 4610 cogitationibus
2615 4540 2754 4607 suis,
2781 4547 2832 4595 et
2861 4538 3209 4594 obscuratum
3258 4545 3334 4593 est
3386 4537 3641 4608 insipiens
3689 4544 3770 4584 απ·

2147 4645 2374 4697 eorum;
2415 4636 2702 4699 propterea
2753 4626 2982 4682 tradidit
3038 4626 3161 4682 illos
3210 4627 3352 4681 Deus
3412 4626 3476 4680 in
3529 4617 3769 4679 desideria

2147 4717 2324 4774 cordis
2355 4717 2602 4782 illorum,
2636 4717 2695 4771 in.
2727 4715 3153 4783 immunditiam,
3186 4723 3246 4770 ut
3295 4712 3633 4769 contumeliis
3657 4706 3767 4777 αῙρο

2147 4809 2297 4861 ciant
2324 4823 2550 4877 corpora
2577 4822 2698 4872 sua,
2730 4804 3028 4860 mercedem
3055 4806 3258 4859 erroris
3287 4805 3380 4859 sui
3409 4805 3472 4858 in
3499 4796 3770 4868 sanetipsis

2151 4896 2496 4966 recipientes:
2527 4902 2577 4950 et
2603 4895 2865 4963 guoniam
2895 4910 3002 4949 non
3020 4895 3388 4964 probaverunt
3417 4893 3584 4949 Deum
3600 4887 3771 4944 habere

2153 4985 2211 5039 in
2238 4986 2512 5050 notitiam,
2543 4983 2774 5040 trrulidit
2831 4983 2954 5038 illos
2982 4985 3120 5039 Deus
3153 4985 3211 5038 in
3241 4984 3532 5056 reprobum
3557 4991 3767 5037 sensum,

2151 5082 2209 5128 ut
2231 5075 2442 5145 faciant
2471 5089 2594 5145 qua:
2621 5090 2730 5128 non
2761 5076 3190 5140 conveniu-nt;ct
3219 5072 3291 5128 ad
3322 5065 3768 5128 Thessalonicen.

2149 5180 2244 5218 ses
2277 5165 2346 5235 (11
2383 5162 2556 5217 Thess.
2590 5180 2650 5230 ιι,
2685 5162 2769 5235 10)
2805 5178 2818 5217 :
2852 5165 2961 5218 Pro
2987 5180 3046 5218 eo
3074 5161 3214 5235 quod
3268 5161 3608 5217 dilectionem
3644 5151 3768 5211 ιτενὶ-

2149 5253 2278 5307 tatis
2297 5269 2407 5307 non
2437 5259 2746 5322 receperunt
2775 5251 2844 5306 ad
2891 5251 2992 5307 hoc
3038 5260 3096 5307 ut
3147 5252 3292 5307 salvi
3345 5251 3558 5322 ﬁerent,
3588 5243 3764 5302 idcirw

2151 5341 2405 5395 immittet
2437 5339 2552 5394 illis
2582 5340 2721 5394 Deus
2749 5341 3006 5412 spiritum
3039 5342 3265 5406 erroris,
3314 5347 3374 5394 ut
3407 5337 3618 5394 credant
3642 5344 3769 5386 M-

391 5427 548 5485 tione
560 5428 802 5500 justitia:
825 5428 894 5482 ad
921 5427 1157 5501 gravius
1172 5425 1633 5498 delinquendum
1656 5425 1713 5480 in
1733 5425 2036 5482 cumulum
2146 5429 2321 5498 (lucio,
2353 5436 2618 5499 quatenus
2640 5429 2959 5501 judicentur
2985 5445 3166 5490 omnes
3189 5431 3286 5501 qui
3313 5445 3428 5484 non
3455 5422 3771 5484 credule"!!!

392 5516 790 5574 damnationis
817 5520 1130 5572 excrescat.
1165 5515 1460 5588 Scriptum
1494 5519 1582 5570 est
1611 5513 1765 5570 enim
1797 5514 1857 5570 in
1887 5515 2038 5572 libro
2145 5518 2386 5584 ueritati,
2419 5517 2510 5572 sed
2566 5527 2952 5574 consenserunt
3011 5520 3320 5592 iniquitati.
3352 5517 3516 5574 Unde
3554 5511 3769 5572 sane“!s

391 5604 640 5684 Regum,
673 5604 900 5665 dicente
929 5604 1172 5664 Michaea
1201 5602 1485 5681 propheta
1519 5620 1531 5659 :
1569 5603 1691 5661 Vidi
1742 5605 2038 5664 Dominum
2143 5603 2510 5682 Augustinus
2539 5604 2597 5664 in
2630 5607 2798 5667 tertio
2827 5607 2976 5669 libro
3008 5607 3079 5670 de
3109 5607 3392 5671 Trinitate
3423 5606 3560 5686 (cap.
3588 5603 3660 5684 7),
3682 5593 3770 5656 ιο-
