3904 6190
209 298 324 372 681

1125 297 1228 362 DE
1269 298 1642 360 DIVORTIO
1685 295 2057 376 LOTHARII
2105 297 2203 358 ET
2249 298 2710 366 TETBEBGAE.

3503 301 3623 384 es:

207 429 274 486 Et
298 433 544 485 sanctus
565 428 930 503 Augustinus
959 429 1017 484 in
1051 427 1199 484 libro
1227 429 1297 484 de
1329 429 1674 485 Pcenitentia
1696 430 1860 502 (hom.
1892 431 1946 498 Α
1977 429 2260 483 Dominus
2290 428 2527 496 Judam,
2549 445 2682 484 cum
2717 431 2810 484 fur
2837 435 3011 498 esset,
3031 431 3168 503 quia
3188 448 3301 487 non
3333 435 3422 487 est
3451 448 3622 486 aecu-

206 517 256 588 ι)
283 535 298 572 :
327 541 352 567 η
393 512 743 590 Plerumque
783 522 979 573 autem
1027 517 1162 572 boui
1197 517 1513 576 Christiani
1563 523 1880 594 prepterea.

201 611 420 671 tacent,
445 609 502 665 et
532 607 822 672 sutt‘erunt
851 604 1098 661 aliorum
1130 611 1366 678 peccata
1397 625 1523 679 qua:
1558 610 1882 684 noverunt,

203 694 750 768 quialdocumentis
797 712 948 768 saepe
981 695 1349 763 deseruntur,
1383 699 1439 750 et
1476 713 1543 750 ea
1575 713 1701 767 quae
1747 695 1858 767 ipsi

202 783 421 852 sciunt,
431 783 739 854 judicibus
756 773 1176 850 ecclesiasticis.
1185 785 1431 856 probare
1454 801 1567 838 non
1591 787 1856 855 possunt.

200 873 482 940 Quamvis
511 872 670 936 enim
701 873 981 940 vera_sint
1003 873 1292 945 quadarn,
1320 890 1434 927 non
1460 873 1858 945 tamenjudiei

200 961 368 1016 facile
413 961 722 1032 credenda;
758 965 920 1029 sunt,
944 961 1057 1021 nisi
1105 962 1280 1018 certis
1337 961 1569 1016 indiciis
1615 961 1857 1026 demon-

197 1054 482 1116 strentur.
501 1050 620 1106 Nos
640 1067 775 1107 vero
797 1067 830 1105 a
850 1049 1264 1125 communione
1287 1067 1643 1124 quemquam
1667 1050 1859 1123 prohi-

199 1139 328 1217 bere
349 1156 467 1206 non
485 1139 1243 1213 poss_umus,quamvisha>c
1262 1137 1576 1212 prohibitio
1595 1139 1854 1206 nondum

197 1227 266 1282 sit
286 1221 696 1298 mortalis,sed
727 1227 1242 1298 medicinalismisi
1271 1232 1372 1298 aut
1401 1232 1610 1300 sponte
1627 1227 1854 1298 confes-

196 1331 348 1380 sum,
368 1319 472 1369 aut
502 1313 562 1379 in
599 1313 818 1388 aliquo,
853 1314 972 1370 sive
1001 1315 1286 1386 sarculari,
1312 1315 1430 1370 sive
1461 1313 1854 1388 ecclesiastico

188 1401 416 1473 judicio
438 1403 812 1470 nominatum
837 1407 1010 1475 atque
1028 1403 1380 1470 convictum.
1397 1403 1537 1472 Quis
1559 1404 1714 1474 enim
1739 1403 1852 1462 sibi

193 1489 337 1568 Q2!
369 1497 696 1564 utrumque
717 1493 894 1547 audet
915 1509 1236 1558 assumere,
1253 1498 1316 1548 ut.
1333 1494 1606 1565 cuiquam
1629 1493 1756 1566 ipse
1776 1493 1854 1549 sit

193 1585 245 1636 et
265 1583 584 1636 accusator
603 1579 1247 1652 etjudex?Cujusmodi
1276 1580 1538 1654 regulam
1560 1581 1732 1636 etiam
1757 1579 1852 1636 hic

195 1669 412 1746 Paulus
434 1662 1042 1739 breviter'insinuasse
1065 1669 1440 1742 intelligetur,
1457 1687 1590 1726 cum
1613 1669 1854 1743 quibus:

191 1759 320 1817 dam
351 1757 576 1824 talibus
593 1756 1066 1831 commemoratis
1087 1755 1846 1824 criminibus,ecclesiastiei

182 1846 389 1921 judicii
417 1847 668 1903 formam
695 1845 765 1900 ad
795 1845 915 1900 hzec
947 1844 1164 1900 similia
1195 1862 1262 1899 ex
1285 1845 1638 1918 quibusdam
1659 1846 1844 1922 daret.

186 1935 455 2008 Aitenim
483 1935 735 2008 :Scr-ipsi
778 1933 928 1991 vobis
977 1935 1035 1988 in
1085 1933 1467 2006 epistola,non
1505 1936 1849 1990 commisceri

184 2005 508 2096 fornicariis
529 2025 577 2094 (ι
597 2005 722 2082 Cor.
741 2041 795 2092 ν,
819 2022 895 2094 9),
921 2027 980 2078 et
1001 2005 1278 2096 reliquam
1305 2023 1373 2078 Et
1392 2021 1531 2078 item
1558 2039 1610 2077 ια
1630 2023 1687 2078 Si
1711 2005 1858 2096 quis.

186 2116 360 2173 frater
412 2111 756 2171 nominatur
805 2115 908 2167 aut
955 2109 1290 2179 fornicator,
1339 2115 1444 2166 aut
1499 2111 1672 2167 idolis
1719 2129 1842 2168 scr-

181 2203 362 2271 vjens,
396 2208 504 2259 aut
534 2219 768 2270 avarus,
799 2205 901 2256 aut
930 2198 1272 2268 maledicus,
1299 2204 1402 2255 aut
1428 2200 1714 2266 ebriosus,
1741 2205 1854 2274 aut.

187 2309 384 2364 rapax,
411 2308 549 2348 cum
581 2289 870 2362 ejusmodi
906 2305 1010 2345 nec
1039 2287 1278 2361 quidem
1309 2288 1500 2344 cibum
1536 2306 1788 2347 sumere.
1810 2313 1840 2340 »

181 2381 287 2436 Sed
314 2379 631 2436 sciendum
659 2383 764 2447 est,
781 2377 920 2452 quia
941 2395 1071 2434 eam
1093 2377 1552 2438 nominationem
1575 2377 1668 2436 hic
1689 2381 1841 2460 Apo-

181 2463 366 2526 stolus
420 2467 674 2542 intelligi
723 2466 927 2536 voluit,
952 2485 1080 2540 qua:
1115 2467 1180 2521 ﬁt
1213 2466 1268 2522 in
1300 2483 1678 2540 quemquam,
1704 2486 1837 2524 cum

185 2560 477 2628 sententia
496 2558 701 2615 ordine
723 2547 1039 2629 judiciario
1059 2561 1234 2629 atque
1265 2556 1595 2628 integritate
1619 2557 1837 2628 profer-

186 2653 294 2705 tur.
315 2649 466 2714 Nam
487 2647 537 2703 si
561 2646 886 2714 nominatio
905 2645 1142 2716 sufficit,
1163 2644 1331 2700 multi
1358 2645 1674 2701 damnandi
1699 2651 1838 2702 sunt

181 2740 546 2810 innocentes,
561 2736 702 2810 quia
723 2751 874 2809 szepe
895 2735 1039 2791 falso
1067 2733 1126 2790 in
1149 2751 1442 2807 quoquam
1468 2735 1712 2790 crimine
1740 2731 1850 2790 ηοέ

183 2829 505 2896 minantur.
518 2824 722 2882 Noluit
737 2823 894 2881 enim
913 2825 970 2878 in
987 2823 1222 2896 homine
1236 2823 1489 2896 judicari
1507 2840 1576 2878 ex
1592 2823 1834 2878 arbitrio

185 2913 690 2992 suspectionis,vel
710 2913 886 2970 etiam
915 2911 1356 2971 extraordinarii
1385 2911 1834 2984 usurpatojudi-

183 3009 287 3076 uio,
312 3007 412 3064 sed
448 3003 646 3080 potius
683 3021 752 3070 ex
779 3003 907 3076 lege
936 2999 1034 3058 Dei
1063 3001 1390 3058 secundum
1429 3000 1694 3066 ordinem
1725 3001 1838 3076 Ec-j

185 3095 388 3162 clesize,
413 3095 536 3152 sive
570 3089 723 3150 ultro
752 3091 1106 3160 confessum,
1130 3091 1249 3146 sive
1281 3093 1619 3160 accusatum
1655 3094 1828 3164 atque

1879 1801 1940 1876 Βς

1972 520 2157 582 satus,
2180 517 2322 571 mini
2332 535 2422 572 me
2445 517 2676 588 ahjecit.
2700 520 2762 574 Ut
2782 521 3060 575 tolleretnr
3089 521 3152 576 dc
3180 521 3354 576 medio
3384 529 3622 576 vestrum

1973 609 2070 678 qui
2106 606 2204 661 hoc
2253 623 2386 678 opus
2433 609 2563 678 fecit
2582 608 2628 678 (l
2651 609 2772 661 Cor.
2797 625 2854 674 ν,
2875 608 3220 680 2,).()οςῃὶῐο
3268 627 3438 683 opere
3485 610 3618 678 isto,

1971 694 2307 767 pellendum
2332 693 2500 752 illum
2528 695 2707 751 fuisse
2725 697 2795 752 de
2813 701 2963 751 ccctu
2987 695 3396 754 fraternitatis:
3417 716 3620 753 omnes

1969 784 2125 840 enim
2159 784 2381 840 crimen
2414 786 2542 858 ejus
2574 785 2856 854 sciebant,
2881 791 2936 841 et
2965 802 3080 840 non
3121 787 3470 857 arguebant;
3511 804 3620 858 pu-

1969 871 2118 934 blice
2149 874 2302 933 enim
2337 891 2642 930 novercam
2672 892 2842 930 suam
2875 874 3000 930 loco
3033 874 3236 941 uxoris
3259 873 3528 929 habebat.
3558 875 3618 929 In

1967 977 2082 1032 qua
2114 979 2173 1016 re
2206 979 2395 1038 neque
2433 962 2681 1018 testibus
2711 979 2860 1036 opus
2898 967 3040 1028 erat,
3069 979 3254 1034 neque
3283 963 3622 1034 tergiversa-

1965 1049 2122 1106 tione
2149 1050 2346 1123 aliqua
2385 1055 2612 1123 poterat
2643 1051 2759 1124 tegi
2800 1051 3043 1106 crimen.
3073 1051 3182 1120 Ego
3220 1050 3436 1123 quidem
3469 1050 3622 1107 sicut

1963 1137 2159 1194 absens
2188 1155 2428 1212 corpore,
2455 1156 2702 1212 prmscns
2731 1149 2911 1196 autem
2940 1141 3161 1212 spiritu,
3185 1139 3244 1195 id
3271 1131 3379 1211 cst,
3405 1139 3617 1194 absens

1964 1226 2130 1293 facie,
2164 1245 2421 1300 praesens
2453 1215 2648 1292 autem
2683 1219 3027 1303 auctoritate
3057 1229 3322 1310 spiritus,
3353 1229 3453 1304 qui
3485 1245 3621 1285 nus-

1964 1329 2138 1387 quam
2172 1317 2355 1383 abest,
2371 1317 2492 1390 jam
2529 1318 2785 1390 judicavi
2833 1327 2892 1372 ut
2938 1333 3178 1390 prmscns
3205 1335 3330 1374 eum
3377 1321 3475 1392 qui
3521 1319 3618 1374 hoc

1961 1404 2184 1460 admisit
2217 1405 2401 1476 (ἰΙιίιι.,
2435 1409 2512 1476 3).
2542 1430 2569 1456 »
3309 1395 3314 1400 ’

2034 1493 2186 1570 622
2207 1495 2280 1558 Et
2306 1495 2585 1568 quoniam
2619 1495 2862 1551 alterius
2885 1500 2973 1552 est
2993 1495 3100 1551 loci
3125 1499 3182 1551 et
3203 1496 3484 1568 temporis
3515 1496 3612 1552 de-

1961 1587 2310 1654 monstrare,
2334 1583 2550 1656 quibus
2578 1588 2634 1640 et
2660 1583 2894 1658 quantis
2922 1583 3051 1640 aliis
3075 1583 3263 1643 modis
3285 1574 3612 1658 secundum

1961 1669 2116 1743 leges
2149 1671 2573 1728 ecclesiasticas
2605 1673 2877 1738 absentes
2907 1671 3136 1745 possint
3165 1677 3223 1728 et
3243 1659 3493 1727 debeant
3511 1663 3622 1744 ju'L'

1959 1757 2332 1832 dieari,quod
2367 1778 2522 1816 nunc
2554 1763 2624 1816 ad
2659 1779 2778 1817 rem
2814 1761 3373 1834 pertinet,quodque
3402 1761 3611 1816 Valen-

1958 1848 2078 1903 tina
2112 1850 2372 1924 synodus
2397 1867 2648 1924 sequens
2672 1851 2992 1914 Romanam
3019 1849 3335 1906 Eeclesiam
3368 1840 3610 1914 demon}

1954 1937 2178 2008 stravit,
2201 1939 2257 1992 in
2285 1938 2541 2018 medium
2569 1937 3218 2018 devoccmusmidclicet
3237 1931 3378 2008 (can.
3401 1940 3451 2012 4)
3473 1957 3520 1996 :u
3537 1939 3610 1995 Ut

1954 2025 2001 2081 si
2034 2027 2166 2101 quis
2197 2045 2260 2084 se
2293 2013 2740 2094 reum,velwveri
2782 2013 3165 2096 confessione,
3188 2029 3274 2084 vel
3307 2016 3610 2106 mendacio

1952 2114 2223 2171 falsitatis
2247 2117 2730 2188 pronuntiaverit,
2753 2134 2942 2189 neque
2963 2117 3142 2184 enim,
3163 2119 3363 2190 inquit,
3383 2115 3604 2174 absolvi

1951 2191 2294 2277 potest,'qui
2330 2204 2388 2260 in
2422 2205 2614 2280 seipse
2663 2191 2880 2262 dixerit-
2924 2191 3131 2262 mortis
3181 2223 3443 2276 causam,
3479 2225 3605 2278 qua:

1951 2291 2105 2350 dicta
2135 2293 2193 2347 in
2225 2293 2406 2352 alium
2439 2295 2764 2367 puniretur,
2789 2311 2924 2352 cum
2948 2295 3140 2350 omnis
3163 2295 3264 2368 qui
3289 2293 3400 2352 sibi
3431 2295 3607 2352 fuerit

1951 2382 2156 2454 mortis
2187 2400 2364 2438 causa
2401 2383 2590 2448 maior
2631 2383 2930 2446 homicida
2959 2384 3096 2440 sit.»
3119 2384 3282 2450 Quod
3316 2383 3375 2438 in
3406 2384 3604 2450 Eccle-

1948 2471 2056 2540 sia,
2078 2489 2180 2528 nec
2203 2473 2274 2528 de
2305 2477 2524 2528 secreta
2547 2473 2932 2541 confessione,
2953 2490 3057 2528 nec
3081 2490 3183 2545 per
3211 2472 3389 2548 alium
3413 2477 3604 2550 potest

1950 2560 2069 2614 fieri
2096 2577 2109 2614 :
2135 2561 2578 2634 quanto-minus
2601 2578 2704 2634 per
2725 2562 3078 2627 sacerdotes,
3095 2561 3310 2634 quibus
3332 2579 3448 2617 non
3471 2562 3604 2618 licet

1947 2647 2054 2703 sibi
2077 2651 2340 2706 confessa
2363 2649 2664 2721 publicare
2689 2656 2944 2723 peccata,
2962 2651 3072 2705 nisi
3099 2667 3201 2722 per
3220 2649 3384 2704 illum
3406 2633 3634 2724 ipsum,

1943 2737 2042 2809 qui
2071 2741 2373 2809 peccatum
2407 2738 2726 2805 commisit,
2755 2739 2808 2794 id
2839 2739 2993 2811 quod
3029 2739 3181 2795 male
3211 2745 3406 2812 egerat
3431 2741 3604 2796 fuerit

1942 2825 2356 2902 propalatum?
2387 2827 2466 2882 De
2499 2844 2613 2900 quo
2639 2829 2816 2884 etiam
2853 2828 3156 2900 providere
3187 2833 3474 2902 quantum
3507 2847 3603 2906 po:

1941 2908 2120 2971 tuerit
2141 2914 2311 2972 debet
2331 2915 2663 2990 episcopus,
2681 2917 2754 2970 ad
2777 2917 2948 2988 cujus
2978 2915 3090 2972 hoc
3112 2933 3312 2972 curam
3339 2916 3604 2987 noscitur

1941 3004 2248 3079 pertinere,
2275 3008 2338 3060 ut
2369 3022 2484 3060 non
2515 3022 2706 3061 errore
2741 3004 3037 3074 seductus,
3063 3009 3165 3061 aut
3193 3005 3404 3074 timore
3437 3023 3604 3085 coac‘

1943 3099 2064 3164 tus,
2086 3094 2401 3168 quisquam
2433 3095 2790 3151 mendaciter
2821 3095 2884 3174 in.
2913 3113 2974 3152 se
3005 3095 3178 3164 dicat,
3207 3095 3362 3153 unde
3391 3093 3478 3152 vel
3512 3113 3595 3165 se,

185 3186 532 3242 convictum.
577 3183 650 3238 Et
697 3181 756 3238 in
809 3179 1053 3237 concilio
1097 3178 1374 3239 Tolctano
1415 3179 1582 3252 (conc.
1621 3181 1728 3235 Tol.
1752 3198 1828 3250 v1,
1863 3165 1907 3230 ί)
1944 3177 2030 3239 vel
2063 3165 2382 3240 Ecclesiam
2415 3183 2609 3265 laedat,
2631 3183 2769 3257 quia
2796 3169 2930 3240 inde
2959 3184 3136 3241 etiam
3163 3188 3252 3255 est
3276 3185 3596 3255 decretum,

182 3292 296 3336 can.
323 3275 410 3347 11.)
429 3291 483 3329 :«
507 3271 762 3345 Dignum
790 3273 964 3326 estut
986 3268 1104 3323 vita
1133 3268 1462 3324 innocentis
1489 3285 1603 3323 non
1637 3285 1838 3326 macu-

183 3361 329 3420 lctur
349 3361 620 3436 pernicie
633 3357 1062 3416 accusantium.
1079 3357 1212 3412 Ideo
1235 3357 1506 3430 quisquis
1527 3375 1561 3412 a
1583 3357 1841 3430 quolibet

182 3451 546 3518 criminatur,
571 3453 691 3506 tam
722 3451 1032 3504 accusatus
1055 3463 1230 3519 quam
1257 3450 1562 3502 accusator
1585 3463 1838 3519 praesen-

180 3547 392 3610 tentur,
411 3545 592 3614 atque
613 3538 812 3614 legum
833 3541 891 3594 et
905 3553 1196 3592 canonum
1215 3535 1513 3592 sententiae
1535 3535 1840 3608 exquiran-

182 3617 290 3706 tur,
306 3629 446 3699 utsi
475 3629 721 3705 indigna
741 3625 1233 3706 adaccusapdqm
1256 3642 1505 3706 persona
1523 3625 1834 3695 invenitur,

187 3701 252 3776 ad
272 3715 401 3794 ejus
443 3701 884 3778 accusationem
904 3701 1216 3788 quisquam
1247 3701 1362 3772 non
1386 3715 1707 3786 judicetur,
1732 3733 1837 3772 nec

187 3807 627 3873 condemnetur.
655 3830 676 3859 ι
704 3803 861 3868 Ειςὶη
893 3801 1339 3877 Carthaginensi
1387 3803 1630 3860 concilio
1661 3808 1834 3874 (conc.

189 3898 296 3968 Afr.
327 3914 449 3972 cap.
473 3895 564 3970 95)
589 3913 639 3951 :«
662 3892 1051 3966 Quaerendum
1076 3895 1164 3948 est
1185 3891 1481 3964 injudicio
1507 3895 1678 3965 cujus
1699 3911 1837 3950 eon-

191 3985 530 4050 versationis
553 3988 612 4043 et
641 3981 776 4039 fidei
807 3981 884 4054 sit
906 3980 956 4037 is
979 3979 1076 4054 qui
1110 3983 1366 4047 accusat,
1393 3983 1451 4036 et
1480 3981 1530 4037 is
1551 3982 1648 4054 qui
1677 4000 1842 4039 accu-

192 4059 577 4132 satur.»'ltem
608 4072 667 4128 in
701 4072 902 4128 eodem
941 4073 1084 4142 (cap.
1107 4069 1200 4139 98)
1223 4085 1274 4123 :«
1297 4070 1501 4125 Testes
1537 4074 1733 4127 autem
1766 4073 1836 4128 ad

191 4163 586 4222 testimonium
613 4177 730 4217 non
750 4157 1166 4226 admittendos,
1187 4146 1286 4230 qui
1309 4175 1413 4214 nec
1433 4159 1504 4214 ad
1523 4161 1842 4218 accusatio-

190 4271 316 4330 nem
353 4251 586 4311 admitti
619 4249 888 4324 praacepti
920 4253 1078 4316 sunt,
1099 4245 1188 4304 vel
1221 4248 1397 4304 etiam
1423 4265 1569 4322 quos
1601 4251 1724 4323 ipse
1753 4269 1843 4308 ac-

191 4347 426 4409 cusator
445 4341 516 4398 de
537 4341 714 4397 domo
737 4355 845 4394 sua
868 4335 1261 4411 produxerit.»
1287 4337 1357 4392 Et
1376 4342 1617 4396 sanctus
1636 4339 1842 4398 Corne-

189 4430 304 4487 lius
323 4447 472 4504 papa
489 4433 550 4486 et
566 4431 809 4502 martyr,
837 4427 1163 4498 beatusque
1187 4425 1344 4482 Felix
1377 4427 1676 4485 Romanus
1698 4447 1839 4504 pon-

1947 3277 2011 3328 ut
2053 3276 2278 3328 extorta
2323 3272 2634 3339 confessio,
2657 3272 2744 3328 vel
2795 3278 2996 3330 coacta
3041 3273 3416 3347 subscriptio,
3449 3273 3600 3346 nihil

1944 3361 2159 3436 vigoris
2194 3361 2479 3441 obtineat,
2508 3363 2570 3416 Β.
2593 3361 2916 3419 Alexandro
2949 3367 3200 3438 martyre
3231 3363 3506 3436 glorioso,
3541 3368 3598 3424 et

1947 3456 2078 3526 post
2101 3451 2164 3506 B.
2190 3452 2424 3507 Petrum
2447 3455 2654 3523 quarto
2676 3451 3005 3526 apostolica:
3024 3451 3179 3508 sedis
3207 3451 3480 3524 pontifice
3494 3451 3596 3524 ju-

1946 3523 2178 3602 dicante
2208 3541 2383 3612 (epist.
2407 3539 2477 3595 ad
2507 3555 2653 3596 omn.
2678 3523 2916 3612 orthod.)
2946 3557 2994 3596 ;‹‹
3021 3540 3080 3596 Si
3119 3541 3192 3596 ab
3211 3523 3599 3612 ihujusmodi,

1947 3631 2145 3702 inquit,
2197 3629 2484 3702 personis,
2511 3629 2668 3702 quod
2699 3629 2860 3684 omni
2897 3634 2984 3685 est
3015 3628 3342 3690 Christiano
3374 3629 3597 3710 nomini

1947 3717 2274 3786 inimicum,
2291 3718 2554 3790 quaedam
2583 3717 2896 3790 Scripturze
2919 3719 3330 3791 quoquomodo
3353 3735 3456 3791 per
3477 3735 3596 3787 me-

1946 3810 2094 3874 tum,
2121 3809 2222 3880 aut
2251 3805 2538 3872 fraudem,
2566 3807 2667 3860 aut
2699 3822 2802 3878 per
2828 3806 2942 3862 vim
2987 3809 3218 3862 extortae
3250 3803 3488 3872 fuerint,
3509 3807 3597 3862 vel

1948 3899 2014 3951 ut
2045 3912 2105 3950 se
2137 3893 2384 3950 liberare
2416 3893 3031 3968 possint,quocunque
3055 3895 3128 3949 ab
3148 3893 3232 3950 eis
3257 3894 3597 3970 conscriptae

1943 3983 2034 4040 vel
2067 3983 2348 4039 roboratze
2381 3982 2598 4038 fuerint
2627 3983 2881 4056 ingenio,
2905 3985 2976 4039 ad
3011 3983 3242 4040 nullum
3273 3983 3358 4038 eis
3389 3979 3600 4076 prasini;

1947 4069 2168 4129 dicium
2193 4073 2295 4124 aut
2311 4073 2729 4125 noeumentum
2749 4070 3050 4142 provenire
3067 4087 3395 4142 censemus,
3412 4069 3599 4146 neque

1949 4159 2129 4215 ullam
2163 4157 2247 4212 eis
2278 4157 2582 4212 infamiam
2613 4157 2700 4213 vel
2734 4159 3112 4227 calumniam,
3139 4163 3240 4214 aut
3279 4176 3313 4214 a
3351 4160 3476 4230 suis
3507 4177 3598 4214 se-

1949 4245 2408 4322 questrationem
2448 4237 2948 4320 bonis-unquam,
2973 4252 3208 4304 auctore
3252 4246 3516 4314 Domino,
3542 4251 3598 4302 et

1949 4336 2170 4394 sanctis
2191 4335 2694 4410 apostolis.eorum
2705 4352 2816 4408 que
2837 4335 3294 4405 successoribus,
3310 4335 3600 4409 sustinere

1951 4425 2369 4499 permittimus.
2389 4423 2684 4480 Confessio
2704 4440 2837 4479 vero
2865 4423 2926 4479 in
2957 4422 3174 4480 talibus
3199 4440 3314 4480 non
3340 4422 3600 4498 compul-

185 4520 338 4588 tifex,
360 4524 416 4578 et
445 4535 650 4576 omnes
697 4508 858 4572 illius
890 4514 1048 4572 sedis
1078 4515 1388 4587 pontiﬁces
1437 4517 1838 4587 decreverunt,
1872 4535 1918 4602 ι)
1949 4515 2151 4584 sa,sed
2175 4517 2498 4587 spontanea
2518 4513 2639 4567 fieri
2663 4513 2996 4602 debet,ipso
3017 4516 3328 4602 attestante
3347 4513 3446 4600 qui
3471 4513 3593 4586 ait:

187 4613 252 4664 ut
279 4611 514 4673 caveant
555 4605 790 4678 judices
837 4603 1130 4670 Ecclesiaz,
1181 4620 1253 4658 ne
1304 4605 1543 4662 absente
1573 4624 1638 4662 eo
1669 4609 1838 4680 cujus

189 4689 362 4770 causa
385 4695 722 4764 ventilatur,
756 4691 1107 4750 sententiam
1155 4693 1472 4765 proferant,
1497 4695 1636 4766 quia
1672 4697 1836 4753 irrita

189 4785 314 4854 erit,
337 4791 392 4858 et
418 4785 591 4842 etiam
625 4783 911 4840 rationem
941 4799 1044 4856 pro
1067 4781 1295 4838 actione
1321 4783 1376 4837 in
1402 4785 1710 4854 praesentia
1729 4787 1838 4842 fra-

190 4879 340 4935 trum
369 4875 610 4941 dabunt,
634 4871 890 4945 exceptis
922 4871 1246 4944 designatis
1289 4873 1484 4928 causis
1518 4891 1666 4946 quas
1714 4876 1835 4932 sin-

192 4962 432 5038 gillatim
473 4963 632 5038 leges
678 4959 946 5026 Ecclesiae
996 4961 1529 5032 exprimunt,sicut
1575 4967 1636 5018 et
1679 4963 1838 5038 leges

192 5052 427 5136 publica:
459 5053 702 5116 modum
734 5053 958 5108 eertum
989 5048 1394 5136 denominant,
1419 5068 1536 5123 quo
1567 5053 1840 5109 absentes

185 5135 400 5212 judicio
429 5141 683 5204 debeant
705 5137 1106 5210 condemnari,
1133 5135 1189 5192 id
1221 5143 1330 5204 est,
1355 5143 1419 5193 ut
1440 5139 1486 5194 si
1511 5145 1629 5196 tam
1663 5141 1841 5196 famo-

193 5225 486 5292 sissimum
507 5228 728 5290 crimen
755 5227 852 5300 sit,
870 5225 1006 5282 etin
1029 5221 1274 5292 crimine
1301 5226 1696 5284 famosissima
1717 5246 1842 5302 per-

193 5333 348 5384 sona,
384 5323 450 5374 ut.
481 5319 882 5390 nequetestes
913 5315 989 5382 ad
1026 5315 1492 5370 convincendum
1526 5315 1838 5371 necessarii

195 5403 530 5474 habeantur,
553 5423 660 5463 nec
709 5403 900 5478 ipsius
947 5403 1284 5479 indigeatur
1335 5403 1842 5476 prmseiitia,sicnt

195 5491 526 5552 Ambrosius
543 5493 604 5550 in
627 5491 888 5566 Epistola
909 5493 980 5548 ad
999 5491 1332 5548 Corinthios
1353 5491 1496 5546 dicit
1515 5509 1562 5546 :u
1589 5491 1837 5562 Judicis,

199 5576 478 5660 inquiens,
499 5600 617 5642 non
641 5585 731 5642 est
761 5581 888 5642 sine
919 5586 1258 5640 accusatore
1291 5581 1591 5650 damnare,
1615 5579 1754 5656 quia
1783 5585 1842 5639 et

498 5712 772 5777 PATROL.
820 5709 1054 5776 CXXV.

1948 4607 2031 4660 Ea:
2049 4603 2208 4660 corde
2225 4605 2373 4659 enim
2389 4602 2689 4675 procedunt
2705 4601 3023 4670 homicidia,
3049 4601 3340 4672 adulteria,
3363 4605 3602 4675 fornica-

1941 4696 2132 4760 tiones,
2159 4691 2512 4764 btasphemiae
2530 4691 2738 4760 (Matth.
2761 4709 2854 4760 xv,
2877 4691 3059 4764 19),et
3083 4693 3288 4748 cmtera
3309 4708 3436 4768 quae
3461 4698 3602 4763 sunt

1943 4783 2024 4848 ad.
2048 4783 2168 4837 haec
2199 4780 2568 4854 pertinentia.
2591 4780 2694 4836 nEt
2722 4781 2860 4836 item
2887 4796 2934 4836 :u
2950 4779 3217 4854 Amplius
3248 4785 3446 4840 autem
3479 4800 3600 4840 res-

1945 4871 2087 4944 picit
2115 4870 2269 4925 Deus
2298 4869 2370 4924 ad
2409 4869 2812 4941 cogitationes,
2837 4873 2895 4924 et
2943 4873 3300 4942 spontaneas
3329 4869 3600 4928 volunta—

1943 4965 2052 5026 tes,
2078 4975 2255 5032 quam
2289 4959 2360 5014 ad
2394 4959 2697 5030 actus,qui
2737 4975 2841 5030 per
2877 4957 3339 5030 simplicitatem,
3367 4962 3468 5014 aut
3499 4976 3602 5030 per

1947 5048 2353 5103 necessitatem
2389 5048 2556 5100 tiunt.
2593 5046 2894 5102 Confessio
2931 5064 3064 5102 vero
3112 5065 3227 5102 non
3271 5045 3597 5118 extorpueri

1947 5137 2118 5193 debet
2147 5137 2206 5190 in
2240 5133 2476 5202 talibus,
2493 5136 2592 5190 sed
2633 5136 2830 5207 potius
2866 5139 3072 5207 sponte
3105 5135 3384 5206 proﬁteri.
3409 5133 3595 5188 Pessi-

1948 5243 2111 5282 mum
2131 5231 2221 5281 est
2237 5223 2393 5280 enim
2418 5223 2488 5278 de
2510 5223 2846 5302 suspicione
2869 5229 2970 5278 aut
2989 5229 3214 5279 extorta
3235 5222 3598 5299 confessione

1947 5330 2304 5388 quemquam
2319 5312 2608 5384 judicare,
2625 5330 2760 5368 cum
2791 5313 2978 5386 magis
2999 5312 3290 5382 inspector
3309 5307 3498 5366 cordis
3521 5310 3600 5366 sit

1947 5403 2234 5460 Dominus
2249 5419 2428 5475 quam
2446 5402 2723 5474 operis,et
2743 5401 2937 5474 potius
2958 5399 3203 5470 requirit
3218 5397 3605 5474 cogitationes

1948 5509 2150 5566 puras,
2169 5495 2227 5548 et
2247 5491 2578 5548 voluntates
2601 5491 2998 5562 benas,quam
3021 5487 3197 5542 verba
3226 5487 3552 5552 mendacia.
3569 5512 3599 5542 »

1950 5577 2111 5639 Talis
2129 5579 2288 5638 enim
2310 5579 2369 5638 in
2403 5577 2660 5638 Ecclesia
2689 5577 2814 5634 ﬁeri
2836 5576 3007 5633 debet
3036 5573 3109 5632 ab
3141 5573 3240 5634 illo
3263 5575 3362 5652 qui
3395 5593 3598 5656 pecca-

3201 5705 3279 5770 22
