3896 6182
306 340 424 402 683

1235 341 1530 403 HINCMA
1543 341 1619 402 Ri
1667 337 2117 401 RHEMENSIS
2165 335 2788 398 ARCHIEPISCOPI.

3576 335 3684 396 684

300 473 385 529 vit
413 472 895 542 confessio,sicut
913 471 1197 546 scriptum
1219 473 1461 529 estzbic
1487 478 1548 529 tu
1571 470 1956 545 prioriuiqui-
1987 471 2035 535 Α
2067 469 2161 523 Ait
2189 467 2344 522 enim
2386 469 2456 523 de
2503 469 2656 523 Juda
2688 483 2700 521 :
2729 490 2756 518 «
2793 469 2938 523 Tum:
2987 465 3170 522 videns
3223 466 3408 532 ludas,
3439 468 3533 539 qui
3573 484 3689 524 eum

300 567 451 619 tates
474 568 626 630 tuas,
651 567 716 618 ut
728 563 1095 634 justiﬁceris.
1111 562 1291 629 Prior,
1309 563 1568 634 inquam,
1585 567 1649 617 ut
1669 565 1727 617 et
1745 577 1945 616 vocem

300 652 658 708 accusatoris
679 650 916 716 diaboli,
933 655 992 706 et
1017 651 1224 706 faciem
1247 651 1477 706 Domini
1503 650 1562 706 in
1584 649 1947 706 confessione

301 740 638 812 praevenias,
665 743 728 794 ut
739 738 1104 811 justificeris,
1126 757 1239 794 non
1263 744 1328 794 ut
1347 738 1754 794 condemneris
1777 753 1789 792 :
1811 737 1950 809 quia

301 829 432 902 ipsa
457 828 634 884 etiam
653 827 1047 884 ecclesiastica
1075 829 1620 896 excommunicatio,
1647 845 1761 883 non
1783 831 1950 893 inter:

302 917 516 973 naliter
530 915 904 990 pmnalis,sed
923 917 1259 990 temporalis
1271 921 1359 973 est
1374 923 1548 990 atque
1564 915 1948 982 medicinalis,

303 1009 536 1061 tantum
566 1010 634 1061 ut
663 1009 1035 1062 convertatur
1061 1011 1330 1078 peccator
1361 1007 1432 1062 ad
1477 1005 1666 1071 illum,
1690 1009 1747 1061 et
1777 1005 1951 1069 vivat,

305 1094 409 1168 qui
438 1111 555 1151 non
585 1094 712 1152 vult
743 1099 991 1153 mortem
1023 1086 1365 1169 peccatoris,
1398 1096 1501 1151 sed
1531 1096 1706 1150 vitam
1739 1093 1951 1166 (Ezech.

305 1201 465 1253 xvut,
485 1184 600 1258 23).
622 1185 693 1240 Et
719 1184 933 1241 iterum
991 1185 1275 1256 scriptum
1326 1185 1558 1240 estzEx
1617 1183 1790 1240 verbis
1846 1183 1955 1238 tuis

300 1272 712 1345 justiﬁeaberis,
767 1280 817 1328 et
861 1289 931 1328 ex
975 1273 1151 1329 verbis
1198 1277 1306 1328 tuis
1351 1274 1794 1330 condemnaberis
1827 1273 1952 1343 (lsa.

309 1378 464 1432 XLIII,
486 1361 602 1429 26).
623 1360 786 1417 Unde
820 1361 1207 1434 Hieronymus
1231 1379 1283 1418 τι(
1303 1364 1384 1418 Ex
1425 1362 1595 1418 malis
1625 1361 1818 1417 verbis
1849 1362 1956 1416 du-

311 1449 474 1505 bium
505 1467 621 1506 non
664 1454 753 1506 est
783 1451 939 1523 quod
987 1452 1304 1508 damnetur
1331 1469 1365 1507 a
1397 1457 1506 1508 Deo
1539 1451 1714 1506 homo
1743 1450 1844 1522 qui
1893 1465 1962 1504 ea

311 1537 555 1611 protulit
586 1555 599 1592 :
626 1539 940 1610 justiﬁcari
984 1544 1180 1596 autem
1212 1556 1292 1608 ,ex
1342 1540 1508 1596 bonis
1555 1539 1748 1596 verbis
1799 1537 1960 1594 nullo

313 1625 488 1682 modo
510 1629 720 1699 potest,
745 1625 857 1682 nisi
881 1627 954 1684 de
973 1627 1182 1684 intimo
1201 1629 1394 1684 cordis
1414 1646 1482 1684 ea
1505 1633 1662 1684 recta
1686 1627 1962 1683 intentio-

291 1731 388 1790 .ne
419 1716 693 1788 proferat.
713 1715 874 1771 Bona
901 1716 1130 1772 etiamsi
1175 1718 1314 1786 sint,
1329 1723 1386 1773 et
1416 1735 1530 1774 non
1581 1721 1734 1774 recto
1766 1716 1962 1773 studio

316 1802 535 1860 fuerint
561 1802 806 1876 prolata,
822 1805 1150 1876 justificarc
1171 1805 1502 1879 loquentem
1526 1824 1642 1862 non
1670 1811 1962 1880 poterunt,

315 1891 472 1949 sicut
492 1908 597 1948 nec
617 1892 870 1964 Caiphas
891 1894 1037 1950 62‘]
1067 1895 1500 1968 interpretando
1523 1897 1728 1968 justus
1763 1896 1967 1950 inven-

317 1984 415 2037 tus
434 1983 542 2048 est,
568 1980 670 2054 qui
691 1981 838 2038 dixit
863 1999 876 2038 :
899 1983 1130 2056 Expedit
1149 1993 1210 2040 ut
1236 2001 1379 2041 unus
1399 1984 1555 2042 homo
1577 1986 1846 2041 moriatur
1869 2001 1968 2057 pro

315 2067 536 2139 populo,
557 2075 610 2123 et
634 2083 746 2124 non
775 2077 884 2124 tota
910 2086 1040 2141 gens
1065 2079 1251 2143 pereat
1269 2073 1446 2140 (Joan.
1469 2091 1548 2138 x1,
1569 2075 1682 2141 50).
1708 2071 1812 2128 Illa
1831 2088 1968 2144 ergo

317 2155 494 2211 verba
515 2155 848 2227 justiﬁcant
875 2157 1348 2233 loquentem,qui
1376 2162 1529 2216 bona
1549 2178 1676 2233 qua:
1701 2178 1798 2217 ore
1833 2177 1968 2232 pro-

318 2243 429 2299 fert
458 2243 799 2300 medullitus
827 2247 998 2302 cordc
1042 2247 1269 2316 retinet,
1294 2253 1351 2304 et
1399 2254 1602 2305 sancta
1650 2248 1971 2304 intentione

320 2331 556 2404 profert.
579 2329 967 2390 In'verborum
983 2336 1138 2391 enim
1157 2338 1411 2409 pondere
1431 2337 1688 2411 operatio
1705 2336 1973 2393 consistit

318 2420 449 2476 vitae
480 2419 750 2476 humana:
777 2439 790 2478 :
816 2423 977 2496 quia,
1000 2428 1065 2480 ut
1085 2424 1361 2482 Salomon
1389 2425 1505 2482 ait:
1532 2427 1670 2482 Mors
1697 2435 1747 2482 et
1775 2428 1883 2481 vita
1912 2427 1973 2480 in

319 2509 578 2566 manibus
625 2510 838 2580 lingua:
856 2516 1040 2580 (Prov.
1063 2521 1222 2580 xvu'l,
1245 2514 1359 2583 21).
1387 2537 1415 2564 »
1438 2515 1507 2570 Et
1537 2515 1812 2588 capitulis
1857 2517 1972 2570 Au-

323 2601 632 2671 gustorum
675 2598 1007 2656 decernitur
1039 2617 1089 2656 :«
1123 2601 1197 2658 Ut
1227 2603 1329 2675 qui
1376 2603 1584 2659 timore
1633 2603 1975 2676 compulsus

326 2701 560 2742 servum
591 2702 654 2742 se
682 2703 812 2744 esse
835 2693 997 2744 extra
1015 2689 1309 2761 judicium
1333 2691 1561 2760 dixerit,
1586 2692 1814 2748 nullum
1839 2710 1978 2766 prae-

321 2774 619 2846 judicium
649 2775 936 2832 libertatis
964 2777 1244 2850 incurrat,
1271 2781 1452 2837 donec
1475 2781 1702 2854 judicio
1732 2799 1980 2856 praesen-

329 2867 504 2932 tetur,
542 2868 608 2921 ut
636 2863 964 2923 libertatem
995 2885 1188 2935 suam,
1219 2868 1269 2924 si
1299 2887 1428 2926 eam
1461 2871 1810 2944 probaverit,
1841 2888 1980 2945 pra:-

331 2957 498 3008 sente
539 2953 743 3024 judice
789 2955 1070 3024 obtineat,
1101 2962 1203 3014 aut
1246 2958 1295 3015 si
1341 2976 1545 3016 servus
1593 2959 1976 3029 convincitur,

331 3041 534 3098 Statim
563 3042 812 3100 Domino
843 3046 1209 3103 reformetur.

401 3130 624 3188 Debent
645 3132 924 3188 nimirum
947 3135 1496 3208 episcopi,videlicct
1513 3138 1745 3210 judices
1765 3137 1982 3193 anima—

2057 556 2308 623 tradidit,
2344 557 2483 628 quod
2536 555 2826 612 damnatus
2855 564 3012 623 esset,
3042 557 3359 626 pcenitentia
3395 554 3579 611 ductus
3613 573 3692 612 re-

2056 646 2184 702 tulit
2215 645 2450 714 triginta
2498 653 2778 714 argenteos
2814 644 3162 717 principibus
3199 652 3521 700 sacereotum
3545 652 3592 699 et
3616 663 3692 701 se-

2056 735 2329 800 nioribus,
2362 734 2546 790 dicens
2575 753 2594 788 :
2624 735 2868 802 Peccavi,
2898 733 3118 789 tradens
3149 733 3472 801 sanguinem
3498 733 3696 804 justum

2058 823 2265 893 (Matth.
2317 841 2489 890 xxvu,
2533 824 2588 892 3,
2633 825 2708 894 4).
2749 822 3017 879 Avaritiae
3073 821 3535 896 magnitudinem
3583 823 3694 896 [al.,

2059 909 2490 984 magnitudine]
2547 909 2873 982 impietatis
2927 910 3159 983 pondus
3205 908 3469 966 exclusit.
3499 909 3699 968 Videns

2059 1001 2091 1056 J
2100 1001 2244 1056 udas
2271 999 2588 1057 Dominum
2623 999 3029 1071 adiudicatum
3062 999 3255 1066 morti,
3286 999 3535 1071 pretium
3566 1005 3702 1056 retu-

2062 1089 2132 1145 lit
2163 1089 2589 1156 sacerdotibus,
2622 1088 2792 1161 quasi
2840 1089 2900 1145 in
2951 1093 3240 1162 potestate
3269 1105 3378 1144 sua
3409 1093 3560 1146 esset
3587 1106 3702 1162 per-

2065 1182 2398 1234 secutorum
2433 1182 2662 1234 mutare
2705 1177 3084 1256 sententiam.
3118 1177 3338 1250 Itaque,
3365 1177 3500 1234 licet
3527 1184 3701 1235 muta-

2063 1265 2210 1322 verit
2253 1265 2613 1322 voluntatem
2669 1283 2862 1335 suam,
2909 1271 3106 1322 tamen
3155 1265 3474 1322 voluntatis
3521 1266 3703 1339 primae

2066 1355 2284 1409 exitum
2310 1371 2427 1409 non
2451 1354 2718 1410 mutavit.
2743 1354 2803 1410 Si
2835 1359 3032 1410 autem
3065 1355 3322 1427 peccavit
3354 1354 3454 1410 ille
3475 1355 3570 1426 qui
3601 1359 3702 1410 tra-

2066 1442 2218 1498 didit
2248 1443 2594 1515 sanguinem
2609 1445 3101 1516 justum,quanto
3124 1443 3315 1516 magis
3342 1448 3706 1517 peccaverunt

2069 1531 2171 1604 qui
2209 1537 2473 1587 emerant
2523 1531 2873 1604 sanguinem
2913 1532 3168 1603 justum,
3191 1536 3248 1587 et
3275 1533 3570 1588 offerendo
3593 1549 3706 1606 pre-

2071 1620 2220 1676 tium
2239 1619 2312 1675 ad
2331 1619 2720 1692 proditionem
2738 1619 2882 1676 disci
2891 1619 3095 1692 pulum
3116 1620 3541 1693 provocarunt?
3554 1624 3620 1678 At
3633 1621 3705 1678 illi

2072 1709 2342 1765 dixerunt
2365 1727 2378 1764 :
2407 1709 2547 1778 Quid
2567 1709 2636 1765 ad
2661 1727 2759 1766 nos
2775 1710 2803 1766 ‘?
2828 1712 2903 1766 Tu
2922 1710 3146 1767 videris.
3169 1711 3233 1766 Et
3247 1712 3511 1784 projectis
3530 1729 3708 1782 argen-

2073 1800 2174 1854 teis
2205 1800 2265 1854 in
2295 1799 2509 1870 templo,
2546 1801 2786 1865 recessit,
2809 1808 2860 1854 et
2889 1798 3079 1856 abiens
3112 1799 3300 1872 laqueo
3345 1817 3409 1858 se
3454 1801 3710 1874 suspendit

2075 1885 2258 1960 (ibid,
2285 1904 2333 1942 v.
2354 1887 2431 1958 5).
2457 1887 2613 1942 Nihil
2663 1887 2883 1960 profuit
2929 1887 3120 1961 egisse
3168 1889 3596 1962 penitentiam,
3624 1907 3711 1964 per

2077 1993 2257 2048 quam
2289 1975 2482 2032 scelus
2522 1975 2812 2050 corrigere
2861 1993 2976 2033 non
3026 1977 3237 2050 potuit.
3269 1978 3330 2035 Si
3382 1981 3612 2052 quando
3638 1979 3710 2036 sic

2077 2065 2257 2120 frater
2285 2068 2486 2136 peccat
2514 2063 2575 2120 in
2615 2065 2874 2134 fratrem,
2908 2069 2974 2121 ut
3017 2067 3330 2124 emendare
3359 2067 3550 2125 valeat
3575 2068 3709 2141 quod

2079 2153 2357 2226 peccavit,
2391 2157 2580 2226 potest
2627 2157 2685 2210 et
2715 2153 2932 2210 dimitti
2967 2171 2980 2210 :
3016 2154 3108 2210 sin
3140 2159 3338 2212 autem
3389 2162 3712 2230 permanent

2079 2259 2276 2316 opera,
2311 2242 2529 2296 frustra
2557 2259 2695 2298 voce
2742 2242 3067 2298 assumitur
3103 2243 3471 2316 pmnitentia.
3504 2245 3612 2302 Hoc
3637 2249 3712 2302 est

2081 2331 2235 2403 quod
2261 2330 2319 2385 in
2338 2330 2568 2387 Psalmo
2588 2331 2658 2387 de
2674 2332 2877 2388 eodem
2896 2331 3300 2390 infelicissimo
3316 2333 3347 2390 J
3356 2335 3478 2390 uda
3491 2335 3706 2390 dicitur:

2079 2420 2144 2475 Et
2172 2421 2346 2476 oratio
2375 2421 2494 2491 ejus
2523 2421 2620 2492 ﬁat
2650 2423 2710 2476 in
2747 2429 3026 2494 peccatum
3045 2423 3216 2492 (Psal.
3243 2439 3406 2492 cvm,
3429 2424 3506 2497 7),
3528 2428 3587 2480 ut
3615 2441 3712 2480 non

2083 2509 2236 2566 622
2270 2507 2463 2564 solum
2497 2510 2810 2566 emendare
2831 2510 3154 2582 nequiverit
3179 2513 3535 2584 proditionis
3555 2513 3713 2580 nefas,

2084 2597 2184 2654 sed
2208 2597 2281 2652 ad
2313 2597 2478 2670 prius
2509 2597 2702 2654 scelus
2723 2597 2900 2654 etiam
2932 2599 3152 2672 proprii
3184 2599 3498 2658 homicidii
3525 2601 3716 2659 crimen

2084 2685 2356 2742 adiderit.
2396 2708 2424 2737 ››
2477 2687 2817 2743 Timeamus
2856 2703 3060 2744 omnes
3100 2687 3251 2746 hanc
3281 2706 3486 2747 veram
3514 2695 3716 2747 senten-

2085 2775 2249 2844 tiam,
2273 2791 2585 2831 caveamus
2617 2775 2766 2832 hanc
2805 2777 3368 2849 perniciosissimam
3401 2795 3545 2854 erga
3569 2780 3715 2836 dece-

2087 2863 2345 2936 ptioncm
2376 2868 2638 2920 nostram
2669 2864 2968 2921 diabolicae
3009 2865 3394 2940 malignitatis
3434 2868 3714 2936 astutiam,

2089 2969 2206 3025 qua
2227 2951 2628 3008 fraudulenter
2645 2952 2916 3010 diabolus
2937 2955 3114 3010 etiam
3133 2956 3242 3012 sub
3265 2955 3613 3028 poenitentia:
3630 2973 3714 3030 spe

2089 3057 2197 3097 nos
2227 3039 2469 3109 deludit,
2501 3045 2559 3097 et
2588 3059 2657 3097 ex
2686 3041 2928 3098 consilio
2961 3060 3068 3100 nos
3097 3043 3157 3099 in
3187 3043 3362 3118 culpa
3392 3044 3558 3120 ligat,
3582 3045 3712 3119 quod

2089 3143 2224 3184 cum
2257 3129 2332 3184 ab
2359 3132 2516 3184 statu
2558 3129 2802 3200 justitia:
2852 3133 3146 3204 peccando
3196 3133 3584 3206 concidimus,
3612 3133 3711 3208 ple-

328 3235 483 3289 rum,
517 3236 870 3294 magnopere
917 3207 1234 3295 providere,
1269 3230 1326 3280 et
1386 3207 1580 3282 smculi
1639 3225 1978 3282 hominibus
2009 3207 2050 3274 C
2087 3234 2338 3290 rumque
2355 3217 2684 3274 simuletin
2707 3217 2983 3290 laqueum
3002 3220 3430 3294 desperationis
3447 3224 3710 3287 eadimus,

327 3307 621 3376 intimare,
655 3326 726 3364 ne
756 3309 817 3364 in
857 3313 1198 3380 accusandi,
1220 3313 1307 3368 vel
1357 3314 1727 3382 testiﬁcandi,
1753 3318 1854 3370 aut
1875 3315 1974 3386 ju-

325 3395 560 3450 dicandi
594 3398 844 3470 negotio,
869 3400 1037 3470 quasi
1069 3402 1180 3456 sub
1213 3407 1493 3474 praetextu
1516 3403 1723 3458 futura:
1755 3403 1976 3458 confes-

327 3482 511 3540 sionis
539 3499 606 3540 ac
651 3485 1348 3562 pmnitentiaa,suggestio
1390 3491 1679 3547 diabolica
1725 3491 1977 3548 latenter

327 3570 413 3628 eis
459 3571 766 3646 subripiat,
790 3575 990 3632 dicens
1042 3594 1156 3633 non
1204 3579 1528 3647 verbo,-sed
1581 3579 1972 3648 hortamento,

327 3661 658 3736 cuicunque
681 3668 816 3736 post
833 3667 1368 3739 concupiscentiam
1393 3669 1583 3726 cordis
1605 3669 1697 3725 sui
1719 3670 1802 3726 ire
1828 3670 1976 3726 desi-

329 3750 556 3807 deranti
581 3769 594 3807 :
619 3751 880 3820 Intende,
897 3754 1090 3828 inquit
1110 3757 1400 3824 diabolus,
1417 3763 1481 3812 ut
1501 3758 1798 3832 compleas
1817 3761 1972 3832 quod

329 3839 650 3912 desideras,
673 3859 745 3898 ne
776 3843 848 3898 de
878 3860 944 3898 eo
975 3844 1226 3901 vincaris
1257 3848 1410 3918 quod
1442 3864 1702 3920 cmperas
1726 3864 1739 3904 :
1764 3848 1975 3904 melius

329 3926 437 3982 tibi
465 3932 556 3985 est
605 3933 807 4001 postea
854 3932 1255 4004 paenitentiam
1305 3952 1495 4009 agere,
1528 3953 1704 4008 quam
1755 3938 1972 3992 victum

327 4014 718 4074 dehonestari.
743 4019 1219 4080 Testiﬁcantibus
1248 4030 1442 4081 autem
1475 4025 1736 4100 suggerit
1768 4043 1781 4082 :
1817 4027 1976 4098 Inge-

330 4104 496 4163 nium
539 4107 782 4179 potestis
829 4126 1054 4182 capere,
1089 4117 1154 4168 ut
1198 4113 1281 4169 ita
1329 4121 1528 4185 pareat
1573 4116 1728 4187 quod
1779 4114 1974 4170 dicitis

326 4207 528 4251 verum
558 4212 708 4252 esse.
743 4197 1051 4256 Judicibus
1085 4217 1220 4258 vero
1260 4202 1530 4259 diabolus
1561 4220 1713 4276 saepe
1744 4204 1971 4270 suadet,

327 4287 394 4340 ut
421 4284 621 4341 dicant
651 4303 665 4342 :
699 4288 1000 4353 Quomodo
1049 4308 1292 4363 possum
1341 4291 1550 4348 aliter?
1598 4293 1751 4348 sicut
1798 4293 1972 4348 audio

317 4373 543 4445 judico.
587 4373 750 4432 Unde
806 4377 1070 4446 audiant,
1114 4384 1171 4434 et
1216 4381 1530 4436 exaudiant
1577 4398 1706 4452 qua:
1753 4383 1974 4455 scripta

326 4467 466 4518 sunt
498 4480 512 4518 :
541 4464 632 4521 Vae
661 4467 810 4522 vobis
839 4469 938 4539 qui
955 4468 1276 4539 justiﬁcatis
1305 4485 1394 4524 vos
1422 4485 1605 4524 coram
1635 4470 1970 4540 hominibus,

2083 3311 2142 3362 et
2171 3324 2206 3362 a
2237 3307 2428 3364 radice
2457 3308 2580 3380 spei
2622 3307 2890 3364 funditus
2929 3309 3253 3367 evellimur.
3287 3312 3433 3369 Hinc
3461 3320 3554 3371 est
3580 3311 3710 3386 quod

2085 3413 2189 3468 per
2221 3396 2567 3468 prophetam
2592 3397 2900 3467 Dominus,
2923 3415 3038 3454 non
3060 3403 3183 3456 tam
3209 3401 3710 3474 praeipitationum

2087 3501 2262 3557 prava
2283 3502 2459 3556 quam
2489 3483 2834 3542 delictorum
2867 3485 3064 3544 studia
3092 3488 3466 3562 reprehendit
3493 3491 3674 3547 dicens
3697 3505 3708 3544 :

2083 3575 2161 3630 Ne
2185 3575 2326 3646 forte
2371 3574 2688 3643 egrediatur
2715 3584 2775 3631 ut
2805 3577 2954 3646 ignis
2995 3576 3304 3647 indignatio
3347 3597 3490 3654 mea,
3520 3588 3568 3637 et
3606 3594 3708 3635 suc-

2083 3662 2363 3730 cendatur,
2395 3671 2590 3718 etnon
2615 3665 2686 3720 sit
2715 3665 2812 3738 qui
2855 3668 3172 3736 exstinguat
3196 3675 3419 3741 propter
3461 3669 3709 3726 malitiam

2082 3751 2389 3808 studiorum
2426 3760 2727 3808 vestrorum
2764 3758 2904 3824 (Jer.
2927 3771 3005 3824 IV,
3029 3755 3104 3826 4).
3129 3754 3275 3812 Hinc
3305 3755 3520 3813 iterum
3547 3757 3707 3812 iratus

2083 3841 2225 3897 dicit
2257 3857 2270 3895 :
2306 3840 2540 3897 Visitabo
2589 3859 2754 3915 super
2800 3859 2892 3900 vos
2927 3845 3096 3916 juxta
3137 3845 3382 3916 fructum
3427 3845 3707 3902 studiorum

2083 3938 2383 3986 vestrorum
2429 3931 2562 4000 (Jer.
2587 3949 2700 3999 XXI,
2730 3932 2836 4004 14).
2863 3956 2890 3982 ‹‹
2919 3932 3204 4000 Quoniam
3225 3934 3410 4008 igitur
3429 3952 3462 3991 a
3481 3932 3706 4008 peccatis

2081 4017 2232 4088 aliis,
2277 4024 2344 4074 ut
2399 4019 2542 4076 dicit
2591 4021 2795 4076 beatus
2845 4022 3158 4095 Gregorius
3207 4024 3442 4092 (Pastor.
3495 4025 3589 4080 lib.
3635 4039 3705 4090 ιιι,

2079 4125 2199 4180 cap.
2227 4108 2338 4180 33),
2353 4108 2633 4165 differunt
2652 4114 2890 4181 peccata
2912 4127 3041 4182 qua:
3071 4128 3176 4184 per
3195 4111 3505 4168 consilium
3527 4126 3706 4184 perpe-

2083 4199 2341 4264 trantur;
2375 4215 2491 4253 non
2515 4201 2636 4254 tam
2659 4198 2944 4255 Dominus
2966 4215 3142 4270 prava
3161 4200 3313 4256 facta
3335 4217 3512 4273 quam
3532 4198 3707 4256 studia

2082 4285 2383 4358 pravitatis
2403 4285 2755 4358 insequitur.
2773 4288 2834 4343 In
2857 4287 3026 4344 factis
3047 4287 3203 4344 enim
3235 4305 3388 4362 saepe
3420 4287 3706 4346 inﬁrmita-

2083 4379 2156 4443 te,
2185 4391 2336 4446 szepe
2366 4375 2740 4447 negligentia,
2764 4375 2824 4431 in
2855 4376 3070 4433 studiis
3099 4393 3232 4434 vero
3263 4377 3553 4434 malitiosa
3575 4391 3706 4434 sem-

2081 4480 2186 4536 per
2215 4463 2534 4518 intentione
2565 4468 2857 4534 peccatur.
2882 4465 2953 4520 Et
2981 4464 3104 4537 ipse
3140 4464 3199 4522 in
3235 4465 3511 4524 cathedra
3545 4463 3702 4538 pesti-

323 4551 590 4608 Dominus
620 4561 800 4609 autem
828 4557 978 4612 novit
1007 4556 1169 4612 corda
1197 4565 1370 4612 ucstra
1398 4559 1546 4630 (Luc.
1570 4577 1686 4626 χνι,
1712 4561 1820 4630 15),
1855 4562 1923 4617 Et
1955 4578 1969 4616 ε
2004 4580 2050 4645 D
2081 4550 2274 4608 lentia:
2296 4551 2594 4645 sedet,qui
2612 4555 2775 4608 tanta
2794 4553 3124 4645 iniquitatis
3142 4554 3390 4645 elatione
3409 4554 3700 4618 extollitur,

325 4638 390 4693 Si
415 4641 604 4696 oculus
635 4650 782 4711 tuus,
815 4644 873 4699 id
917 4651 1008 4701 est
1053 4645 1300 4702 intentio
1346 4652 1467 4715 tua,
1498 4651 1734 4716 simplex
1775 4651 1969 4724 fuerit,

325 4734 496 4784 totum
524 4745 717 4803 corpus
757 4740 914 4789 tuum
960 4735 1204 4791 lucidum
1251 4739 1357 4794 erit
1385 4737 1586 4810 (Matth.
1611 4757 1687 4807 v1,
1709 4741 1822 4814 22.)
1855 4743 1925 4798 Et
1955 4760 1970 4800 :

323 4819 394 4872 In
445 4833 549 4888 quo
596 4819 812 4890 judicio
858 4823 1262 4896 judicaveritis,
1305 4827 1648 4898 judicabitur
1702 4829 1768 4885 de
1820 4832 1971 4887 vobis

323 4903 531 4973 (Matth.
567 4923 667 4975 vn,
697 4909 774 4981 2).
807 4910 876 4965 Et
910 4927 924 4967 :
955 4913 1146 4970 Falsus
1176 4919 1324 4972 testis
1362 4933 1472 4973 non
1515 4919 1621 4973 erit
1667 4921 1970 4990 impunitus

323 4995 512 5068 (Prou.
539 5013 656 5064 xxx,
684 4997 763 5065 6).
790 4999 860 5054 Et
889 4999 1086 5073 legant
1113 5005 1268 5076 quod
1307 5005 1449 5060 dicit
1487 5011 1724 5063 sanctus
1769 5008 1968 5065 Hiero-

322 5100 536 5157 nymus
557 5085 615 5140 in
637 5089 1058 5146 commentario
1080 5091 1334 5148 Matthazi
1356 5111 1406 5148 :u
1429 5094 1964 5168 Falsus,inquiens,

319 5173 489 5230 testis
512 5179 622 5243 est,
647 5175 746 5248 qui
781 5192 896 5233 non
926 5180 1131 5236 eodem
1162 5199 1338 5238 sensu
1361 5182 1519 5238 dicta
1549 5182 1821 5255 intelligit
1849 5201 1966 5257 quo

317 5261 613 5319 dicuntur.
625 5267 890 5332 nQuanto
912 5269 1100 5340 magis
1117 5270 1219 5342 qui
1240 5271 1340 5326 illa
1361 5271 1504 5326 dicit
1524 5288 1651 5343 quae
1672 5271 1826 5329 dicta
1850 5291 1965 5330 non

315 5351 493 5408 sunt?
515 5351 586 5409 Et
615 5353 714 5409 tali
744 5355 1298 5430 eogitationi,quam
1329 5359 1618 5428 diabolus,
1643 5361 1762 5418 sive
1792 5379 1966 5435 prave

315 5437 781 5509 intendentibus,
816 5443 937 5500 sive
995 5445 1470 5516 testiﬁcantibus,
1523 5449 1643 5504 sive
1689 5450 1963 5522 judican-

314 5526 497 5596 tibus,
529 5529 600 5586 de
629 5530 869 5588 obtentu
900 5534 1253 5606 pmnitcntiae
1296 5537 1586 5608 proponit,
1618 5540 1774 5610 quod
1806 5541 1961 5596 idem

313 5620 556 5676 sanctus
579 5617 967 5700 Hieronymus
987 5623 1049 5682 in
1070 5623 1274 5685 eodem
1293 5623 1442 5684 libro
1463 5625 1617 5699 eicit,
1642 5632 1959 5706 opponant.

2085 4646 2148 4696 ut
2177 4640 2420 4712 implere
2464 4638 2687 4695 malum
2736 4641 2911 4697 etiam
2962 4659 3064 4715 per
3109 4643 3418 4701 consilium
3463 4646 3699 4702 conetur.

2082 4729 2225 4784 Hine
2256 4745 2391 4801 ergo
2417 4727 2690 4802 colligant
2715 4728 2816 4800 qui
2847 4730 2906 4785 in
2938 4731 3110 4804 culpa
3129 4749 3192 4789 se
3213 4733 3387 4790 etiam
3418 4751 3519 4807 per
3535 4728 3700 4788 cousi-

2080 4817 2224 4873 lium
2257 4816 2460 4890 ligant,
2493 4834 2610 4889 qua
2639 4818 2992 4891 quandoque
3030 4818 3250 4876 ultione
3288 4822 3524 4878 feriendi
3551 4820 3694 4886 sunt,

2079 4905 2179 4978 qui
2210 4923 2365 4962 nunc
2395 4922 2708 4977 pravorum
2740 4924 2856 4964 non
2885 4907 3028 4964 socii
3057 4908 3157 4964 sed
3188 4909 3481 4984 principes
3501 4911 3695 4965 fiunt.»

2077 4995 2339 5052 Cavenda
2367 4997 2458 5048 est
2483 4993 2658 5050 etiam
2691 4994 2888 5052 callidi
2921 4995 3106 5052 hostis
3134 4997 3410 5066 versutia,
3435 4998 3530 5071 qui
3551 5011 3694 5052 men-

2074 5088 2192 5140 tem
2223 5099 2402 5155 quam
2451 5087 2688 5154 peccato
2737 5083 3095 5157 supplantat,
3129 5101 3264 5142 cum
3297 5087 3370 5144 de
3400 5087 3558 5144 ruina
3595 5098 3692 5140 sua

2076 5172 2352 5229 afflictam
2401 5170 2666 5243 respicit,
2710 5173 3040 5231 securitatis
3087 5174 3374 5248 pestifera:
3421 5171 3690 5233 blanditiis

2074 5261 2324 5328 seducit,
2341 5259 2467 5316 etei
2490 5275 2624 5332 spes
2665 5277 2730 5316 ac
2757 5261 3096 5320 securitates
3115 5279 3330 5320 vacuas
3359 5269 3492 5322 ante
3519 5257 3689 5320 oculos

2073 5354 2258 5417 vocat,
2273 5352 2565 5422 quatenus
2585 5347 2899 5406 utilitatem
2921 5351 3172 5422 tristitia
3195 5353 3523 5410 subtrahat.
3545 5346 3688 5408 Modo

2073 5438 2226 5494 enim
2257 5437 2506 5494 aliorum
2538 5437 2688 5492 facta
2715 5437 2998 5510 graviora,
3023 5441 3197 5498 modo
3226 5440 3278 5498 ei
3308 5436 3688 5499 verecundiam

2071 5529 2142 5585 de
2171 5525 2573 5602 promissione‘
2590 5542 2716 5594 sua,
2741 5543 2918 5600 quam
2951 5546 3124 5602 prave
3153 5529 3470 5604 adimplere
3497 5523 3686 5604 ριόωἱ·

2070 5622 2245 5688 serat,
2277 5613 2556 5691 opponit:
2580 5614 2754 5673 modo
2785 5615 2931 5676 nihil
2962 5634 3090 5677 esse
3118 5619 3274 5695 quod
3313 5621 3684 5694 perpetratum
