3896 6182
231 334 338 396 685

1069 349 1076 354 ·
1129 335 1231 396 DE
1273 334 1652 397 DIVORTIO
1695 335 2064 398 LOTHARII
2111 337 2210 398 ET
2253 338 2726 400 TETBERGAZ.’

3505 345 3625 404 686

231 472 330 536 est,
354 466 529 522 modo
553 464 992 522 misericordem
1013 467 1199 523 Deum
1223 467 1502 540 loquitur,
1523 470 1696 524 modo
1723 469 1873 524 utili-
1899 471 1957 537 Α
1984 472 2140 542 epist.
2165 471 2256 540 44)
2280 487 2331 525 ;‹‹
2353 471 2666 543 Agathosa,
2706 471 3000 544 inquiens,
3031 473 3203 530 latrix
3247 478 3622 548 praesentium

229 561 415 622 tatem,
431 554 520 612 vel
544 555 935 628 quodcunque
957 555 1418 612 emolumentum
1441 562 1545 612 aut
1563 558 1761 630 gratiae
1783 557 1869 614 vel

231 643 455 701 honoris
471 648 757 716 corruptae
781 643 1189 716 mentiobjicit
1211 662 1224 700 :
1249 647 1420 701 modo
1443 647 1664 701 malum
1687 646 1870 714 aliud,

228 733 368 808 quod
389 733 468 789 de
490 731 643 788 malo
676 731 890 788 minori
921 732 1148 788 excludi
1185 738 1373 806 potest
1393 735 1672 801 ostendit,
1701 735 1874 790 modo

229 824 362 880 aduc
387 825 624 894 tempus
645 821 1012 894 subsequens
1028 823 1100 877 ad
1120 821 1525 894 pwnitcntiam
1548 823 1872 898 pollicetur,

226 917 283 968 ut
302 911 440 967 dum
469 927 572 984 per
594 909 717 966 haec
739 911 982 982 decepta
998 928 1164 967 mens
1187 911 1438 978 ducitur,
1453 929 1485 967 a
1513 911 1666 968 malo
1687 917 1874 986 ccepto

227 1018 326 1056 non
347 1003 674 1070 revocetur,
697 1003 756 1056 et
780 999 852 1054 ab
884 998 1208 1055 intentione
1239 1001 1592 1073 pmnitentia:
1625 1019 1871 1074 suspen-

225 1090 382 1146 datur
415 1106 430 1145 :
468 1093 760 1162 quatenus
791 1092 930 1144 tunc
963 1089 1116 1144 bona
1165 1089 1328 1144 nulla
1356 1090 1660 1163 percipiat,
1692 1107 1871 1164 quam

225 1194 363 1234 nunc
393 1177 556 1233 mala
587 1175 752 1233 nulla
771 1176 1143 1245 contristant,
1167 1182 1227 1232 et
1255 1182 1395 1232 tunc
1416 1177 1648 1250 plenius
1668 1179 1874 1234 obrua-

225 1271 310 1322 tur
335 1265 672 1339 suppliciis,
693 1282 822 1338 quaa
861 1283 1020 1321 nunc
1058 1267 1236 1322 etiam
1278 1268 1498 1338 gaudet
1527 1266 1585 1322 in
1618 1267 1869 1322 delictis.

223 1356 366 1428 Saepe
393 1353 578 1410 etiam
611 1353 849 1427 speciali
879 1353 1037 1410 malo
1067 1353 1399 1426 duplicium
1430 1357 1609 1410 corda
1637 1354 1872 1428 ingenio

223 1444 347 1499 artis
377 1443 639 1516 antiqua:
673 1443 970 1516 pervertit,
995 1447 1060 1498 ut
1088 1443 1231 1498 dum
1266 1461 1537 1516 perversa
1569 1450 1626 1498 et
1654 1441 1872 1516 duplici

224 1531 434 1588 actione
487 1535 728 1588 caeteros
775 1530 1198 1604 fallunt,quasi
1239 1531 1614 1604 praestantius
1651 1532 1874 1589 ueteris

220 1621 530 1694 prudentes
565 1637 627 1676 se
653 1637 781 1676 esse
811 1618 1154 1694 glorientur.
1179 1621 1250 1675 Et
1278 1620 1419 1694 quia
1448 1619 1874 1677 districtionem

221 1709 616 1766 retributionis
634 1726 751 1765 non
769 1709 1170 1777 considerant,
1187 1709 1257 1764 de
1279 1708 1511 1765 damnis
1529 1709 1662 1765 suis
1675 1709 1874 1766 miseri

220 1797 528 1866 exsultant,
555 1797 625 1854 de
671 1796 884 1870 quibus
914 1796 1199 1870 prepbeta
1230 1797 1374 1852 dicit
1409 1813 1421 1854 :
1453 1798 1584 1853 Ecce
1613 1797 1730 1854 dies
1769 1800 1874 1854 Do-

219 1889 347 1943 mini
371 1887 531 1943 venit
561 1902 802 1956 magnus
827 1893 880 1941 et
907 1885 1196 1942 horribilis
1225 1903 1391 1958 super
1418 1903 1604 1942 omnes
1631 1889 1876 1943 civitates

217 1977 466 2043 munitas,
491 1982 546 2031 et
575 1990 740 2046 super
763 1989 949 2030 omnes
973 1974 1208 2043 angulos
1226 1975 1466 2030 excelsos
1490 1975 1675 2048 (Soph.
1700 1992 1740 2043 ι,
1765 1975 1874 2048 16),

217 2062 342 2137 quia
367 2062 460 2119 ira
488 2061 732 2118 extremi
760 2062 974 2134 judicii
999 2062 1262 2119 humana
1285 2065 1482 2132 corda,
1510 2068 1566 2120 et
1595 2063 1880 2120 defensio-

217 2152 375 2208 nibus
404 2155 620 2208 contra
647 2150 950 2206 veritatem
995 2149 1198 2206 clausa
1239 2151 1512 2218 destruit,
1537 2156 1594 2208 et
1623 2151 1874 2224 duplici-

215 2241 422 2297 tatibus
489 2238 759 2296 involuta
809 2239 1094 2296 dissolvit.
1143 2241 1464 2296 Attendant
1513 2245 1569 2296 et
1627 2257 1872 2296 accusa-

216 2335 358 2386 tores
391 2331 546 2386 forte
596 2328 1019 2397 innocentium,
1053 2333 1110 2384 et
1159 2333 1336 2385 testes
1387 2329 1596 2397 dolosi,
1633 2333 1690 2384 et
1712 2329 1875 2401 judi-

216 2435 326 2490 eos,
346 2419 508 2492 quod
571 2418 656 2474 eis
717 2417 976 2474 dicitur:
1014 2418 1103 2475 Vm
1149 2417 1236 2474 his
1286 2419 1384 2490 qui
1435 2417 1678 2474 condunt
1735 2419 1876 2487 leges

220 2509 454 2580 iniquas,
522 2506 816 2564 scribentes
877 2505 1181 2578 injustitias
1223 2506 1349 2578 (lsa.
1383 2523 1440 2574 x,
1479 2507 1552 2580 1).
1603 2507 1672 2562 Et
1717 2507 1873 2579 quod

222 2612 314 2669 per
354 2595 700 2652 Susannam
747 2593 888 2650 dicit
930 2593 1186 2650 violenta
1242 2593 1438 2666 passio
1499 2594 1661 2652 illata
1723 2596 1876 2652 628

217 2684 283 2740 ab
320 2683 627 2756 injustitia
659 2700 674 2740 :
709 2683 887 2741 habet
933 2683 1092 2739 enim
1139 2700 1338 2739 vocem
1393 2701 1584 2752 suam,
1619 2684 1773 2743 sicut
1819 2689 1878 2740 et

221 2772 640 2843 misericordia,
675 2772 748 2828 de
779 2789 898 2846 qua
943 2773 1230 2846 scriptum
1282 2777 1391 2843 est,
1419 2773 1694 2829 Absconde
1739 2774 1876 2830 elec-

219 2878 517 2936 mosynam,
553 2861 611 2917 id
653 2866 744 2918 est
791 2861 1277 2930 misericordiam,
1312 2863 1373 2917 in
1420 2865 1553 2918 sinu
1591 2865 1874 2937 pauperis,

217 2958 264 3006 et
291 2953 402 3024 ipsa
453 2950 635 3008 orabit
661 2966 765 3024 pro
796 2957 846 3006 te
873 2951 1064 3020 (Eccli.
1097 2968 1254 3021 xxxx,
1279 2951 1388 3021 15).
1422 2950 1514 3006 Ait
1559 2951 1716 3006 enim
1766 2951 1881 3006 νιο-

217 3038 363 3096 lenta
389 3039 617 3114 passio,
643 3039 828 3108 illata,
850 3039 1009 3096 sicut
1029 3039 1288 3096 diximus
1309 3041 1382 3096 ab
1404 3039 1714 3111 injustitia,
1737 3042 1879 3096 Deus

221 3137 438 3198 mter-ne,
469 3129 568 3201 qui
595 3127 1037 3184 absconditorum
1081 3146 1136 3185 es
1180 3131 1446 3199 cognitor,
1470 3131 1566 3203 qui
1598 3132 1746 3187 nosti
1771 3147 1881 3187 0m-

1981 564 2189 631 questa
2217 563 2307 614 est
2337 561 2615 616 maritum
2647 578 2822 616 suum
2845 565 3046 618 contra
3063 563 3418 621 voluntatem
3454 585 3622 621 suam

1982 645 2039 699 in
2074 647 2424 703 monasterio
2449 648 2640 704 Urbici
2667 649 2898 704 abbatis
2922 667 3051 706 esse
3072 668 3437 708 conversum.
3461 655 3624 720 Quod

1982 733 2120 806 quia
2141 736 2211 790 ad
2235 737 2498 806 ejusdem
2521 736 2750 792 abbatis
2768 736 2999 809 culpam
3023 743 3079 794 et
3100 737 3381 795 invidiam
3401 758 3516 796 non
3537 747 3627 800 est

1983 823 2227 878 dubium
2259 824 2566 896 pertinere,
2601 825 2965 898 experientiae
2995 830 3106 882 tua:
3137 829 3530 900 praecipimus,
3563 835 3630 886 ut

1983 910 2248 984 diligenti
2278 912 2657 985 inquisitione
2705 913 3002 983 discutiat,
3036 932 3107 972 ne
3138 919 3283 971 forte
3314 933 3450 972 cum
3499 919 3627 989 ejus

1981 999 2280 1056 voluntate
2299 1018 2614 1058 conversus
2633 1003 2730 1070 sit,
2749 1003 2835 1058 vel
2870 1003 2996 1074 ipsa
3015 1021 3077 1060 se
3103 1009 3329 1060 mutare
3353 1006 3632 1077 promise-

1983 1087 2077 1143 rit.
2099 1089 2166 1144 Et
2196 1089 2246 1144 si
2276 1089 2386 1145 hoc
2417 1091 2714 1163 repere'rit,
2736 1096 2794 1147 et
2821 1090 2989 1146 illum
3027 1091 3086 1146 in
3119 1094 3473 1150 monasterio
3507 1111 3631 1166 per-

1983 1193 2217 1234 manere
2245 1179 2565 1249 provideat,
2591 1185 2649 1235 et
2687 1179 2860 1246 hanc,
2891 1181 3043 1237 sicut
3085 1182 3378 1254 promisit,
3403 1189 3630 1240 mutare

1980 1265 2312 1338 compellat.
2344 1267 2402 1322 Si
2436 1285 2568 1324 vero
2617 1269 2762 1324 nihil
2795 1269 3005 1325 horum
3035 1275 3144 1339 est,
3178 1289 3284 1328 nec
3331 1274 3628 1344 quoddam

1983 1354 2388 1412 fornicationis
2411 1356 2654 1424 crimen,
2673 1363 2908 1430 propter
2923 1360 3077 1430 quod
3095 1359 3214 1416 viro
3235 1359 3370 1418 licet
3391 1379 3628 1418 uxorem

1983 1441 2332 1514 relinquere,
2353 1445 2688 1515 praedictam
2711 1445 3014 1503 mulierem
3037 1449 3404 1504 commisisse
3424 1467 3632 1522 cogno-

1981 1529 2152 1597 veris,
2179 1548 2248 1586 ne
2295 1531 2456 1588 illius
2487 1533 2785 1589 conversio
2833 1533 2998 1590 uxori
3045 1534 3256 1592 relictaa
3305 1537 3365 1592 in
3416 1538 3629 1594 saeculo

1983 1617 2108 1674 ﬁeri
2137 1620 2323 1691 possit
2343 1621 2686 1693 perditionis
2709 1623 2956 1692 occasio,
2971 1623 3241 1680 volumus
3262 1631 3328 1682 ut
3348 1627 3629 1682 maritum
3679 1696 3686 1704 θ

1983 1724 2159 1763 suum
2189 1708 2296 1776 illi,
2321 1709 2404 1764 vel
2445 1710 2495 1766 si
2532 1711 2660 1782 jam
2694 1715 3035 1768 tonsuratus
3066 1719 3175 1782 est,
3200 1715 3440 1771 reddere
3468 1717 3630 1771 omni

1984 1797 2197 1853 debeas
2227 1798 2599 1855 excusatione
2629 1804 2914 1858 cessante.
2940 1802 3084 1858 Nam
3116 1807 3352 1874 excepta
3379 1804 3630 1860 fornica-

1987 1885 2163 1942 tionis
2193 1903 2391 1957 causa,
2423 1888 2612 1943 virum
2663 1906 2900 1945 uxorem
2953 1890 3279 1966 relinquere
3308 1892 3504 1948 divina
3540 1891 3633 1948 lex

1986 1973 2150 2029 nulla
2177 1973 2400 2030 ratione
2429 1975 2694 2030 concedit
2717 1992 2730 2031 :
2757 1975 2894 2048 quia
2923 1983 3237 2050 postquam
3265 1977 3632 2050 copulatione

1983 2060 2243 2134 conjugii
2266 2061 2372 2118 viri
2399 2065 2573 2135 atque
2604 2062 2869 2120 mulieris
2901 2081 3084 2120 unum
3115 2082 3326 2138 corpus
3356 2066 3628 2135 efficitur,

1986 2168 2101 2206 non
2133 2154 2323 2222 potest
2351 2168 2420 2206 ex
2449 2157 2612 2224 parte
2641 2153 2918 2221 converti,
2940 2158 2998 2208 et
3035 2171 3101 2209 ex
3141 2159 3304 2226 parte
3331 2155 3390 2210 in
3421 2153 3632 2210 saeculo

1985 2249 2345 2294 remanere.»
2363 2240 2432 2295 Et
2452 2241 2593 2312 quia
2622 2258 2740 2297 una
2765 2241 2858 2296 lex
2886 2241 2992 2296 viri
3022 2247 3080 2298 ct
3109 2243 3307 2317 uxoris
3337 2243 3473 2298 hinc
3503 2259 3635 2298 con-

1985 2333 2138 2384 stare
2169 2327 2554 2400 dignoscitur,
2580 2330 2944 2385 demonstrat
2964 2331 3023 2384 in
3046 2329 3314 2402 cpistola,
3341 2348 3520 2405 quam
3542 2349 3636 2386 su-

1985 2433 2092 2489 pra
2129 2417 2456 2488 posuimus,
2481 2418 2555 2473 ad
2586 2418 2987 2474 Secundinum
3031 2419 3371 2492 episcopum
3411 2422 3631 2476 Tauro-

1989 2505 2343 2560 minitanum
2393 2505 2512 2578 (lib.
2537 2523 2657 2574 VIII,
2698 2507 2854 2578 epist.
2877 2508 3005 2576 32):
3038 2528 3060 2556 α
3090 2507 3489 2577 Ριωεθιιιίιιιῐι,
3543 2509 3632 2564 in-

1989 2593 2220 2665 quiens,
2243 2595 2488 2666 portitor
2510 2595 2622 2650 Lco
2643 2594 3049 2652 Cbartularius
3069 2597 3142 2653 ad
3165 2615 3273 2654 nos
3293 2599 3528 2654 veniens
3551 2597 3636 2653 iu-

1987 2681 2221 2748 dicavit,
2249 2699 2485 2738 uxorem
2509 2700 2700 2752 suam,
2725 2701 2851 2755 qua:
2874 2683 3074 2740 relicto
3095 2702 3162 2741 eo
3185 2701 3288 2757 pro
3311 2685 3637 2742 fornicatio-

1989 2769 2082 2824 nis
2121 2769 2384 2840 crimine,
2410 2787 2526 2843 quo
2574 2771 2976 2828 vehementius
3025 2773 3390 2830 stimulatum
3421 2775 3635 2844 aiebat,

1987 2863 2162 2930 atque
2191 2860 2264 2913 ob
2297 2859 2404 2914 hoc
2436 2860 2768 2933 religiosam
2799 2866 3018 2916 vestem
3049 2861 3340 2928 induerat,
3372 2862 3636 2934 culpabi-

1987 2946 2101 3004 lem
2133 2947 2469 3004 nullatenus
2501 2950 2656 3006 624
2684 2949 2994 3020 exstitisse,
3027 2967 3217 3022 neque
3259 2955 3390 3022 post
3421 2951 3635 3006 initum

1987 3035 2327 3108 conjugium
2348 3036 2407 3092 in
2432 3037 2830 3093 fornicationis
2853 3037 3087 3111 culpam
3109 3038 3432 3112 collapsum
3458 3057 3470 3094 :
3495 3039 3641 3110 adin

1989 3123 2150 3180 ciens
2180 3142 2417 3197 quoque
2443 3125 2598 3198 quod
2629 3125 2818 3182 eidem
2855 3127 3018 3182 uxori
3051 3144 3168 3182 suae
3199 3127 3640 3198 districtissima

220 3219 310 3273 nia
336 3199 642 3290 antequam
669 3218 828 3290 ﬁant,
861 3224 921 3273 tu
949 3220 1096 3274 nosti
1124 3221 1388 3292 quoniam
1408 3199 1614 3291 falsum
1647 3221 1882 3275 teslimo-
1909 3199 1963 3276 α
1990 3218 2356 3270 sacramenta
2385 3214 2718 3286 praebuerit,
2743 3215 3034 3272 insontem
3078 3232 3139 3272 se
3169 3233 3238 3272 ea
3266 3217 3337 3272 de
3375 3234 3456 3284 re,
3481 3217 3638 3273 unde

217 3307 366 3361 nium
393 3306 650 3362 tulerunt
678 3304 968 3362 adversum
988 3323 1094 3374 me,
1121 3315 1172 3362 et
1195 3323 1312 3363 ecce
1330 3308 1556 3376 morior,
1583 3324 1711 3364 cum
1739 3309 1883 3364 nihil

218 3394 402 3450 horum
429 3397 664 3468 fecerim
685 3410 810 3468 quae
840 3397 936 3451 isti
958 3396 1234 3451 malitiose
1255 3405 1672 3468 composuerunt
1698 3397 1885 3453 adver-

217 3501 330 3540 sum
357 3503 449 3542 me
484 3485 646 3558 (Dan.
669 3502 789 3552 xm,
820 3486 908 3554 42,
937 3485 1048 3552 43).
1081 3485 1388 3541 Exaudivit
1445 3491 1642 3542 autem
1686 3485 1882 3542 Domi-

220 3590 324 3629 nus
351 3590 560 3631 vocem
601 3573 753 3644 ejus,
785 3577 842 3628 et
873 3573 1127 3628 reddidit
1157 3574 1535 3648 presbyteris,
1572 3574 1672 3648 qui
1718 3578 1886 3631 erant

219 3661 526 3718 constituti
547 3662 784 3734 judices
813 3660 1015 3734 populi
1045 3661 1104 3716 in
1137 3679 1290 3717 anno
1316 3661 1438 3732 illo,
1465 3665 1522 3718 et
1551 3663 1767 3718 falsum
1799 3667 1884 3718 tu-

221 3747 408 3807 lerunt
429 3748 869 3818 testimonium,
882 3750 1055 3822 juxta
1069 3750 1222 3822 quod
1250 3749 1471 3806 malum
1492 3756 1732 3824 egerant
1749 3768 1886 3825 erga

220 3840 576 3910 proximum,
602 3839 704 3912 qui
736 3839 1023 3897 interfecti
1053 3844 1212 3896 sunt.
1237 3841 1306 3896 Et
1335 3841 1725 3912 attendentes,
1747 3841 1887 3914 quia

221 3927 382 3984 multi
435 3927 870 4002 praesentaliter
909 3927 1086 3985 etiam
1137 3945 1379 4002 corpore
1432 3930 1789 3996 moriuntur,
1821 3934 1888 3986 ut

217 4017 478 4074 Ananias
510 4020 568 4074 et
599 4016 870 4090 Saphira,
897 4015 956 4073 et
978 4017 1079 4090 qui
1102 4017 1627 4088 communicantes,
1653 4024 1718 4074 ut
1741 4020 1887 4076 Pau-

220 4103 308 4162 lus
336 4107 509 4176 dicit,
534 4124 652 4164 non
684 4105 1029 4162 discernunt
1055 4123 1267 4179 corpus
1292 4107 1524 4162 Domini
1549 4109 1599 4177 (I
1620 4107 1741 4164 Cor.
1766 4110 1883 4178 x1):

219 4195 389 4252 multi
425 4200 628 4252 autem
656 4195 716 4251 in
755 4211 996 4268 corpore
1033 4194 1262 4265 vivunt,
1293 4197 1395 4251 sed
1427 4213 1532 4268 pro
1565 4201 1700 4253 actu
1733 4196 1888 4253 malo

222 4287 360 4340 sunt
385 4285 596 4341 anima
625 4283 868 4352 mortui,
893 4283 1048 4340 sicut
1077 4283 1177 4340 illa
1202 4284 1272 4340 de
1295 4301 1413 4357 qua
1443 4285 1730 4358 scriptum
1760 4289 1885 4342 est:

224 4371 417 4429 Vivens
436 4381 662 4430 mortua
679 4381 759 4430 est
779 4373 823 4446 (1
849 4374 984 4430 Tim.
1008 4390 1064 4439 ν,
1083 4372 1138 4444 6)
1163 4388 1178 4428 :
1204 4389 1436 4446 semper
1466 4377 1662 4430 autem
1693 4373 1892 4431 anima

222 4477 349 4533 qua:
383 4465 593 4534 peccat
614 4461 886 4532 moritur,
909 4465 967 4519 et
987 4466 1428 4534 perseveranter
1457 4467 1768 4535 peccantes
1790 4465 1894 4519 du-

1993 3301 2150 3357 illam
2172 3303 2476 3358 mordebat
2491 3303 2770 3376 suspicio,
2783 3305 3263 3376 permansisse,et
3277 3305 3492 3360 idcirco
3512 3322 3640 3377 pro-

1991 3389 2120 3462 pria
2147 3409 2275 3447 eam
2308 3397 2516 3464 sponte
2547 3393 2617 3448 ad
2651 3409 2713 3450 se
2744 3395 3182 3450 reversam.Sed
3206 3395 3346 3466 quia
3373 3411 3637 3450 commu-

1994 3481 2167 3535 nione
2189 3479 2352 3535 illam
2375 3497 2510 3536 cum
2536 3480 2756 3537 familia
2773 3499 2881 3538 sua
2906 3499 3010 3554 pro
3041 3482 3150 3538 hoc
3171 3483 3294 3539 solo
3314 3501 3348 3539 a
3368 3482 3638 3538 fraterni-

1991 3573 2107 3625 tate
2138 3575 2329 3626 vestra
2348 3557 2630 3642 privatam
2653 3572 3050 3644 asserit,qnod
3073 3573 3144 3628 ad
3169 3589 3302 3628 eum
3329 3571 3481 3628 clam
3505 3589 3640 3644 pos-

1995 3659 2231 3732 tpositis
2274 3659 2438 3714 vobis
2478 3659 2729 3728 redierit,
2755 3659 3025 3716 volumus
3057 3665 3122 3716 ut
3153 3661 3374 3716 familia
3403 3661 3639 3732 quidem

1993 3748 2181 3821 ipsius
2211 3765 2438 3805 sacram
2485 3740 2960 3805 communionem
2991 3749 3250 3822 recipiat,
3284 3755 3342 3806 et
3389 3749 3640 3805 dominae

1993 3853 2123 3893 eam
2141 3835 2315 3910 culpa
2335 3837 2394 3892 in
2419 3837 2599 3908 hujus
2617 3837 2950 3894 altlictionis
2971 3856 3140 3910 pcnna
3161 3839 3262 3894 diu
3285 3855 3400 3895 non
3427 3842 3638 3894 teneat.

1999 3926 2076 3982 De
2097 3926 2228 4000 ipsa
2245 3943 2400 3995 vero,
2417 3926 2474 3982 id
2496 3931 2586 3982 est
2606 3926 2874 3983 de‘uxore
2897 3927 3158 4000 praedicti
3189 3927 3510 4001 portitoris,
3531 3927 3644 3983 hoc

1994 4031 2097 4070 vos
2121 4014 2431 4071 observare
2463 4031 2700 4071 necesse
2725 4019 2836 4083 est,
2862 4020 2927 4071 ut
2963 4016 3013 4071 si
3053 4017 3362 4074 manifeste
3392 4020 3640 4086 constat,

1997 4102 2139 4174 quia
2169 4106 2369 4158 contra
2389 4104 2698 4176 conjugem
2721 4120 2893 4158 suum
2916 4102 3106 4160 dicere
3131 4104 3276 4160 nihil
3307 4105 3518 4177 potuit,
3542 4104 3643 4160 sed

1995 4191 2243 4263 insuper
2272 4191 2530 4263 suspicio
2575 4191 2784 4262 ipsius,
2817 4191 3074 4263 prmstito
3105 4197 3171 4248 ut
3197 4193 3384 4248 edocti
3436 4209 3644 4248 sumus

1999 4284 2388 4348 sacramento,
2443 4284 2747 4353 amputata
2793 4285 2901 4348 est,
2927 4284 3101 4352 atque
3131 4285 3264 4352 post
3291 4281 3401 4338 hoc
3433 4299 3543 4336 sua
3571 4280 3643 4336 ad

1999 4386 2134 4426 eum
2165 4373 2374 4442 sponte
2404 4385 2633 4424 reversa
2661 4372 2768 4437 est,
2793 4374 2851 4425 et
2878 4370 2938 4424 in
2969 4385 3038 4426 ea
3057 4386 3292 4442 quoque
3321 4370 3405 4426 ita
3429 4375 3646 4442 tempe-

2001 4459 2184 4513 randa
2233 4462 2322 4514 est
2368 4474 2615 4514 censura
2635 4457 2870 4528 judicii,
2905 4465 2968 4516 ut
2995 4458 3168 4532 longo
3207 4459 3336 4531 jam
3387 4463 3646 4532 tempore

217 4548 355 4622 plici
375 4549 734 4607 contritione
757 4551 1409 4624 conterentur,quando
1432 4556 1723 4624 ponentur
1741 4551 1898 4609 sicut
1924 4574 1975 4645 D
2004 4546 2418 4604 éommunione
2449 4546 2692 4602 minime
2721 4546 2996 4619 privetur.
3020 4571 3049 4597 »

220 4637 498 4696 clibanus
543 4638 724 4712 ignis,
749 4643 806 4695 et
850 4639 1172 4696 induentur
1217 4639 1372 4696 sicut
1401 4639 1657 4712 diploide
1687 4642 1890 4698 confu-

224 4725 389 4783 sione
423 4744 558 4798 sua,
591 4743 728 4783 cum
774 4729 1096 4800 perdentur
1124 4745 1364 4800 corpore
1394 4734 1452 4784 et
1483 4728 1680 4785 anima
1708 4728 1769 4785 in
1795 4746 1892 4803 ge-

221 4814 443 4872 benna.
469 4816 603 4872 Haec
629 4815 890 4872 dicimus
917 4833 1032 4872 non
1057 4816 1324 4874 tollentes
1347 4817 1512 4890 justa
1529 4817 1892 4888 judicia,scd

214 4901 508 4961 timentes
541 4922 615 4961 ne
635 4903 982 4977 judicemus
1013 4906 1264 4962 scientes
1294 4905 1537 4977 injuste,
1561 4925 1675 4963 non
1706 4906 1897 4980 prohi-

219 4992 434 5050 bentes
469 4993 774 5050 testiﬁcari
806 5009 960 5064 vera,
985 4995 1085 5050 sed
1119 4995 1473 5067 refugientes
1497 4996 1820 5052 mendacia.

292 5081 412 5138 Sed
445 5086 504 5138 et
541 5081 685 5154 quia
731 5080 1025 5154 superius,
1051 5085 1108 5138 et
1147 5099 1215 5138 ex
1245 5081 1494 5138 aliorum
1527 5082 1896 5140 institutione

221 5169 565 5238 doctorum,
580 5170 946 5228 sufficienter
960 5169 1225 5227 ordinem
1246 5171 1616 5228 dit'linitiouis
1633 5174 1703 5229 de
1719 5190 1898 5230 causa

223 5259 385 5315 unde
416 5259 616 5332 agitur
636 5276 706 5316 ex
735 5259 984 5316 decretis
1020 5258 1176 5315 beati
1201 5260 1458 5333 Gregorii
1481 5261 1900 5318 demonstravi-

224 5365 388 5418 mus,
419 5347 615 5406 adhuc
645 5365 762 5405 non
795 5347 956 5422 piget
1000 5348 1307 5405 ostendere
1337 5366 1511 5422 quem
1560 5351 1803 5406 modum
1837 5351 1896 5406 in

221 5435 622 5510 inquisitione
653 5440 710 5493 et
739 5435 1093 5494 diffinitione
1136 5437 1510 5508 hujusmodis
1555 5439 1898 5511 quaestionis

219 5525 558 5583 debeamus
583 5531 808 5583 tenere.
825 5526 921 5584 Ait
949 5525 1129 5595 enim,
1151 5526 1200 5582 si
1224 5527 1296 5583 de
1317 5543 1495 5584 causa
1521 5533 1655 5600 post
1683 5527 1897 5585 initum

220 5611 582 5693 conjugium
610 5615 825 5696 agitur,
860 5615 932 5676 ad
973 5615 1298 5676 Adrianum
1340 5611 1634 5676 notarium
1658 5618 1784 5696 (lib.
1818 5635 1894 5692 Ix,

2492 4688 3032 4748 INTERROGATIO
3071 4691 3163 4747 ΧΙ.

2074 4796 2143 4850 Et
2165 4794 2304 4867 quia
2323 4793 2574 4850 maritus
2594 4812 2628 4850 a
2655 4795 2920 4868 conjuge,
2941 4795 3030 4853 vel
3059 4815 3204 4854 uxor
3234 4814 3269 4852 a
3297 4799 3528 4870 marito,
3550 4815 3654 4871 per

2005 4884 2356 4957 scripturam
2387 4889 2619 4940 secretae
2649 4886 3032 4942 confessionis
3063 4904 3124 4944 se
3145 4905 3261 4944 non
3291 4889 3519 4962 possint
3539 4888 3651 4944 dis-

1997 4975 2269 5046 jungere,
2295 4973 2449 5028 sicut
2477 4972 2786 5046 episc0pus
2808 4977 2878 5030 ab
2900 4976 3144 5033 ecclesia
3172 4977 3284 5032 sibi
3312 4979 3648 5034 commissa.

2003 5063 2090 5118 vel
2123 5064 2330 5135 gradu,
2357 5069 2458 5118 aut
2503 5063 2751 5135 quilibet
2795 5063 2852 5119 in
2885 5066 3085 5122 ordine
3133 5066 3544 5133 ecclesiastico,
3577 5065 3651 5120 ab

2005 5152 2196 5206 officio
2229 5169 2291 5206 se
2324 5169 2436 5206 non
2469 5151 2740 5223 praevalet
2789 5153 2839 5208 si
2887 5153 3133 5210 voluerit
3162 5172 3475 5222 removere,
3500 5153 3654 5210 sicut

2007 5240 2352 5297 auctoritate
2389 5239 2781 5298 ecclesiastica
2823 5261 3001 5316 supra
3042 5244 3380 5300 studuimus
3410 5244 3652 5300 demon-

2007 5335 2213 5386 strare.

2619 5423 3034 5480 RESPONSIO.

2079 5529 2278 5603 Neque
2297 5529 2491 5586 libello
2513 5535 2746 5586 secretae
2766 5531 3150 5588 confessionis
3181 5541 3446 5608 porrecto
3466 5524 3657 5612 publi-

2008 5636 2086 5679 ca:
2129 5619 2482 5696 poenitentiae
2513 5619 2828 5696 quisquam
2875 5619 3048 5680 debet
3093 5624 3386 5700 submitti,
3419 5645 3524 5686 nec
3553 5646 3658 5705 per
