3896 6182
274 318 404 394 687‘

1195 329 1578 392 HINCMARI
1627 318 2072 389 RHEMENSIS
2117 321 2732 389 ARCHIEPISGOPI.

3534 323 3660 390 68,.

275 466 630 540 scripturam
651 465 962 530 directam,
991 463 1080 520 vel
1111 465 1183 519 ab
1229 463 1342 518 alio
1389 467 1736 536 porrectam,
1769 459 1920 516 valet
1945 461 2001 528 Α
2033 460 2272 525 tum,vel
2293 461 2564 531 quianon
2587 459 2938 528 initum,sed
2961 460 3150 532 magis
3170 463 3650 533 usurpatumcon-

277 555 782 621 condemnari,sed
807 555 961 610 unde
977 551 1207 625 publice
1229 547 1925 623 debetjudicaripublice

276 649 334 702 et
357 646 418 701 in
440 642 708 717 praesenti
736 643 963 714 positus
987 641 1159 697 debet
1189 644 1289 696 aut
1318 639 1719 704 convinci,aut
1745 638 1924 692 conﬁ-

277 734 406 790 teri.
434 733 519 788 Ad
549 731 808 788 Nicetam
841 728 1270 802 Aquileiensem
1313 729 1652 800 episcopum
1691 725 1927 798 scripsit

279 833 530 895 magnus
552 822 662 876 Leo
678 835 836 892 papa
856 818 1056 875 dicens
1081 835 1129 872 :u
1155 818 1217 872 In
1251 817 1517 890 praesenti
1550 816 1796 888 positus,
1821 819 1925 868 aut

277 910 634 975 confutatus,
653 912 755 963 aut
778 912 932 964 certe
962 908 1286 973 confessus,
1305 907 1480 976 justaz
1512 908 1702 977 potest.
1731 904 1926 974 subja-

275 998 736 1056 cere‘sententite
761 1013 775 1054 :
800 997 940 1069 quia
959 995 1316 1070 contrarium
1349 1000 1438 1049 est
1468 994 1697 1061 rationi,
1721 992 1922 1048 eorum

275 1087 408 1145 illos
451 1101 686 1144 cernere
741 1100 964 1158 poenas,
997 1100 1249 1158 quorum
1299 1101 1416 1140 non
1461 1083 1657 1140 valent
1701 1082 1926 1139 nescire

273 1189 542 1234 causas.»
555 1178 738 1244 QUem
758 1175 934 1230 etiam
951 1173 1216 1229 ordinem
1233 1171 1541 1244 judicandi
1564 1172 1927 1227 demonstrat

275 1267 576 1340 scriptura
601 1264 820 1330 divina,
842 1263 1172 1320 dicentibus
1193 1263 1264 1318 de
1293 1261 1603 1316 criminata
1631 1263 1927 1316 accusato-

275 1357 442 1412 ribus
471 1355 530 1410 in
555 1351 1133 1426 judiciopraeparato
1168 1367 1181 1405 :
1215 1350 1378 1417 Mitte,
1408 1349 1705 1421 inquiunt,
1728 1349 1798 1403 ad
1826 1349 1926 1404 Su-

273 1454 520 1500 sannam
563 1441 739 1514 ﬁliam
806 1441 1053 1496 "ciebis?
1090 1453 1318 1495 uxorem
1366 1438 1632 1507 Joachim,
1664 1445 1714 1492 ct
1757 1439 1924 1492 misc-

272 1539 428 1589 runt.’
455 1532 521 1588 Et
544 1533 698 1588 venit
739 1547 862 1586 cum
911 1530 1228 1602 parmtibus
1259 1537 1310 1584 et
1335 1529 1471 1600 ﬁliis
1501 1529 1662 1600 (Dan.
1685 1544 1808 1592 xm,
1829 1526 1920 1591 ‘29,

273 1625 386 1692 30).
419 1615 491 1678 Et
529 1623 676 1694 post’
709 1621 914 1674 datum
967 1617 1390 1683 testimonium,
1432 1616 1928 1672 condmnmwcrunt

263 1711 480 1784 judice:
535 1725 659 1766 eum
717 1708 788 1763 ad
841 1715 1066 1763 mortem
1095 1707 1276 1776 (ibid,
1311 1705 1400 1777 41)
1434 1722 1446 1760 :
1483 1721 1600 1777 qua
1653 1703 1919 1770 liberata,

270 1797 511 1854 veritate
532 1811 662 1852 eam
693 1795 999 1863 liberante,
1022 1793 1208 1866 puniti
1233 1797 1373 1848 sunt
1404 1791 1532 1896 falsi
1556 1793 1925 1896 testes‘juxta
1955 1814 2003 1896 Β

272 1887 434 1962 quod
460 1884 684 1942 malum
728 1883 800 1939 in'
840 1882 1173 1956 proximum
1221 1885 1462 1954 egerant
1492 1880 1604 1935 Sed
1634 1884 1690 1935 et
1717 1880 1921 1950 depre-

271 1976 458 2032 hensa
475 1971 884 2040 'in'adulterio,
910 1971 1106 2028 oblata
1133 1969 1417 2044 corporali
1453 1968 1780 2042 praesentia,
1807 1985 1922 2024 non

271 2077 376 2136 per
432 2061 688 2118 alienum
746 2059 1150 2116 testimonium
1189 2058 1276 2114 vel
1341 2058 1717 2130 scripturam,
1769 2057 1922 2129 quod

270 2149 680 2208 ecclesiastica:
717 2153 775 2204 et
816 2148 1091 2204 Romana:
1141 2147 1454 2219 prohibent
1500 2146 1678 2218 leges,
1711 2151 1800 2202 est
1829 2163 1922 2201 aco

271 2241 477 2294 cusata
510 2253 523 2292 :
557 2236 736 2307 cujus
775 2234 952 2290 etiam
1003 2233 1290 2290 confessio
1337 2234 1740 2301 subinnuitur,
1786 2249 1920 2289 cum

271 2326 322 2382 ei
384 2341 419 2380 a
469 2322 716 2380 Domino
759 2323 975 2378 dicitur
1014 2339 1027 2376 :
1071 2323 1235 2378 Nemo
1292 2330 1342 2378 te
1393 2322 1822 2378 condemnavit?
1873 2330 1926 2378 et

271 2414 382 2471 illa
415 2433 434 2469 :
475 2414 672 2476 Nemo,
708 2413 935 2468 Domine
979 2413 1156 2480 (Joan.
1187 2428 1314 2476 VIII,
1350 2412 1456 2483 10).
1507 2410 1726 2465 Pilatus
1777 2428 1923 2484 quoa-

269 2519 385 2575 que
423 2503 509 2558 de
567 2500 831 2566 Domino,
894 2504 1175 2572 tanquam
1229 2499 1453 2554 latrone
1499 2500 1920 2572 comprehenso

269 2595 445 2662 atque
477 2590 676 2664 ligato,
701 2605 804 2661 per
831 2587 1150 2654 cohortem,
1183 2587 1336 2642 sicut
1363 2587 1729 2660 Augustinus
1758 2587 1918 2652 dicit,

267 2678 528 2752 legitimo
576 2678 780 2734 ordine
840 2676 1150 2750 potestatis
1196 2681 1444 2742 servato,
1495 2679 1550 2730 et
1597 2692 1700 2747 per
1747 2675 1920 2730 mini-

268 2771 421 2824 stros
451 2767 811 2835 Judeomm,
847 2769 905 2822 et
934 2765 1007 2821 ab
1046 2765 1212 2820 Anna
1241 2763 1492 2836 Caiphae,
1526 2769 1700 2836 atque
1731 2781 1766 2820 a
1795 2765 1920 2820 Cai-

268 2855 386 2930 pha
422 2857 484 2912 in
533 2857 870 2930 praetorium
919 2854 1032 2910 sibi
1080 2853 1430 2910 transmisso
1479 2853 1620 2909 dicit
1655 2871 1669 2908 :
1703 2854 1920 2910 Obtuli-

266 2947 367 3002 δεῖς
409 2946 559 3002 mihi
604 2945 753 3002 hunc
797 2945 1072 3002 hominem
1099 2945 1250 3010 (Luc.
1281 2959 1442 3011 xxm,
1478 2944 1586 3014 14).
1621 2945 1922 3016 Quemque

266 3033 516 3092 audiens
545 3050 676 3091 esse
704 3035 784 3092 de
807 3037 1093 3106 potestate
1129 3032 1392 3098 Herodis,
1418 3033 1652 3101 remisit
1681 3049 1816 3088 eum
1849 3033 1920 3088 ad

270 3121 423 3179 025
455 3121 646 3190 illum,
669 3124 886 3179 docens
917 3139 1026 3179 nos
1046 3123 1115 3178 de
1139 3121 1519 3178 saecularibus
1549 3121 1918 3177 saecularium
1947 3193 1956 3201 ο

2033 553 2122 603 tra
2143 548 2503 621 Christianas
2551 547 2709 621 leges
2755 550 2963 616 fuerat,
2989 549 3274 605 exstiterit
3309 549 3650 607 demonstra.

2032 642 2157 692 tum
2173 637 2307 692 ?»Et
2325 637 2432 692 hoc
2445 639 2740 710 quomodo
2755 638 3042 694 ordinabil
3053 637 3162 694 iter
3177 638 3298 692 fieri
3319 637 3538 710 poterit,
3550 640 3662 696 nisi-

2033 724 2264 797 legibus
2285 727 2560 781 humanis
2583 728 2654 783 ab
2679 743 2746 782 eo
2764 725 3087 799 inspiratis,
3103 743 3208 798 per
3227 743 3400 798 quem
3423 727 3659 784 condito.

2034 832 2126 870 res
2147 813 2340 887 legum
2378 817 2533 886 iusta
2555 817 2912 871 decernunt?
2940 815 3104 872 Unde
3135 820 3375 871 sanctus
3413 815 3664 874 Gelasius

2034 903 2104 957 ad
2127 903 2501 958 Anastasium
2535 903 2945 976 imperatorem
2970 905 3145 976 (epist.
3172 905 3262 972 10)
3283 921 3332 960 τι(
3349 903 3440 971 Si,
3467 904 3656 978 inquit;

2033 997 2322 1064 quantum
2355 993 2424 1048 ad
2458 993 2721 1048 ordinem
2766 993 3013 1065 publica:
3055 993 3305 1064 pertinet
3334 993 3655 1067 disciplinae,

2033 1085 2452 1151 cognoscentes
2499 1081 2808 1152 imperium
2837 1079 2944 1136 tibi
2993 1095 3251 1152 superna
3298 1079 3666 1152 dispositione

2031 1167 2330 1236 collatum,
2357 1167 2586 1241 legibus
2605 1169 2724 1224 tuis
2752 1169 2865 1242 ipsi
2882 1184 3120 1241 quoque
3149 1173 3357 1240 parent
3384 1167 3668 1242 religionis

2032 1257 2344 1322 antistites,
2363 1274 2435 1312 ne
2455 1257 2542 1312 vel
2565 1258 2740 1314 rebus
2763 1257 3080 1312 mundanis
3098 1256 3666 1315 exclusavvideantur

2031 1344 2265 1400 obviare
2287 1345 2607 1413 sententiae,
2623 1347 2778 1418 quod
2802 1361 2942 1417 rogo
2960 1350 3018 1400 te
3037 1346 3201 1401 decet
3221 1347 3430 1401 aﬂ'ectu
3449 1347 3530 1402 eis
3544 1349 3662 1404 obe-

2031 1433 2291 1506 dire,qui
2337 1435 2731 1508 prmrogandis
2767 1434 3199 1490 venerabilibus
3243 1440 3383 1490 sunt
3412 1437 3662 1493 attributi

2033 1521 2364 1594 mysteriis?
2389 1545 2408 1570 ιι
2437 1522 2510 1577 Ut
2540 1521 2678 1578 alibi
2709 1522 2996 1594 ecriptum
3027 1529 3115 1579 est
3143 1522 3470 1596 relegentes
3501 1541 3514 1580 :
3546 1526 3665 1580 Red-

2029 1610 2142 1666 dite
2171 1626 2298 1683 quae
2337 1619 2468 1666 sunt
2503 1614 2743 1668 Caesaris
2774 1612 3004 1678 Cameri,
3035 1621 3088 1668 et
3113 1627 3238 1684 qua
3263 1621 3404 1670 sunt
3442 1614 3538 1670 Dei
3577 1615 3668 1670 Dea

2033 1701 2248 1771 (Matth.
2281 1717 2416 1767 xxn,
2449 1701 2561 1772 21),
2593 1701 2802 1756 Cmsari
2849 1701 3086 1774 quidem
3126 1717 3469 1768 nummum,
3499 1703 3670 1758 tribu-

2032 1793 2180 1855 tum,
2203 1793 2260 1844 et
2290 1788 2620 1860 pecuniam,
2645 1789 2926 1845 honorem
2954 1789 3240 1856 debitum,
3265 1791 3531 1863 quandiu
3559 1792 3676 1864 ipse

2035 1877 2345 1932 Dominum
2381 1871 2650 1946 ﬁdeliter,
2672 1877 3062 1944 honoraverit,
3087 1882 3144 1933 et
3159 1878 3428 1952 vectigal,
3458 1879 3570 1936 Deo
3586 1895 3674 1936 sua

2032 1970 2149 2021 tem
2182 1965 2460 2032 decimas,
2485 1965 2795 2038 primitias,
2819 1965 3162 2035 oblationes,
3188 1983 3257 2022 ac
3281 1965 3572 2035 victimas,
3601 1974 3673 2024 ιιι

2034 2071 2148 2128 quc
2179 2055 2516 2110 continuam
2555 2053 2890 2110 servitutem
2915 2070 2929 2110 :
2953 2057 3248 2128 quomodo
3292 2059 3349 2111 et
3396 2056 3527 2130 ipse
3555 2057 3671 2113 red.

2033 2144 2182 2200 didit
2211 2145 2431 2200 tributa
2480 2161 2583 2216 pro
2617 2159 2678 2200 se
2708 2147 2766 2200 et
2797 2143 2984 2212 Petro,
3018 2149 3076 2200 et
3111 2143 3228 2200 Des
3273 2145 3530 2201 reddidit
3554 2159 3674 2218 quo!

2031 2232 2133 2288 Dei
2191 2236 2348 2300 sunt,
2397 2231 2582 2288 Patris
2637 2231 2858 2288 faciens
2901 2231 3284 2289 voluntatem.
3315 2233 3386 2288 Et
3443 2238 3672 2288 sanctus-

2029 2321 2395 2392 Augustinus
2425 2320 2481 2374 in
2515 2322 2795 2377 Sermone
2843 2327 3006 2376 sexto
3055 2320 3350 2393 Evangelii
3385 2321 3663 2377 Joannis:

2035 2432 2063 2460 ‹‹
2097 2409 2245 2474 Noli,
2277 2409 2490 2482 inquit,
2523 2409 2715 2464 dicere
2745 2409 2884 2482 quid
2925 2408 3072 2464 mihi
3113 2413 3170 2464 et
3207 2409 3372 2482 regi?
3393 2411 3544 2476 Quid
3571 2409 3664 2466 tibi

2030 2517 2165 2572 ergo
2196 2503 2254 2554 et
2282 2498 2686 2570 possessioni?
2726 2515 2829 2571 per
2867 2500 3006 2570 jura
3053 2513 3255 2571 regum
3303 2499 3671 2570 possidentur

2029 2588 2490 2660 possessiones.»
2513 2587 2608 2643 Sic
2639 2593 2698 2642 et
2726 2604 2828 2660 per
2851 2587 3061 2660 legalis
3081 2587 3330 2658 judicia,
3355 2588 3523 2660 justo
3543 2604 3668 2665 quo-

2031 2677 2190 2730 niam
2223 2675 2572 2743 Christiana,
2597 2675 2965 2732 saecularium
2999 2675 3365 2750 negotiorum
3395 2677 3672 2751 dgrimen-

2030 2765 2118 2820 dae
2148 2769 2288 2820 sunt
2318 2764 2691 2836 quaestiones.
2718 2765 2790 2820 Et
2819 2766 2891 2821 de
2933 2764 3150 2834 libello,
3173 2764 3261 2822 vel
3291 2771 3517 2822 secreta
3543 2780 3667 2822 coa-

2030 2853 2304 2922 fessione,
2353 2852 2510 2908 idem
2560 2852 2820 2910 decernit
2868 2854 3001 2924 Leo,
3043 2855 3318 2926 inquiens
3363 2855 3667 2927 (cptkt.86),

2030 2942 2320 2998 universis
2363 2941 2655 3014 episcopis
2703 2959 2806 3016 per
2835 2943 3238 3016 Campaniam,
3269 2935 3674 3010 Samnium,“

2030 3031 2329 3098 Picenum,
2363 3031 2614 3088 salutem
2649 3049 2700 3088 :«
2734 3032 2945 3106 Magna
2987 3031 3391 3106 indignatione
3418 3046 3670 3090 commo-

2031 3136 2184 3190 veor,
2207 3125 2264 3176 et
2293 3119 2480 3176 multo
2511 3121 2710 3177 dolore
2738 3121 3071 3188 contristor,
3095 3122 3252 3194 quod
3291 3122 3577 3193 quosdam
3606 3134 3670 3176 ex

268 3209 858 3282 Christiana‘et'justa
876 3214 1210 3283 exspectare
1223 3209 1468 3280 judicia,
1491 3214 1544 3264 et
1567 3213 1708 3265 tunc
1732 3209 1921 3266 Eccle-
1947 3191 1993 3260 Β
2031 3209 2195 3264 vobis
2224 3209 2482 3282 comperi
2512 3209 2842 3282 apostolicae
2873 3191 3209 3265 traditionis
3223 3191 3458 3276 oblitos,
3481 3215 3540 3266 et
3561 3213 3670 3265 stu-

269 3298 511 3356 siastica
547 3297 815 3354 videlicet
859 3296 1301 3353 medicinalium
1343 3296 1704 3368 judiciorum
1737 3297 1920 3354 mala-

269 3390 481 3458 gmata‘
493 3384 702 3442 debere
724 3384 976 3441 inﬁrmis
997 3385 1075 3439 im
1085 3400 1316 3456 ponere,
1341 3383 1451 3439 hoc
1473 3385 1625 3440 idem
1647 3387 1920 3457 Apostolo

269 3471 730 3541 demonstrante,
750 3473 989 3546 quando.
1009 3471 1202 3528 adhuc
1230 3473 1385 3528 inter
1404 3472 1670 3530 inﬁdeles
1691 3489 1922 3531 conver-

269 3561 808 3620 sabantur'tldeles.
831 3561 953 3618 lam
979 3561 1239 3617 delictum
1265 3569 1362 3625 cst,
1395 3561 1607 3634 inquit,
1631 3565 1778 3619 inter
1805 3581 1918 3634 vos,

268 3654 402 3726 quia
421 3652 760 3726 judicamini
789 3651 934 3723 apud
957 3657 1262 3716 extraneos,
1295 3658 1347 3706 ct
1384 3666 1496 3706 non
1524 3651 1670 3723 apud
1695 3654 1916 3723 fratres.

267 3739 580 3799 chutaria
599 3743 773 3814 igitur
789 3740 1008 3814 judicia
1037 3741 1089 3794 si
1125 3739 1430 3795 habueritis
1472 3741 1618 3796 inter
1651 3757 1762 3808 vos,
1795 3759 1917 3798 cca-

267 3829 594 3902 temptibitc:
635 3832 732 3902 qui
757 3836 889 3884 sunt
935 3830 994 3884 in
1041 3829 1282 3884 Ecclesia
1311 3831 1619 3884 constuititc
1661 3829 1732 3885 ad
1769 3829 1922 3902 judi-

266 3919 504 3976 candum
532 3919 584 3988 (Ι
601 3919 723 3974 Cor.
745 3935 824 3984 vr,
850 3919 875 3972 1
901 3921 960 3973 et
979 3917 1052 3989 4).
1080 3916 1243 3973 Unde
1265 3916 1580 3990 Gregorius
1608 3917 1666 3972 in
1700 3919 1920 3991 Regula

266 4007 561 4080 pastorali
583 4021 634 4064 ζα
657 4005 732 4062 Ut
759 4005 968 4062 saltem
1007 4005 1256 4062 terrenis
1298 4006 1546 4078 negotiis
1574 4007 1914 4076 inserviant,

265 4111 418 4170 quos
445 4097 600 4153 dona
625 4094 912 4170 spiritalia
941 4112 1056 4150 non
1087 4099 1430 4150 exornant.»
1453 4096 1522 4150 Et
1550 4097 1918 4168 Augustinus

263 4185 324 4242 iu
357 4183 702 4242 Enchiridio
724 4201 774 4240 :u
809 4185 954 4241 Cum
989 4183 1110 4240 sint
1137 4183 1280 4239 talia
1303 4183 1531 4254 judicia
1560 4183 1684 4255 fieri
1718 4201 1916 4241 neces-

265 4275 440 4343 saria,
471 4273 824 4340 non-vetari,
857 4275 958 4330 sed
993 4273 1148 4346 apud
1188 4272 1390 4328 fideles
1429 4273 1639 4328 debere
1661 4273 1915 4344 judicari

265 4365 768 4420 demonstrat.»Et
782 4362 1128 4418 Ambrosius
1144 4361 1352 4428 :«Quia
1371 4376 1507 4434 ergo
1529 4366 1688 4430 sunt,
1703 4360 1914 4434 inquit,

261 4451 558 4524 sapientes
589 4453 817 4518 fratres,
853 4449 1042 4522 aliqui-
1079 4449 1299 4505 horum
1333 4449 1630 4522 eligantur
1653 4451 1726 4504 ad
1750 4449 1918 4520 judi-

2028 3297 2122 3354 dio
2147 3299 2238 3355 sui
2260 3297 2474 3354 erroris
2495 3297 2810 3355 intentos.»
2824 3299 2894 3354 Et
2917 3302 3050 3370 post
3070 3296 3373 3370 aliquanta
3389 3315 3436 3354 :«
3465 3299 3671 3372 Depos-

2029 3387 2278 3443 nitentia
2305 3387 2546 3455 scilicet,
2581 3403 2710 3460 quae
2741 3404 2775 3443 a
2803 3386 3077 3444 fidelibus
3117 3387 3466 3459 postulatur,
3491 3403 3564 3443 ne
3601 3386 3670 3442 de

2028 3475 2394 3548 singulorum
2419 3479 2791 3548 peccatorum
2819 3492 3028 3549 genere
3049 3475 3263 3532 libellis
3285 3477 3438 3532 026
3457 3475 3666 3548 scripta

2027 3565 2312 3638 professio
2368 3565 2716 3637 publicetur,
2751 3581 2885 3620 cum
2937 3568 3136 3620 reatus
3182 3565 3666 3621 conscientiarum

2028 3654 2286 3710 sufﬁciat
2317 3653 2456 3708 solis
2488 3653 2892 3710 sacerdotibus
2922 3652 3168 3708 indicari
3198 3653 3564 3710 confessione
3590 3667 3670 3708 so—

2027 3747 2205 3798 creta.
2230 3742 2506 3808 Quamvis
2545 3743 2703 3798 enim
2744 3741 3046 3814 plenitudo
3087 3741 3221 3798 ﬁdei
3250 3742 3519 3798 videatur
3546 3753 3666 3796 esse

2027 3829 2360 3895 laudabilis,
2381 3846 2507 3902 quae
2535 3835 2774 3903 propter
2797 3831 2898 3886 Dei
2930 3831 3202 3886 timorem
3231 3831 3386 3904 apud
3410 3829 3668 3886 homines

2026 3918 2366 3974 erubescere
2397 3934 2511 3973 non
2552 3921 2802 3985 veretur,
2831 3923 3026 3973 tamen
3059 3917 3199 3990 quia
3245 3935 3361 3974 non
3409 3917 3666 3974 omnium

2027 4005 2416 4077 hujusmundi
2460 4011 2598 4062 sunt
2645 4010 2904 4079 peccata,
2929 4010 2994 4062 ut
3021 4023 3090 4063 ea
3119 4006 3222 4078 qui
3272 4005 3669 4078 pmnitenticm

2026 4099 2281 4167 poscunt
2305 4113 2419 4151 non
2451 4095 2697 4152 timeant
2724 4095 3047 4169 publicane,
3071 4100 3437 4152 removeatur
3463 4095 3671 4166 impne-

2027 4182 2238 4240 babilis
2261 4185 2642 4250 consuetudo,
2663 4201 2735 4240 ne
2763 4184 2935 4240 multi
2957 4201 2993 4242 a
3008 4184 3371 4258 paenitentia:
3402 4181 3670 4240 remediis

2025 4273 2504 4340 arceantur,dum
2517 4277 2620 4329 aut
2636 4273 3121 4342 erubescunt,aut
3135 4278 3408 4330 metuant
3421 4269 3670 4328 inimicis

2026 4361 2152 4416 suis
2181 4377 2289 4416 sua
2321 4361 2470 4417 facta
2500 4361 2762 4428 reserari,
2795 4363 3012 4435 quibus
3044 4361 3274 4434 possint
3301 4360 3496 4435 legum
3525 4374 3668 4416 con-

2026 4449 2329 4505 stitutione
2361 4449 2616 4522 percelli.
2637 4451 2868 4507 Sufﬁcit
2893 4452 3048 4508 enim
3089 4449 3188 4506 illa
3217 4449 3520 4516 confessio,
3539 4460 3667 4519 qua

263 4539 800 4612 candum,quorum
810 4539 1107 4610 judicium
1123 4542 1358 4592 veretur
1371 4538 1648 4592 mundus.
1670 4538 1920 4610 Magnus
1949 4557 1996 4626 Β
2027 4537 2281 4609 primum
2314 4538 2430 4594 Deo
2458 4539 2718 4608 offertur,
2742 4544 2882 4596 tunc
2913 4539 3091 4596 etiam
3121 4535 3540 4609 sacerdoti,qui
3564 4549 3666 4626 pro

261 4625 418 4682 enim
451 4628 640 4700 pudor
669 4631 776 4696 est,
801 4627 848 4682 si
883 4627 1034 4683 inter
1059 4644 1160 4683 eos
1183 4627 1282 4698 qui
1306 4626 1584 4682 dicuntur
1602 4626 1787 4682 Deum
1818 4644 1920 4683 co-
1949 4623 1983 4626 ’
2029 4625 2256 4682 delictis
2285 4627 2696 4700 paenitentiam
2741 4632 3006 4701 precator
3035 4627 3290 4683 accedat.
3323 4628 3484 4682 Turno
3509 4623 3666 4680 enim

262 4715 554 4788 gnovisse,
587 4731 702 4770 non
735 4715 1031 4770 invenitur
1059 4716 1158 4788 qui
1191 4715 1524 4771 examinare
1554 4717 1741 4789 possit
1762 4717 1919 4788 judi-

261 4802 440 4858 cium.
475 4804 776 4870 Quomodo
821 4803 977 4859 enim
1027 4803 1323 4859 homicida
1371 4803 1660 4876 pcenitens
1712 4821 1915 4878 pacem

261 4896 454 4948 sumet
483 4889 774 4959 Ecclesiae,
801 4895 1114 4964 antequam
1147 4908 1282 4946 cum
1317 4891 1685 4964 litigantibus
1715 4893 1914 4966 pacifi-

259 4981 472 5038 cetur‘?
497 4979 798 5045 Quomodo
829 4979 1256 5052 indulgentiam
1299 4981 1561 5053 accipere
1587 4981 1800 5052 poterit
1827 4981 1914 5036 di~

260 5085 442 5136 scors,
461 5072 778 5141 antequam
803 5067 1104 5123 cbaritatis
1127 5067 1354 5141 glutino
1378 5070 1651 5124 uniatur?
1671 5072 1918 5136 Quomo-

259 5159 333 5215 do
359 5171 536 5232 rapax
558 5157 771 5231 dignos
791 5155 1145 5230 poenitentiae
1175 5157 1402 5212 fructus
1423 5161 1576 5231 aget,
1597 5163 1912 5230 antequam

249 5248 421 5320 j'uxta
463 5247 644 5304 David
695 5246 1015 5319 judicium,
1038 5249 1096 5301 ct
1148 5245 1367 5302 Zachaei
1425 5245 1780 5320 exemplum,
1813 5253 1916 5304 aut

257 5337 645 5407 emendando,
673 5340 775 5392 aut
806 5334 1243 5404 satisfaciendo,
1269 5333 1617 5407 placationis
1658 5335 1912 5392 hostiam

255 5426 460 5482 offerat
478 5425 579 5498 qui
613 5425 836 5499 rapinis
855 5423 1170 5480 crudeliter
1199 5423 1531 5478 insudavit?
1551 5423 1652 5478 Vel
1675 5441 1914 5496 quomo-

257 5511 330 5568 do
351 5513 610 5570 solvetur
626 5515 992 5588 conjuginm,
1018 5512 1131 5569 nisi
1161 5511 1613 5567 decernentibus
1633 5512 1910 5570 Christia-

255 5599 349 5662 nis
381 5599 631 5677 lusibus,
650 5603 867 5679 quibus
897 5603 1088 5660 fuerat
1131 5603 1366 5660 auctore
1395 5599 1643 5658 Domino
1672 5601 1909 5675 copula-

1091 5840 1148 5864 κ

2025 4715 2223 4788 plures
2244 4717 2317 4772 ad
2339 4715 2741 4788 pomitentiam
2765 4720 3038 4788 poterunt
3062 4714 3384 4788 provocari,
3403 4708 3666 4786 sipopuli

2027 4805 2269 4861 auribus
2317 4822 2434 4861 non
2483 4805 2815 4878 publicetur
2861 4804 3219 4860 conscientia
3265 4800 3611 4860 conﬁtentis.
3638 4821 3666 4848 ιο

2026 4893 2168 4948 llinc
2198 4893 2477 4968 colligant
2507 4895 2743 4966 quique,
2768 4893 2816 4950 si
2863 4909 3117 4949 canones
3148 4893 3298 4948 sacri
3336 4893 3536 4964 jubent
3567 4903 3664 4944 ex-

2023 4983 2458 5038 communicare
2475 4983 2838 5055 episcopum,
2859 4983 3260 5056 quandiu-non
3283 4978 3669 5039 communica-

2022 5072 2169 5127 verit
2190 5070 2489 5143 illi.quem
2522 5073 2632 5128 sibi
2657 5071 2801 5128 dicit
2821 5073 3042 5128 crimen
3074 5075 3296 5129 secrete
3327 5073 3501 5127 fuisse
3523 5083 3664 5123 con-

2025 5160 2266 5228 fessum,
2294 5165 2492 5216 utrum
2517 5162 2726 5218 debeat
2749 5167 2853 5218 aut
2881 5162 3094 5220 audeat
3124 5161 3346 5234 aliquis
3359 5161 3433 5216 de
3451 5161 3669 5216 secreta

2023 5250 2407 5317 confessione,
2433 5250 2554 5304 sive
2582 5267 2686 5324 per
2713 5249 2978 5308 libellum
3011 5253 3133 5309 sive
3161 5267 3266 5324 per
3285 5250 3517 5306 verbum
3541 5257 3668 5300 cm-

2025 5337 2166 5403 dita,
2195 5353 2607 5409 quemcunque
2629 5339 2874 5410 publica:
2900 5339 3252 5412 poenitentiae
3283 5335 3503 5411 legibus
3525 5329 3670 5387 sub-

2023 5425 2177 5489 dere,
2193 5429 2415 5496 quanto
2436 5426 2634 5482 minus
2653 5427 2993 5500 conjugium
3025 5427 3289 5502 legaliter
3313 5425 3512 5481 initum
3529 5419 3669 5475 sine

2021 5517 2180 5568 certa
2209 5515 2269 5568 et
2307 5513 2622 5591 manifesta
2667 5515 2891 5572 ratione
2938 5516 3253 5574 dissolvere
3283 5532 3297 5571 :
3332 5531 3460 5572 cum
3501 5508 3662 5566 idem

2020 5601 2134 5660 Leo
2165 5601 2237 5660 ad
2268 5617 2474 5661 omnes
2501 5604 2805 5682 episcopos
2853 5620 2959 5681 per
2989 5606 3290 5666 universas
3340 5595 3663 5680 provincia!
