3896 6182
242 366 384 432 :689

1189 368 1290 429 DE
1333 368 1705 431 DIVOltTIO
1752 368 2120 430 LOTHARII
2166 369 2264 429 ET
2306 366 2763 433 TETBERGE.

3553 372 3674 459 $90

263 499 622 559 constitutos
672 499 1009 557 terribiliter
1054 499 1278 558 intonet
1334 501 1534 558 dicens
1581 504 1758 574 (epist.
1814 502 1863 574 1)
1900 504 1997 571 εΑ
2026 504 2375 575 iniquitatem
2402 519 2559 559 suam
2588 504 2842 572 (Lev.xx,
2896 503 3002 576 17).
3053 504 3216 562 Unde
3265 509 3505 569 sanctus
3552 507 3671 565 Au-

261 614 290 642 «
323 590 447 647 Hoc
482 591 679 662 itaque
710 589 1030 646 admonitio
1060 595 1263 647 nostra
1301 591 1629 657 denuntiat,
1662 592 1816 663 quod
1863 590 1914 649 si

236 679 401 752 ‘quis
430 680 682 735 fratrum
715 682 919 735 contra
947 680 1267 736 constituta
1294 679 1489 735 venire
1522 680 1919 748 tentavcrit,et

240 767 564 842 .probibita
592 767 768 824 fuerit
800 785 981 823 ausus
1014 769 1342 837 admittere,
1377 785 1412 825 a
1443 786 1549 824 suo
1597 786 1658 825 se
1690 769 1914 825 noverit

256 856 453 914 ofﬁcio
487 857 974 925 submovendum,
995 873 1101 913 nec
1130 856 1566 914 communionis
1598 861 1809 914 nostrae
1833 859 1916 913 fu-

256 950 460 1001 turum
495 962 625 1003 esse
649 947 1103 1020 consortem,qui
1138 946 1333 1004 socius
1362 964 1490 1003 esse
1521 946 1710 1003 noluit
1737 947 1913 1003 disci-

254 1033 453 1106 plinas.
494 1057 524 1084 υ
1528 1032 1532 1037 ’

737 1176 1283 1235 INTERROGATIO
1321 1177 1439 1232 XII.

321 1299 548 1366 Quinto
579 1299 832 1372 capitulo
865 1300 1034 1357 nobis
1084 1301 1406 1367 rescribite,
1451 1319 1521 1358 ex
1567 1301 1911 1357 auctoritate

252 1388 725 1461 Scripturarum,
754 1393 811 1445 et
840 1389 1152 1445 traditione
1184 1392 1441 1456 Patrum,
1473 1391 1544 1446 de
1564 1395 1793 1462 stupro,
1823 1394 1909 1444 at-

251 1493 363 1550 que
378 1477 609 1534 aborsu
627 1495 755 1550 qua:
773 1477 995 1551 scripta
1009 1479 1581 1549 contineantur,cum
1603 1483 1908 1536 auctorum

248 1565 604 1623 nominibus
631 1570 688 1623 et
716 1566 1122 1640 designatione
1154 1566 1459 1635 librorum,
1495 1572 1559 1624 ut
1589 1568 1735 1625 scire
1774 1585 1909 1640 pos-

224 1655 465 1725 -simus,
484 1660 687 1712 utrum
720 1655 820 1712 tali
852 1657 1208 1724 modo,sicut
1238 1657 1472 1725 dicitur,
1489 1657 1707 1713 femina
1725 1656 1910 1730 possit

250 1744 649 1818 eoneipere,et
679 1748 811 1816 post
840 1745 1117 1801 aborsum
1137 1745 1297 1819 virgo
1326 1746 1516 1803 valeat
1547 1762 1904 1819 permanere,

222 1834 403 1891 sicut
422 1834 514 1889 de
548 1833 660 1890 ista
704 1832 921 1889 dicitur
968 1833 1296 1891 accidisse:
1346 1840 1404 1890 et
1448 1836 1497 1891 si
1549 1835 1910 1907 deprehensa

224 1921 428 1979 .fuerit
480 1922 609 1979 haec
653 1927 789 1979 ante
837 1924 1181 1996 conjugium
1231 1912 1479 1981 crimina
1522 1928 1908 1997 perpetrasse,

249 2015 469 2071 utrum.
490 2010 556 2066 in
587 2011 859 2084 eonjugio
892 2012 1100 2069 debeat
1129 2018 1231 2069 aut
1259 2014 1447 2071 valeat
1478 2030 1837 2086 permanere.

876 2153 1295 2212 RESPONSIO.

314 2278 395 2335 De
434 2281 660 2350 stupro
709 2277 961 2351 denique
1013 2282 1071 2335 et
1119 2279 1354 2348 aborsu,
1387 2297 1515 2352 quae
1564 2297 1714 2353 saepe
1743 2272 1937 2336 dictaz'

238 2368 484 2439 objecta
540 2366 723 2425 fuisse
765 2365 1099 2424 audivimus
1149 2367 1405 2437 mulieri,
1455 2386 1525 2424 ne
1584 2371 1917 2429 secundum,

243 2457 657 2528 conjecturam
708 2455 952 2511 humani
1002 2455 1228 2512 arbitrii
1269 2458 1664 2526 decernentes,
1697 2458 1909 2530 aequis-

242 2545 476 2602 simum
499 2543 768 2616 judieem
798 2544 1115 2601 Dominum
1145 2546 1532 2614 oll‘eadanius,
1578 2547 1650 2603 ad
1679 2550 1907 2603 sancta-

246 2652 381 2692 rum
414 2634 861 2706 Seripturarum
894 2634 1139 2706 paginas
1170 2651 1548 2690 recurramus
1581 2652 1593 2691 :
1630 2635 1713 2691 ait
1748 2636 1907 2691 enim

220 2722 393 2780 liber
460 2721 895 2780 Deuteronomii
941 2741 953 2779 :
1019 2723 1082 2780 Si
1132 2724 1354 2780 (licuerit
1408 2726 1495 2780 vir
1550 2742 1797 2792 uxorem,
1858 2734 1909 2782 ct

240 2823 439 2886 postea
486 2830 611 2873 eam
660 2813 783 2870 odio
832 2814 1107 2883 habuerit,
1159 2816 1546 2886 quaesieritque
1603 2817 1908 2873 occasiones

241 2904 450 2975 quibus
487 2902 733 2957 dimittat
779 2919 920 2969 eum,
955 2904 1216 2975 objiciens
1263 2906 1319 2960 ei
1363 2920 1560 2959 nomen
1585 2905 1904 2975 pessimum,

216 2999 293 3047 _et
316 2991 539 3047 dixerit
568 3008 588 3046 :
625 2992 858 3048 Umorem
886 2993 1027 3048 hanc
1055 2995 1257 3064 accepi,
1290 3001 1343 3049 et
1374 2995 1647 3063 ingressus
1675 2993 1746 3047 ad
1787 3009 1909 3049 eam

243 3097 350 3135 non
403 3073 607 3139 inveni
660 3080 819 3135 illam
877 3083 1190 3149 virginem;
1240 3082 1428 3137 tollent
1480 3098 1602 3137 eam
1634 3088 1805 3153 ,patcr
1857 3088 1908 3136 ct

242 3177 420 3224 mater
473 3168 694 3238 ejus,et
742 3172 919 3240 ferent
963 3186 1145 3225 secum
1185 3172 1347 3240 signa
1400 3171 1743 3239 virginitatis
1790 3171 1907 3241 ejus

1940 1878 1988 1943 B

2028 592 2303 665 gustinus
2336 609 2349 647 :
2385 615 2412 642 «
2447 591 2616 661 Quid,
2650 593 2752 660 ait,
2777 592 2837 647 in
2868 593 2977 649 hoc
3007 593 3133 650 loco
3162 596 3512 666 videritmisi
3541 614 3674 657 con-

2026 682 2354 751 cumbendo
2386 681 2746 755 cognoverit;
2780 681 2932 738 sicut
2962 681 3102 738 alibi
3132 682 3191 738 in
3230 684 3355 756 lege
3405 686 3621 742 dicitur
3653 703 3667 742 :

2026 773 2272 840 cognovit
2300 788 2526 828 umorem
2554 788 2714 828 suam
2743 771 2896 840 (Gen.
2931 789 3008 843 1v,
3043 772 3115 843 1),
3143 790 3246 846 pro
3272 790 3338 829 eo
3370 776 3524 846 quod
3558 780 3669 842 est,

2025 859 2238 915 mistus
2270 864 2358 917 est
2387 861 2536 916 ei.Et
2566 860 2707 933 quid
2739 860 2820 916 ait
2853 877 2864 915 :
2897 868 3176 932 peccatum
3201 878 3365 917 suum
3383 864 3669 935 accipient,

2024 947 2137 1004 nisi
2162 948 2301 1020 quia
2321 948 2511 1020 ipsam
2532 966 2764 1020 poenam
2787 950 3007 1021 peccati
3034 949 3542 1022 peceatumvoluit
3571 968 3671 1024 ap-

2022 1035 2248 1108 pellari.
2284 1059 2314 1086 ››
2343 1038 2412 1092 Et
2438 1037 2577 1109 quia
2607 1038 2953 1094 necessitate
2984 1039 3188 1107 coacti,
3223 1037 3377 1095 sicut
3398 1043 3472 1096 et
3497 1040 3675 1111 Apos-

2021 1124 2195 1193 tolus,
2229 1126 2330 1198 qui
2365 1126 2620 1197 quodam
2652 1125 2776 1182 loco
2810 1127 2881 1181 de
2930 1125 3286 1198 quibusdam
3317 1126 3458 1183 dicit
3490 1144 3503 1183 :
3541 1128 3676 1199 Quae

2022 1216 2081 1268 in
2111 1217 2333 1271 occultis
2363 1223 2551 1287 agunt,
2584 1223 2742 1287 turpe
2770 1223 2848 1270 est
2873 1218 3039 1270 etiam
3069 1215 3248 1272 dicere
3272 1216 3583 1288 (Ephes.v,i
3595 1216 3670 1289 2),

2020 1304 2374 1359 constrictus
2434 1304 2779 1360 necessitate
2827 1303 3194 1374 apertissime
3240 1306 3321 1361 .ad
3378 1306 3673 1363 Romanos

2020 1391 2319 1465 redarguit
2349 1393 2645 1449 masculos
2676 1393 2735 1447 in
2757 1392 3054 1450 masculos
3086 1394 3511 1465 turpitudinem
3542 1411 3676 1467 ope-

2020 1485 2299 1548 rautes,et
2328 1481 2576 1538 feminas
2595 1480 2921 1538 naturalem
2940 1482 3191 1538 usumin
3219 1500 3353 1544 eum
3378 1501 3552 1545 usum
3571 1475 3671 1556 qui

2017 1572 2107 1625 est
2155 1574 2359 1627 contra
2407 1574 2678 1627 naturam
2732 1573 3047 1639 mutantes,
3090 1571 3337 1629 velimus
3386 1572 3668 1639 nolimus,

2018 1658 2294 1715 timentes
2324 1660 2841 1716 eomminationem
2862 1660 3109 1717 dicentis
3137 1660 3671 1735 Domini,ut-supra

2016 1746 2193 1820 longe
2218 1749 2644 1821 praemisimus:
2675 1750 2779 1817 Qui
2805 1766 2892 1804 me
2918 1750 3198 1806 erubuerit
3224 1758 3274 1806 et
3300 1767 3446 1807 meos
3473 1767 3670 1807 sermo-

2017 1854 2133 1905 nes,
2165 1838 2313 1894 hunc
2338 1839 2615 1894 erubescet.
2635 1839 2787 1909 ﬁlius
2818 1838 3055 1894 hominis
3085 1854 3287 1895 coram,
3313 1840 3525 1908 angelis
3572 1840 3671 1897 Dei

2022 1927 2171 1999 (Luc.
2192 1929 2407 1997 Ix,26);
2441 1926 2635 1983 adhuc
2665 1944 2949 1999 ponemus
2981 1926 3040 1981 in
3072 1926 3180 1983 hac
3213 1944 3389 1987 causa
3418 1928 3491 1984 de
3518 1927 3669 1985 libro

2022 2016 2310 2073 Geneseos
2339 2033 2352 2070 :
2386 2018 2673 2084 lntroiens,
2706 2016 2920 2088 inquit,
2953 2016 3104 2071 0mm
3153 2016 3305 2088 ﬁlius
3350 2016 3516 2075 Iuda?
3538 2017 3673 2089 ,1³ἰίἰί

2019 2105 2180 2161 Iacob
2207 2106 2541 2176 patriarchae
2568 2105 2638 2161 ad
2668 2121 2897 2161 umorem
2916 2108 3115 2178 fratris
3141 2107 3243 2163 sui
3263 2107 3369 2162 Iter
3393 2108 3668 2178 primoge-

2018 2195 2127 2249 niti
2155 2194 2331 2260 Juda’,
2362 2196 2460 2266 qui
2486 2196 2594 2266 fuit
2619 2210 2856 2266 nequam
2876 2196 2936 2250 in
2955 2203 3237 2266 conspectu
3256 2196 3497 2261 Domini,
3525 2202 3577 2251 et
3602 2194 3671 2253 ab

2018 2298 2077 2339 eo
2106 2284 2312 2339 occisus
2347 2291 2444 2351 est,
2475 2300 2657 2339 semen
2701 2283 2964 2355 fundebat
3013 2286 3072 2338 in
3121 2291 3344 2350 terram,
3372 2296 3424 2340 et
3469 2283 3671 2340 idcirco

2015 2374 2283 2443 percussit
2308 2389 2435 2429 eum
2464 2373 2746 2442 Dominus,
2778 2372 2916 2444 quod
2937 2389 3051 2428 rem
3071 2372 3439 2429 detestabilem
3466 2375 3669 2445 faceret

2019 2460 2170 2531 (Gen.
2201 2478 2433 2528 xxxvm,
2467 2464 2502 2515 7
2526 2468 2577 2517 et
2596 2464 2670 2528 9).
2707 2462 2777 2517 Et
2806 2459 3093 2532 scriptum
3125 2465 3215 2517 est
3254 2461 3313 2516 in
3339 2461 3511 2517 .libro
3556 2460 3664 2518 Le—

2014 2547 2171 2604 vitici
2206 2566 2220 2603 :
2265 2551 2381 2621 Qui
2427 2549 2717 2606 dormierit
2760 2567 2885 2604 cum
2929 2550 3172 2606 masculo
3219 2552 3362 2607 coitu
3407 2551 3663 2622 femineo,

2019 2644 2239 2708 uterque
2263 2645 2513 2709 operatus
2543 2645 2621 2693 est
2651 2639 2825 2708 nefas,
2853 2645 3024 2694 morte
3048 2641 3365 2699 moriantur
3389 2640 3532 2708 (Leo.
3566 2658 3663 2707 xx,

2020 2724 2127 2794 13).
2163 2725 2325 2781 Unde
2356 2730 2413 2783 et
2439 2725 2596 2798 leges
2629 2727 2903 2781 Romamn
2935 2727 3255 2783 decernunt
3285 2726 3345 2783 in
3390 2727 3666 2800 capitulis

2016 2814 2088 2869 de
2118 2813 2572 2885 stupratoribus,
2598 2814 2752 2885 quod
2783 2812 2982 2883 legens
3013 2814 3261 2886 quisque
3291 2814 3564 2871 inveniet.
3596 2817 3668 2875 Et

2016 2901 2065 2957 si
2093 2903 2164 2957 de
2195 2901 2456 2957 masculo
2486 2919 2622 2957 cum
2662 2900 2925 2956 masculo
2974 2902 3057 2956 ita
3104 2902 3452 2971 decernitur,
3487 2920 3665 2975 quam

2016 2990 2489 3045 adinveutionem
2518 2990 2675 3062 leges
2706 2990 2999 3045 invenient
3019 2991 3090 3045 de
3120 2990 3383 3047 masculo
3403 2995 3461 3047 et
3491 2991 3666 3053 fratre

2016 3095 2151 3134 eum
2208 3094 2403 3133 sorore
2451 3095 2545 3133 ex-
2576 3078 2888 3134 concubitu
2920 3077 3189 3134 ,masculi
3236 3079 3667 3139 Sodomitano?

2018 3169 2267 3223 Sanetus
2299 3166 2684 3222 nihilominus
2712 3165 3075 3238 Augustinus
3104 3167 3162 3222 in
3208 3165 3357 3223 libro
3408 3168 3666 3227 secundo

241 3257 311 3312 ad
336 3259 589 3314 saliares
618 3258 793 3323 urbis,
826 3259 924 3328 qui
955 3259 1013 3312 in
1038 3265 1197 3328 porta
1222 3266 1352 3313 sunt
1381 3275 1400 3312 :
1431 3266 1481 3313 et
1518 3258 1657 3314 dicet
1700 3266 1858 3329 pater
1883 3276 1902 3312 :
1932 3244 1976 3310 C
2017 3256 2087 3310 ad
2117 3254 2411 3310 Valerium
2443 3255 2827 3326 Gomitem,de
2858 3254 3092 3327 Nuptiis
3112 3260 3170 3311 et
3185 3255 3668 3328 Concupiscentia

226 3346 455 3402 filiam
501 3362 682 3401 meam
725 3345 853 3401 dedi
896 3346 1026 3401 huic
1076 3362 1322 3414 uxorem,
1371 3364 1538 3419 quam
1586 3348 1719 3418 quia
1771 3347 1905 3416 odit,

242 3436 491 3506 imponit
516 3436 574 3490 ei
618 3449 815 3489 nomen
852 3436 1173 3504 pessimum,
1204 3442 1266 3489 ut
1312 3434 1507 3490 dicat':
1547 3435 1668 3491 Non
1721 3437 1909 3491 inveni

242 3524 435 3592 ﬁliam
459 3530 617 3577 tuam
642 3523 1009 3591 virginemmt
1036 3540 1154 3579 ecce
1183 3525 1302 3580 lure
1329 3531 1458 3579 sunt
1484 3525 1647 3592 signa
1674 3526 1908 3593 virgini-

214 3613 370 3666 -tatis
410 3610 570 3681 ﬁliae
614 3626 772 3668 mem.
800 3612 888 3665 Et
936 3611 1244 3682 expandent
1294 3615 1672 3669 vestimentum
1721 3630 1908 3668 coram

218 3700 392 3757 ,827
454 3700 769 3755 senioribus
815 3701 1080 3767 civitatis,
1119 3701 1624 3773 apprehendentque
1668 3704 1906 3758 seniores

242 3790 399 3844 urbis
431 3789 595 3844 illius
624 3790 883 3857 virum,et
914 3791 1274 3845 verberabant
1306 3790 1467 3846 illum
1493 3791 1906 3847 condemnantes

244 3879 477 3949 insuper
503 3881 724 3933 eent'um
750 3877 905 3932 siclis
930 3879 1303 3949 argenti,quos
1323 3879 1473 3934 dabit
1501 3881 1655 3950 patri
1676 3880 1903 3950 puellae,

226 3967 515 4035 quoniam
540 3963 854 4037 diﬂ‘amavzt
880 3981 1078 4021 nomen
1101 3967 1403 4036 pessimum
1441 3984 1607 4039 super
1634 3970 1907 4036 virginem

226 4054 432 4121 .Israel,
462 4054 791 4125 habebitque
818 4070 941 4111 eam
970 4070 1217 4120 uxorem,
1264 4063 1316 4110 et
1343 4071 1451 4111 non
1487 4058 1687 4127 poterit
1716 4056 1905 4112 (limit-

224 4150 351 4198 ,ιρι-θ
379 4158 515 4198 ann
539 4144 694 4198 omni
723 4151 959 4214 tempore
986 4145 1117 4200 vitae
1142 4158 1279 4199 suae.
1317 4144 1466 4211 Quod
1511 4145 1562 4200 si
1607 4160 1795 4200 verum
1832 4152 1908 4202 est

237 4232 385 4302 quod
413 4231 634 4302 objecit,
665 4239 718 4286 et
742 4248 856 4287 non
885 4233 1211 4288 estinventa
1248 4233 1311 4287 in
1355 4233 1545 4303 puella
1588 4235 1903 4305 virginitas,

234 4320 465 4390 ejicient
494 4336 619 4375 eam
646 4327 808 4386 extra
835 4322 980 4391 fores
999 4320 1189 4375 domus
1214 4323 1392 4391 patris
1418 4324 1528 4389 sui,
1547 4330 1598 4376 ct
1628 4322 1905 4393 lapidibus

234 4410 477 4464 obruent
507 4409 619 4464 viri
646 4410 888 4464 civitatis
917 4409 1052 4480 ejus,
1080 4413 1134 4464 et
1163 4411 1450 4477 morietur,
1483 4413 1745 4482 quoniam
1777 4413 1908 4481 fecit

236 4500 399 4569 nede
433 4499 495 4553 in
524 4498 714 4567 Israel,
737 4506 798 4554 ut
822 4500 1197 4570 fornicaretur
1247 4499 1304 4552 in
1337 4498 1492 4554 domo
1516 4501 1695 4570 patris
1723 4502 1830 4565 sui,
1855 4508 1905 4554 et

238 4588 464 4655 auferes
510 4586 725 4640 nullum
768 4586 836 4640 de
884 4587 1062 4641 medio
1110 4590 1194 4641 tui
1220 4588 1400 4656 (Deut.
1431 4605 1569 4653 xxu,
1604 4588 1803 4657 13-21).
1837 4589 1906 4643 Et

239 4674 313 4729 de
344 4675 576 4730 incesto
606 4674 673 4728 in
702 4674 951 4730 Levitico
981 4677 1264 4747 scriptum
1295 4681 1385 4732 est
1412 4676 1629 4732 :Omnis
1660 4679 1815 4733 homo
1837 4678 1907 4732 ad

229 4764 557 4834 proximam
583 4766 879 4834 sanguinis
907 4767 1001 4820 sui
1028 4781 1140 4834 non
1168 4766 1402 4831 accedat,
1420 4773 1481 4820 ut
1510 4767 1704 4822 revolet
1725 4768 1904 4838 turpi-

236 4852 499 4906 tudinem
544 4852 706 4921 ejus;
749 4869 845 4921 ego
896 4855 1185 4908 Dominus.
1242 4854 1655 4925 Turpitudinem
1705 4857 1907 4911 sororis

235 4947 353 4995 tua:
380 4955 456 4995 ei:
476 4948 656 5011 patre,
685 4942 800 4997 sive
825 4958 896 4997 ea:
926 4950 1122 5008 matre,
1156 4957 1280 5014 quae
1306 4943 1455 4998 domi
1502 4944 1582 4998 vel
1627 4946 1766 5015 foris
1814 4961 1908 5013 ge-

236 5030 367 5084 nita
398 5036 500 5094 est,
534 5045 651 5085 non
679 5030 949 5087 revelabis
990 5032 1136 5100 (Leo.
1176 5047 1339 5098 xvm,
1367 5032 1403 5084 6
1430 5040 1483 5087 et
1509 5032 1587 5103 9.)
1619 5034 1690 5089 Et
1718 5032 1857 5088 item
1892 5050 1903 5088 :

242 5114 442 5171 Omnis
481 5120 672 5175 anima
721 5134 849 5191 quae
891 5122 1084 5190 fecerit
1127 5119 1191 5175 de
1237 5121 1736 5177 abominationibus
1788 5123 1909 5177 istis

237 5205 557 5276 quippiam,
595 5209 825 5278 peribit
881 5208 948 5264 de
1005 5210 1205 5279 populo
1270 5224 1364 5263 suo
1427 5209 1611 5277 (ibid,
1669 5210 1783 5278 29).
1841 5212 1912 5266 Et

228 5293 394 5347 item
434 5308 447 5347 :
481 5293 589 5361 Qui
612 5298 881 5369 acceperit
908 5312 1147 5353 sororem
1176 5313 1337 5351 suam
1371 5297 1549 5368 ﬁliam
1590 5301 1766 5368 patris
1792 5303 1904 5369 sui,

236 5383 327 5438 uel
355 5382 539 5452 ﬁliam
566 5388 763 5441 matris
807 5402 945 5452 sum,
978 5395 1029 5442 et
1077 5386 1273 5441 viderit
1325 5386 1720 5457 turpitudinem
1767 5389 1901 5460 ejus,

238 5471 463 5543 illaque
488 5478 771 5545 conspexit
811 5478 1010 5547 fratris
1042 5476 1428 5544 ignominiam,
1462 5477 1737 5546 nefariam
1792 5495 1905 5533 rem

235 5562 470 5631 operati
496 5571 645 5632 sunt,
676 5566 989 5621 occidentur
1021 5567 1078 5621 in
1105 5573 1390 5635 conspectu
1433 5565 1644 5635 populi,
1677 5583 1735 5621 eo
1764 5568 1905 5637 quod

235 5649 655 5719 turpitudinem
685 5671 843 5710 suam
888 5662 1080 5711 mutuo
1127 5654 1505 5719 revelavcrint,
1539 5661 1588 5708 ct
1611 5657 1909 5723 portabunt

2014 3343 2220 3400 scribit
2248 3348 2390 3417 (cap.
2422 3345 2512 3417 20)
2547 3362 2559 3399 :
2597 3367 2623 3393 «
2659 3344 2820 3411 Quod
2855 3348 3050 3399 autem
3082 3344 3182 3412 ait,
3208 3346 3485 3416 inquiens,
3513 3347 3665 3418 Apo-

2016 3433 2202 3489 stolus
2234 3434 2304 3489 de
2354 3433 2686 3506 improbis:
2743 3434 2940 3489 Relicto
2986 3434 3233 3488 naturali
3287 3449 3393 3489 usu
3445 3437 3668 3507 femina:

2013 3531 2337 3580 exarserunt
2366 3525 2424 3577 in
2444 3522 2715 3578 desideria
2742 3539 2844 3577 sua
2866 3524 2925 3576 in
2946 3523 3179 3577 invicem
3207 3523 3441 3578 masculi
3468 3524 3529 3578 in
3553 3541 3667 3579 ma-

2012 3613 2190 3669 sculos
2217 3611 2613 3683 turpitudinem
2643 3617 2920 3681 operantes
2950 3612 3131 3680 (Rom.-
3158 3627 3195 3677 ι,
3226 3613 3338 3678 27),
3376 3628 3491 3667 non
3521 3610 3667 3669 dixit

2016 3717 2192 3757 usum
2225 3698 2735 3772 conjugalem,scd-
2757 3698 3084 3755 naturalem
3117 3715 3253 3754 eum
3274 3698 3470 3754 volens
3502 3698 3667 3759 intel-

2013 3789 2244 3863 ligi,qui
2276 3790 2342 3844 ﬁt
2371 3786 2653 3843 membris
2680 3788 2753 3842 ad
2786 3787 2895 3842 hoc
2927 3787 3231 3855 creatis,ut
3259 3803 3363 3859 per
3389 3804 3457 3843 ea
3481 3788 3668 3858 possit

2015 3879 2087 3934 ad
2120 3877 2518 3952 generandum
2551 3884 2724 3933 sex'us
2756 3880 3004 3948 uterque
3035 3874 3372 3932 misceri:ac
3400 3892 3505 3948 per
3532 3875 3663 3944 hoc,

2014 3985 2149 4024 cum
2175 3967 2396 4024 eisdem
2430 3965 2711 4021 membris
2744 3964 2919 4020 etiam
2953 3963 3241 4021 meretrici
3283 3964 3534 4037 quisque
3562 3964 3668 4021 mi-

2014 4054 2521 4118 scetur,naluralis
2551 4058 2641 4109 est
2672 4070 2951 4123 usus,nec
2981 4057 3174 4108 tamen
3210 4052 3547 4121 laudabilis,
3562 4054 3665 4110 sed

2013 4143 2344 4218 eulpabilis.
2378 4143 2461 4198 Ab
2492 4158 2562 4197 ea
2592 4158 2723 4196 vero
2756 4145 2921 4212 parte
2952 4141 3234 4211 corporis,
3258 4158 3407 4212 qua).
3426 4157 3546 4197 non
3594 4141 3667 4195 ad

2012 4231 2412 4306 generandum
2443 4235 2530 4285 est
2554 4228 2898 4296 inslituta,si
2931 4233 2988 4284 et
3006 4229 3253 4300 conjuge
3274 4227 3524 4300 quisque
3546 4233 3668 4285 uta-

2010 4328 2127 4389 tur,
2153 4322 2314 4389 4628
2345 4325 2547 4376 contra
2579 4322 2847 4373 naturam
2878 4321 2969 4373 est
2997 4321 3054 4372 et
3089 4316 3476 4389 ﬂatigiosum.
3500 4315 3670 4374 Deni-

2013 4430 2128 4484 que
2155 4409 2318 4482 prius
2351 4409 2506 4464 idem
2538 4405 2852 4479 Apostolus
2885 4407 2955 4462 de
3003 4403 3257 4461 femi-nis.
3286 4402 3431 4459 dixit
3463 4419 3479 4460 :
3529 4405 3669 4461 Nam

2009 4502 2238 4572 femina:
2265 4514 2452 4554 eorum
2483 4498 2904 4550 immutaverunt
2930 4494 3242 4549 naturalem
3265 4510 3426 4552 usum
3455 4495 3514 4548 in
3543 4510 3670 4549 eum

1941 4614 1981 4677 υ
2012 4606 2173 4644 usum
2216 4589 2312 4658 qui
2360 4593 2439 4641 est
2485 4592 2673 4640 contra
2712 4592 2993 4638 naturam
3048 4582 3231 4654 (ibid.,
3282 4583 3395 4650 26).
3447 4583 3669 4662 Deinde

2016 4676 2296 4733 masculis
2328 4675 2385 4728 in
2410 4672 2702 4728 masculos
2734 4672 3161 4743 turpitudinem
3191 4672 3570 4743 operantibus
3587 4690 3671 4729 re-

2016 4765 2153 4821 lieto
2185 4782 2296 4819 usu
2328 4763 2556 4818 femina:
2590 4760 2990 4828 naturali,non
3018 4761 3221 4817 deisto
3241 4761 3563 4829 nomine,id
3578 4766 3672 4819 est

2017 4852 2291 4920 naturali,
2326 4853 2453 4922 conj
2465 4850 2655 4924 ugalis
2683 4853 2773 4906 est
2789 4849 3029 4906 laudata
3058 4850 3415 4918 eommistio,
3433 4851 3533 4907 sed
3560 4850 3671 4906 im-

2018 4942 2331 4999 mundiora
2349 4945 2405 4995 et
2416 4938 2674 4995 scelerati
2701 4938 2787 4993 ria
2801 4938 3024 5011 ﬂagitia
3039 4939 3315 4996 denotata
3326 4938 3667 5010 sunt,quasi

2018 5031 2216 5089 illicite
2246 5028 2504 5100 feminis,
2535 5027 2638 5083 sed
2669 5031 2866 5083 tamen
2902 5028 3248 5084 naturaliter
3274 5031 3599 5084 uterentur.
3636 5048 3665 5074 η

2018 5123 2088 5178 Et
2116 5120 2254 5176 item
2290 5119 2349 5173 in
2382 5118 2531 5173 libro
2563 5118 2633 5172 de
2666 5117 2822 5173 Bono
2855 5117 3151 5191 conjugali
3184 5117 3487 5189 (cap.1l):«
3520 5113 3667 5170 Cum

2018 5228 2172 5278 vero,
2193 5208 2408 5280 inquit,
2440 5206 2528 5262 vir
2558 5207 2822 5262 membro
2850 5205 3112 5261 mulieris
3144 5223 3261 5261 non
3290 5205 3359 5260 ad
3388 5203 3498 5258 hoc
3528 5219 3665 5259 eon-

2013 5318 2176 5357 eesso
2210 5298 2295 5353 uti
2326 5296 2590 5363 voluerit,
2629 5296 2852 5368 turpior
2881 5300 2971 5352 est
3013 5313 3154 5350 uxor
3182 5292 3231 5350 si
3284 5292 3342 5346 in
3372 5309 3454 5358 se,
3487 5307 3665 5363 quam

2014 5390 2061 5445 si
2096 5389 2153 5443 in
2186 5388 2300 5443 alia
2332 5386 2454 5441 ﬁeri
2488 5384 2838 5457 permiserit.
2877 5408 2902 5431 ››
2936 5385 3005 5438 Et
3042 5383 3100 5437 in
3133 5382 3389 5437 secundo
3417 5379 3567 5435 libro
3593 5380 3667 5435 de

2014 5477 2359 5535 adulterinis
2392 5473 2695 5547 Conjugiis
2725 5477 2867 5545 (cap.
2904 5475 2990 5540 12)
3025 5489 3037 5526 ε
3076 5494 3104 5521 ‹‹
3137 5471 3196 5527 Si
3230 5474 3427 5526 autem
3461 5486 3523 5525 se
3549 5485 3664 5525 non

2014 5568 2290 5631 continet,
2322 5564 2477 5620 licite
2509 5563 2713 5624 nubat,
2738 5579 2808 5616 ne
2837 5560 3088 5631 turpiter
3117 5562 3374 5633 generet,
3407 5562 3511 5614 aut
3540 5562 3662 5614 tur-

2016 5658 2146 5729 pius
2194 5651 2635 5711 concumbcndo
2684 5665 2799 5704 non
2851 5652 3106 5720 generet.
3153 5652 3501 5722 Quanquam
3530 5647 3661 5716 hoc,
