3896 6182
244 359 361 424 693

1155 359 1258 446 DE
1301 359 1674 424 DIVORTIO
1716 357 2082 423 LOTHARII
2125 359 2226 424 ET
2267 359 2728 424 TETBERGzE.

3520 363 3641 428 694

153 551 160 560 ,
243 491 408 549 brum
432 490 587 548 intra
607 507 841 548 carnem
872 489 1375 560 alterius,factura
1405 491 1748 565 prohibente
1779 509 1882 548 na-
1911 492 1968 560 Α
1995 510 2195 550 verum
2230 497 2287 550 et
2316 493 2678 563 idololatriae,
2709 495 2880 567 cuius
2909 495 3161 553 mercedi
3209 499 3348 554 sunt
3390 496 3642 568 reddita,

243 580 686 650 turm,mittunt:
718 581 817 637 sed
849 580 1175 637 naturalem
1207 581 1454 654 hujusce
1484 581 1666 654 partis
1695 598 1893 654 corpo-

241 687 344 726 reae
373 687 554 726 usum
583 669 642 726 in
675 686 811 726 eum
869 687 1047 726 usum
1106 669 1208 743 qui
1239 676 1327 726 est
1356 675 1560 727 contra
1617 675 1888 726 naturam

239 763 785 832 commutantzquaa
808 759 1088 815 dicuntur
1117 760 1406 832 quasdam
1437 760 1742 816 machinas
1772 760 1892 816 dia-

239 848 434 905 bolice
449 847 807 921 operationis
825 847 1210 904 nihilominus
1227 850 1299 904 ad
1315 849 1748 904 exaestuandam
1763 846 1887 902 libi-

237 937 426 994 dinem
449 937 677 1010 operari
698 957 711 1007 ;
731 943 788 994 et
805 942 1002 994 tamen
1021 938 1378 994 fornicantes
1400 937 1456 992 in
1485 955 1696 1010 corpus
1713 955 1888 993 suum

237 1031 499 1102 peccant.
514 1025 798 1083 Similiter
811 1030 869 1083 et
886 1026 1134 1082 masculi
1154 1026 1211 1082 in
1244 1026 1540 1083 masculos
1571 1025 1886 1098 turpitudi-

237 1132 362 1172 nem
389 1120 732 1188 operantes,
765 1115 822 1170 id
855 1119 944 1170 est
974 1116 1242 1171 ardorem
1272 1115 1537 1172 libidinis
1567 1132 1888 1187 cvaporan-

234 1209 334 1272 tes,
364 1209 428 1260 et
459 1203 820 1276 voluptatem
851 1203 1066 1270 carnis,
1097 1221 1225 1278 quae
1258 1221 1320 1261 se
1351 1205 1620 1271 delectat,
1653 1203 1887 1277 explen-

234 1300 335 1362 tes,
393 1295 508 1366 qui
567 1294 638 1350 ab
695 1293 972 1366 Apostolo
1026 1295 1424 1351 masculorum
1484 1296 1888 1352 concubitores

233 1382 626 1456 appellantur,
651 1387 711 1439 et
741 1382 945 1440 molles
979 1384 1026 1456 (I
1054 1385 1175 1441 Cor.
1198 1387 1298 1452 v1),
1333 1385 1430 1456 qui
1464 1385 1601 1440 huic
1631 1385 1884 1457 turpitu«

232 1471 344 1529 dini
374 1471 730 1544 voluptuose
759 1473 1295 1529 suecumbunt.Sed
1319 1477 1377 1529 et
1397 1473 1494 1545 qui
1527 1473 1678 1529 tollit
1710 1491 1889 1530 mem-

231 1563 329 1618 bra
352 1559 580 1618 Christi
610 1561 750 1618 facit
775 1562 1042 1618 membra
1069 1562 1410 1629 meretricis,
1437 1563 1740 1619 adhaerens
1773 1581 1888 1618 me-

233 1649 432 1718 ritrici,
475 1635 627 1706 cum.
668 1666 786 1722 qua
843 1667 1030 1706 unum
1084 1667 1297 1723 corpus
1355 1651 1626 1706 efficitur.
1660 1653 1728 1706 Et
1783 1651 1884 1724 qui

231 1755 354 1796 cum
379 1738 512 1795 Deo
532 1743 778 1806 sacrata,
801 1737 886 1794 vel
911 1756 1047 1795 cum
1081 1744 1347 1813 cognata,
1371 1743 1584 1796 etcum
1607 1756 1675 1795 ea
1705 1757 1882 1811 quam

231 1831 523 1902 cognatus
550 1826 774 1896 habuit,
804 1827 893 1883 vel
927 1843 1063 1884 eum
1114 1845 1291 1884 uxore
1320 1827 1582 1895 alterius,
1617 1834 1718 1884 aut
1748 1846 1884 1884 cum

231 1933 453 1990 pecore,
495 1933 599 1972 seu
632 1933 768 1972 cum
798 1904 1019 1972 femina
1047 1922 1250 1974 contra
1281 1921 1553 1972 naturam
1601 1918 1886 1991 ﬂagitiose

231 2009 448 2079 peccat,
481 2003 575 2060 vel
607 2005 705 2077 qui
739 2005 1144 2078 semetipsum,
1179 2022 1283 2078 per
1311 2023 1393 2072 se,
1425 2023 1604 2061 manu
1651 2005 1738 2062 vel
1773 2006 1886 2064 alio

231 2093 495 2167 quolibet
509 2093 679 2150 modo
696 2093 925 2167 polluit,
941 2095 1208 2150 ardorem
1228 2093 1490 2150 libidinis
1505 2094 1764 2166 explens,
1780 2096 1888 2150 for-

231 2183 548 2252 nicatur,et
575 2186 736 2238 tanto
767 2182 1252 2250 damnabilius,et
1280 2183 1416 2238 inde
1444 2183 1504 2238 in
1538 2183 1725 2256 poenis
1753 2201 1885 2256 gra-

229 2271 429 2340 vius,si
465 2271 646 2344 digne
675 2277 797 2328 non’
818 2271 1176 2344 pmnituerit,
1205 2274 1674 2340 tormentandus,
1699 2290 1887 2345 quan-

229 2365 284 2418 to
312 2361 576 2433 quisque
619 2363 822 2416 contra
871 2365 1142 2417 naturam
1201 2359 1541 2418 sceleratius
1582 2361 1639 2416 in
1673 2379 1886 2434 corpus

229 2467 396 2507 suum
421 2453 667 2523 peccat:
688 2447 826 2521 quia
843 2453 908 2504 ut
924 2453 1166 2505 sanctus
1196 2449 1584 2521 Augustinus,
1615 2455 1673 2506 et
1695 2450 1886 2506 caeteri

230 2539 499 2596 doctores
533 2541 853 2610 exponunt,
886 2537 944 2592 in
997 2537 1323 2610 expletione
1377 2537 1778 2595 fornicatiOnis
1809 2540 1888 2595 ita

229 2645 357 2686 cum
387 2643 640 2700 corpore
668 2630 725 2682 et
753 2643 922 2684 mens
951 2627 1207 2683 carnalis
1253 2628 1488 2700 penitus
1520 2629 1885 2695 absorbetur,

232 2723 294 2774 ut
320 2717 474 2774 nihil
507 2715 675 2772 aliud
724 2721 866 2772 tunc
894 2716 984 2772 vel
1015 2717 1270 2790 cogitare
1301 2717 1626 2790 praevaleat.
1657 2718 1727 2772 Et
1755 2735 1886 2790 pec-

234 2811 422 2862 eatum
459 2805 576 2860 hoc
607 2821 722 2860 non
753 2809 982 2860 tantum
1011 2805 1611 2879 contingit,quantum
1630 2805 1890 2878 possidet

211 2894 558 2972 ‘polluendo
589 2909 802 2965 corpus
824 2897 882 2950 et
897 2893 1154 2950 animam
1174 2895 1274 2950 :de
1290 2911 1405 2966 quo
1430 2911 1563 2950 cum
1593 2900 1886 2966 pertrans-

239 2983 302 3038 iit
329 2988 524 3051 actus,
545 2982 689 3038 adeo
721 2987 919 3038 manet
949 2987 1164 3049 reatus,
1190 2987 1255 3038 ut
1283 2987 1336 3038 et
1367 2982 1522 3038 inter
1550 2983 1738 3055 ipsius
1769 3001 1887 3056 poe-

237 3072 495 3129 nitentia:
529 3069 785 3144 gemitus
813 3070 1038 3128 stimuli
1071 3071 1329 3145 pristina:
1361 3071 1764 3128 delectationis
1786 3071 1890 3128 mi-

238 3159 572 3235 serabiliter
599 3158 826 3216 soleant
850 3159 1108 3226 excitari,
1132 3163 1189 3216 et
1215 3159 1423 3215 talium
1456 3159 1724 3216 omnium
1756 3159 1889 3216 faci-

2001 587 2066 638 ut
2094 583 2350 639 ostendit
2376 582 2711 655 Apostolus,
2744 584 3120 656 deputantur,
3153 585 3305 642 sicut
3359 586 3644 660 scriptum

1999 675 2178 730 estde
2199 671 2422 748 gulosis
2444 689 2456 727 :
2487 671 2726 740 Quorum
2742 673 2878 728 Deus
2899 681 3081 729 venter
3107 682 3188 730 est
3210 675 3646 749 (Philip.m,l5),

1999 768 2056 821 et
2086 765 2156 818 de
2176 763 2512 828 luxuriosis,
2541 770 2594 818 et
2621 763 2798 834 gloria
2829 764 2888 816 in
2916 764 3232 834 confusione
3283 765 3524 835 ipsorum
3551 767 3648 838 qui

1999 861 2213 909 terrena
2229 855 2456 924 sapiunt
2471 851 2883 924 (Philip.v,lQ):
2908 851 3092 906 Deum
3111 851 3327 924 quippe
3347 853 3648 926 Scriptura

1996 941 2244 1015 gloriam
2295 939 2626 1012 appellavit,
2659 957 2786 1012 quae
2821 939 2964 996 dicit
2998 958 3011 996 :
3045 939 3386 997 Mutaverunt
3411 943 3648 1012 gloriam

1995 1048 2155 1087 suam
2186 1033 2245 1086 in
2273 1030 2696 1086 similitudinem
2717 1029 2879 1084 vituli
2903 1029 3226 1086 comedenti:
3253 1032 3444 1102 fenum
3470 1031 3643 1099 (Psal.

1995 1138 2084 1188 cv,
2116 1122 2252 1189 20);
2283 1123 2340 1176 et
2370 1119 2439 1174 de
2473 1117 2732 1186 avaritia,
2785 1134 2908 1190 quae
2963 1125 3043 1174 est
3093 1119 3364 1176 idolorum
3413 1122 3646 1175 servitus

1997 1210 2209 1281 (Ephes.
2233 1227 2289 1278 v,
2321 1207 2396 1280 5),
2431 1207 2732 1280 Scriptura
2763 1211 3029 1262 testatur.
3062 1206 3157 1264 Sic
3182 1212 3239 1263 et
3271 1209 3342 1264 de
3371 1207 3524 1274 aliis,
3559 1213 3644 1264 at-

1996 1315 2111 1370 que
2141 1315 2210 1352 ex
2240 1295 2698 1365 aliis,studiosus
2728 1295 2908 1352 lector
2935 1295 2993 1351 in
3025 1295 3342 1370 Scripturis
3371 1295 3643 1353 inveniet.

1997 1387 2074 1442 De
2105 1386 2318 1440 aborsu
2351 1401 2484 1440 vero
2515 1383 2573 1439 in
2621 1384 2814 1440 Exodo
2865 1385 3148 1456 scriptum
3195 1387 3287 1441 est
3317 1402 3336 1440 τ
3364 1385 3427 1441 Si
3455 1387 3644 1455 litiga-

1997 1477 2130 1530 bunt
2159 1473 2265 1528 duo
2297 1475 2423 1540 viri,
2444 1482 2494 1528 et
2522 1475 2844 1544 percusserit
2866 1475 3156 1530 mulierem
3184 1475 3246 1530 in
3273 1483 3423 1532 utero
3451 1476 3648 1532 haben-

1996 1571 2122 1626 tem,
2153 1571 2206 1618 et
2231 1564 2433 1617 exierit
2487 1564 2676 1634 infans
2731 1563 2847 1632 eius
2886 1563 3131 1618 nondum
3155 1565 3442 1634 formatus,
3475 1563 3646 1620 detri-

1995 1661 2239 1708 mentum
2265 1654 2507 1724 patietur
2560 1659 2819 1723 quantum
2879 1651 3147 1706 indixerit
3175 1655 3264 1707 vir
3288 1654 3562 1718 mulieris,
3595 1661 3646 1708 et

1994 1742 2150 1798 dabit
2192 1757 2312 1798 cum
2367 1741 2754 1813 postulatione.
2787 1740 2850 1795 Si
2905 1748 3086 1797 autem
3131 1744 3399 1812 formatus
3452 1743 3642 1813 fuerit,

1994 1831 2148 1885 dabit
2177 1833 2423 1885 animam
2472 1845 2575 1900 pro
2623 1830 2817 1884 anima
2846 1830 3037 1900 (Exod.
3071 1847 3184 1895 xxx,
3213 1833 3304 1896 2'2,
3330 1829 3443 1900 23).
3476 1831 3546 1885 Et
3573 1830 3646 1885 de

1994 1923 2280 1991 conceptu
2308 1919 2367 1974 in
2399 1916 2710 1990 Evangelio
2743 1917 3028 1990 scriptum
3059 1923 3183 1974 est:
3219 1919 3377 1990 Quod
3405 1921 3554 1974 enim
3584 1921 3646 1973 in

1994 2025 2058 2064 ea
2088 2017 2280 2064 natum
2307 2015 2387 2064 est
2413 2007 2618 2076 (Matth.
2653 2024 2694 2073 ι,
2723 2005 2836 2078 20),
2868 2007 3024 2078 quod
3067 2007 3194 2062 sine
3225 2005 3424 2072 dubio,
3457 2011 3523 2062 ut
3547 2023 3642 2062 ex-

1996 2097 2162 2169 ponit
2191 2095 2524 2168 Gregorius,
2563 2103 2874 2166 conceptum
2927 2103 3007 2151 est
3061 2095 3290 2150 dicitur.
3327 2096 3472 2151 Nam
3503 2099 3645 2150 tunc

1995 2187 2255 2260 primum
2313 2185 2529 2258 Joseph
2589 2184 2856 2240 haesitare
2914 2185 3107 2256 coepit,
3141 2185 3280 2256 quia
3319 2186 3642 2240 tumentem

1997 2293 2225 2348 sponsa:
2256 2292 2374 2331 suae
2407 2278 2636 2329 uterum
2667 2272 2832 2328 vidit.
2851 2273 2996 2328 Hinc
3028 2272 3392 2328 revolvamus
3421 2289 3489 2328 ex
3520 2271 3646 2345 lege

1997 2365 2288 2438 quomodo
2310 2365 2413 2418 fiat
2442 2363 2769 2419 secundum
2802 2365 3073 2416 naturam
3102 2359 3644 2434 conceptio.Mulier,

1993 2452 2207 2525 inquit,
2237 2467 2361 2524 quae
2388 2459 2630 2523 suscepto
2658 2452 2865 2506 semine
2885 2452 3158 2522 pepererit
3203 2450 3508 2505 masculum
3533 2451 3648 2505 sive

1993 2544 2260 2615 feminam
2289 2543 2431 2614 (Lev.
2464 2557 2564 2606 ΧΠ,
2596 2541 2672 2608 1),
2702 2544 2760 2594 et
2790 2540 2861 2594 de
2919 2537 3306 2610 parturitione
3363 2537 3484 2594 sive
3527 2538 3648 2593 for-

1997 2630 2396 2697 mati,sive,ut
2423 2627 2839 2701 praemisimus,
2869 2626 3191 2696 informati,
3225 2627 3381 2700 quod
3414 2626 3646 2689 mulier.

1996 2719 2117 2776 sive
2148 2717 2482 2784 masculini,
2517 2716 2635 2772 sive
2694 2717 2896 2772 femini
2957 2716 3210 2788 generis,
3242 2715 3397 2788 parit
3424 2715 3510 2770 vel
3545 2716 3646 2771 ab-

1996 2808 2152 2871 ortit,
2186 2807 2470 2878 scriptum
2503 2810 2626 2862 est:
2662 2805 2828 2861 Omne
2852 2805 2992 2877 quod
3019 2806 3196 2876 aperit
3221 2805 3643 2873 vulvam(Exod.

1995 2913 2184 2964 xxxrv,
2203 2895 2311 2964 19).
2347 2894 2678 2950 Notandum
2711 2893 2852 2965 quia
2881 2893 3184 2964 Scriptura
3212 2891 3480 2964 perbibet
3508 2908 3646 2947 mu-

1995 2985 2197 3041 lierem
2227 2981 2522 3054 suscipere
2552 2998 2774 3047 semen,
2807 2980 3028 3037 scilicet
3055 2980 3209 3036 coitu
3238 2979 3388 3035 virili
3419 2996 3523 3051 per
3551 2995 3646 3050 ge-

1997 3073 2235 3130 nitalem
2265 3088 2473 3127 venam
2503 3069 2838 3126 immissum
2859 3071 2918 3125 in
2949 3069 3129 3124 vulvae
3161 3068 3648 3139 secretum,baju-

1995 3163 2152 3219 lante
2174 3159 2434 3228 matrice,
2454 3159 2608 3216 sicut
2626 3163 2683 3216 et
2703 3158 2942 3232 physica
2959 3158 3206 3214 lectione
3227 3156 3640 3230 comperimus,

239 3232 444 3308 norum
479 3252 830 3322 patratores,
863 3247 1018 3304 sicut
1048 3253 1296 3304 testatur
1322 3249 1656 3322 Apostolus,
1688 3248 1887 3306 exclu-
1918 3232 1960 3298 (ἶ
1999 3256 2056 3308 et
2087 3268 2225 3314 non,
2257 3253 2322 3306 ut
2351 3249 2472 3304 haec
2517 3247 2846 3303 adinventio
2895 3245 3055 3316 dicit,
3088 3262 3290 3303 semen
3321 3245 3434 3302 sibi
3464 3249 3644 3301 attra-

241 3340 462 3396 duntur
478 3355 514 3394 a
531 3354 709 3411 regno
725 3337 851 3404 Dei,
866 3336 977 3393 nisi
993 3340 1307 3410 antequam
1322 3339 1393 3393 de
1411 3355 1647 3410 corpore
1662 3343 1892 3406 exeant,

240 3445 340 3502 per
367 3427 708 3483 luctuosam
738 3423 1164 3480 confessionem
1195 3429 1252 3480 et
1282 3425 1551 3498 profusas
1582 3425 1891 3498 laerymas,

240 3521 410 3590 atque
445 3514 952 3586 eleemosynarum
979 3512 1894 3586 largitionem,dignosquepoeni-

241 3605 434 3662 tentiae
470 3605 862 3673 fructus,cum
894 3601 1084 3658 multa
1109 3602 1423 3657 afﬂictione
1453 3603 1740 3672 carnis,et
1759 3621 1894 3660 con-

241 3693 482 3750 tritione
513 3690 778 3764 spiritus,
813 3694 1110 3746 tantorum
1143 3689 1380 3746 abluere
1411 3689 1747 3746 studuerint
1767 3709 1896 3747 ma-

243 3781 404 3838 culas
429 3779 972 3836 criminum.Nemo
1001 3778 1185 3852 igitur
1213 3778 1387 3847 dicat,
1421 3796 1536 3834 non
1568 3784 1898 3853 perpetrare

245 3887 375 3926 eum
406 3873 720 3943 peccatum
755 3867 1226 3932 Sodomitanum,
1261 3867 1359 3940 qui
1393 3872 1596 3923 contra
1626 3873 1898 3924 naturam

246 3959 303 4015 in
321 3958 662 4016 masculum
680 3956 770 4013 vel
789 3957 848 4012 in
868 3956 1145 4013 feminam
1160 3956 1584 4028 turpitudinem
1605 3962 1899 4029 operatur,

246 4052 300 4104 et
328 4047 562 4113 attritu,
594 4045 684 4101 vel
715 4050 957 4112 attactu,
990 4063 1093 4101 seu
1125 4049 1284 4100 motu
1319 4044 1634 4116 impudico,
1669 4063 1736 4101 cx
1767 4047 1906 4101 deli-

248 4136 549 4192 beratione
566 4139 623 4190 et
653 4134 851 4190 studio
890 4133 1236 4189 immundus
1269 4133 1557 4189 efﬁcitur:
1585 4134 1706 4206 qui,
1731 4136 1882 4191 utdo

248 4229 336 4281 cet
361 4223 709 4296 Apostolus,
742 4239 777 4278 a
807 4238 986 4294 regno
1045 4221 1145 4278 Dei
1202 4220 1550 4288 excluditur,
1603 4239 1736 4278 cum
1795 4223 1907 4279 alia

247 4313 427 4368 etiam
442 4317 704 4384 peccata,
719 4315 920 4366 contra
926 4311 1065 4382 jura
1077 4312 1297 4364 naturae
1322 4314 1626 4382 usurpata,
1641 4311 1906 4368 Sodoma:

249 4405 520 4473 reputata
551 4397 913 4456 Sodomitica
941 4397 1328 4471 appellentur,
1349 4397 1576 4454 dicente
1608 4399 1907 4456 ad‘civita-

249 4494 368 4545 tem
400 4489 658 4562 peccatis
683 4487 913 4560 plenam
951 4487 1198 4542 Domino
1229 4502 1332 4558 per
1361 4485 1703 4558 prophetam
1729 4505 1752 4543 τ
1785 4491 1913 4546 ch

251 4581 380 4650 fuit,
416 4577 635 4650 inquit,
672 4578 940 4649 iniquitas
965 4577 1170 4632 sororis
1201 4583 1314 4632 tute
1341 4573 1912 4646 Sodomw,otium,sa-

254 4669 454 4722 turitas
481 4669 666 4739 panis,
701 4673 753 4722 et
796 4664 1138 4720 abundantia
1167 4663 1382 4732 (Ezech.
1415 4679 1530 4730 xw,
1564 4665 1673 4736 49).
1709 4667 1778 4720 Et
1805 4667 1908 4722 Ju-

255 4755 364 4810 dmi
393 4759 706 4827 peccantes
762 4770 957 4809 coram
1017 4752 1286 4823 Domino,
1318 4753 1390 4807 ab
1409 4752 1578 4807 Jsaia
1621 4753 1916 4826 principes

258 4845 674 4909 Sodomorum,
719 4846 780 4898 et
832 4840 1085 4914 populus
1142 4839 1476 4896 Gomorrhze
1536 4841 1721 4896 vocati
1779 4847 1918 4899 sunt

261 4933 390 5001 (Isa.
429 4950 466 4998 ι,
501 4933 635 5002 1Ο);
699 4931 801 5004 qui
861 4931 1013 4986 inter
1067 4929 1182 4984 alia
1233 4929 1614 5001 iniquitatum
1674 4947 1915 4986 suarum

262 5021 416 5078 081
453 5019 674 5075 nefaria
723 5021 1051 5092 posuerunt
1108 5034 1356 5089 puerum
1387 5015 1444 5070 in
1482 5017 1830 5088 prostibula,
1861 5025 1920 5076 et

263 5107 627 5181 epheborum
649 5107 904 5180 pretium
922 5107 982 5160 in
1004 5104 1322 5177 marsupiis
1337 5121 1350 5158 :
1367 5121 1619 5176 quorum
1633 5106 1917 5164 dominati

265 5199 412 5249 sunt
443 5193 780 5260 effeminati,
815 5192 915 5266 qui
947 5193 1072 5248 loco
1103 5192 1657 5264 cpheborum,quasi
1689 5196 1760 5250 ad
1795 5214 1918 5252 ma-

262 5286 572 5339 tronarum
589 5281 919 5338 custodiam
941 5281 1231 5354 spadones
1251 5279 1542 5348 eil'eeti,im
1553 5282 1842 5352 pudicitiae
1864 5290 1923 5341 et
1942 5295 1965 5314 ’

263 5369 660 5426 immunditiae
681 5370 872 5436 asciti,
893 5376 1069 5443 atque
1091 5369 1314 5426 subacti
1340 5367 1725 5441 l_ibidini,qua3
1745 5374 1922 5429 etiam

265 5459 488 5514 ferreas
518 5463 746 5516 mentes
778 5463 844 5514 ut
873 5459 1088 5516 dicitur
1140 5458 1378 5514 domare
1429 5457 1594 5525 solef,
1631 5461 1844 5516 servire
1868 5468 1926 5518 et

264 5544 603 5604 libidinosis
635 5547 926 5604 dominari
980 5545 1271 5603 diabolica
1327 5546 1736 5606 adinventione
1770 5552 1927 5609 fuere

267 5634 510 5707 reperti.
542 5637 614 5692 Et
641 5635 986 5708 hujusmodi
1035 5636 1177 5692 vitia
1223 5651 1336 5690 non
1379 5635 1568 5690 solum
1601 5639 1925 5714 sacrilegio,

2001 3339 2250 3407 here,vel
2283 3353 2586 3393 assumere
2617 3335 2871 3404 alibi,vel
2903 3335 3138 3390 aliunde
3167 3334 3558 3391 emissumzet
3586 3333 3646 3389 in

2002 3427 2338 3493 emissione,
2370 3426 2524 3498 quod
2559 3425 2629 3480 de
2679 3425 2948 3480 immisso
3008 3423 3230 3480 semine
3285 3425 3649 3496 conceperat,

2002 3518 2233 3574 vulvam
2266 3513 2550 3588 adaperiri
2584 3515 2787 3568 eadem
2820 3513 3119 3585 Scriptura
3145 3516 3416 3581 testatur,
3449 3509 3651 3566 videli-

2005 3612 2094 3663 cet
2115 3623 2218 3679 pro
2242 3605 2431 3678 primo
2456 3607 2650 3676 partu,
2675 3620 2802 3674 qua:
2835 3619 3063 3658 servare
3091 3601 3375 3657 clausura:
3407 3600 3652 3673 integri-

2004 3699 2184 3752 tatem
2213 3711 2328 3750 non
2359 3691 2566 3764 potuit,
2583 3691 2760 3746 etiam
2793 3691 2850 3746 in
2883 3689 3070 3764 primo
3100 3688 3445 3745 naturaliter
3471 3687 3649 3744 coitu.

2005 3785 2323 3840 Credamus
2345 3781 2524 3854 igitur
2545 3781 2699 3852 quod
2721 3779 2993 3853 legimus,
3006 3783 3064 3834 et
3084 3778 3239 3851 quod
3263 3794 3378 3833 non
3401 3775 3654 3850 legimus

2009 3878 2271 3930 astruere
2318 3871 2482 3926 nefas
2540 3870 2870 3926 credamus.
2902 3871 2949 3924 A
2979 3868 3190 3925 sacculo
3227 3866 3386 3924 enim
3418 3883 3533 3923 non
3564 3869 3657 3923 est

2010 3962 2411 4029 auditum,nec
2431 3960 2504 4015 de
2525 3959 2634 4016 sub
2667 3959 2778 4014 isto
2809 3956 2952 4014 cmlo
2979 3958 3038 4014 in
3065 3959 3370 4030 Scriptura
3395 3955 3656 4012 veritatis

2011 4056 2100 4108 est
2119 4051 2360 4114 lectum,
2387 4053 2450 4103 ut
2468 4048 2638 4103 vulva
2657 4047 2885 4103 feminae
2907 4047 3033 4103 sine
3054 4048 3210 4103 coitu
3234 4063 3433 4103 semen
3457 4061 3656 4102 susce-

2013 4139 2180 4213 perit,
2209 4142 2386 4210 atque
2406 4135 2753 4207 conceperit,
2777 4141 2834 4191 et
2862 4135 3062 4190 clauso
3092 4140 3276 4202 utero,
3311 4139 3368 4190 et
3395 4133 3661 4206 inaperta

2013 4227 2204 4292 vulva,
2229 4243 2332 4282 seu
2385 4225 2612 4296 integra
2637 4240 2829 4291 carne,
2861 4223 3056 4278 vivum
3083 4222 3170 4278 vel
3202 4221 3528 4277 abortivum
3561 4237 3659 4292 pe-

2017 4315 2249 4390 pererit,
2273 4317 2510 4386 excepta
2539 4313 2664 4368 sola
2698 4311 3075 4384 singulariter
3093 4311 3260 4365 beata
3283 4314 3340 4364 et
3357 4308 3665 4365 benedicta

2016 4406 2254 4480 Virgine
2277 4403 2479 4470 Maria,
2500 4403 2669 4473 cujus
2691 4399 2988 4473 conceptio
3019 4416 3134 4454 non
3160 4402 3382 4453 natura;
3403 4395 3534 4462 fuit,
3561 4397 3662 4452 sed

2019 4495 2242 4569 gratiae,
2273 4492 2502 4548 dicente
2561 4489 2632 4545 ad
2691 4505 2816 4544 eam
2874 4485 3222 4560 archangelo
3256 4501 3270 4539 :
3301 4485 3426 4553 Ave,
3476 4485 3668 4558 gratia

1941 4604 1988 4667 D
2015 4587 2183 4657 Ρίεηα
2211 4584 2364 4651 (ιτιοο
2398 4597 2433 4648 1,
2467 4581 2580 4646 28),
2617 4579 2672 4633 in
2707 4595 2886 4649 quam
2918 4575 3178 4667 Spiritus
3201 4577 3442 4667 sanctus
3471 4587 3668 4644 super-

2017 4673 2194 4737 venit,
2217 4670 2316 4742 qui
2347 4668 2398 4724 ei
2431 4685 2499 4723 ex
2543 4667 2803 4740 virgineo
2855 4665 3096 4747 semine,
3128 4663 3504 4736 virgineoque
3533 4677 3669 4718 san-

2025 4761 2221 4835 guine,
2255 4758 2380 4814 sine
2405 4756 2702 4812 voluntate
2743 4754 2956 4820 carnis,
2980 4758 3037 4810 et
3059 4753 3184 4809 sine
3212 4750 3511 4808 voluntate
3538 4749 3669 4818 viri,

2023 4846 2438 4905 fecunditatem
2472 4843 2652 4916 prolis
2681 4843 2949 4907 contulit,
2981 4841 3375 4916 virginitatem
3399 4857 3515 4895 non
3547 4839 3674 4895 abs-

2025 4938 2162 4994 tulit
2193 4954 2206 4992 :
2241 4953 2368 5008 qua:
2419 4932 2572 4990 sicut
2627 4949 2799 4988 carne
2856 4933 3103 5005 integra,
3136 4935 3194 4988 et
3220 4929 3394 4987 vulva
3425 4945 3538 4984 non
3570 4926 3672 4982 ad-

2027 5031 2246 5100 aperta,
2271 5025 2330 5079 id
2361 5027 2450 5078 est
2476 5021 2676 5078 clauso
2707 5025 2871 5078 utero
2900 5021 3186 5096 concepit,
3221 5020 3302 5074 ita
3328 5035 3440 5073 non
3476 5017 3676 5085 aperta

2026 5115 2218 5180 vulva,
2239 5113 2340 5168 scd
2372 5111 2572 5167 clauso
2605 5115 2768 5166 utero
2803 5111 3045 5184 peperit,
3079 5106 3374 5178 simulque
3403 5103 3678 5170 et,mater

2028 5202 2268 5268 exstitit,
2303 5205 2359 5256 et
2378 5203 2658 5272 perpetuo
2679 5216 2746 5254 ac
2766 5216 2887 5254 sem
2897 5217 2998 5271 per
3015 5198 3190 5268 Virgo
3220 5194 3373 5250 συ
3405 5205 3676 5264 perman-

2031 5292 2127 5348 sit.
2159 5290 2502 5362 Virgineum
2529 5287 2767 5359 quippe,
2803 5293 2867 5342 ut
2913 5287 3184 5358 legimus,
3217 5281 3372 5336 unde
3423 5276 3680 5350 virgines

2033 5399 2161 5453 qua:
2193 5396 2368 5436 carne
2396 5377 2636 5448 integrae
2667 5379 2805 5432 sunt
2850 5373 3194 5436 vocitantur,
3228 5369 3286 5424 id
3318 5373 3408 5424 est
3436 5365 3680 5440 pellicu-

2020 5469 2174 5536 lam,
2199 5485 2326 5539 quae
2350 5467 2407 5520 in
2431 5465 2513 5520 eis
2539 5465 2594 5519 in
2618 5462 2930 5519 concubitu
2955 5461 3142 5532 primo
3172 5455 3587 5528 corrumpitur,
3621 5455 3680 5510 in

2037 5556 2352 5614 emissione
2401 5552 2717 5624 cujuslibet
2773 5554 2974 5622 partus
3021 5547 3310 5620 integram
3342 5560 3686 5618 permanere

2039 5655 2249 5704 natura
2285 5662 2398 5700 non
2430 5641 2669 5714 patitur,
2702 5643 2758 5694 et
2793 5641 3108 5709 postquam
3163 5635 3492 5708 virgineum
3538 5632 3684 5689 illud
