3896 6182
289 365 408 430 695

1222 363 1609 426 nmmum
1657 329 2104 423 ansnmsis
2145 345 2764 422 Aacmerrseom.

3571 344 3678 420 696

291 497 707 574 corrum'pitur,
741 498 900 574 virgo
933 497 1150 555 femina
1189 513 1304 553 non
1352 497 1619 554 habetur.
1649 495 1762 552 Sed
1794 500 1850 552 et
1881 493 1938 550 in
1967 496 2114 562 'A'et
2139 493 2439 550 veritatem
2471 509 2603 549 cum
2635 493 2794 549 omni
2827 490 3061 548 studeat
3111 489 3436 548 subtilitate
3461 492 3684 564 perqui-

288 586 597 663 Sériptu'r‘a
628 588 878 662 legimUs
909 586 1190 654 veritatis,
1211 586 1489 658 quoniam
1523 585 1629 640 hac
1656 583 1948 640 diabolica

293 678 721 742 adinvcnlione,
757 694 883 748 quae
934 676 1003 730 de
1037 675 1148 730 ista
1179 674 1396 732 femina
1425 678 1480 729 et
1511 691 1618 729 suo
1651 674 1828 729 fratre
1857 690 1945 728 re-

293 766 665 838 fertur,0nan
695 782 829 820 cum
860 781 1035 820 uxore
1067 781 1175 820 sua
1205 781 1471 834 quaerens
1501 761 1730 834 explere
1761 760 1950 817 libidi-

292 858 520 923 nem,et
547 853 750 910 nolens
783 853 944 909 nasci
977 853 1149 921 filios,
1169 851 1614 918 concumbcbat,
1639 869 1755 923 qua
1785 851 1856 906 de
1886 867 1946 906 re

292 962 326 1000 a
357 943 604 998 Domino
663 957 982 1014 percussus
1037 940 1261 996 interiit
1309 941 1460 1011 (Gen.
1493 944 1751 1008 xxxviii).
1784 937 1948 994 Unde

290 1049 404 1089 non
430 1031 844 1088 credimustali
871 1029 1182 1086 concubitu
1216 1028 1353 1084 hinc
1387 1029 1664 1084 feminam
1688 1026 1948 1100 potuisse

290 1123 613 1194 concipere.
651 1122 775 1176 llaec
828 1121 955 1174 idco
1010 1118 1265 1190 episcopi
1327 1117 1599 1184 dicimus,
1635 1113 1748 1172 non
1790 1117 1945 1189 quod

291 1210 620 1284 puellarum
669 1207 977 1281 virginalia
1025 1206 1112 1260 vel
1149 1205 1499 1262 lcminarum
1545 1210 1782 1274 secreta,
1819 1223 1946 1278 quae

291 1299 685 1372 experimento
718 1295 1033 1362 noscimus,
1069 1293 1389 1350 scientibus
1426 1293 1696 1362 revelare,
1721 1297 1824 1349 aut
1853 1309 1947 1348 ne-

295 1386 614 1444 scientibus
637 1383 937 1441 insinuare
959 1382 1206 1438 velimus
1224 1400 1236 1451 ;
1253 1383 1350 1437 sed
1367 1382 1642 1454 quoniam
1659 1383 1944 1455 scriptum

293 1479 381 1532 est
414 1493 426 1532 :
464 1477 698 1531 Causam
725 1487 888 1546 quam
917 1473 1220 1526 nesciebam
1266 1471 1685 1540 diligmztissinw
1724 1472 1944 1526 inresti-

293 1564 488 1636 gabam
519 1563 636 1630 (Job
667 1577 820 1624 XXIX,
855 1561 964 1630 16),
999 1558 1214 1614 idcirco
1273 1577 1400 1631 quae
1433 1558 1490 1614 in
1521 1558 1788 1614 Ecclesiae
1821 1575 1945 1614 ma-

294 1652 610 1726 gistrorum
669 1648 905 1721 scriptis
954 1647 1287 1721 relegimus,
1319 1653 1454 1703 ante
1485 1647 1684 1726 oculos
1716 1663 1945 1703 revoca-

295 1756 450 1808 mus,
486 1739 612 1796 utsi
646 1739 704 1794 in
736 1736 1079 1810 hujusmodi
1111 1737 1493 1810 deprehensa,
1523 1738 1593 1793 ad
1627 1755 1734 1793 nos
1761 1737 1830 1792 de
1853 1737 1945 1808 ju-

295 1829 446 1886 dicio
469 1830 768 1900 justorum
793 1825 1066 1898 judicum
1099 1831 1302 1898 petens
1343 1825 1745 1898 pcenitentiam
1774 1841 1970 1894 vene-j

1958 1867 2026 1936 ’Β

295 1918 390 1984 rit,
425 1917 551 1973 sine
580 1933 774 1972 errore
805 1931 932 1970 eam
959 1915 1227 1986 judicare
1257 1915 1576 1986 possimus.

367 2007 728 2078 Quapropter
756 2007 814 2059 et
843 2003 1138 2070 addimus,
1164 2008 1228 2058 ut
1257 2004 1307 2058 si
1340 2003 1593 2059 domnus
1627 2008 1824 2060 noster
1854 2021 1952 2060 rex

297 2093 634 2166 praedictam
669 2093 947 2148 feminam
982 2091 1202 2147 invenit
1231 2091 1536 2166 virginem,
1567 2110 1673 2149 cur
1702 2111 1830 2164 eam
1862 2093 1954 2148 de-

298 2181 486 2236 notari
547 2181 714 2252 quasi
777 2183 1106 2252 stupratam
1170 2181 1507 2238 consentit?
1534 2181 1593 2236 Si
1625 2199 1758 2236 vero
1791 2179 1953 2236 illam

296 2269 583 2340 virginem
616 2286 730 2324 non
768 2268 1004 2335 invenit,
1035 2285 1214 2339 quare
1267 2271 1469 2324 tandiu
1521 2287 1648 2324 eam
1691 2269 1954 2340 retinuit,

299 2357 384 2413 vel
411 2375 516 2412 cur
535 2357 605 2412 de
626 2355 727 2412 illa
748 2357 1043 2426 judicium
1076 2356 1530 2413 examinationis
1561 2359 1826 2430 recepit?
1851 2357 1957 2414 Ve-

311 2464 444 2502 rum
468 2445 548 2501 illi
573 2445 924 2501 nobilissimi
950 2445 1076 2499 laici
1101 2447 1418 2517 conjugati,
1445 2450 1502 2500 et
1525 2447 1842 2518 :rquissimi
1866 2448 1960 2519 ju-

311 2535 490 2600 dices,
523 2534 624 2607 qui
657 2535 729 2590 de
759 2533 866 2588 hoc
890 2533 1157 2604 judicare
1194 2535 1512 2600 debebunt,
1547 2535 1758 2591 melius
1788 2535 1958 2592 nobis

312 2628 370 2680 et
389 2623 564 2680 citius
593 2639 697 2695 per
727 2639 788 2678 se
819 2622 986 2687 scire,
1011 2627 1070 2678 et
1097 2619 1334 2678 licentia
1365 2623 1619 2679 maritali
1661 2624 1733 2679 ab
1761 2625 1960 2679 uxori-

311 2713 424 2769 bus
447 2713 668 2768 discere
699 2709 1112 2784 praevalebunt,
1137 2716 1335 2767 utrum
1367 2711 1466 2769 tali
1501 2713 1693 2782 modo,
1719 2711 1868 2770 sicut
1889 2715 1961 2770 de

311 2801 427 2858 ista
457 2801 808 2866 audivimus,
841 2800 1057 2856 femina
1101 2801 1376 2874 quaelibet
1420 2802 1607 2874 poscit
1635 2803 1958 2874 concipere.

311 2891 381 2946 Et
403 2907 639 2947 necesse
677 2894 766 2946 est
802 2887 919 2945 illis
949 2890 1059 2946 hoc
1091 2890 1365 2946 solertius
1387 2895 1442 2946 et
1469 2891 1760 2948 curiosius
1789 2891 1962 2946 vesti-

311 2997 468 3054 gare,
501 2996 574 3036 ne
605 2980 750 3035 forte
798 2978 857 3034 in
905 2979 1014 3036 hoc
1054 2979 1301 3051 justitiae
1331 2984 1388 3036 et
1417 2979 1964 3052 mquitatis'judicio

283 3067 541 3143 'possint
572 3064 924 3142 quocunque
953 3085 1145 3124 errore
1175 3065 1873 3142 interprchendere,quod
1899 3074 1964 3126 ut

301 3145 382 3214 Ide
403 3157 618 3214 talibus
637 3156 902 3230 personis
918 3154 988 3214 ad
1009 3162 1307 3214 tantorum
1323 3159 1591 3214 notitiam
1612 3157 1822 3231 poterit
1844 3177 1964 3232 per-

2056 597 2199 648 rere,
2231 587 2288 638 et
2319 582 2402 638 ita
2429 577 2906 638 contentionibus
2955 581 3210 654 partium
3258 580 3577 637 secundum
3601 578 3687 653 ju-

2054 669 2278 728 stitiam
2311 669 2486 726 citius
2538 669 2709 726 ﬁnem
2747 669 3064 741 imponere,
3101 685 3172 724 ne
3203 685 3339 741 pars
3369 685 3610 741 quaeque
3635 669 3688 726 in

2047 760 2272 832 judicio
2295 777 2356 815 se
2375 759 2494 831 pati
2531 757 2934 830 priejudicium
2968 757 3531 830 conqueratur.Nam
3553 758 3690 814 sicut

2055 849 2180 904 sine
2204 848 2430 918 judicio
2463 863 2820 920 quemquam
2867 847 3144 903 nolumus
3195 846 3592 913 condemnari,
3619 847 3692 903 ita

2055 954 2183 1009 qua:
2205 935 2456 992 diffinita
2487 933 2893 1004 luerint,nulla
2925 935 3186 1008 patimur
3211 933 3585 992 excusatione
3599 936 3692 992 dil-

2055 1023 2250 1080 ferri.»
2282 1023 2351 1079 Et
2381 1024 2450 1080 ad
2483 1023 2890 1080 Constantium
2937 1019 3278 1097 episcopum
3310 1020 3700 1080 Mediolanen-'

2055 1130 2178 1168 sem
2211 1113 2434 1180 scribit,
2471 1113 2626 1168 unde
2657 1113 2714 1168 in
2745 1112 2854 1168 hac
2888 1115 3066 1168 causa
3095 1113 3346 1186 quisque
3377 1131 3581 1180 sanus,
3612 1131 3692 1169 sa-

2056 1202 2243 1274 piens,
2275 1206 2334 1257 et
2379 1205 2532 1257 recte
2580 1201 2912 1270 intendens,
2945 1199 3394 1258 similitudinem
3428 1208 3492 1258 et
3521 1219 3694 1258 exem-

2055 1290 2184 1363 plar
2241 1309 2355 1345 non
2416 1291 2805 1362 incongruum
2865 1290 3078 1362 poterit
3133 1289 3517 1348 sumerc.Ait
3555 1291 3694 1348 enim

2055 1366 2238 1452 (ibid.,
2271 1383 2428 1462 epist.
2459 1380 2548 1451 3t)
2585 1397 2597 1434 :
2655 1401 2682 1428 ‹‹
2717 1379 2774 1434 Si
2817 1373 3008 1451 qualis
3059 1377 3171 1436 fuit
3219 1377 3279 1435 in
3327 1379 3696 1456 requisitions

2055 1485 2215 1536 cura,
2241 1467 2376 1524 talis
2398 1467 2605 1522 fuisset
2635 1467 2694 1522 in
2716 1465 3081 1524 discussione
3110 1467 3430 1537 subtilitas,
3468 1465 3612 1525 nihil
3639 1488 3697 1526 cx

2055 1555 2343 1629 hoc,quod
2369 1555 2440 1611 de
2471 1557 2644 1612 fratre
2675 1559 2873 1612 nostro
2905 1554 3128 1612 dictum
3161 1562 3267 1626 est,
3285 1552 3500 1615 fuisset
3530 1556 3696 1615 ambi-

2054 1661 2258 1718 guum,
2285 1645 2384 1700 sed
2415 1649 2612 1700 utrum
2645 1661 2868 1714 verum,
2903 1661 2974 1702 an
3009 1647 3160 1702 esset
3191 1645 3700 1722 compositumma.

2054 1732 2428 1806 tuissct,quia
2441 1734 2566 1806 jam
2579 1735 2783 1790 contra
2797 1733 3229 1808 ipsum-dudum
3244 1733 3303 1812 in
3321 1729 3696 1810 Sieilia,apud

2056 1824 2379 1880 reverendae
2405 1821 2696 1878 memoriae
2717 1822 2954 1878 fratrem
2982 1819 3262 1883 nostrum
3281 1824 3698 1882 Maxir‘niaaum

2058 1910 2419 1986 episcopum,
2445 1910 2578 1967 talis
2601 1910 2868 1984 quaestio,
2899 1915 2960 1967 ut
2981 1911 3382 1986 cognovimus,
3407 1919 3570 1971 mota
3593 1917 3703 1972 est:

2061 2002 2161 2057 sed
2187 2000 2327 2072 quia
2347 2017 2526 2056 causa
2547 1997 2733 2072 ipsius
2763 1999 2968 2055 subtili
2999 1999 3236 2058 omnino
3271 2001 3708 2078 investigatione

2061 2089 2308 2162 quaasita
2338 2093 2447 2155 cst,
2482 2088 2722 2144 omnino
2779 2087 3048 2146 inventus
3097 2094 3188 2146 est
3237 2089 3552 2159 innocens,
3585 2091 3711 2166 quia

2062 2177 2254 2232 fuerat
2286 2181 2596 2234 accusatus
2625 2176 2684 2232 in
2719 2177 2986 2234 crimine.
3019 2177 3187 2236 Nunc
3217 2177 3416 2253 igitur,
3437 2182 3706 2254 quoniam

2064 2263 2163 2321 illa
2200 2271 2326 2338 qua:
2376 2269 2580 2322 contra
2629 2283 2763 2322 eum
2795 2263 2964 2322 dicta
2993 2273 3152 2338 sunt,
3187 2285 3301 2326 non
3333 2269 3447 2327 sub
3482 2269 3583 2328 illa
3612 2283 3712 2345 qna

2065 2351 2264 2411 deeiiit
2295 2349 2658 2411 districtione
2691 2354 2936 2429 qumsita
2967 2355 3127 2425 sunt,
3160 2347 3217 2414 et
3245 2362 3430 2431 gesta,
3469 2377 3598 2435 quae
3626 2369 3710 2417 c'x-

2067 2441 2202 2499 inde
2233 2444 2390 2516 apud
2423 2443 2848 2500 fraternitatem
2868 2449 3122 2502 vestram
3139 2446 3403 2505 cenfecta
3424 2453 3590 2516 sunt,
3617 2465 3707 2506 ne-

2071 2533 2287 2604 quead
2327 2532 2899 2599 condemnationem,
2931 2543 3120 2606 neque
3169 2537 3240 2592 ad
3291 2537 3713 2595 absolutionem

2037 2643 2042 2647 ·
2069 2621 2198 2693 ejus
2227 2622 2551 2693 probantur
2580 2639 2750 2694 posse
2783 2621 3192 2693 su'fflcere,non
3221 2623 3362 2683 levis
3395 2643 3489 2684 res
3509 2625 3712 2701 agitur,

2071 2727 2198 2784 qua:
2231 2715 2326 2766 aut
2363 2710 2615 2777 incaute,
2643 2710 2731 2766 vel
2751 2707 2809 2765 in
2839 2714 3184 2770 transcursu
3212 2713 3424 2770 debeat
3443 2715 3706 2771 'difﬂniri.

2070 2797 2216 2856 Nam
2275 2799 2446 2872 grave
2505 2803 2594 2856 est
2631 2797 2791 2856 satis
2839 2805 2896 2856 et
2933 2797 3230 2870 indecens,
3263 2809 3329 2860 ut
3361 2805 3420 2860 in
3457 2823 3515 2862 re
3546 2801 3715 2861 dubia

2071 2889 2230 2944 certa
2253 2887 2486 2944 dicatur
2535 2889 2844 2945 sententia.
2877 2889 3100 2946 Et'bzec
3131 2891 3366 2964 quidem
3403 2889 3572 2966 gesta
3599 2889 3713 2950 esse

2073 2975 2426 3048 poterantad
2451 2975 2860 3033 dit‘finiendum
2891 2977 3118 3048 idonea,
3147 2979 3194 3036 si
3227 2977 3484 3038 accusati
3508 2995 3578 3038 ea
3597 2989 3714 3038 co‘n-

2073 3064 2246 3122 fessio
2284 3069 2642 3138 sequeretur,
2675 3064 2724 3122 si
2755 3067 2948 3124 tamen
2980 3067 3247 3125 eamdem
3297 3069 3713 3128 confessionem

2072 3153 2370 3211 subtilitas
2401 3153 2686 3211 examinis
2715 3171 2784 3210 ex
2813 3156 3060 3213 occultis
3085 3153 3405 3230 ejiceret,et
3433 3174 3543 3216 non
3578 3157 3711 3216 affli-

309 3239 525 3313 venire,
555 3251 613 3302 et
643 3264 758 3318 quo
785 3247 855 3302 de
877 3245 1102 3318 judicio
1135 3247 1371 3318 plurimi
1405 3247 1734 3319 exemplum
1766 3249 1961 3304 stude-
1994 3241 2038 3306 C
2075 3243 2188 3298 Clio
2215 3241 2526 3299 vehemens
2556 3243 3079 3316 extorqueret,quae
3102 3245 3438 3318 frequenter
3457 3243 3711 3320 110088“,

312 3333 461 3390 bunt
483 3333 886 3405 accipere.Nos
909 3337 1126 3401 autem,
1155 3339 1218 3388 ut
1239 3334 1417 3406 hujus
1439 3335 1656 3408 negotii
1678 3339 1962 3406 expertes,

313 3437 440 3494 quae
471 3420 723 3493 legimus
755 3421 1089 3487 dicimus,et
1108 3439 1222 3477 non
1255 3421 1390 3478 inde
1417 3423 1672 3494 amplius
1693 3427 1795 3479 aut
1815 3423 1963 3480 scire

312 3509 761 3580 quzerimus,aut
793 3509 1138 3582 investigare
1168 3510 1448 3567 volemus.
1469 3511 1735 3568 Viderint
1765 3523 1962 3568 autem

311 3598 508 3669 legum
533 3598 788 3670 judiecs,
823 3597 869 3652 si
903 3616 1102 3653 verum
1151 3598 1446 3655 inventum
1501 3600 1673 3656 tuerit
1705 3602 1858 3673 quod
1893 3603 1964 3658 de

311 3686 421 3744 hac
439 3686 656 3744 femina
676 3686 910 3752 dicitur,
935 3685 1156 3742 scilicet
1179 3691 1242 3742 ut
1265 3693 1398 3743 ante
1430 3689 1961 3761 desponsationem,

311 3775 648 3849 quandiuin
681 3791 789 3830 sua
817 3775 904 3830 vel
935 3775 1064 3844 ejus
1093 3776 1165 3830 de
1197 3793 1310 3848 quo
1342 3777 1653 3833 denotatur
1681 3783 1964 3851 potestate

311 3864 553 3931 exstitit,
587 3863 864 3919 indecens
922 3863 1061 3935 quid
1113 3863 1224 3920 tale
1275 3865 1533 3933 admisit,
1567 3872 1624 3923 et
1651 3871 1961 3941 postquam

309 3949 432 4006 viro
469 3953 678 4022 juncta
725 3956 833 4017 est,
864 3949 944 4006 illi
999 3967 1062 4008 se
1121 3953 1228 4008 soli
1284 3954 1550 4024 servavit,
1590 3960 1786 4012 utrum
1834 3974 1961 4014 eam

312 4044 498 4097 morte
556 4040 932 4096 condemnari
993 4041 1323 4110 decernent,
1359 4041 1476 4100 sive
1510 4059 1611 4116 per
1633 4045 1819 4119 legem
1849 4048 1961 4102 Ro-

311 4143 568 4197 manam,
601 4133 706 4186 aut
737 4146 838 4202 per
859 4120 1103 4186 illorum
1150 4129 1326 4202 leges,
1360 4131 1444 4188 vel
1487 4134 1702 4206 quibus
1752 4133 1852 4190 illa
1882 4135 1962 4192 fe-

311 4219 472 4276 mina
502 4223 590 4276 est
621 4209 906 4290 subjecta,
939 4219 1022 4274 vel
1075 4236 1178 4291 per
1223 4235 1371 4292 quas
1405 4219 1484 4276 illi
1517 4239 1646 4278 eam
1675 4221 1964 4280 voluerint

310 4307 588 4378 iudicare.
621 4308 772 4364 Sunt
825 4305 982 4362 enim
1039 4308 1281 4364 diversae
1323 4313 1387 4364 ut
1416 4313 1640 4380 gentes,
1667 4310 1754 4366 ita
1783 4315 1837 4366 et
1867 4325 1961 4366 ea-

311 4412 440 4452 rum
473 4393 652 4469 leges,
689 4413 858 4469 quas,
891 4395 939 4450 si
973 4395 1312 4452 Christiana:
1371 4398 1530 4465 sunt,
1569 4397 1642 4454 in
1694 4399 1817 4454 suis
1869 4417 1959 4454 or-

309 4483 572 4552 dinibus,
595 4503 720 4558 quae
745 4487 914 4557 juxta
947 4489 1085 4540 sunt
1110 4486 1508 4555 decernentes,
1532 4487 1790 4543 Ecclesia
1820 4507 1960 4544 san-

2075 3334 2138 3386 ut
2169 3330 2370 3387 noxios
2402 3349 2464 3386 se
2513 3331 2679 3388 fateri
2735 3331 2910 3388 etiam
2961 3338 3248 3406 cogantur
3299 3333 3543 3391 innoxii.
3575 3335 3712 3391 Nam

2074 3425 2386 3490 postquam
2423 3419 2699 3492 praefatus
2729 3419 3060 3494 episcopus,
3093 3426 3160 3478 ut
3209 3418 3446 3492 dicitur,
3479 3421 3712 3480 cruciari

2073 3506 2368 3579 custodia,
2391 3507 2755 3581 cremarique
2787 3509 2939 3565 fame
2960 3525 3022 3566 sc
3043 3511 3272 3576 asserit,
3302 3512 3451 3568 scire
3477 3511 3709 3576 debetis,

2073 3597 2122 3652 si
2155 3597 2234 3651 ita
2263 3602 2370 3665 est,
2405 3600 2605 3652 utrum
2667 3603 2871 3654 noceat
2917 3599 2966 3654 si
3017 3597 3100 3654 sic
3133 3597 3307 3655 fuerit
3335 3605 3557 3658 extorta
3583 3615 3709 3658 con-

2073 3685 2554 3758 fessio.Nunquid
2589 3688 2824 3758 quando
2852 3685 3204 3744 sententiam
3237 3688 3383 3745 tales
3413 3705 3596 3746 causa;
3624 3706 3709 3745 su-

2071 3773 2350 3846 scipiunt,
2376 3775 2514 3830 etad
2539 3775 2732 3830 sedem
2750 3773 3133 3849 apostolicam
3159 3776 3507 3852 appellatur,
3531 3797 3634 3834 non
3657 3783 3710 3832 et

2073 3879 2324 3934 persona
2373 3879 2499 3935 quae
2542 3863 2850 3934 judicatur
2896 3880 3157 3938 praesens
3183 3873 3292 3933 est,
3325 3873 3382 3924 et
3411 3863 3704 3924 districtis-

2072 3951 2220 4007 simc
2242 3955 2414 4024 atque
2438 3951 2510 4008 ab
2533 3953 2692 4008 omni
2717 3949 2896 4010 latere
2923 3953 3139 4011 veritas
3168 3955 3472 4028 quaeritur,
3494 3959 3561 4012 ut
3579 3960 3705 4011 tunc

2073 4039 2120 4096 si
2155 4041 2364 4096 debeat
2395 4057 2576 4097 necne
2609 4057 2843 4098 manere
2895 4043 3184 4099 sententia
3233 4043 3708 4101 decernatur‘l'Et

2072 4129 2200 4186 ideo
2232 4125 2542 4202 postquam
2578 4134 2634 4186 et
2664 4146 2914 4202 persona
2945 4129 3158 4188 absens
3186 4136 3296 4206 est,
3324 4137 3381 4190 et
3403 4138 3565 4208 gesta
3591 4149 3704 4204 qua

2071 4219 2153 4284 ad
2177 4215 2290 4274 nos
2316 4219 2753 4287 transmisistis,
2791 4220 2982 4292 nobis,
3015 4219 3168 4276 sicut
3213 4222 3437 4296 praefati
3490 4235 3702 4286 sumas,

2072 4305 2277 4363 idonee
2308 4307 2642 4364 satisfacere
2675 4325 2790 4364 non
2821 4301 3111 4378 videntur,
3145 4313 3363 4368 temere
3396 4309 3705 4384 aliquidde

2071 4394 2266 4451 fratris
2324 4411 2572 4468 persona
2628 4395 2936 4453 decernere
2977 4413 3083 4453 nec
3114 4397 3420 4468 debemus,
3455 4407 3555 4458 nec
3581 4411 3702 4470 pos-

2072 4501 2379 4552 sumus,ne
2409 4486 2564 4556 quod
2590 4485 2744 4542 absit
2774 4483 3263 4557 reprehensibilcs
3285 4486 3699 4544 inveniamurin

309 4576 402 4627 cta
433 4587 547 4627 non
597 4574 804 4644 rejicit.
838 4574 955 4629 Nos
1005 4578 1222 4642 autem,
1276 4575 1446 4631 sicuti
1501 4577 1688 4632 Baiana
1739 4581 1960 4647 notam,
1991 4613 2038 4674 υ
2069 4573 2310 4639 nostris,
2345 4573 2562 4645 quibus
2609 4573 2855 4630 aliorum
2898 4575 3036 4646 jure
3085 4577 3366 4658 competit
3410 4579 3699 4633 retractare

307 4665 364 4715 et
394 4657 656 4716 criminis
688 4673 916 4732 poenam
964 4680 1136 4719 nosse
1168 4664 1268 4735 qui
1301 4664 1372 4720 de
1403 4664 1646 4721 concilio
1679 4669 1810 4737 post
1838 4665 1959 4722 edi-

306 4751 467 4803 ctum
518 4747 745 4824 Domini
797 4751 931 4806 dato
989 4751 1334 4824 refugimus,
1369 4752 1449 4809 ita
1482 4753 1773 4810 neminem
1811 4755 1956 4810 mori

306 4823 831 4906 decernimusjsed
889 4855 1091 4894 omnes
1133 4823 1334 4898 salvos
1378 4841 1498 4897 fieri
1531 4843 1821 4911 volumus,
1856 4843 1957 4916 qui

306 4922 599 4980 neminem
635 4923 817 4996 perire
847 4925 1252 4984 desideramus
1285 4947 1298 4984 :
1344 4945 1531 5002 neque
1561 4925 1790 5004 legibus
1822 4949 1956 4988 san-

302 5011 412 5070 ctis
433 5012 706 5085 ctjustis,
735 5030 880 5086 quas
914 5013 1196 5071 hactenus
1228 5023 1433 5074 sancta
1463 5019 1718 5076 Ecclesia
1750 5025 1806 5075 et
1834 5021 1954 5094 cpi:

301 5099 554 5174 scepal'is
585 5095 785 5173 religio
817 5105 941 5157 tum
973 5105 1314 5176 acceptavit,
1349 5110 1471 5162 tum
1506 5103 1809 5174 sustinuit,
1841 5109 1954 5164 vio-

266 5181 542 5246 llentiam
599 5189 776 5245 ullam
843 5189 1052 5246 inferre
1112 5192 1407 5248 molimur.
1467 5187 1576 5250 sed
1639 5197 1952 5252 tenendam

296 5295 444 5344 esse,
480 5278 703 5350 absque
734 5284 1000 5351 respectu
1035 5281 1441 5352 cujuscunque
1485 5299 1766 5354 personae,
1799 5283 1950 5340 viam

299 5367 519 5440 regiam
550 5361 706 5423 633
742 5367 797 5422 in
829 5369 1184 5440 exquirendo
1208 5369 1434 5440 judicio
1484 5389 1948 5441 commonemus,

297 5455 450 5510 sicut
481 5455 832 5528 magnificus
863 5459 1064 5514 doctor
1102 5457 1415 5530 Gregorius
1447 5459 1516 5513 ad
1557 5460 1948 5518 Domitianum

299 5543 815 5614 metropolitanum
862 5545 1202 5618 episcopum
1253 5546 1456 5601 scribit
1485 5547 1603 5618 (lib.
1639 5565 1758 5612 νηί,
1789 5553 1944 5620 epist.

297 5629 424 5698 50):
461 5653 486 5678 ‹‹
519 5630 848 5697 Hortamur,
883 5633 1177 5706 inquiens,
1213 5633 1633 5690 fraternitatem
1665 5640 1852 5702 tuam,
1885 5642 1947 5693 ut

2072 4661 2414 4718 sententias.
2451 4659 2486 4712 »ι’
2512 4663 2583 4718 Et
2613 4664 2682 4718 ad
2718 4662 3027 4736 Virgilium
3072 4649 3468 4722 Arelatensem
3497 4665 3696 4739 episco-

2067 4767 2208 4824 pum
2253 4750 2396 4806 dicit
2437 4753 2540 4820 (lib
2596 4769 2679 4819 ιιι,
2712 4753 2868 4826 epist.
2896 4755 3028 4824 63):
3076 4772 3108 4804 ε
3137 4750 3484 4810 Emendatio
3507 4759 3558 4809 et
3583 4751 3692 4806 vin-

2067 4837 2225 4895 dicta
2254 4839 2607 4912 culpabilem
2639 4842 2828 4909 feriat,
2862 4847 2918 4899 et
2945 4836 3318 4900 innocentem
3353 4842 3496 4900 falsa
3521 4838 3691 4916 Opinio

2065 4945 2182 4984 non
2213 4928 2458 5001 affligat.
2495 4952 2522 4978 η
2553 4930 2622 4985 Et
2649 4931 2719 4986 ad
2749 4927 3102 4988 columbum
3143 4931 3484 5006 episcopum
3513 4927 3688 4988 scribit

2063 5019 2186 5086 (lib.
2210 5036 2265 5084 κ,
2298 5020 2454 5090 epist.
2489 5019 2542 5091 8)
2575 5036 2588 5074 :
2652 5043 2678 5068 ‹‹
2709 5019 2855 5086 Quia
2885 5019 3031 5077 satis
3063 5025 3402 5094 perversum
3435 5014 3688 5079 et‘con‘lra

2063 5107 2515 5163 ecclesiasticam
2572 5105 2856 5180 probatur
2883 5111 3010 5166 ease
3042 5111 3376 5180 censuram,
3412 5115 3474 5167 ut
3494 5099 3684 5166 millein

2063 5212 2166 5267 pro
2197 5197 2588 5267 quorumdam
2631 5196 3030 5254 voluntatibus
3061 5199 3195 5272 quis
3226 5200 3502 5272 priVetur,
3534 5207 3680 5272 quam

2063 5301 2170 5339 sua
2201 5285 2375 5357 culpa
2401 5285 2486 5340 vel
2521 5284 2744 5342 facinus
2777 5287 2850 5342 ab
2880 5287 3055 5343 officii
3088 5305 3202 5361 quo
3235 5287 3499 5362 fungitur
3525 5285 3680 5360 gradu

2063 5389 2176 5428 non
2209 5373 2462 5444 dn-jicit.»
2496 5374 2640 5429 Hine
2673 5380 2810 5448 ergo
2841 5375 3118 5450 colligant
3141 5377 3537 5452 jmlices,Quia
3564 5372 3683 5430 side

2061 5466 2262 5534 stupro
2285 5463 2497 5518 femina
2521 5463 2674 5519 634
2699 5469 3024 5537 reputatur,
3051 5466 3234 5522 isdem
3264 5467 3364 5539 qui
3398 5469 3446 5524 ei
3479 5468 3580 5520 vim
3608 5461 3686 5516 in.

2060 5549 2212 5615 tulit,
2237 5551 2320 5607 vel
2353 5567 2481 5606 eam
2511 5553 2583 5606 ad
2618 5551 2810 5610 scelus
2839 5553 3510 5626 pellexit,acccrsicndus
3528 5549 3684 5617 οδω

2057 5641 2247 5713 magis
2279 5657 2380 5713 per
2407 5637 2574 5696 illum
2624 5654 2798 5698 causa
2847 5641 3270 5717 investiganda,
3295 5649 3353 5701 et
3387 5643 3506 5717 ipse
3525 5639 3677 5697 inte-
