3896 6182
205 381 299 444 ’161

1039 430 1054 448 .
1107 379 1211 442 DE
1252 377 1627 442 DIVORTIO
1671 363 2042 446 LOTHARll
2083 376 2186 439 ET
2229 376 2638 440 TETBEGIE.

3454 387 3575 474 τρε

207 512 354 590 quasi
383 511 530 568 Deus
558 509 628 568 ad
660 511 982 568 remedium
1002 512 1308 570 oblivionis
1329 513 1515 569 bonos
1544 512 1604 568 in
1635 510 1894 588 cmlis,_A
1935 511 2227 580 auferunt,
2246 514 2303 567 et
2330 510 2474 568 locis
2498 511 2719 568 sanctis
2749 530 2866 569 non
2894 514 3183 584 tribuunt,
3203 523 3260 574 et
3284 519 3440 575 unde
3463 517 3577 576 sibi

208 601 371 660 malos
397 599 608 656 scribat
636 599 696 654 in
729 601 900 656 terris
934 617 946 656 :
983 601 1084 657 sed
1124 601 1436 658 salubriter
1483 601 1819 674 intelligen-

211 692 350 756 dum,
379 689 526 761 quod
558 689 678 745 sive
707 689 985 758 caelestia,
1019 707 1122 746 seu
1156 690 1453 746 terrestria
1482 689 1616 762 quis
1645 706 1821 762 opera

209 777 440 856 gesserit,
463 795 564 850 per
593 777 715 834 haec
745 779 914 850 quasi
946 777 1158 836 litteris
1188 781 1502 835 adnotatas
1531 779 1686 851 apud
1717 779 1819 833 Dei

208 866 517 925 memoriam
550 867 628 922 sit
651 867 1000 923 aeternaliter
1031 869 1242 924 afﬁxus
1275 885 1289 924 :
1325 869 1384 923 in
1415 867 1524 923 hoc
1559 868 1694 938 jure
1723 867 1819 922 de-

208 961 527 1023 monstrans,
563 959 628 1010 ut
657 957 810 1027 quod
849 957 1098 1029 quisque
1120 959 1282 1029 juste
1313 963 1368 1012 et
1399 955 1824 1012 rationabiliter

208 1062 358 1102 manu
380 1044 1150 1113 ﬁrmaverit,inviolabiliter
1169 1062 1236 1101 ac
1273 1045 1661 1118 perseveranti
1691 1063 1824 1102 con-

207 1138 365 1191 servet
382 1132 642 1206 justitia;
679 1151 784 1190 nec
831 1134 1084 1190 inaniter
1121 1152 1296 1190 suum
1344 1151 1557 1190 nomen
1607 1133 1708 1206 qui
1749 1135 1820 1189 ad

207 1223 586 1296 baptizandum
619 1223 798 1294 venit,
830 1224 878 1279 si
911 1227 1138 1280 aetatem
1173 1223 1370 1291 habet,
1401 1227 1501 1279 aut
1540 1229 1823 1296 patronus

207 1329 290 1386 pro
317 1327 504 1385 puero,
541 1313 642 1368 sed
675 1315 732 1368 et
751 1311 984 1384 publice
1006 1312 1292 1384 paenitens
1313 1314 1385 1368 ad
1407 1312 1822 1369 reconciliatio-

205 1417 314 1456 nem
341 1400 637 1467 accedens,
659 1399 944 1472 scriptum
978 1418 1192 1457 nomen
1223 1401 1528 1474 preprium
1549 1418 1616 1457 ex
1648 1401 1822 1457 tradi-

203 1490 334 1545 tione
359 1488 758 1546 ecclesiastica
782 1489 982 1556 donat,
1007 1491 1161 1562 quod
1186 1505 1363 1562 super
1383 1506 1615 1546 sacrum
1643 1489 1824 1546 altare

203 1577 330 1634 inter
353 1583 856 1635 sacramentorum
888 1578 1215 1634 caelestium
1248 1578 1696 1636 celebrationem
1730 1595 1826 1651 po-

203 1667 352 1735 nitur,
373 1670 427 1724 et
457 1666 826 1723 recitandum
847 1668 920 1724 ad
951 1667 1146 1724 locum
1182 1685 1286 1740 per
1316 1669 1680 1724 sacerdotem
1711 1668 1821 1724 Do-

201 1755 334 1812 mino
359 1756 821 1812 commendatur.
847 1757 910 1812 In
943 1757 1126 1813 sacris
1159 1757 1543 1814 nihilominus
1571 1755 1824 1830 dypticis

202 1861 294 1900 non
314 1843 502 1900 frivole
533 1845 780 1901 nomina
811 1845 1074 1902 fidelium
1103 1849 1224 1902 tam
1247 1845 1500 1902 virorum
1526 1863 1701 1918 quam
1730 1847 1823 1901 de-
1852 1883 1900 1948 Β

201 1934 497 1989 functorum
532 1934 895 2005 scribuntur,
929 1939 984 1990 et
1005 1934 1435 2008 inﬁdeliumfde
1463 1935 1685 1991 eisdem
1717 1935 1818 2009 dy-

199 2021 346 2094 pticis
373 2021 544 2078 etiam
569 2027 704 2096 post
735 2027 986 2080 mortem
1011 2024 1208 2080 divino
1221 2024 1466 2096 judicio,
1489 2025 1534 2080 si
1559 2025 1820 2080 conscri-

200 2114 283 2183 pta
307 2111 548 2176 fuerant,
583 2112 926 2168 eraduntur.
963 2113 1073 2169 Sed
1107 2114 1254 2169 forte
1297 2109 1466 2186 quasi
1515 2113 1820 2186 principali

200 2197 314 2254 fulti
340 2198 570 2255 licentia
605 2199 814 2256 dicunt
861 2201 1153 2274 principes
1187 2218 1200 2256 :
1231 2202 1378 2269 Quid
1429 2203 1625 2274 magni
1682 2202 1820 2257 mali

201 2291 374 2344 contra
400 2289 589 2345 Deum
615 2289 792 2355 facio,
820 2289 907 2345 vel
931 2289 1065 2362 quis
1096 2308 1188 2347 me
1215 2291 1348 2346 inde
1371 2291 1686 2362 judicabit,
1719 2292 1820 2364 qui

201 2391 352 2448 super
377 2393 585 2432 omnes
614 2377 893 2444 consisto,
925 2377 972 2433 si
1005 2382 1380 2450 praeceptum,
1417 2379 1507 2434 vel
1539 2379 1817 2446 edictum,

201 2466 329 2536 quod
351 2482 524 2522 manu
551 2467 976 2534 confirmo,aut
997 2465 1272 2538 infringo,
1288 2471 1389 2522 aut
1410 2485 1522 2523 non
1545 2469 1820 2524 attendo?

199 2552 426 2610 Primum
457 2554 700 2628 quidem
733 2557 1059 2624 attendant,
1095 2555 1232 2628 quia
1257 2555 1305 2614 si
1341 2555 1422 2610 illi
1460 2574 1638 2630 super
1673 2557 1820 2614 alios

193 2647 327 2712 sunt,
345 2661 514 2718 super
533 2643 673 2701 illos
689 2645 844 2701 Deus
868 2649 958 2700 est
979 2662 994 2701 :
1016 2649 1074 2702 et
1095 2645 1143 2701 si
1177 2662 1348 2718 prave
1381 2645 1628 2718 egerint,
1659 2651 1717 2702 et
1758 2665 1820 2703 se

191 2747 285 2786 non
313 2733 682 2800 correxerint,
701 2737 862 2790 tanto
888 2733 1124 2806 gravius
1137 2734 1585 2806 judicabantur,
1600 2739 1818 2806 quanto

189 2817 444 2878 inthrono
464 2821 638 2896 regni
666 2822 889 2878 caeteris
919 2821 1134 2879 celsius
1173 2827 1613 2896 praeponuntur.
1635 2825 1818 2897 Reges

191 2907 323 2964 enim
335 2914 389 2965 et
399 2911 740 2966 sacerdotes
754 2911 1126 2966 subditorum
1141 2929 1316 2983 prava
1329 2917 1458 2968 acta
1479 2911 1779 2985 corrigunt
1799 2929 1813 2969 :

193 2997 276 3052 sed
296 2997 546 3056 oblivisci
582 3016 700 3055 non
733 2999 966 3065 debent,
986 2999 1124 3072 quia
1153 2999 1388 3056 illorum
1423 3001 1708 3072 mala'per
1738 3001 1819 3074 ip-

194 3099 303 3140 sum
316 3087 626 3143 Dominum
640 3087 1070 3159 judicabantur
1089 3104 1101 3143 :
1126 3105 1232 3144 nec
1250 3089 1430 3145 surda
1440 3106 1581 3145 aure
1605 3079 1820 3145 debent

194 3174 368 3231 audire
383 3177 536 3248 quod
549 3175 838 3248 scriptum
863 3181 952 3232 est
977 3193 990 3232 :
1016 3178 1259 3234 Potentes
1277 3185 1519 3250 potenter
1555 3185 1816 3234 tormenta

192 3265 460 3332 patientur,
481 3267 688 3337 exiguo
713 3273 895 3321 autem
914 3265 1226 3322 conceditur
1264 3266 1646 3346 misericprdia
1665 3267 1817 3338 (Sap.

193 3353 346 3419 vx,7.).
369 3353 589 3410 Deinde
611 3353 810 3428 legant
830 3353 1136 3410 historiam
1161 3355 1347 3411 sancti
1386 3355 1628 3411 Abrahae
1663 3356 1818 3425 (Gen.

191 3442 446 3514 nm),qui
459 3442 729 3498 chartam
743 3443 1204 3499 confirmationis
1216 3444 1553 3500 avenditore
1566 3443 1818 3516 sepulcri

192 3529 429 3602 conjugis
456 3547 583 3586 suae
615 3547 808 3586 coram
844 3531 984 3588 {iliis
1013 3535 1070 3587 et
1100 3531 1316 3603 populo
1352 3535 1515 3586 terra:
1546 3550 1650 3604 pro
1697 3535 1814 3588 tam

189 3629 374 3688 magno
394 3619 644 3691 accepit,
661 3624 726 3674 ut
753 3619 926 3675 etiam
961 3619 1230 3675 adoraret
1259 3619 1317 3674 in
1350 3623 1506 3676 terra
1533 3619 1818 3693 populum

189 3707 348 3770 terrae,
391 3707 551 3764 filios
581 3707 852 3764 videlicet
881 3708 1054 3776 Heth,
1088 3711 1380 3780 quatenus
1427 3708 1484 3764 id
1534 3710 1822 3766 obtineret

192 3793 364 3850 audita
407 3797 791 3852 concessione
840 3796 1098 3863 illorum,
1133 3800 1190 3852 et
1236 3813 1414 3868 quam
1463 3798 1660 3871 magni
1711 3799 1819 3854 hoc

188 3883 409 3950 pendere
435 3885 694 3941 debeant
709 3883 964 3941 invenire
991 3878 1286 3942 valebunt.
1303 3886 1416 3941 Sed
1445 3890 1502 3941 et
1522 3885 1579 3941 in
1603 3886 1728 3960 lege
1749 3888 1820 3943 de

191 3967 731 4029 hacconfirmatione
744 3974 1006 4029 sufiicicn
1017 3976 1104 4029 ter
1122 3974 1573 4046 invenient,qu:e
1589 3979 1817 4030 tantum

189 4061 236 4111 et
259 4065 383 4117 ante
411 4063 732 4117 adventum
753 4061 968 4118 Christi
998 4062 1185 4136 viguit
1209 4067 1274 4118 ut
1303 4063 1478 4119 etiam
1503 4062 1722 4119 Pilatus
1751 4081 1820 4120 ex

187 4146 403 4222 antiqua
413 4151 763 4207 consuetudi
773 4169 843 4207 ne
857 4152 1587 4225 instructus,poscentibus
1598 4153 1818 4210 Judaais

189 4239 244 4288 ut
267 4238 654 4312 refragaretur
695 4241 852 4313 quod
893 4240 955 4295 in
1005 4240 1218 4297 Christi
1269 4239 1440 4296 titulo
1483 4241 1813 4312 scripserat,

187 4321 388 4395 dixerit,
421 4328 586 4402 Quod
613 4331 834 4401 scripsi,
865 4332 1064 4401 scripsi
1101 4330 1289 4402 (locu...
1311 4346 1426 4396 XIX,
1467 4329 1578 4399 22),
1612 4328 1818 4384 nolens

185 4410 438 4472 infectum
469 4417 565 4472 vel
596 4417 976 4473 immutatum
999 4434 1127 4474 esse
1149 4418 1302 4490 quod
1328 4418 1558 4472 fecerat.
1579 4417 1741 4483 Quod
1759 4421 1818 4472 et

183 4496 331 4574 longe
356 4510 492 4562 ante
525 4507 828 4561 firmatum
861 4505 1166 4562 Dominica
1195 4503 1574 4577 stipulatione
1606 4506 1812 4569 fuerat,

183 4585 316 4680 sicut
341 4593 572 4663 psalmo
604 4594 1069 4666 superscriptum
1099 4598 1210 4662 est,
1234 4594 1310 4649 Ne
1337 4610 1651 4666 coroumpas
1669 4595 1818 4650 tituli
1848 4615 1894 4680 Β

185 4676 574 4752 inscriptionem
601 4684 776 4751 (Psal.
812 4687 1018 4750 Lxxw).
1043 4683 1112 4738 Et
1133 4700 1308 4755 quam
1341 4682 1679 4738 certissima:
1702 4687 1816 4740 sta-

181 4763 400 4824 bilitatis
430 4787 497 4825 ac
539 4770 842 4826 ﬁrmitatis
871 4770 1026 4826 credi
1074 4771 1283 4826 debeat
1331 4771 1810 4844 chirographum.

178 4849 226 4906 id
253 4860 335 4910 est
361 4875 543 4914 manu
575 4859 884 4931 scriptum,
919 4859 976 4914 in
1009 4859 1156 4916 libro
1187 4861 1379 4915 Tobiae
1413 4859 1643 4934 legitur,
1667 4866 1721 4916 et
1753 4863 1812 4916 in

179 4939 467 5017 Evangelia
495 4949 570 5004 de
589 4946 939 5020 conscriptis
957 4947 1329 5004 cautionibﬂs
1350 4950 1810 5006 demonstratur.

179 5028 274 5085 Sed
301 5035 542 5104 quidam
574 5037 887 5110 principes,
919 5039 1075 5110 quod
1108 5038 1262 5094 Deus
1303 5056 1338 5094 a
1367 5038 1584 5095 nostris
1615 5038 1811 5094 Chris-

179 5114 338 5177 tianis
358 5124 726 5196 principibus
751 5124 920 5198 longe
943 5125 1137 5196 faciat,
1157 5127 1303 5181 forte
1339 5143 1451 5181 non
1484 5125 1808 5197 provident,

178 5207 302 5276 quia
319 5216 452 5281 post
471 5211 720 5268 illosinfi
731 5231 857 5270 rma
870 5214 1123 5269 ﬁrmatio
1143 5213 1377 5270 illorum
1402 5218 1682 5280 manet,et
1696 5213 1808 5286 ipsi

175 5291 466 5366 decedunt,
481 5305 542 5356 et
561 5301 715 5356 sicut
736 5307 979 5358 sanctus
993 5303 1358 5374 Augustinus
1380 5302 1522 5358 dicit
1545 5305 1811 5360 :Transit

172 5386 341 5452 actus,
355 5392 418 5442 et
447 5393 648 5444 manet
667 5383 882 5446 reatu‘s.
899 5391 1059 5466 Quod
1085 5407 1258 5446 suum
1281 5396 1405 5446 erat
1423 5391 1566 5446 locis
1589 5393 1808 5448 sanctis

172 5468 373 5529 donant
423 5491 532 5549 per
572 5478 1098 5546 conﬁrmationem,
1125 5484 1181 5534 et
1229 5479 1339 5536 sibi
1385 5485 1674 5552 usurpant
1705 5499 1807 5553 per

171 5563 620 5634 occupationem,
641 5568 792 5624 689
805 5568 958 5640 quod
985 5571 1048 5622 ut
1071 5567 1262 5622 saeculi
1290 5569 1665 5640 pauperiores
1686 5587 1802 5626 non

1929 600 2250 656 debuerant
2297 599 2522 673 operari
2579 601 2924 671 remedium,
2957 609 3292 678 perpetrant
3333 608 3574 666 sacrile-

1927 689 2092 762 gium
2118 707 2131 744 :
2157 693 2214 745 et
2235 689 2280 743 si
2306 688 2680 764 sacrilegium
2703 694 3120 764 perpetrantde
3146 694 3269 751 suis
3291 713 3405 752 non
3427 698 3575 754 bene

1929 779 2103 847 datis,
2135 779 2626 836 considerandum
2661 785 2750 837 est
2780 786 3068 853 quantum
3100 782 3212 839 sibi
3250 787 3575 858 periculum

1929 867 2155 923 faciunt
2178 868 2248 923 de
2276 869 2450 924 rebus
2472 869 2545 923 ab
2569 867 2700 924 aliis
2723 870 2838 926 Deo
2870 871 3124 940 donatis,
3144 875 3198 928 et
3227 890 3262 928 a
3292 890 3353 929 se
3373 879 3576 930 contra

1931 957 2113 1020 Deum
2137 961 2194 1012 et
2216 957 2324 1030 ipsi
2349 958 2464 1013 Deo
2487 958 2716 1014 ablatis.
2738 959 2900 1016 Unde
2921 963 3160 1016 sanctus
3183 962 3495 1034 Gregorius
3520 963 3578 1018 in

1931 1044 2176 1118 epistola
2196 1047 2264 1100 ad
2291 1046 2572 1102 Sabinum
2595 1048 3020 1104 subdiaconum
3041 1050 3303 1106 scribens
3316 1051 3435 1124 (lib.
3456 1069 3578 1119 vm,

1929 1136 2086 1206 epist.
2117 1135 2172 1206 7)
2207 1151 2220 1188 :
2253 1158 2281 1183 ‹‹
2307 1133 2688 1208 Sacrilegum,
2715 1137 2926 1208 inquit,
2963 1141 3019 1192 et
3047 1143 3251 1194 contra
3279 1138 3436 1214 leges
3467 1146 3576 1207 est,

1932 1221 1981 1278 si
2013 1223 2148 1293 quis
2177 1224 2330 1296 quod
2367 1224 2792 1280 venerabilihus
2821 1224 2964 1281 locis
2993 1226 3361 1300 relinquiiur,
3390 1246 3578 1302 prava:

1930 1309 2250 1367 voluntatis
2281 1312 2492 1367 studiis
2524 1313 2648 1382 suis
2688 1315 2996 1370 tentaverit
3038 1316 3402 1389 compendiis
3453 1318 3583 1373 reti-

1933 1417 2088 1455 nere.
2123 1423 2151 1450 »
2175 1401 2244 1455 Et
2273 1401 2420 1456 sacri
2453 1418 2706 1456 canones
2736 1404 2905 1469 (conc.
2939 1403 3131 1473 Agath,
3163 1421 3210 1459 c.
3253 1406 3305 1478 4)
3339 1422 3352 1460 :
3390 1429 3418 1457 ‹‹
3449 1406 3580 1463 Cle-

1931 1480 2058 1556 rici,
2083 1488 2483 1561 inquiunt,vel
2527 1489 2854 1558 saecularcs,
2887 1492 2989 1564 qui
3021 1492 3345 1550 oblationes
3367 1511 3581 1568 paren-

1929 1580 2079 1645 tum,
2103 1583 2206 1632 aut
2237 1579 2504 1648 donatas,
2536 1583 2632 1635 aat
2660 1582 3006 1637 testamento
3046 1580 3299 1649 relictas,
3333 1585 3581 1641 retinere

1932 1667 2543 1739 praesumpserint,aut
2557 1667 2615 1724 id
2629 1669 2784 1740 quod
2808 1669 2916 1741 ipsi
2939 1671 3302 1726 donaverunt
3317 1671 3580 1730 ecclesiis
3650 1733 3654 1736 ,

1929 1755 2018 1810 vel
2041 1756 2412 1813 monasteriis
2433 1757 2786 1814 crediderint
2807 1760 3210 1830 auferendum,
3233 1759 3384 1818 sicut
3417 1779 3581 1836 syno-

1931 1843 2043 1900 dus
2074 1849 2276 1900 sancta
2320 1845 2642 1912 constituit,
2673 1846 2831 1902 velut
2879 1852 3180 1906 necatores
3227 1868 3575 1924 pauperum,

1931 1950 2236 2005 quousque
2268 1935 2534 1999 reddant,
2559 1935 2631 1990 ab
2663 1935 2924 1992 ecclesiis
2953 1937 3356 1995 excludantur.
3386 1963 3412 1989 »
3436 1943 3583 2007 Qua-

1931 2026 2168 2095 propter
2195 2023 2384 2078 sciant
2403 2023 2542 2096 quia
2561 2041 2696 2080 cum
2731 2025 2984 2097 peccatis
3025 2026 3298 2099 propriis,
3322 2046 3424 2102 pro
3455 2046 3580 2085 om-

1931 2111 2106 2167 nibus
2137 2111 2312 2167 etiam
2345 2111 2579 2168 illorum
2603 2113 2856 2186 peccatis
2877 2114 2976 2186 qui
3000 2117 3236 2172 easdem
3261 2134 3351 2173 res
3375 2135 3478 2190 pro
3501 2135 3582 2174 re-

1930 2199 2262 2272 demptione
2293 2201 2500 2256 animae
2531 2220 2648 2258 suae
2679 2203 2988 2272 dederunt,
3011 2204 3069 2259 in
3121 2205 3317 2260 futuro
3353 2206 3580 2277 judicio

1931 2288 2250 2361 punientur
2271 2306 2284 2346 :
2305 2295 2363 2345 et
2384 2307 2498 2345 non
2534 2291 3009 2364 postponantqui
3050 2293 3196 2349 forte
3227 2295 3581 2350 confirmant

1929 2377 2259 2434 inconsulte
2281 2379 2437 2450 quod
2462 2378 2735 2436 fidelibus
2763 2379 2851 2436 vel
2873 2380 3082 2438 amicis
3103 2381 3228 2438 suis
3257 2383 3500 2452 donant,
3523 2388 3584 2441 et

1931 2466 2057 2522 sine
2077 2465 2303 2538 judicio
2335 2467 2629 2534 auferunt,
2652 2469 2888 2541 quando
2911 2486 3038 2542 quae
3059 2469 3341 2526 dederant
3360 2471 3432 2526 ad
3467 2488 3583 2528 me-

1929 2555 2176 2610 moriam
2195 2555 2527 2628 pmnitendo
2551 2557 2840 2612 reducunt
2866 2573 2878 2612 :
2903 2573 3016 2612 non
3039 2559 3428 2628 attendentes,
3445 2559 3582 2633 quia

1927 2643 2011 2699 illi
2041 2645 2264 2700 vadunt
2284 2645 2354 2700 de
2377 2644 2611 2712 saeculo,
2631 2661 2764 2701 cum
2789 2645 2908 2701 exit
2936 2646 3008 2702 de
3029 2663 3269 2720 corpore
3289 2647 3508 2716 anima,
3526 2652 3584 2707 et

1929 2731 2216 2788 remaneti
2227 2751 2260 2787 n
2275 2733 2486 2790 saeculo
2501 2737 2741 2801 terra,et
2761 2737 2990 2790 tenetur
3002 2753 3228 2792 avacuo
3244 2753 3581 2808 possessore

1929 2809 2122 2876 rerum
2155 2809 2387 2876 illarum
2419 2821 2882 2878 confirmationis
2917 2823 3087 2896 regia:
3119 2824 3342 2893 charta,
3357 2830 3415 2882 et
3443 2843 3579 2882 cum

1927 2910 2227 2982 suspirant
2245 2911 2440 2978 corda,
2462 2915 2849 2983 provocantur
2869 2911 2940 2966 ad
2964 2911 3432 2969 maledicendum
3464 2915 3578 2969 tor-

1927 2997 2106 3052 tassis
2121 3014 2236 3052 non
2260 2997 2385 3053 sine
2403 2996 2620 3069 peccati
2645 2998 2898 3069 pondere
2912 2997 3064 3054 labia
3079 3017 3093 3067 ;
3111 3016 3243 3055 cum
3261 3005 3580 3074 utrumque

1927 3084 2346 3157 providendum
2389 3089 2620 3152 erat,ne
2647 3085 2908 3142 videlicet
2936 3086 3265 3144 inconsulte
3293 3089 3576 3161 quiddam

1928 3191 2026 3228 rex
2055 3173 2242 3239 daret,
2272 3191 2378 3228 nec
2407 3173 2534 3230 sine
2555 3173 2782 3246 judicio
2809 3175 3085 3247 cuiquam
3107 3175 3582 3249 tequitatisquid-

1851 3249 1894 3316 Ο
1929 3263 2064 3317 dam
2096 3263 2370 3329 auferret,
2397 3279 2538 3318 nove
2568 3263 3007 3335 postjudicium
3039 3265 3111 3321 de
3131 3264 3344 3321 ablatis
3373 3265 3577 3322 charta

1927 3349 2260 3422 indisrupta
2289 3354 2569 3406 maneret.
2621 3352 2914 3424 Scriptum
2965 3356 3056 3409 est
3083 3353 3238 3409 enim
3273 3371 3288 3409 :
3321 3354 3578 3411 Memoria

1918 3439 2202 3512 justifcum
2233 3440 2509 3504 laudibus,
2533 3457 2728 3498 nomen
2759 3449 2938 3496 niuem
2978 3443 3274 3514 impiorum
3314 3453 3581 3516 putrescet

1929 3528 2108 3598 (Prov.
2142 3545 2198 3595 χ,
2231 3528 2306 3599 6).
2331 3527 2541 3583 Melius
2571 3527 2769 3602 itaque
2799 3535 2856 3585 et
2888 3530 3273 3588 rationalibus
3302 3536 3478 3600 esset,
3512 3539 3580 3590 ut

1929 3633 2031 3688 per
2078 3615 2362 3672 rationem
2394 3615 2662 3689 disrupta
2708 3619 2911 3674 charta
2942 3623 3326 3691 putresceret,
3358 3625 3416 3677 et
3443 3623 3576 3680 laus

1927 3703 2442 3776 aequitatisjeorum
2466 3709 2748 3774 maneret,
2763 3723 2940 3778 quam
2959 3707 3162 3762 charta
3179 3709 3574 3768 confirmatio-

1929 3793 2022 3848 nis
2052 3797 2406 3861 maneret,et
2426 3809 2639 3848 nomen
2669 3792 2858 3850 laudis
2890 3799 3265 3866 putresceret.
3285 3797 3396 3854 Sed
3431 3797 3578 3856 forte

1928 3881 2050 3936 haec
2069 3881 2326 3954 legentes
2343 3881 2431 3938 vel
2458 3881 2760 3938 audientes
2785 3881 3078 3956 principes
3117 3883 3312 3940 dicent
3335 3903 3349 3940 :
3377 3909 3404 3937 «
3425 3887 3577 3944 Bene

1926 3988 2034 4027 nos
2065 3971 2496 4046 castigaverunt
2520 3971 2776 4044 episcopi
2813 3988 2826 4026 :
2862 3971 3008 4027 nihil
3030 3990 3131 4044 per
3159 3977 3448 4046 praecepta
3475 3975 3575 4030 d0-

1929 4059 2224 4127 nabimus,
2258 4077 2328 4114 ne
2359 4059 2572 4114 iterum
2605 4059 3122 4132 reprehendamur.
3148 4082 3176 4112 »
3203 4061 3453 4116 Econtra
3472 4079 3574 4118 au-

1927 4145 2092 4202 diant
2119 4146 2260 4218 quid
2291 4163 2430 4202 voce
2448 4146 2864 4219 castigantium
2889 4148 3172 4220 propheta
3193 4149 3574 4220 conqueritur

1927 4235 2129 4290 dicens
2154 4252 2166 4291 :
2200 4236 2522 4290 Curavimus
2551 4236 2907 4307 Babylonem,
2929 4243 2981 4291 et
2996 4253 3107 4291 non
3125 4244 3200 4292 est
3218 4244 3412 4292 sanata
3433 4238 3571 4306 (ler.

1927 4340 2000 4391 LI,
2029 4324 2107 4395 9).
2132 4322 2384 4395 Babylon
2419 4321 2636 4394 quippe
2660 4325 2920 4389 curatur,
2946 4340 3052 4378 nec
3083 4327 3278 4378 tamen
3311 4325 3384 4379 ad
3417 4323 3574 4380 sani-

1925 4415 2105 4467 tatem
2129 4412 2446 4480 rcducitur,
2469 4411 2705 4484 quando
2723 4428 2892 4467 mens
2913 4411 2972 4466 in
2997 4428 3174 4484 prava
3193 4412 3421 4469 actione
3437 4429 3572 4468 con-

1926 4501 2078 4570 fusa,
2101 4502 2275 4556 verba
2305 4499 2684 4573 correptionis
2720 4499 2904 4568 audit,
2930 4499 3160 4572 ﬂagella
3192 4501 3576 4573 correptionis

1925 4589 2190 4662 percipit,
2215 4593 2274 4644 et
2298 4594 2494 4645 tamen
2545 4590 2616 4644 ad
2670 4592 2826 4644 recta
2877 4587 3089 4644 salutis
3138 4587 3346 4645 itinera
3386 4590 3575 4646 redire

1924 4677 2264 4734 contemnit.
2283 4679 2354 4732 Et
2383 4695 2485 4750 per
2505 4675 2863 4750 Sapientiam
2889 4694 2902 4731 :
2927 4677 3078 4733 Sicut
3109 4685 3337 4748 acetum,
3361 4677 3572 4751 inquit,

1925 4771 1984 4824 in
2013 4770 2179 4834 nitro,
2197 4769 2273 4823 ita
2302 4769 2357 4822 ei
2377 4771 2474 4840 qui
2499 4775 2681 4822 cantat
2699 4769 2950 4822 carmina
2969 4767 3123 4823 cordi
3134 4769 3368 4839 pessimo
3390 4771 3573 4842 (Prov.

1921 4875 2051 4924 xxv,
2083 4857 2193 4928 39).
2219 4857 2366 4911 Cum
2397 4859 2624 4910 acetum
2658 4856 2714 4909 in
2762 4855 2912 4911 nitro
2947 4855 3220 4922 mittitur,
3254 4857 3576 4913 effervescit

1921 4945 2189 5018 protinus
2220 4949 2278 4999 et
2305 4943 2510 4999 ebullit
2543 4960 2556 4998 :
2589 4945 2674 4999 sic
2695 4943 3040 5016 plerumque
3069 4948 3129 5000 et
3157 4945 3333 5000 corda
3373 4950 3576 5017 poten-

1921 5034 2091 5100 tium,
2114 5033 2214 5108 qui
2247 5033 2319 5088 de
2343 5033 2600 5105 potentia
2621 5037 2944 5101 tument,et
2968 5050 3084 5090 non
3113 5051 3174 5090 se
3195 5034 3264 5088 de
3297 5032 3570 5088 humani-

1919 5127 2039 5179 tate
2061 5121 2399 5189 humiliant,
2414 5120 2588 5177 veluti
2609 5121 2902 5176 Abraham
2924 5121 3164 5178 Domino
3195 5120 3362 5185 dixit,
3381 5119 3569 5174 humi-

1920 5211 2074 5269 lians
2097 5229 2160 5268 se
2180 5213 2251 5268 de
2270 5209 2618 5268 exultatione
2640 5210 3044 5266 collocutionis
3065 5211 3194 5281 ejus
3218 5225 3230 5262 :
3257 5210 3471 5280 Loquar
3500 5209 3571 5264 ad

1921 5304 2218 5359 Dominum
2243 5317 2424 5356 meum
2451 5317 2574 5356 cum
2601 5303 2709 5356 sim
2737 5303 2878 5354 cinis
2920 5308 2972 5355 et
3005 5299 3190 5370 pulvis
3219 5297 3370 5368 (Gen.
3406 5313 3565 5362 xvm,

1915 5389 2281 5462 27).Q’uande
2314 5389 2734 5460 correptionem
2767 5385 3111 5458 castigantis
3142 5384 3305 5440 missi
3331 5383 3566 5440 Domini

1917 5479 2266 5545 audiunt,ex
2295 5483 2526 5532 tumore
2563 5475 2754 5532 cordis
2792 5475 2850 5528 in
2881 5475 3056 5528 verba
3085 5471 3566 5530 contradictionis

1915 5572 2227 5639 erumpunt
2253 5585 2266 5622 :
2293 5567 2438 5621 Dare
2462 5565 2683 5620 sanctis
2702 5563 2844 5618 locis
2865 5561 2950 5616 vel
2976 5561 3250 5619 ﬁdelibus
3281 5561 3419 5617 viris
3447 5579 3562 5620 non

171 5645 422 5707 obtinent
445 5668 552 5724 per
577 5654 948 5726 deprecatum
973 5656 1403 5728 praestationem
1427 5673 1440 5710 ε
1469 5657 1588 5712 imo
1610 5663 1666 5713 et
1689 5659 1801 5714 sibi
1908 5659 2216 5714 vetuerunt
2237 5655 2390 5711 640
2409 5651 2685 5724 episcoPi,
2710 5653 3012 5706 cantantes
3033 5650 3309 5708 omnibus
3335 5669 3347 5708 :
3376 5651 3563 5710 Vovete
