3896 6182
180 301 298 390 τος

1044 321 1148 386 DE
1189 321 1567 386 DIVORTIO
1609 318 1980 383 LOTHARII
2026 321 2126 383 ET
2169 323 2629 390 TETBERGE.

3429 333 3565 399 710‘

183 455 635 521 reconciliatione,
669 473 1041 530 summopere
1071 458 1283 512 debent
1314 461 1576 530 pastores
1599 454 1786 510 Ecele-
1823 457 1873 520 Α
1903 455 1986 509 tui
2017 455 2268 514 viderunt
2296 460 2400 514 tibi
2422 462 2567 531 falsa
2596 470 2646 518 ct
2671 463 2855 529 stulta,
2879 481 2976 521 nec
3004 468 3318 538 aperiebant
3339 470 3548 542 iniqui-

183 548 263 604 εἰῶ
291 550 342 602 et
365 543 756 617 apostolorum
789 562 1157 602 successores
1188 550 1363 618 atque
1392 544 1588 600 vicarii
1613 543 1796 616 provi-

183 638 316 702 dere,
347 655 372 683 ιι
399 632 520 706 qui,
552 637 618 688 ut
647 632 789 689 dicit
828 635 1034 690 beatus
1083 634 1398 707 Gregorius
1427 637 1602 702 (Hom.
1634 634 1706 688 26
1733 635 1793 688 in

182 723 397 795 Evang.),
423 723 571 778 640
595 720 854 778 solvendi
879 739 944 778 ac
973 722 1194 796 ligandi
1226 723 1632 778 auctoritatem
1657 725 1796 777 sunt

183 811 385 886 quando
413 809 660 882 gradum
692 809 995 882 regiminis
1026 811 1356 866 sortiuntur
1383 811 1598 883 adepti,
1631 828 1704 866 ne
1733 810 1793 865 in

182 898 438 958 solvendis
467 915 532 954 ac
552 897 808 972 ligandis
831 897 1082 955 subditis
1103 916 1222 954 sua:
1243 898 1554 956 volantatis
1575 904 1792 967 motus,

185 1006 279 1046 non
299 992 481 1044 autem
504 1003 816 1044 causarum
841 987 1049 1044 merita
1069 993 1412 1061 sequantur,
1436 993 1500 1044 ut
1520 988 1606 1045 vel
1629 989 1794 1043 dam-

185 1074 740 1144 nentimmeritos,vel
762 1075 910 1132 alios
930 1075 1043 1149 ipsi
1065 1077 1228 1150 ligati
1251 1077 1682 1150 solvant,seque
1708 1077 1795 1150 ip-

184 1165 368 1223 soshac
385 1165 603 1238 ligandi
627 1169 685 1221 et
703 1163 962 1221 solvendi
984 1165 1630 1239 potestateZprivent,qui
1647 1166 1796 1222 hanc

184 1272 266 1329 pro
276 1253 388 1310 suis
399 1252 797 1310 voluntatibus
808 1258 990 1310 etnon
1005 1271 1109 1327 pro
1122 1255 1519 1326 subjectorum
1535 1255 1798 1312 moribus

183 1347 413 1399 exercent
426 1358 439 1396 :
454 1359 529 1397 ne
541 1341 1011 1415 ergaquemlibet
1024 1343 1351 1416 proximum
1366 1344 1499 1400 odio
1511 1344 1596 1399 vel
1610 1344 1800 1416 gratia

183 1436 506 1499 moveantur,
540 1431 681 1504 quia
709 1431 882 1505 digne
912 1433 983 1488 de
1015 1432 1268 1489 subditis
1287 1434 1556 1504 judicare
1588 1433 1796 1506 ncqui-

184 1519 371 1587 bunt,si
383 1518 440 1574 in
453 1519 764 1576 subditoru
774 1537 829 1575 m
843 1519 1039 1576 causis
1052 1521 1272 1588 sua,vel
1289 1521 1536 1591 odia,vel
1549 1521 1798 1595 gratiam

184 1607 320 1680 sequi
338 1607 887 1664 decreverint.Unde
901 1613 1054 1665 recte
1067 1627 1168 1682 per
1180 1612 1522 1683 prophetam
1545 1611 1760 1667 dicitur
1782 1627 1796 1667 :

183 1696 538 1768 lortiﬁcabant
549 1699 768 1753 animas
785 1713 911 1770 quae
923 1713 1032 1754 non
1050 1701 1196 1754 mori
1197 1706 1441 1768 untur,et
1454 1701 1512 1755 vi
1515 1702 1570 1755 vi
1568 1701 1670 1771 ﬁcu
1677 1700 1804 1756 bant

182 1787 365 1840 animas
400 1799 530 1858 qua:
571 1801 684 1842 non
732 1787 925 1842 vivunt
955 1786 1167 1859 (Ezech.
1201 1805 1324 1855 xm,
1360 1789 1467 1860 19).
1500 1788 1624 1844 Νοιι
1675 1805 1798 1844 mo-
1831 1822 1878 1887 B

184 1873 394 1928 rientem
422 1872 645 1946 quippe
677 1872 1013 1942 mortiﬁcat,
1049 1874 1148 1947 qui
1181 1875 1416 1946 justum
1446 1876 1710 1948 damnat,
1743 1880 1800 1933 et

184 1976 277 2015 non
301 1960 586 2017 victurum
617 1959 908 2018 vivificare
939 1963 1166 2031 nititur,
1193 1963 1292 2036 qui
1324 1981 1487 2020 reum
1519 1983 1553 2021 a
1583 1965 1802 2038 suppli-

182 2049 254 2104 cio
280 2048 567 2106 absolvere
593 2055 858 2106 conatur.
892 2054 1091 2108 Causae
1120 2070 1257 2126 ergo
1299 2055 1608 2126 pensanda:
1639 2059 1801 2124 sunt,

181 2142 228 2191 et
253 2142 378 2192 tunc
405 2136 632 2210 ligandi
663 2142 839 2211 atque
870 2138 1128 2196 solvendi
1165 2143 1422 2212 potestas
1458 2142 1798 2197 exercenda.

182 2224 474 2282 Videndum
507 2231 601 2283 est
631 2245 758 2300 qua:
788 2227 961 2301 culpa
985 2229 1421 2301 prmcessit,aut
1445 2248 1570 2302 quae
1594 2231 1669 2285 sit
1691 2249 1806 2303 pce-

183 2312 396 2370 nitentia
422 2319 631 2372 secuta
663 2321 797 2388 post
826 2316 1058 2388 culpam
1093 2334 1107 2372 :
1144 2322 1207 2372 ut
1236 2335 1385 2390 quos
1435 2319 1805 2392 omnipotens

189 2401 322 2458 Deus
348 2420 447 2476 per
463 2403 940 2476 compunctionis
961 2406 1210 2478 gratiam
1233 2406 1449 2473 visitat,
1464 2406 1596 2463 illos
1618 2415 1807 2480 pasto-

189 2491 257 2547 ris
281 2493 561 2549 se-ntentia
590 2492 1039 2549 absolvat.Tunc
1059 2494 1215 2550 enim
1238 2512 1372 2552 vera
1399 2500 1488 2551 est
1517 2497 1808 2555 absolutio

187 2581 548 2652 praesidentis,
583 2598 718 2637 cum
750 2581 964 2638 interni
1005 2583 1312 2639 arbitrium
1361 2585 1808 2658 sequiturjudi-

189 2669 278 2724 cis.
303 2692 328 2718 »
347 2670 414 2726 Et
442 2669 580 2726 illos
612 2687 719 2726 nos
748 2671 1032 2728 debemus
1062 2689 1166 2745 per
1189 2673 1540 2744 pastoralem
1567 2675 1810 2731 auctori-

189 2762 342 2814 tatem
370 2757 771 2832 solvere,quos
791 2764 1088 2816 auctorem
1111 2766 1378 2817 nostrum
1401 2763 1812 2836 cognoscimus

188 2863 273 2918 per
294 2846 676 2904 suscitantem
705 2849 958 2920 gratiam
1006 2849 1314 2906 viviticare.
1345 2852 1480 2918 Quae
1528 2851 1809 2910 nimirum

186 2933 460 2992 viviﬁcatio
487 2939 628 2992 ante
648 2935 1046 3008 operationem
1070 2937 1437 2994 rectitudinis
1461 2939 1520 2994 in
1541 2940 1669 3012 ipsa
1685 2946 1810 3014 jam

184 3025 528 3096 cognoscitur
555 3025 924 3083 confessione
953 3027 1194 3099 peccati,
1225 3045 1352 3101 qua;
1391 3046 1508 3086 non
1555 3031 1813 3088 verbote-

187 3129 282 3168 nus
303 3117 525 3170 tantum
577 3119 634 3171 et
681 3113 932 3172 summis
979 3115 1073 3172 vix
1121 3116 1294 3173 labiis
1339 3117 1486 3175 solet
1527 3119 1675 3189 fieri,
1709 3121 1808 3176 sed

1901 551 2064 598 tatem
2089 553 2258 612 tuam,
2291 555 2349 602 ut
2379 555 2428 603 te
2453 549 2522 604 ad
2549 552 2922 621 pwnitentiam
2947 565 3298 625 provocarent
3326 558 3545 626 (Thren.

1903 649 1964 696 ιι,
1981 633 2090 700 14).
2106 633 2253 699 Quia
2265 635 2405 690 dum
2421 636 2707 710 corripere
2722 639 2926 712 culpas
2941 645 3294 708 metuunt,in
3310 662 3546 702 cassum

1903 719 2382 793 delinquentibus
2413 725 2703 796 promissa
2733 729 3042 784 securitate
3079 730 3463 788 blandiuntur
3491 738 3550 789 et

1903 808 1987 864 sic
2009 808 2094 864 vel
2129 809 2186 864 in
2221 812 2428 868 affectu
2462 815 2738 886 peccandi
2776 822 3104 884 manentes,
3129 819 3215 874 vel
3247 824 3382 876 ante
3413 838 3550 876 con-

1902 913 2106 970 gruam
2127 899 2583 958 satisfactionem
2599 905 2744 960 047
2767 904 2963 960 divina
2979 911 3332 979 usurpantes
3345 913 3555 982 myste-

1905 986 2239 1051 ria,bonum
2273 990 2370 1044 Dei
2393 992 2612 1047 donum
2638 992 2860 1048 faciunt
2881 995 3554 1066 suumjudicium.Quo-

1906 1074 2063 1130 niam
2087 1076 2241 1132 sicut
2256 1083 2524 1136 auctores
2537 1081 2816 1149 sancti,ut
2827 1083 3194 1140 demonstrat
3208 1085 3554 1144 venerabilis

1905 1164 2207 1237 presbyter
2237 1166 2390 1221 Beda
2419 1167 2477 1222 in
2510 1173 2840 1225 commento
2863 1170 3158 1244 Evangelii
3180 1173 3554 1247 Lucaa,expo-

1906 1257 2111 1310 nentes
2143 1255 2492 1312 sententiam
2515 1257 2761 1313 dicentis
2785 1258 3416 1325 Domini,Verumtamen
3439 1280 3557 1320 ecce

1903 1359 2102 1397 manus
2123 1343 2384 1399 tradentis
2405 1361 2706 1401 mcmecum
2717 1355 2795 1402 est
2806 1349 2865 1402 in
2875 1359 3456 1415 mensa,verumtamen
3473 1367 3558 1410 vae

1908 1431 1998 1486 illi
2025 1431 2239 1487 homini
2256 1450 2342 1504 per
2373 1451 2530 1506 quem
2550 1435 2795 1491 tradetur
2814 1437 3437 1508 (Luc.xxn,2l),dicunt
3461 1441 3558 1498 ho-

1908 1519 2000 1574 die
2019 1536 2250 1592 quoque
2273 1526 2336 1576 ut
2353 1539 2541 1596 usque
2563 1523 2622 1578 in
2645 1524 3287 1596 sempiternumNaeilli
3306 1528 3555 1598 homini,

1908 1608 2010 1681 qui
2041 1609 2109 1664 ad
2148 1627 2410 1666 mensam
2446 1611 2670 1668 Domini
2704 1613 3000 1686 malignus
3031 1616 3376 1690 accedit,qui
3399 1623 3455 1673 et
3475 1619 3559 1675 in-

1909 1697 2077 1754 sidiis
2110 1704 2303 1754 mente
2336 1700 2608 1766 conditis,
2632 1702 2964 1774 praecordiis
2986 1703 3184 1776 aliquo
3204 1706 3420 1762 scelere
3441 1706 3560 1780 pol-

1909 1787 2072 1856 lutis,
2107 1789 2515 1860 mysteriorum
2551 1790 2762 1846 Christi
2794 1793 3034 1848 secretis
3064 1793 3411 1868 participare
3442 1813 3557 1852 non

1910 1876 2145 1932 metuit.
2176 1877 2247 1932 Et
2278 1877 2373 1932 ille
2399 1878 2555 1933 enim
2588 1878 2646 1932 in
2673 1879 3006 1953 exemplum
3036 1881 3200 1938 Juda:
3233 1883 3420 1939 ﬁlium
3453 1884 3558 1940 ho-

1910 1964 2090 2020 minis
2121 1965 2320 2031 tradit,
2355 1983 2467 2022 non
2501 1966 2739 2039 quidem
2771 1968 2994 2025 Judzeis
3027 1971 3557 2041 peccatoribus,sed

1909 2057 2104 2108 tamen
2139 2055 2854 2126 peccatoribus,membris
2883 2057 3154 2114 videlicet
3182 2059 3560 2133 suis,quibus

1855 2187 1868 2194 -
1911 2141 2055 2196 illud
2089 2143 2493 2200 inmstimabile
2524 2148 2581 2199 et
2611 2144 2942 2202 inviolabile
2962 2147 3192 2202 Domini
3215 2165 3426 2220 conpus
3444 2149 3564 2204 vio-

1913 2228 2032 2283 lare
2064 2231 2382 2302 praesumit.
2410 2230 2509 2286 Ille
2534 2231 2846 2287 Dominum
2870 2233 3192 2307 vendit,qui
3215 2235 3344 2306 ejus
3366 2253 3562 2293 amore

1914 2335 1980 2372 ac
2011 2317 2214 2373 timore
2266 2318 2549 2392 neglecto,
2584 2326 2812 2376 terrena
2859 2325 2918 2376 et
2963 2323 3202 2387 caduca,
3237 2323 3355 2378 imo
3385 2324 3561 2381 etiam

1915 2406 2234 2462 criminosa
2262 2405 2394 2478 plus
2432 2425 2628 2463 amare
2677 2412 2735 2463 et
2783 2425 2987 2465 curare
3029 2411 3410 2468 convincitur.
3441 2411 3560 2482 νω,

1917 2495 2181 2566 inquam,
2216 2495 2296 2550 illi
2330 2495 2577 2563 homini,
2609 2497 2681 2552 de
2732 2514 2847 2570 quo
2896 2498 3091 2565 Jesus,
3126 2500 3225 2570 qui
3275 2500 3564 2558 altaribus

1917 2584 2310 2639 sacrosanctis
2341 2584 2494 2640 inter
2535 2585 2984 2655 immolandum,
3019 2592 3219 2658 utpote
3266 2590 3566 2662 proposita

1917 2673 2606 2740 consecraturus,arlesse
2632 2691 2744 2729 non
2769 2675 3564 2742 dubitatur,astantibussibi

1920 2759 2207 2814 ministris
2239 2759 2590 2828 caelestibus,
2625 2760 2788 2832 queri
2825 2761 3072 2834 cogitur,
3094 2763 3245 2830 Ecce,
3269 2765 3562 2838 inquiens,

1917 2863 2146 2902 manens
2175 2847 2438 2903 tradentis
2466 2864 2554 2903 me
2581 2865 2792 2903 mecum
2815 2856 2892 2904 est
2923 2850 2982 2904 in
3009 2865 3218 2905 mensa.
3249 2855 3319 2905 Et
3349 2852 3564 2909 Paulus

1919 2936 2061 2992 dicit
2094 2953 2106 2990 :
2139 2936 2202 2992 Si
2229 2938 2352 3008 quis
2373 2939 2550 3008 frater
2575 2939 2915 3005 nominatur,
2938 2945 2989 2992 et
3012 2946 3092 2992 est
3115 2939 3436 3008 fornicator,
3468 2948 3564 2996 aut

1919 3042 2140 3092 avarus,
2171 3034 2266 3081 aut
2298 3025 2460 3081 idolis
2488 3027 2749 3092 serviens,
2781 3034 2874 3080 aut
2901 3025 3220 3094 maledicus,
3251 3035 3346 3082 aut
3391 3028 3564 3084 ebrio-

1919 3132 2032 3181 sus,
2061 3122 2156 3170 aut
2183 3131 2380 3187 rapax,
2411 3131 2534 3170 cum
2563 3113 2872 3187 hujusmodi
2907 3131 3004 3170 nec
3048 3116 3228 3170 cibum
3275 3132 3489 3172 sumere
3515 3117 3567 3186 (Ι

184 3216 292 3272 quae
320 3219 385 3258 ex
414 3202 626 3259 intimo
656 3204 850 3260 cordis
893 3205 1154 3276 procedit
1183 3207 1412 3276 affectu,
1445 3213 1599 3280 sicut
1629 3209 1808 3265 David
1840 3189 1884 3254 (ἶ
1923 3204 2026 3259 (ι’ον
2052 3221 2108 3264 ν.
2145 3205 2250 3271 11)·
2285 3205 2354 3258 Et
2400 3203 2537 3259 item
2586 3202 2728 3258 dicit
2759 3219 2770 3258 ε
2806 3203 2992 3275 Iniqui
3035 3220 3262 3275 regnum
3311 3205 3409 3260 θεέ
3451 3221 3566 3261 non

185 3289 350 3346 dixit:
379 3293 610 3348 Peccavi
654 3293 903 3361 Domino,
935 3297 993 3349 et
1033 3294 1235 3350 audire
1279 3297 1514 3364 meruit,
1547 3299 1810 3354 Dominus

183 3381 438 3437 transtulit
469 3389 757 3454 peccatum
803 3389 980 3445 tuum.
1008 3398 1117 3439 non
1164 3385 1417 3440 morieris
1447 3385 1520 3457 (ll
1548 3387 1672 3458 Reg.
1706 3403 1808 3457 χιι,

185 3467 276 3535 13).
312 3469 377 3524 Et
421 3469 570 3526 item
618 3469 761 3525 dicit
793 3487 807 3526 :
843 3471 1142 3542 Rugiebam
1168 3488 1202 3527 a
1229 3475 1434 3544 gemitu
1479 3475 1657 3530 cordis
1699 3478 1812 3532 mei

181 3556 330 3623 (Ptol.
360 3575 576 3628 xxxv",
599 3558 696 3628 9);
728 3563 785 3614 et
817 3575 830 3614 :
865 3559 1216 3632 lniquitatem
1244 3577 1421 3617 meam
1448 3564 1806 3634 annuntiabo,

179 3652 221 3698 et
242 3647 468 3716 cogitabo
497 3663 604 3720 pro
627 3655 842 3720 peccato
870 3664 990 3704 meo
1021 3647 1208 3721 (ibid,
1241 3667 1290 3705 v.
1327 3650 1436 3720 19).
1471 3652 1633 3708 Sicut
1663 3657 1721 3708 et
1747 3653 1806 3709 in

181 3733 553 3805 tribulatione,
587 3753 764 3809 quam
798 3753 902 3809 pro
933 3741 1170 3810 peccato
1218 3739 1477 3795 admisso
1525 3741 1810 3797 sustinuit

181 3821 382 3894 fugiens
409 3841 444 3880 a
475 3823 628 3880 (acie
659 3825 762 3880 filii
797 3825 910 3891 sui,
944 3825 1218 3898 cogitavit
1256 3827 1458 3883 dicens
1492 3845 1504 3882 :
1539 3830 1812 3901 Respiciet

181 3908 413 3969 Dominus
455 3913 817 3986 alﬂictionem
860 3930 1058 3981 meam,
1091 3921 1143 3970 et
1186 3915 1378 3971 rethlat
1418 3917 1560 3972 mihi
1607 3920 1808 3974 bonum

176 4016 260 4070 pro
281 4003 662 4060 maledictione
687 4003 792 4058 hac
820 4003 895 4070 (Il
921 4004 1045 4075 Reg.
1077 4021 1193 4070 xvr,
1228 4005 1335 4076 12).
1369 4006 1592 4072 Quibus
1635 4024 1806 4063 cons-

180 4091 268 4154 tat,
291 4091 423 4162 quia
453 4091 658 4148 taliter
687 4091 1102 4148 conﬁtentibus
1133 4109 1236 4148 nec
1259 4093 1613 4150 sastisl'actio
1636 4095 1809 4151 inter-

176 4175 398 4235 dicenda
423 4185 540 4248 est,
567 4197 670 4236 nec
702 4181 1040 4238 communio
1071 4181 1429 4254 deneganda.
1450 4181 1722 4256 Alioquin
1745 4185 1805 4240 in

173 4264 440 4334 judicium
470 4268 589 4324 sibi
621 4268 882 4342 corporis
909 4269 1060 4324 sacri
1103 4273 1162 4326 et
1211 4267 1517 4343 sanguinis
1566 4273 1805 4344 pretiosi

179 4349 564 4428 Redemptoris
595 4355 781 4412 nostri
813 4361 1180 4413 sacramenta
1209 4360 1700 4434 praesumunt,qui
1724 4362 1808 4418 in-

177 4439 400 4501 discreto
429 4461 552 4501 non
572 4443 864 4518 puriﬁcati
887 4445 974 4500 vel
997 4445 1271 4515 absoluti,
1287 4447 1388 4503 sed
1415 4449 1608 4520 potius
1631 4451 1728 4506 sed
1739 4469 1803 4506 u-

175 4529 238 4624 cti
252 4535 417 4605 atque
433 4533 666 4606 decepti
687 4537 826 4589 sunt
840 4551 876 4589 a
891 4533 1109 4590 talibus
1131 4535 1565 4606 pastoribus,de
1589 4537 1806 4610 quibus
1836 4559 1880 4624 ι)

175 4616 295 4674 dicit
324 4622 612 4695 propheta
645 4638 659 4676 :
690 4623 776 4678 Va:
823 4622 913 4678 his
959 4623 1058 4695 qui
1101 4632 1371 4679 consuunt
1411 4625 1674 4697 pulvillos
1702 4627 1802 4682 sub

172 4710 308 4764 omni
341 4711 521 4768 cubito
564 4727 785 4778 manus,
814 4719 865 4767 et
889 4713 1106 4783 faciunt
1149 4713 1438 4768 cervicalia
1481 4714 1582 4770 sub
1629 4718 1804 4788 capite

173 4798 428 4856 universae
480 4802 667 4857 aetatis
713 4799 784 4855 ad
830 4800 1121 4873 capiendas
1169 4803 1386 4857 animas
1434 4803 1644 4874 (Ezech.
1677 4822 1800 4874 xm,

175 4882 268 4952 18),
299 4885 354 4942 id
384 4892 476 4944 est
505 4889 782 4945 cadentes
803 4906 835 4943 a
855 4907 962 4945 sua
992 4890 1342 4946 rectitudine
1371 4891 1804 4966 animas,atque

171 4969 221 5026 in
233 4972 402 5048 hujus
421 4977 630 5034 mundi
653 4976 1036 5035 delectatione
1061 4978 1654 5046 reclinantes,blanda
1665 4983 1735 5037 ad
1745 5001 1804 5038 u-

170 5057 363 5122 latione
393 5067 748 5138 refovent,ut
772 5065 834 5122 in
865 5083 1058 5122 errore
1088 5066 1342 5124 molliter
1361 5068 1620 5140 jaceant,
1653 5088 1801 5142 quos

169 5149 316 5208 nulla
343 5154 630 5228 asperitas
661 5155 1138 5211 contradictionis
1169 5155 1400 5228 pulsat:
1427 5157 1580 5229 quod
1614 5162 1796 5213 recto-

170 5253 248 5294 res
260 5241 482 5314 seipsos
497 5247 762 5300 amantes
782 5243 875 5298 his
896 5241 1098 5316 procul
1121 5243 1300 5300 dubio
1322 5243 1656 5313 exhibent,a
1677 5245 1801 5318 qui-

167 5323 264 5382 bus
293 5345 353 5385 se
384 5331 581 5388 noceri
609 5349 782 5404 posse
804 5331 864 5386 in
897 5331 1094 5387 studio
1123 5330 1320 5404 gloriae
1352 5333 1690 5405 temporalis
1721 5334 1795 5389 ti-

166 5419 332 5494 ment.
366 5417 450 5474 De
471 5419 689 5491 quibus
708 5419 922 5476 iterum
945 5419 1228 5492 scriptum
1250 5424 1340 5476 est
1365 5435 1378 5475 :
1401 5422 1607 5494 Popule
1623 5439 1795 5493 meus,

163 5492 250 5573 qui
269 5511 318 5562 te
343 5505 672 5580 beatiﬁcant,
704 5510 813 5582 ipsi
837 5518 889 5565 te
915 5507 1211 5581 decipiunt,
1243 5516 1295 5565 et
1319 5492 1490 5566 viami
1513 5492 1798 5580 gressuum

164 5597 363 5653 tuorum
420 5595 694 5673 dissipant
721 5599 866 5674 (Esa.
900 5613 985 5667 III,
1019 5595 1128 5674 12).
1175 5597 1245 5655 Et
1293 5597 1433 5657 item
1467 5616 1481 5660 :
1513 5600 1799 5677 Propheta

1917 3293 2282 3366 qossidebunt,
2333 3292 2512 3348 Nolite
2557 3309 2762 3358 errare,
2803 3308 2976 3363 neque
3027 3294 3342 3364 fornicarii,
3390 3310 3563 3366 neque

1919 3381 2078 3436 idolis
2105 3382 2413 3448 servientes,
2445 3397 2616 3452 neque
2644 3380 2902 3447 adulteri,
2933 3397 3107 3452 neque
3152 3381 3362 3452 molles,
3390 3397 3565 3454 neque

1915 3471 2284 3526 masculorum
2329 3470 2720 3534 concubitores,
2752 3485 2925 3540 neque
2970 3472 3142 3540 fures,
3173 3485 3344 3542 neque
3382 3473 3559 3540 avari,

1917 3577 2084 3632 aeque
2112 3561 2335 3625 ebriosi,
2367 3576 2536 3631 neque
2575 3559 2850 3622 maledici,
2877 3575 3050 3629 neque
3079 3575 3302 3630 rapaces
3331 3575 3564 3628 regnum

1917 3651 2016 3705 Dei
2038 3649 2390 3722 possidebunt
2430 3650 2476 3717 (Ι
2505 3649 2608 3704 Cor
2636 3665 2712 3714 v1,
2743 3647 2798 3712 9,
2835 3649 2942 3714 10),
2977 3647 3046 3702 Et
3089 3647 3227 3702 item
3257 3664 3270 3702 :
3303 3649 3564 3705 Fornica-

1916 3746 2055 3794 tores
2097 3747 2148 3794 et
2193 3738 2464 3793 adulteros
2512 3737 2774 3796 iudicabit
2819 3735 2959 3790 Deus
3003 3736 3196 3804 (Hebr.
3229 3753 3350 3804 xm,
3385 3737 3457 3809 4).
3492 3738 3562 3794 Et

1915 3827 2055 3882 item
2092 3845 2104 3882 :
2153 3826 2322 3882 Omne
2367 3834 2671 3898 peccatum,
2731 3824 3089 3896 quodcunque
3139 3826 3331 3897 fecerit
3382 3827 3558 3893 homo,

1913 3924 2068 3971 extra
2095 3932 2290 3988 corpus
2336 3923 2464 3972 est:
2493 3915 2590 3986 qui
2645 3922 2830 3969 autem
2883 3915 3215 3986 fornicatur,
3261 3915 3323 3970 in
3371 3931 3562 3987 corpus

1912 4021 2073 4058 suum
2099 4013 2282 4076 peccat
2312 4005 2359 4077 (l
2389 4004 2510 4060 Cor.
2541 4021 2621 4072 vr,
2655 4004 2763 4071 18).
2799 4001 2961 4058 Unde
2989 4002 3336 4058 Ambrosius
3363 4008 3558 4058 osten-

1912 4092 1998 4147 dit
2027 4093 2440 4165 gravissimurn
2469 4107 2598 4148 esse
2630 4095 2957 4162 peccatum,
2981 4089 3120 4162 quia
3148 4107 3217 4145 ex
3247 4090 3356 4146 hoc
3385 4109 3559 4148 omne

1913 4179 2138 4252 deperit
2167 4197 2399 4252 corpus,
2431 4181 2487 4235 in
2519 4179 2744 4235 caeteris
2772 4182 2967 4233 autem
2988 4178 3239 4248 peccatis
3259 4178 3447 4250 portio
3467 4196 3562 4252 pe-

1914 4269 2007 4336 rit,
2041 4285 2155 4323 non
2188 4273 2398 4324 totum.
2431 4269 2644 4324 Totum
2679 4266 2837 4322 enim
2867 4281 3080 4337 corpus
3109 4264 3198 4320 vir
3223 4269 3316 4320 est
3343 4269 3402 4320 et
3425 4281 3556 4322 mu-

1911 4357 2184 4428 lier,quia
2215 4356 2402 4429 portio
2433 4355 2538 4411 viri
2587 4359 2677 4410 est
2725 4353 2936 4408 mulier
2967 4369 2979 4408 :
3016 4352 3351 4424 quicunque
3397 4353 3555 4412 enim

1911 4445 2070 4504 aliud
2101 4449 2404 4518 peccatum
2437 4443 2757 4511 admiserit,
2782 4445 2943 4498 extra
2972 4458 3035 4498 se
3064 4444 3283 4514 peccat,
3307 4441 3557 4498 fornica-

1911 4535 2036 4590 rius
2065 4551 2198 4590 vero
2228 4534 2288 4588 in
2321 4550 2552 4590 carnem
2586 4548 2753 4588 suam
2785 4532 3366 4603 peceat.Quanquam
3397 4531 3556 4588 enim

1911 4623 2110 4679 omnia
2140 4628 2378 4696 peccata
2405 4620 2697 4678 carnalem
2721 4619 3020 4676 hominem
3044 4619 3455 4692 praestent,hoc
3475 4624 3558 4678 ta-

1913 4730 2044 4776 men
2064 4711 2392 4784 specialiter
2407 4709 2761 4766 desiderium
2779 4707 2974 4765 carnis
2987 4709 3259 4780 est,quod
3281 4709 3555 4766 sordibus

1912 4801 2264 4857 maculatam
2297 4800 2555 4856 animam
2585 4815 2719 4854 cum
2751 4814 2990 4870 corpore
3019 4797 3198 4853 tradit
3226 4798 3502 4871 gehennae
3536 4817 3550 4856 :

1911 4891 2051 4962 quia
2078 4889 2227 4945 victa
2256 4888 2453 4944 anima
2483 4905 2516 4943 a
2546 4887 2787 4944 libidine
2817 4886 3012 4944 carnis
3042 4887 3108 4942 fit
3137 4902 3292 4954 caro,
3325 4887 3477 4944 sicut
3497 4892 3555 4944 et

1911 4996 2123 5051 corpus
2154 4983 2307 5032 recte
2335 4978 2725 5050 gubernatum
2757 4975 3018 5049 spiritale
3047 4975 3391 5048 appellatur.
3409 4976 3551 5030 Ani-

1911 5085 2044 5124 mus
2061 5071 2258 5122 tamen
2275 5066 2487 5138 est,qui
2508 5069 2608 5121 aut
2629 5065 2814 5122 victus
2837 5063 3127 5121 illecebris
3147 5068 3333 5120 totum
3357 5062 3550 5118 homi-

1908 5173 2042 5213 nem
2073 5171 2350 5210 carneum
2383 5153 2538 5222 fecit,
2573 5157 2674 5209 aut
2701 5153 2761 5208 in
2791 5153 2987 5226 vigore
3018 5155 3236 5207 natura;
3268 5167 3386 5205 suae
3419 5166 3548 5206 ma-

1908 5263 2072 5312 nens,
2104 5243 2262 5300 carni
2295 5246 2531 5315 praestat
2553 5246 2618 5297 ut
2640 5241 2920 5314 spiritalis
2940 5239 3553 5310 dicatur.Quapropter

1907 5337 2224 5390 sanxerunt
2253 5331 2471 5404 Spiritu
2504 5334 2706 5387 sancto
2739 5330 2798 5385 in
2830 5346 2891 5386 se
2939 5327 3210 5399 loquente
3257 5341 3548 5384 canonum

1907 5423 2235 5480 conditores
2257 5419 2792 5476 utacommunione
2813 5416 2958 5473 tales
2981 5414 3247 5470 homines
3269 5429 3454 5486 usque
3473 5415 3560 5472 ad"

1906 5511 2366 5569 satisfactionem
2412 5512 2804 5581 separentur:
2837 5502 3114 5576 quoniam
3165 5502 3267 5575 qui
3315 5501 3548 5563 alieni'a

1906 5619 2083 5678 regno
2113 5601 2215 5660 Dei
2243 5602 2402 5671 sunt,
2436 5597 2510 5654 ab
2541 5593 2816 5664 Ecclesia,
2842 5608 2967 5669 quae
2987 5595 3044 5651 et
3063 5605 3312 5668 regnum
3336 5591 3439 5652 Dei
3459 5596 3550 5658 est
