3896 6182
253 310 272 323 ·
371 291 489 352 ’1Ιὸ

1304 285 1684 348 HlNCMARI
1731 283 2176 346 RHEMENSIS
2221 283 2835 346 ARCHIEPISCOPI.

3597 295 3696 359 ’116

375 421 660 478 saltatrici
693 419 1086 493 quodcunque
1112 410 1466 491 postulasset
1494 418 1566 474 ab
1593 435 1681 486 eo,
1705 423 1762 475 et
1793 435 1864 475 ne
1899 433 2020 490 per-
2048 418 2100 485 Α
2129 433 2258 473 eam
2290 415 2464 472 saluti
2497 432 2728 488 quoque
2759 415 3066 490 corporali,
3091 433 3206 489 qua
3227 418 3388 477 etiam
3413 422 3516 479 vita
3539 430 3704 484 nostra

365 511 542 582 jurus
555 508 1200 577 dicereturaconvivis,i
1209 525 1380 582 psum
1395 507 1720 563 convivium
1736 507 2024 581 sanguine

375 597 755 672 polluit,dum
777 596 1072 670 prophetae
1105 600 1352 652 mortem
1378 595 1708 652 saltationis
1733 596 1865 651 fecit
1884 612 2024 667 prte-

376 686 561 742 mium
596 685 782 759 (Marc.
814 691 915 754 γι).
939 687 1064 742 Νοιι
1098 685 1290 741 solum
1317 689 1510 740 autem
1544 685 1604 739 in
1627 685 2022 758 jurando,sed

376 776 436 831 in
466 792 639 832 omne
668 776 822 848 quod
854 775 1106 848 agimus,
1131 775 1254 830 hzec
1283 779 1373 830 est
1403 774 1720 830 moderatio
1751 773 2023 830 solertius

375 863 758 931 observanda,
789 868 856 920 ut
885 863 933 919 si
963 863 1140 919 talem
1170 864 1314 919 forte
1364 861 1596 936 lapsum
1637 863 1854 919 versuti
1886 861 2021 918 hos-

376 953 454 1008 tis
484 951 866 1008 inciderimus
896 951 1150 1018 insidiis,
1172 969 1240 1006 ex
1271 968 1386 1023 quo
1419 952 1544 1006 sine
1576 951 1772 1023 aliquo
1804 951 2022 1022 peccati

377 1042 647 1115 contagio
669 1059 908 1114 surgere
935 1058 1048 1097 non
1081 1041 1402 1113 possimus,
1435 1041 1600 1095 illum
1649 1041 1845 1096 notius
1893 1057 2022 1096 eva-

379 1129 556 1187 dendi
585 1129 810 1187 aditum
843 1134 1132 1203 petamus,
1165 1129 1224 1184 in
1257 1146 1374 1202 quo
1406 1129 1603 1185 minus
1643 1128 1885 1202 periculi
1917 1145 2024 1184 nos

377 1233 759 1292 perpessuros
789 1235 949 1275 essse
991 1235 1303 1274 cernamus
1335 1234 1348 1272 ι
1382 1222 1440 1274 et
1472 1218 1642 1290 juxta
1690 1217 2021 1290 exemplum

379 1307 532 1365 052
563 1323 764 1364 eorum
797 1305 896 1379 qui
927 1305 1242 1363 hostilibus
1271 1305 1454 1362 clausi
1487 1306 1674 1362 muris
1720 1307 1863 1362 dum
1893 1323 2022 1362 eva-

377 1396 516 1452 dere
543 1395 896 1465 desiderant,
929 1397 1032 1452 sed
1064 1398 1366 1468 portarum
1405 1395 1669 1451 omnium
1719 1412 2023 1452 accessum

379 1483 491 1542 sibi
520 1483 898 1540 interdictum
945 1484 1340 1552 considerant,
1371 1483 1452 1540 ibi
1483 1501 1718 1540 necesse
1747 1488 1838 1541 est
1865 1483 2024 1540 desi-

375 1571 558 1629 liendi
589 1571 784 1628 locum
815 1572 1054 1645 eligant,
1088 1572 1188 1628 ubi
1220 1589 1388 1628 muro
1436 1573 1718 1629 existente
1767 1573 2026 1630 breviore

380 1659 692 1717 minimum
724 1661 970 1734 periculi
1003 1662 1279 1718 cadentes
1305 1661 1628 1718 incurrant.
1655 1684 1683 1710 »
1705 1663 1777 1718 Et
1805 1659 1865 1717 in
1895 1679 2028 1718 con-

378 1747 511 1804 cilio
560 1747 884 1806 Hilerdensi
930 1752 1072 1822 (can.
1103 1753 1162 1820 7)
1191 1751 1526 1806 decernitur
1557 1767 1570 1806 :
1607 1774 1634 1802 ‹‹
1669 1751 1775 1818 Qui
1829 1768 2022 1808 sacra-

380 1842 578 1894 mento
607 1855 669 1894 se
699 1839 1062 1911 obligaverit,
1097 1844 1163 1894 ut
1196 1839 1434 1913 litigans
1481 1857 1618 1896 cum
1667 1839 1926 1913 quolibet
1955 1841 2026 1896 ad

380 1943 582 1998 pacem
617 1926 957 1983 nullomodo
990 1928 1206 1995 redeat,
1239 1945 1344 2000 pro
1375 1928 1635 2001 perjurio
1665 1945 1785 1984 uno
1813 1945 1966 1984 anno
1995 1945 2030 1985 a

381 2015 794 2072 communione
825 2015 1083 2088 corporis
1103 2021 1160 2072 et
1179 2016 1486 2090 sanguinis
1505 2017 2027 2092 Dominizsegrega-

380 2106 734 2173 tus,reatum
757 2120 931 2160 suum
953 2103 1336 2177 eleemosynis
1357 2121 1422 2160 ac
1450 2105 1770 2174 fletibus,et
1789 2106 2027 2179 quantis

379 2191 634 2264 potuerit
655 2193 903 2264 jejuniis
933 2192 1228 2263 absolvat;
1261 2195 1334 2250 ad
1367 2195 1712 2252 charitatem
1737 2213 2026 2269 vero,qu:e

379 2280 567 2353 operit
612 2279 1054 2338 multitudinem
1102 2286 1496 2356 peccatorum,
1534 2283 1797 2340 celeriter
1839 2285 2028 2342 redire

383 2367 638 2426 festinet.
672 2389 704 2422 ι

449 2458 518 2515 Ft
545 2457 824 2531 quoniam
857 2458 1200 2532 hujusmodi
1229 2461 1300 2516 de
1333 2465 1698 2516 sacramento
1719 2461 2028 2518 voluerunt

376 2546 734 2621 interrogare
761 2553 1108 2620 quaerentes,
1143 2567 1257 2605 non
1291 2551 1396 2606 abs
1427 2567 1488 2606 re
1514 2551 1658 2606 forte
1688 2552 2026 2623 putavimus

377 2636 448 2692 de
475 2635 694 2694 talibus
715 2636 1122 2710 scribere,quse
1141 2637 1330 2694 solent
1349 2639 1408 2694 in
1431 2638 1693 2694 humana
1714 2639 2026 2712 fragilitate

383 2723 645 2781 accidere
680 2742 693 2780 :
728 2742 916 2799 neque
945 2743 1014 2782 ea
1039 2743 1166 2799 quae
1197 2727 1512 2783 scribimus
1558 2727 1618 2784 in
1668 2745 2022 2802 quemquam

377 2813 787 2888 impingimus,
821 2816 923 2871 sed
955 2814 1004 2871 si
1034 2814 1168 2870 talis
1197 2816 1682 2889 exstiterit,quem
1704 2817 1812 2873 hoc
1832 2817 2023 2874 consi-

375 2901 523 2958 lium
540 2903 818 2976 adjuvare
837 2903 1410 2976 potuerit,memores
1426 2904 1655 2978 Scriptu
1665 2923 1736 2962 rae
1753 2906 2020 2963 dicentis:

377 2991 528 3060 Quod
554 2995 1025 3065 supererogaveris
1053 2993 1278 3049 reddam
1308 2994 1408 3051 tibi
1435 2994 1644 3068 (Luc.x,
1667 2995 1781 3064 35),
1811 2995 1883 3050 de
1913 2995 2022 3053 hoc

374 3081 532 3154 quod
571 3097 689 3138 non
735 3098 945 3138 sumus
1003 3081 1366 3154 interrogati,
1398 3086 1464 3139 ut
1511 3081 1757 3156 quilibet
1801 3085 2022 3141 noverit

2131 506 2246 562 ista
2276 506 2632 578 continetur,
2657 511 2883 562 certum
2935 511 3024 562 est
3081 507 3282 564 debere
3335 513 3577 584 praeponi.
3604 517 3704 573 Etsi

2130 595 2288 649 enim
2321 593 2531 668 exigua
2561 593 2729 668 palea
2758 611 2862 667 pro
2895 593 3082 651 multo
3127 611 3262 652 auro
3293 614 3425 670 pene
3468 617 3549 657 res
3574 603 3706 660 nulla

2129 687 2238 750 est,
2272 684 2416 739 fides
2447 688 2640 740 tamen
2674 700 2808 739 cum
2837 683 2895 738 in
2925 683 3156 757 negotio
3178 683 3342 757 paleae
3364 686 3501 744 sicut
3517 676 3576 745 in!
3591 707 3706 749 auro

2131 772 2360 828 sincera
2386 777 2672 844 servatur,
2705 789 2821 828 non
2857 773 2986 829 ideo
3017 771 3209 830 minor
3235 779 3319 832 est
3337 777 3466 848 quia
3484 777 3536 833 in
3556 796 3606 836 re
3627 781 3708 837 mi-

2131 878 2270 917 nore
2298 865 2582 918 servatur.
2603 861 2751 918 Cum
2773 878 2905 918 vero
2927 861 2997 918 ad
3024 866 3319 936 peccatum
3340 865 3709 926 admittendum

2131 949 2443 1005 adhibetur
2473 950 2861 1018 ﬁdes,mirum
2895 951 2941 1005 si
2977 950 3120 1006 fides
3151 951 3477 1024 appellanda
3502 959 3595 1011 est.
3619 956 3710 1012 Ve-

2131 1055 2262 1093 rum
2295 1043 2491 1094 tamen
2523 1038 2950 1110 qualiscunque
2981 1038 3076 1107 sit,
3102 1039 3150 1094 si
3172 1042 3229 1095 et
3251 1045 3439 1096 contra
3463 1041 3627 1116 ipsam
3643 1044 3710 1114 ﬁt,

2131 1127 2301 1201 pejus
2333 1128 2415 1196 fit,
2435 1127 2545 1182 nisi
2570 1129 2704 1182 cum
2733 1131 3040 1200 prOpterea
3073 1127 3371 1196 deseritur,
3393 1134 3454 1184 ut
3473 1131 3534 1184 ad
3553 1148 3710 1188 veram

2133 1216 2286 1274 658
2307 1216 2482 1272 fidem
2515 1232 2582 1272 ac
2609 1215 2935 1289 legitimam
2965 1216 3256 1286 redeatur,
3279 1217 3334 1272 id
3365 1221 3462 1286 est,
3480 1223 3539 1275 ut
3558 1236 3714 1294 pecca-

2131 1309 2260 1361 tum
2291 1305 2635 1360 emendetur
2660 1297 2957 1361 voluntate
2986 1305 3286 1378 pravitatis
3315 1312 3566 1364 correcta.
3592 1309 3713 1365 Tan-

2133 1409 2309 1467 quam
2328 1393 2376 1448 si
2396 1393 2807 1466 quisque,cum
2825 1392 3124 1450 hominem
3141 1393 3300 1451 solus
3317 1395 3607 1466 exspoliare
3622 1413 3712 1454 non

2133 1482 2339 1555 possit,
2371 1481 2629 1538 inveniat
2671 1481 2897 1538 socium
2943 1481 3294 1556 iniquitatis,
3323 1487 3380 1540 et
3405 1499 3525 1540 cum
3553 1501 3609 1541 eo
3634 1503 3714 1558 pa-

2133 1570 2480 1638 ciscatur,ut
2501 1570 2678 1628 simul
2699 1571 2760 1626 id
2781 1570 3016 1642 faciant,
3033 1571 3398 1645 spoliumque
3419 1572 3712 1646 partiantur,

2135 1660 2292 1733 quod
2323 1659 2575 1716 facinore
2604 1659 2921 1716 commisso
2952 1663 3142 1716 totum
3174 1659 3334 1716 solus
3363 1659 3716 1728 auferat,dolet

2135 1749 2372 1822 quidem
2404 1747 2640 1824 ille,sibi
2661 1753 2720 1806 et
2740 1749 2916 1806 fidem
2938 1753 3227 1806 servatam
3249 1766 3360 1806 non
3381 1765 3499 1806 esse
3516 1765 3713 1822 conque-

2141 1837 2290 1893 ritur
2317 1853 2332 1893 :
2362 1855 2566 1894 verum
2593 1837 2652 1894 in
2681 1837 2812 1910 ipsa
2840 1837 3077 1911 querela
3096 1839 3351 1912 cogitare
3369 1838 3543 1908 debet,
3563 1837 3716 1912 potius

2138 1925 2197 1982 in
2219 1927 2373 1984 bona
2389 1925 2508 1982 vita
2523 1925 2634 2000 ipsi
2659 1926 2930 1983 humanae
2943 1926 3210 1984 societati
3223 1925 3398 1983 fuisse
3408 1925 3714 1994 servandam,

2137 2031 2210 2072 ne
2240 2015 2436 2088 przeda
2462 2015 2667 2088 iniqua
2695 2033 2764 2072 ex
2793 2015 3031 2073 homine
3070 2015 3257 2084 ﬁeret,
3289 2015 3339 2072 si
3383 2016 3546 2073 sentit
3581 2029 3719 2087 quam

2135 2103 2336 2176 inique
2367 2103 2478 2159 sibi
2509 2103 2569 2158 in
2601 2103 2819 2176 peccati
2850 2102 3124 2161 societate
3155 2108 3384 2161 servata
3419 2120 3524 2159 non
3566 2101 3717 2159 fuerit.

2136 2191 2240 2248 Ille
2269 2191 2485 2264 quippe
2517 2191 2828 2265 utrobique
2857 2192 3137 2264 perfidus,
3160 2209 3271 2264 pro
3291 2194 3510 2265 peccato
3527 2189 3720 2248 scelera-

2137 2279 2250 2336 tior
2268 2279 2631 2352 judicandus
2661 2283 2752 2335 est
2780 2295 2916 2335 reus
2946 2278 3046 2352 qui
3080 2279 3130 2336 si
3160 2279 3294 2336 ideo
3323 2295 3451 2335 cum
3493 2276 3720 2350 participe

2135 2368 2412 2425 facinoris
2438 2370 2694 2442 praedam
2726 2368 2982 2426 dividere
3011 2367 3320 2436 noluisset,
3342 2371 3406 2424 ut
3429 2364 3623 2423 homini
3645 2363 3718 2420 cui

2135 2458 2330 2515 ablata
2351 2458 2541 2514 fuerat
2562 2459 3062 2527 redderetur,eum
3085 2458 3376 2531 perfidum
3396 2472 3492 2513 nec
3511 2453 3718 2528 perﬁdus

2133 2548 2372 2604 diceret.
2405 2548 2489 2603 Ita
2519 2547 2753 2614 mulier,
2789 2546 2837 2603 si
2871 2547 2984 2604 {ide
3013 2546 3308 2621 conjugali
3346 2543 3542 2602 violata
3579 2541 3717 2597 ﬁdem

2134 2640 2324 2691 servat
2344 2634 2628 2704 adultero,
2655 2635 2856 2708 utique
2875 2635 3031 2692 mala
3051 2636 3271 2705 est,sed
3296 2635 3344 2691 si
3367 2650 3466 2703 nec
3483 2631 3716 2696 adultero,

2133 2725 2296 2797 pejor
2323 2727 2432 2780 est.
2469 2725 2639 2780 Porro
2669 2724 2719 2780 si
2741 2741 2871 2780 eam
2895 2723 3098 2797 ﬂagitii
3125 2723 3478 2797 pmniteat,et
3497 2722 3559 2776 ad
3579 2717 3717 2776 casti-

2131 2817 2315 2869 tatem
2329 2812 2561 2868 rediens
2577 2811 2946 2886 conjugalcm
2965 2817 3135 2885 pacta
3149 2829 3218 2870 ac
3229 2811 3438 2886 placita
3448 2807 3720 2867 adulterina

2132 2901 2446 2967 rescindat,
2477 2901 2659 2958 miror
2687 2901 2734 2957 si
2767 2918 2896 2957 eam
2928 2899 3060 2957 fidei
3109 2900 3464 2958 violatricem
3507 2895 3583 2954 vel
3625 2895 3717 2966 ipse

2131 2989 2363 3046 adulter
2388 2989 2638 3062 putabit.
2671 2990 2834 3056 Quod
2883 3004 3045 3062 aeque
3090 2988 3529 3063 intelligendum
3573 2982 3719 3041 estde

2131 3078 2415 3148 adultero,
2448 3079 2588 3151 quia
2619 3078 2668 3134 si
2699 3082 2938 3151 pactum
2963 3095 3097 3135 cum
3132 3078 3396 3136 adultam
3437 3077 3626 3132 factum
3651 3086 3718 3126 re-

373 3168 517 3242 quid
540 3186 753 3244 anceps
779 3169 933 3226 inter
959 3171 1076 3226 duo
1105 3170 1316 3244 eligere
1337 3155 2020 3245 debeat,adjungendum
2053 3155 2096 3224 C
2133 3167 2368 3236 scindit,
2403 3183 2509 3223 nec
2538 3167 2668 3240 ipsa
2695 3166 2960 3225 adultera
2979 3181 3114 3224 eum
3137 3167 3276 3224 ﬁdei
3297 3165 3607 3223 violatorem
3620 3162 3718 3234 jus-

372 3257 730 3328 putavimus.
763 3258 890 3314 Non
919 3257 1078 3314 enim
1111 3259 1280 3314 facile
1309 3259 1482 3314 modo
1515 3259 1831 3331 quisquam
1859 3278 2021 3334 repe-

375 3344 508 3411 riet,
537 3345 657 3401 imo
687 3363 792 3401 nec
823 3362 1184 3419 quemquam
1214 3347 1463 3419 quisque
1495 3347 1761 3420 reperiet,
1786 3349 1886 3420 qui
1918 3349 2024 3406 Da-

370 3431 468 3488 vid
499 3433 778 3502 sanctior,
803 3433 1114 3490 Salomone
1139 3434 1479 3506 sapientior,
1501 3436 1783 3492 Samsone
1803 3437 1882 3492 sit
1905 3437 2020 3492 for-

371 3519 506 3588 tior,
537 3523 595 3576 et
622 3519 731 3590 illi,
765 3537 962 3578 amore
993 3520 1304 3578 muliebria
1335 3523 1510 3596 capti,
1534 3524 1813 3596 quoniam
1842 3525 2018 3582 etiam

373 3611 597 3665 mentes
627 3611 846 3666 ferreas
873 3609 1053 3667 libido
1085 3610 1426 3679 domat,uec
1446 3628 1674 3684 pannos
1695 3629 2018 3686 pauperum

371 3697 842 3769 perhorrescens,
877 3715 982 3754 nec
1011 3714 1214 3772 regum
1237 3717 1556 3772 purpuram
1577 3701 2016 3774 pertimescens,

371 3785 513 3842 talia
540 3790 786 3860 egerunt
815 3803 942 3858 quas
964 3803 1080 3841 non
1113 3783 1502 3844 convenerant
1526 3805 1540 3844 :
1567 3793 1626 3844 et
1646 3790 1719 3845 ad
1742 3807 1849 3847 nos
1869 3808 2020 3864 saepe

370 3872 600 3929 feminas
648 3873 914 3943 veniunt,
948 3874 1356 3942 reclamantes,
1387 3877 1541 3948 quod
1584 3878 1884 3950 juvenculi
1933 3879 2018 3936 eis

371 3977 541 4016 suam
573 3961 748 4018 fidem
771 3961 1389 4037 promiserint,easque
1410 3966 1634 4022 derisas
1655 3966 2014 4040 reliquerint.

369 4049 440 4106 Et
467 4049 763 4107 interdum
795 4068 830 4108 a
859 4051 1028 4108 nobis
1059 4056 1353 4126 repertum
1375 4057 1485 4123 est,
1516 4055 1658 4127 quia
1686 4055 1791 4111 viri
1822 4055 2019 4130 legiti-

367 4155 496 4196 mas
525 4138 888 4214 reliquerunt
935 4158 1164 4212 uxores,
1197 4145 1256 4198 et
1285 4141 1589 4211 adulteris,
1618 4149 1683 4200 ut
1720 4148 2019 4202 servarent

363 4227 541 4286 ﬁdem
570 4227 914 4303 pollicitam,
948 4231 1092 4286 adeo
1123 4230 1506 4300 cohaeserunt,
1543 4238 1606 4288 ut
1637 4250 1768 4289 cum
1812 4233 2016 4290 multis

2127 3259 2184 3312 te
2215 3255 2406 3312 dicere
2430 3255 2662 3328 poterit.
2695 3275 2722 3308 ι

2606 3380 3152 3438 INTERROGATIO
3192 3381 3310 3439 XV.

2199 3487 2280 3543 De
2311 3487 2420 3543 hoc
2444 3486 2601 3559 quod
2629 3485 3053 3561 interrogatum
3083 3491 3196 3556 est,
3229 3487 3281 3544 si
3302 3487 3411 3544 hoc
3428 3499 3606 3542 verum
3622 3492 3720 3536 esse

2127 3576 2334 3648 possit,
2357 3576 2514 3648 quod
2540 3573 2738 3647 plures
2767 3574 3032 3632 homines
3055 3575 3430 3648 dicunt,quia
3448 3577 3573 3630 sunt
3592 3567 3719 3626 femi-

2129 3682 2215 3720 nas
2245 3681 2372 3736 quis
2403 3663 2689 3720 maleﬁcio
2720 3679 2826 3720 suo
2849 3663 3000 3719 inter
3017 3663 3215 3720 virum
3237 3669 3296 3720 et
3317 3677 3540 3719 uxorem
3559 3658 3718 3715 odium

2127 3751 2608 3809 irreconciliabile
2655 3752 2884 3824 possint
2931 3751 3186 3820 mittere,
3221 3757 3282 3810 et
3329 3745 3720 3808 inenarrabiles!

2127 3857 2385 3897 amorem
2421 3841 2632 3896 iterum
2662 3841 2814 3896 inter
2836 3839 3032 3896 virum
3063 3844 3122 3896 et
3157 3842 3437 3898 feminam
3467 3834 3720 3896 sererezel

2126 3930 2198 3985 de
2227 3929 2452 3986 caeteris
2482 3945 2608 4006 quae
2639 3928 2776 3984 hinc
2806 3929 2879 3985 ad
2915 3929 3260 4001 qaastionem
3290 3928 3584 3987 voluerunt
3607 3935 3723 3996 que-

2127 4022 2319 4074 rentes
2349 4018 2654 4074 deducere.

2739 4125 3158 4182 RESPONSIO.

2196 4231 2476 4305 Relegant
2504 4230 2811 4288 historiam
2843 4229 2975 4288 libri
3011 4230 3244 4306 Regum
3295 4235 3427 4307 post
3469 4231 3720 4303 peccatum

363 4315 666 4374 laboribus
697 4318 770 4375 ab
801 4317 884 4375 eis
916 4318 1208 4391 quiverint
1234 4319 1477 4392 sperari.
1507 4321 1588 4376 De
1617 4337 1733 4392 quo
1782 4321 2014 4394 negotio
2123 4321 2302 4378 David
2329 4321 2389 4376 in
2419 4319 2736 4376 Bethsabee
2767 4335 3004 4376 uxorem
3035 4319 3210 4391 Urize,
3249 4320 3498 4394 qualiter
3523 4327 3722 4389 sugges-

360 4405 568 4463 beatus
586 4407 954 4480 Augustinus
976 4403 1035 4462 in
1059 4407 1208 4462 libro
1230 4409 1300 4462 de
1321 4407 1473 4463 bono
1493 4406 1788 4480 conjugali
1813 4410 2012 4483 (capA)
2119 4411 2277 4466 tione
2307 4407 2522 4464 diaboli
2554 4407 2710 4463 filius
2740 4407 2929 4480 ipsius
2976 4408 3160 4465 David
3208 4412 3440 4466 Amnon
3481 4397 3722 4463 adamavit

361 4493 544 4586 dicit:
584 4519 617 4586 «Δ
639 4496 783 4564 Huc,
806 4495 1102 4569 inquiens,
1125 4497 1514 4586 accedit,quia
1535 4498 1593 4552 in
1617 4515 1683 4553 eo
1705 4499 1832 4570 ipso
1855 4501 2010 4571 quod
2044 4521 2090 4586 Ι)
2121 4513 2378 4553 sororem
2401 4495 2870 4586 suam_Thamar,
2889 4500 2946 4552 et
2963 4495 3212 4586 consilio
3230 4496 3496 4586 Jonadab
3517 4494 3720 4586 figuram

360 4581 473 4636 sibi
504 4583 751 4640 invicem
781 4587 1062 4659 conjuges
1094 4585 1354 4641 debitum
1382 4585 1634 4653 solvunt,
1657 4587 1834 4644 etiam
1867 4589 1916 4643 si
1948 4589 2006 4644 id
2044 4578 2082 4586 ”
2118 4585 2372 4642 tenentis
2391 4583 2909 4656 diaboliperEvam
2932 4583 3178 4641 consilio
3203 4584 3483 4658 peccandi
3503 4578 3721 4639 occiden-

359 4667 658 4742 aliquanto
671 4671 1158 4745 intemperantius
1174 4673 1704 4731 etincontinentius
1717 4681 2008 4748 expetant,
2119 4674 2194 4730 tis
2221 4671 2752 4741 Adam,eoncubuit
2781 4688 2916 4728 cum
2945 4673 3149 4728 eadem
3182 4690 3386 4731 sorore
3423 4687 3544 4730 sua.
3573 4669 3720 4734 Quam

357 4757 534 4814 fidem
565 4763 760 4815 tamen
791 4761 904 4817 sibi
937 4762 1182 4818 invicem
1215 4762 1448 4832 debent,
1483 4763 1576 4818 cui
1612 4763 1745 4819 fidei
1777 4769 2007 4822 tantum
2117 4767 2346 4818 tantum
2369 4766 2503 4818 ante
2527 4759 2901 4816 concubitum
2925 4759 3227 4833 dilexit,ut
3249 4759 3604 4835 deperiretin
3621 4765 3720 4810 eam

348 4845 505 4918 juris
535 4845 741 4903 tribuit
759 4849 1165 4922 Apostolus,ut
1177 4867 1304 4906 eam
1321 4856 1668 4924 potestatem
1691 4853 2010 4926 appellaret
2115 4852 2300 4921 valde,
2332 4855 2390 4907 et
2417 4853 2724 4923 aegrotaret
2753 4853 2989 4922 propter
3009 4865 3274 4906 amorem
3297 4851 3458 4924 ejus;
3486 4849 3604 4922 post
3621 4855 3721 4898 cou-

353 4933 590 4991 dicens:
614 4935 810 4992 Mulier
839 4955 949 4994 non
979 4939 1142 4994 habet
1161 4948 1473 5011 potestatem
1499 4943 1746 5012 corporis
1772 4944 1883 5009 sui,
1913 4943 2008 4999 sed
2114 4940 2377 4997 cubitum
2409 4944 2628 5005 autem,
2661 4953 2897 4993 exesam
2937 4953 3066 4994 eam
3116 4939 3334 4995 habuit
3377 4937 3507 4996 odio
3552 4943 3722 5002 magno

350 5025 476 5092 vir;
503 5025 766 5081 similiter
792 5034 974 5082 autem
999 5035 1051 5083 et
1079 5029 1166 5084 vir
1192 5043 1304 5084 non
1350 5028 1508 5084 habet
1543 5034 1858 5100 potestatem
1885 5048 2005 5087 cor-
2113 5029 2313 5097 nimis,
2347 5032 2414 5083 ut
2433 5027 2626 5098 majus
2646 5029 2801 5082 esset
2821 5025 3021 5082 odium
3044 5042 3160 5099 quo
3181 5027 3393 5084 oderat
3412 5029 3718 5090 eam,amore

344 5117 498 5186 poris
543 5117 654 5182 sui,
685 5116 778 5172 sed
829 5118 1034 5173 mulier
1081 5119 1128 5191 (I
1155 5117 1276 5174 Cor.
1307 5135 1408 5184 vn,
1445 5119 1518 5186 4).
1559 5119 1743 5189 llujus
1798 5124 1994 5177 autem
2106 5119 2388 5192 quoante
2414 5113 2729 5170 dilexerat:
2754 5130 2882 5186 quae
2911 5113 3201 5171 diabolica
3230 5113 3493 5188 operatio
3520 5127 3613 5185 per
3628 5107 3721 5164 fra-

346 5202 483 5260 ﬂdei
515 5203 747 5261 violatio
779 5205 993 5262 dicitur
1021 5205 1404 5275 adulterium,
1436 5222 1570 5262 cum
1611 5206 1699 5262 vel
1748 5207 1994 5281 propriae
2105 5205 2402 5263 tricidium
2434 5203 2505 5260 ad
2537 5202 2652 5259 alia
2681 5203 2856 5259 etiam
2889 5201 3062 5276 mala,
3095 5220 3227 5276 quae
3259 5203 3480 5260 ibidem
3519 5199 3720 5254 lectores

341 5290 607 5350 libidinis
636 5292 942 5364 instinctu,
965 5294 1052 5350 vel
1081 5293 1284 5350 alienae
1316 5310 1630 5362 consensu,
1656 5311 1788 5350 cum
1813 5296 1994 5353 altero
2104 5295 2428 5362 inveniunt,
2445 5291 2702 5348 decurrit
2731 5291 2806 5365 (II
2827 5292 2954 5365 Reg.
2985 5295 3134 5362 χιιι).
3166 5293 3241 5348 Et
3271 5293 3482 5350 beatus
3508 5284 3712 5345 Ambro-

341 5379 431 5436 vel
460 5379 642 5438 altera
671 5386 873 5440 contra
919 5387 1158 5456 pactum
1207 5381 1512 5454 conjugale
1561 5385 1990 5452 concumbitur,

339 5471 516 5543 atque
545 5471 628 5528 ita
657 5472 946 5546 frangitur
975 5473 1141 5545 ﬁdes,
1166 5489 1293 5546 quae
1317 5472 1376 5527 in
1400 5471 1575 5526 rebus
1596 5471 1772 5528 etiam
1797 5489 1994 5547 corpo-

2103 5386 2249 5454 sius,
2281 5381 2493 5456 psalmi
2523 5380 2828 5438 centesimi
2872 5380 3084 5437 decimi
3133 5381 3325 5438 octavi
3369 5391 3594 5436 versum
3621 5369 3716 5443 (92)

2101 5489 2394 5547 exponens
2427 5486 2441 5526 :
2472 5471 2596 5527 Nisi
2623 5468 2764 5543 quod
2795 5469 2884 5525 tea:
2911 5478 3005 5526 tua
3033 5469 3322 5526 meditatio
3349 5485 3472 5526 mea
3497 5472 3588 5534 est,
3617 5469 3723 5547 tuac

345 5555 460 5615 reis
487 5562 545 5616 et
572 5544 818 5635 abjectis
848 5544 1129 5638 magnum
1159 5544 1341 5618 animi
1383 5559 1606 5617 bonum
1635 5564 1744 5632 est,
1778 5565 1834 5620 et
1864 5544 1991 5622 ideo
2097 5544 2236 5641 forte
2261 5563 2546 5638 periissem
2575 5560 2634 5617 in
2665 5559 2977 5618 humilitate
2999 5574 3138 5630 mea,
3162 5557 3418 5634 loquens
3441 5557 3510 5615 de
3535 5544 3718 5623 Joseph
