3896 6182
180 348 281 406 717

1072 350 1174 410 DE
1219 351 1592 414 DIVOItTIO
1638 352 2014 414 LOTHARII
2063 355 2160 415 ΕΤ
2203 353 2663 416 ΤΕΤΒΕΒΟᾸΞ.

3455 359 3572 420 718

183 477 490 552 perferente
518 477 917 536 immissiones
942 495 1046 553 per
1070 482 1308 555 angelos
1340 483 1546 552 malos,
1571 484 1713 541 dicit
1743 486 1814 541 ad
1843 488 1899 554 Α
1928 487 2439 557 phantasmatibus
2472 487 2799 555 diabolicis,
2825 504 2927 560 per
2954 490 3309 546 exorcismos
3337 495 3394 547 et
3421 490 3573 547 anti-

180 567 355 623 locum
385 583 434 620 :«
460 566 687 635 Fertur,
712 567 1007 640 inquiens,
1032 570 1326 643 prophetae
1349 573 1605 642 cuidam,
1628 579 1685 630 et
1705 573 1820 646 ple-

180 656 329 728 rique
361 655 600 711 fuerunt
639 657 792 728 quod
816 656 1005 713 -lsaia:
1054 659 1113 714 in
1160 676 1390 717 carcere
1438 661 1647 735 posito,
1681 680 1815 718 cum

178 744 311 801 mole
362 744 732 801 imminentis
778 751 1086 819 urgeretur
1114 748 1293 815 exitii,
1346 750 1562 806 dixisse
1610 750 1817 806 diabo-

175 834 282 890 lum
315 851 328 889 :
367 833 524 889 654
553 832 655 889 Dic
685 832 824 906 quia
850 851 964 891 non
995 852 1030 892 a
1060 836 1307 893 Domino
1336 837 1566 894 locutus
1595 856 1658 894 es
1688 855 1815 911 qua:

182 922 381 991 dixisti,
408 926 467 977 et
515 923 779 979 omnium
811 924 871 980 in
902 929 957 980 te
999 931 1225 982 mentes
1277 927 1636 999 affectusque
1685 945 1816 983 mu-

182 1012 317 1068 tabo.
344 1032 374 1060 ››

240 1100 341 1156 Sed
364 1100 507 1155 etin
529 1100 804 1174 parochia
826 1103 1133 1173 cujusdam
1172 1108 1437 1159 nostrum
1477 1105 1633 1177 quod
1676 1121 1815 1160 nar-

178 1206 357 1246 ramus
391 1189 719 1246 acciderat:
745 1192 1026 1263 quoniam
1058 1193 1297 1264 quidam
1340 1194 1556 1250 nobilis
1605 1210 1815 1267 genere

169 1276 380 1351 juvenis
416 1294 532 1332 non
556 1278 873 1350 ignobilem
907 1280 1143 1336 natione
1184 1281 1463 1338 feminam
1496 1284 1811 1350 adamavit,

174 1383 327 1439 quam
360 1383 399 1421 a
434 1367 773 1440 parentibus
802 1366 1007 1439 puellas
1039 1368 1305 1442 legaliter
1328 1376 1626 1444 expetens,
1658 1372 1812 1443 apud

175 1460 379 1528 patrem
448 1454 648 1528 petitio
697 1456 829 1528 ejus
876 1457 1200 1529 praevaluit,
1232 1461 1334 1515 sed
1384 1458 1589 1532 puellae
1629 1464 1815 1516 mater

176 1544 426 1600 eamdem
460 1542 797 1616 petitionem
818 1544 1174 1604 omnimodis
1205 1548 1508 1605 refutavit:
1535 1553 1699 1622 pater
1718 1566 1812 1606 ve-

178 1649 246 1698 ro,
268 1631 424 1702 quod
468 1648 598 1688 raro
638 1631 785 1689 solet
814 1634 1170 1708 contingere,
1193 1637 1253 1691 in
1273 1636 1511 1708 juvenis
1539 1637 1812 1710 precibus

177 1721 475 1777 annuendo
504 1720 825 1794 praevaluit,
859 1723 959 1795 qui
1010 1729 1144 1797 post
1185 1726 1722 1798 desponsationem,
1755 1731 1814 1783 et

177 1810 308 1865 dotis
334 1809 603 1880 titulum,
727 1811 1068 1912 nuptiarum
1111 1812 1530 1885 celebritatem,
1556 1814 1809 1887 puellam
1840 1850 1888 1917 Β

177 1903 382 1953 secreta
429 1898 685 1954 cubiculi
734 1899 1136 1968 introducens,
1170 1901 1330 1957 nullo
1378 1904 1550 1958 modo
1581 1920 1715 1959 cum
1746 1920 1816 1962 ea

178 1986 550 2042 concumbere
567 2003 637 2042 ex
653 2004 813 2043 more
834 1988 1154 2061 praevaluit,
1167 1993 1374 2045 etcum
1397 1989 1816 2047 irremediabili

178 2075 292 2129 odio
333 2074 639 2131 taediosam
670 2075 851 2133 vitam
900 2094 1003 2150 per
1052 2078 1356 2134 biennium
1404 2080 1706 2149 ducerent,
1740 2080 1814 2135 ad

177 2163 525 2236 episcopum,
549 2163 689 2237 quia
717 2164 876 2221 aliud
901 2168 1027 2239 jam
1056 2166 1191 2223 inde
1221 2167 1535 2223 consilium
1566 2168 1812 2225 inveniri

178 2268 277 2307 non
293 2256 542 2325 poterat,
559 2252 695 2308 hinc
713 2255 1059 2311 necessitate
1074 2262 1315 2329 cogente
1332 2273 1683 2313 concursum
1701 2261 1810 2326 est,

176 2357 295 2398 cum
312 2341 507 2398 verbis
538 2342 841 2411 suasoriis,
866 2344 1207 2416 peccatoriis
1229 2363 1295 2402 ac
1316 2346 1812 2419 minatoriis,quia

177 2429 272 2486 nisi
309 2431 677 2503 permitteret
734 2431 970 2488 dissolvi
1030 2435 1392 2507 conjugium,
1442 2435 1567 2508 ipse
1625 2435 1811 2508 porri-

174 2525 313 2591 geret
339 2519 764 2595 gladium,quo
783 2522 967 2592 ﬁeret,
995 2521 1045 2578 si
1067 2522 1237 2578 aliter
1258 2523 1494 2579 dissolvi
1518 2541 1631 2579 non
1657 2527 1812 2597 pote-

174 2612 270 2675 rat,
290 2607 697 2665 homicidium.
724 2609 917 2667 Isdem
943 2616 1140 2668 autem
1169 2610 1499 2683 episcopus,
1524 2611 1676 2667 inter
1695 2610 1811 2667 alia

173 2695 323 2766 plura
333 2697 464 2767 jam
487 2697 559 2753 de
578 2697 800 2754 talibus
816 2699 1033 2755 Satana
1053 2700 1298 2756 faciente
1320 2717 1471 2771 saepe
1491 2700 1805 2767 cribratus,

172 2787 220 2837 et
246 2785 310 2839 ad
343 2786 692 2842 memoriam
724 2788 1007 2844 reducens
1037 2789 1192 2861 quod
1224 2788 1367 2845 dicit
1391 2788 1676 2845 Dominus
1708 2805 1810 2861 per

172 2872 501 2945 prophetam
534 2891 550 2930 :
583 2876 718 2932 Fitii
759 2877 1018 2947 hominis,
1047 2877 1268 2949 per/ode
1301 2879 1587 2949 parietem,
1608 2885 1660 2932 et
1688 2876 1811 2933 vide

170 2960 582 3019 abominationes
609 2980 745 3037 quas
780 2967 995 3037 faciunt
1034 2968 1126 3023 isti
1154 2967 1261 3021 hic.
1294 2967 1509 3022 Etcum
1537 2966 1806 3039 perfodis-

169 3066 265 3105 sem
306 3054 593 3123 parietem,
623 3062 879 3126 apparutt
921 3055 1169 3127 foramen
1198 3055 1416 3124 (Ezecli.
1439 3059 1583 3124 vui),
1610 3060 1669 3109 et
1719 3071 1806 3111 re-

170 3134 315 3209 liqua
342 3156 473 3212 qua:
506 3140 588 3195 ibi
614 3140 912 3214 leguntur,
935 3143 1006 3197 de
1046 3142 1258 3215 placito
1290 3143 1362 3198 ad
1406 3141 1710 3215 placitum,
1734 3143 1806 3198 de

170 3228 472 3298 quaestione
513 3230 585 3285 ad
633 3230 1044 3288 diffinitionem
1096 3249 1198 3305 per
1241 3232 1573 3304 frequentes
1620 3235 1805 3286 tracta
1833 3216 1877 3284 C

170 3314 294 3370 talia
312 3316 603 3386 invitavit,
619 3335 806 3392 usque
828 3321 970 3376 dum
994 3319 1681 3393 operationesdiabolicaa
1704 3319 1806 3375 Dei

167 3404 337 3475 gratia
364 3404 670 3462 dissolutae
719 3413 881 3477 sunt,
910 3412 969 3464 et
1012 3409 1359 3464 concubitus
1408 3408 1467 3463 in
1518 3407 1807 3463 anteriore

168 3493 481 3550 concubina
501 3511 638 3551 cum
660 3494 1046 3554 delectatione
1069 3496 1387 3570 passibilis,
1412 3501 1623 3552 etcum
1655 3496 1807 3570 lega-

167 3577 286 3636 liter
302 3584 515 3639 sortita
536 3584 946 3657 impessibilis,
964 3590 1097 3657 post
1120 3584 1523 3657 pmnitentiam
1545 3590 1603 3642 et
1629 3585 1808 3641 medi-

166 3667 339 3727 cinam
360 3671 851 3742 ecclesiasticam,
863 3673 1065 3745 juveni
1094 3678 1184 3730 est
1225 3689 1359 3729 cum
1400 3689 1578 3730 uxore
1618 3673 1805 3748 possi-

167 3755 286 3815 bilis
313 3761 607 3831 redditus,
628 3765 707 3831 et,
738 3762 940 3835 fugato
980 3762 1114 3818 odio
1149 3762 1457 3830 diabolico,
1480 3763 1806 3836 conjugalis

166 3862 314 3904 amor
354 3850 513 3906 inter
541 3851 823 3924 conjuges
871 3851 1215 3924 integratus,
1249 3869 1405 3906 nunc
1454 3869 1642 3924 usque
1669 3869 1804 3908 cum

166 3934 343 3993 debito
392 3955 597 3995 amore
652 3944 1000 4012 perseverat,
1034 3944 1207 4012 atque
1254 3942 1549 4013 ccnjugati
1608 3940 1805 3997 sobole

165 4039 466 4085 numerosa
496 4029 892 4101 congaudent.

224 4116 411 4189 Turpe
431 4121 528 4173 est
554 4116 783 4173 fabulas
813 4117 982 4173 nobis
1012 4121 1180 4175 notas
1219 4117 1451 4185 referre,
1474 4123 1532 4174 et
1562 4118 1801 4191 longum

160 4207 239 4256 est
261 4203 574 4278 sacrilegia
594 4209 953 4278 computare,
969 4223 1095 4279 qua:
1116 4206 1551 4278 ex,hujusmodi
1572 4208 1643 4262 de
1664 4207 1807 4263 ossi-

161 4288 260 4346 bus
289 4297 878 4365 mortuorum,atque
898 4293 1195 4351 cineribus
1224 4294 1693 4368 carbonibusque
1714 4311 1808 4351 cx-

160 4378 552 4451 stinctis,etde
572 4381 801 4456 capillis
822 4386 996 4455 atque
1018 4382 1153 4456 pilis
1176 4382 1437 4440 locorum
1455 4383 1801 4456 genitalium

158 4465 401 4525 virorum
437 4486 507 4526 ac
540 4469 1064 4540 feminarum,cum
1097 4470 1276 4527 fllulis
1307 4471 1567 4527 colorum
1600 4471 1801 4527 multi-

1926 576 2064 631 dota
2092 576 2381 631 catholica
2411 575 2667 631 restituit
2695 576 2953 631 sanitati.

1998 665 2147 720 Sunt
2176 670 2234 720 et
2260 664 2375 720 alia
2400 682 2526 737 qua:
2560 681 2667 720 nos
2688 664 2963 719 dirimere
2989 681 3055 720 ac
3075 666 3343 736 judicare
3372 685 3573 725 neces—

1926 752 2071 809 sitas
2093 753 2394 825 compulit,
2419 753 2569 809 655
2594 769 2721 825 quae
2746 758 2983 825 propter
3007 753 3288 809 nefariam
3321 757 3570 829 turpitu-

1927 841 2123 897 dinem
2147 842 2336 897 dicere
2357 840 2635 897 nolumus
2659 857 2673 896 :
2697 845 2755 897 et
2773 844 2913 896 sunt
2933 840 3008 895 hu
3009 841 3272 912 jusmodi
3295 843 3575 899 scelerata

1926 935 2102 1002 atque
2132 930 2476 1010 faginorosa,
2504 946 2632 1001 quas
2664 933 2729 985 ut
2748 929 2821 985 ad
2854 929 3123 985 notitiam
3156 928 3572 1002 malignorum,

1925 1019 2025 1090 qui
2073 1019 2218 1075 forte
2268 1035 2338 1076 ea
2388 1018 2681 1090 ignorant,
2711 1017 3009 1091 pervenire
3050 1034 3165 1073 non
3195 1017 3444 1087 valeant,
3480 1019 3576 1076 hic

1925 1106 2175 1162 scribere
2201 1107 2661 1179 supersedimus.
2678 1107 2829 1162 Sunt
2851 1110 3129 1178 praeterea
3149 1111 3206 1161 et
3228 1110 3347 1162 tam
3371 1107 3577 1163 imma-

1925 1196 2022 1251 nia
2066 1195 2367 1251 diabolicm
2405 1195 2758 1267 operationis
2816 1199 3085 1266 portenta
3132 1211 3237 1267 per
3283 1196 3572 1271 magicam

1924 1290 2108 1341 artem
2140 1285 2310 1352 facta,
2334 1301 2462 1356 quae
2496 1284 2568 1339 ad
2623 1300 2729 1338 nos
2770 1288 3258 1355 pervenerunt,ut
3300 1284 3574 1340 credendi

1924 1375 2166 1430 modum
2220 1373 2519 1429 excedant.
2554 1372 2664 1427 Sed
2702 1388 2813 1427 non
2846 1376 2934 1426 cst
2964 1371 3181 1427 mirum
3232 1372 3280 1428 si
3331 1372 3390 1427 in
3444 1372 3574 1428 istis

1922 1461 2287 1534 temporibus
2312 1460 2536 1517 ultimis
2558 1459 2697 1516 talia
2723 1459 3034 1515 Antichisti
3083 1460 3395 1515 adventum
3427 1477 3572 1532 prae-

1921 1551 2219 1608 currentia
2250 1548 2724 1621 veniunt,qualia
2764 1547 3049 1603 Dominus
3078 1550 3136 1602 et
3166 1547 3411 1619 apostoli
3443 1549 3571 1619 ejus

1919 1644 2166 1696 ventura
2195 1638 2647 1710 descripserant,
2679 1638 2750 1693 de
2782 1636 2999 1709 quibus
3038 1640 3096 1691 et
3133 1635 3349 1691 Paulus
3379 1634 3521 1691 dicit
3555 1654 3567 1693 :

1920 1730 2058 1785 Nam
2087 1729 2412 1801 mysterium
2447 1727 2571 1798 jam
2613 1733 2867 1799 operatur
2914 1726 3228 1797 iniquitatis
3274 1724 3573 1781 secundum

1920 1820 2289 1890 operationem
2337 1816 2559 1872 Satanae
2607 1816 2669 1870 in
2714 1817 2866 1871 omni
2890 1821 3166 1886 potestate,
3197 1820 3250 1869 et
3290 1815 3490 1883 signis,
3521 1821 3573 1868 et

1919 1907 2189 1979 prodigiis
2215 1904 2488 1961 mendacii
2518 1904 2591 1977 (11
2621 1904 2798 1960 Thess.
2828 1921 2890 1971 ιι,
2910 1903 2995 1975 7);
3030 1907 3089 1957 et
3116 1903 3296 1957 item:
3330 1903 3573 1974 Spiritus

1924 2004 2107 2052 autem
2133 1996 2423 2066 manifeste
2458 1993 2609 2062 dicit,
2645 1994 2776 2064 quia
2806 1993 2867 2046 in
2892 1992 3208 2047 novissimis
3245 1990 3574 2062 temporibus

1922 2084 2170 2142 recedent
2224 2081 2449 2155 quidam
2502 2098 2539 2137 a
2594 2081 2699 2153 ﬁde
2718 2122 2731 2147 ,
2789 2079 3121 2135 attendentes
3176 2081 3406 2151 spiritus
3460 2078 3573 2149 fat-

1923 2174 2085 2243 taccs,
2118 2172 2391 2228 doctrinas
2421 2170 2815 2227 damoniorum
2849 2168 2894 2240 (1
2926 2170 3059 2223 Tim.
3092 2184 3171 2233 IV,
3206 2169 3278 2240 1).
3314 2168 3442 2223 Haec
3471 2184 3576 2222 au-

1921 2267 2041 2317 tem
2069 2261 2301 2316 vanitas
2331 2259 2695 2332 magicarum
2747 2256 2964 2312 artium
3013 2272 3082 2311 ex
3129 2255 3445 2311 traditione
3474 2258 3573 2311 an-

1919 2349 2184 2422 gelorum
2236 2347 2527 2404 malorum
2557 2346 2617 2402 in
2648 2350 2767 2401 toto
2818 2350 3106 2401 terrarum
3155 2344 3312 2413 orbe,
3335 2348 3571 2400 auctore

1917 2436 2221 2495 Zoroastr’e
2255 2453 2387 2510 rege
2418 2434 2884 2502 Bactrianorum,
2914 2450 3087 2505 quem
3118 2432 3306 2488 Ninus
3336 2448 3436 2488 rex
3462 2434 3569 2489 As-

1918 2528 2208 2600 syriorum
2252 2524 2451 2598 praelio
2497 2522 2806 2590 interfecit,
2840 2527 2897 2577 et
2929 2526 3312 2595 propagatore
3358 2522 3566 2578 Demo-

1918 2616 2086 2680 crito,
2118 2614 2389 2687 plurimis
2437 2611 2667 2668 saeculis
2695 2610 2897 2666 valuit.
2931 2609 3043 2665 Sed
3097 2610 3250 2682 apud
3297 2610 3565 2683 Assyrios

1917 2704 2145 2759 exculta
2175 2719 2278 2775 per
2299 2702 2517 2756 multos
2538 2698 2859 2754 diabolicos
2879 2698 3033 2753 viros
3053 2698 3181 2765 fuit,
3206 2715 3458 2769 quorum
3484 2698 3566 2752 in-

1914 2797 2143 2847 tantum
2167 2789 2431 2862 prodiere
2447 2787 2868 2843 maleficiorum
2902 2790 3075 2853 artes,
3094 2790 3157 2840 ut
3188 2786 3390 2851 etiam,
3409 2785 3564 2841 sicut

1916 2897 2097 2952 supra
2124 2879 2402 2945 diximus,
2426 2875 2609 2949 Moysi
2636 2874 2956 2932 simillimis
2986 2874 3172 2946 signis
3203 2874 3561 2940 resisterent,

1914 2973 2205 3025 vertentes
2233 2967 2428 3038 virgas
2456 2965 2515 3020 in
2548 2966 2851 3031 dracones,
2881 2978 3095 3033 aquam
3127 2962 3184 3016 in
3214 2960 3561 3034 sanguinem

1914 3057 2106 3128 (Exod.
2130 3059 2253 3124 v11).
2278 3040 2347 3111 Et
2379 3054 2718 3110 eorumdem
2751 3050 3176 3106 maleficiorum
3207 3066 3326 3104 una
3355 3049 3563 3121 impie-

1913 3151 2025 3214 tas,
2059 3149 2124 3200 ut
2153 3144 2484 3200 diversitate
2522 3142 2759 3210 artium,
2785 3140 2867 3195 ita
2895 3143 2953 3195 et
2994 3138 3326 3194 diversitate
3372 3137 3561 3193 nomi-

1917 3252 2059 3290 num
2108 3236 2358 3298 constat,
2391 3231 2543 3287 sicut
2597 3234 2656 3285 et
2708 3228 2922 3302 pagani
2975 3228 3261 3293 doctores,
3292 3230 3350 3282 et
3385 3226 3562 3282 etiam

1915 3320 2230 3379 Christiani
2252 3320 2529 3375 referunt.
2544 3318 2707 3374 Unde
2734 3317 2905 3395 plura
2923 3315 3278 3384 amittentes,
3294 3316 3562 3387 quedam

1916 3424 2470 3468 commemoramus.
2504 3406 2657 3479 Magi
2689 3411 2849 3474 sunt,
2872 3406 2972 3478 qui
3003 3404 3176 3477 vulgo
3207 3404 3457 3461 malefici
3489 3404 3562 3460 ob

1917 3500 2242 3556 facinorum
2284 3494 2750 3569 magnitudinem
2790 3496 3226 3566 nuncupantur.
3260 3492 3329 3548 Hi
3358 3496 3416 3549 et
3446 3492 3563 3549 ele-

1917 3593 2115 3645 menta
2129 3585 2492 3655 concutiunt,
2507 3583 2749 3640 turbant
2763 3586 2989 3639 mentes
3006 3580 3334 3649 hominum,
3349 3598 3416 3637 ac
3437 3580 3564 3637 sine

1918 3677 2036 3734 ullo
2066 3675 2272 3733 veneni
2306 3674 2542 3741 haustu,
2565 3671 2839 3728 violentia
2870 3675 3101 3727 tantum
3123 3668 3401 3725 carminis
3423 3670 3566 3725 inte-

1916 3767 2160 3822 rimunt.
2187 3761 2581 3821 Necromantii
2621 3766 2778 3829 sunt,
2803 3776 3053 3832 quorum
3102 3758 3565 3831 praecantationi-

1916 3855 2028 3910 bus
2048 3854 2319 3910 videntur
2339 3849 2667 3907 resuscitati
2690 3848 2905 3905 mortui
2928 3847 3206 3914 divinare,
3220 3850 3277 3903 et
3296 3847 3368 3903 ad
3392 3846 3566 3902 inter-

1916 3948 2117 4017 rogata
2147 3940 2516 4013 respondere.
2550 3936 2953 4012 Hydromantii
2986 3941 3144 4004 sunt,
3167 3935 3270 4009 qui
3306 3935 3367 3992 in
3399 3952 3563 4008 aqua:

1913 4030 2273 4104 inspectione
2297 4028 2537 4084 umbras
2558 4028 2890 4082 daemonum
2915 4030 3249 4093 evocant,et
3279 4024 3566 4098 imagines

1913 4120 2002 4178 vel
2034 4117 2463 4174 ludificationes
2494 4131 2695 4171 eorum
2729 4114 2810 4168 ibi
2830 4113 3043 4181 videre,
3067 4117 3126 4168 et
3158 4114 3229 4168 ab
3251 4114 3336 4168 eis
3364 4111 3566 4184 aliqua

1915 4209 2117 4266 audire
2149 4223 2211 4263 se
2241 4204 2570 4278 perhibent.
2596 4204 3014 4270 Incantatores,
3038 4200 3138 4272 qui
3170 4204 3353 4255 artem
3372 4200 3564 4255 verbis

1913 4300 2221 4372 peragunt.
2254 4292 2454 4361 Arioli,
2479 4291 2581 4365 qui
2631 4291 2784 4347 circa
2813 4306 2944 4346 aras
2979 4288 3271 4344 idolorum
3311 4287 3564 4343 nefarias

1914 4403 2115 4459 preces
2145 4383 2445 4450 emittunt,
2475 4386 2532 4437 et
2559 4381 2792 4435 funesta
2819 4376 3109 4434 sacriﬁcia
3137 4376 3409 4443 offerunt,
3442 4374 3563 4430 his-

1913 4491 2027 4549 que
2057 4471 2498 4531 celebritatibus
2544 4469 2876 4524 daemonum
2917 4481 3197 4537 responsa
3245 4463 3561 4536 accipiunt.

158 4552 415 4626 plicium,
437 4564 500 4614 et
530 4558 731 4615 herbis
751 4558 948 4627 variis,
973 4576 1040 4615 ac
1066 4559 1336 4616 cocleolis
1358 4566 1416 4615 et
1441 4560 1802 4633 serpentium
1837 4582 1879 4647 υ
1913 4562 2247 4635 Aruspices,
2270 4559 2367 4632 qui
2392 4560 2565 4614 horas
2585 4557 2646 4612 in
2672 4555 2916 4647 agendis
2946 4552 3193 4647 negotiis
3213 4556 3270 4647 et
3290 4552 3565 4624 operibus

160 4645 455 4714 particulis
476 4646 825 4720 composita,
850 4664 985 4703 cum
1011 4648 1372 4706 carminibus
1394 4649 1692 4705 incantata
1713 4651 1805 4706 de-

156 4732 460 4803 prehentes
491 4736 1145 4809 comperimus,quibus
1177 4736 1445 4792 homines
1476 4737 1724 4806 liberati,
1750 4742 1809 4793 et

156 4819 559 4880 benedictione
575 4824 971 4880 ecclesiastica
994 4824 1285 4891 medicati,
1308 4826 1499 4898 gratia
1513 4826 1806 4898 conjugali

158 4912 209 4962 et
235 4909 432 4968 debito
466 4912 721 4968 naturali
754 4912 1047 4985 perfuncti
1070 4918 1228 4969 sunt.
1254 4913 1501 4979 Quidam
1525 4913 1699 4969 etiam
1721 4932 1811 4970 ve-

157 4997 338 5055 stibus
364 5002 712 5057 carminatis
744 5002 1159 5073 inducbantur,
1183 5001 1269 5057 vel
1302 5002 1805 5074 cooperiebantur,

156 5084 243 5140 alii
277 5094 443 5161 potu,
472 5090 569 5145 alii
594 5094 790 5147 autem
814 5090 944 5147 cibo
966 5108 999 5146 a
1030 5090 1317 5147 sortiariis
1347 5091 1687 5157 dementati,
1712 5091 1809 5146 alii

154 5190 279 5231 vero
308 5183 549 5233 tantum
575 5179 941 5236 carminibus
971 5198 1004 5236 a
1033 5180 1232 5253 strigis
1260 5178 1527 5235 fascinati
1557 5184 1614 5235 et
1633 5180 1802 5252 quasi

154 5278 384 5322 enerves
416 5268 606 5324 ell'ecti
637 5270 849 5342 reperti
878 5273 1016 5325 sunt
1040 5285 1054 5326 :
1078 5269 1316 5341 quidam
1338 5272 1533 5325 autem
1556 5286 1590 5323 a
1611 5268 1804 5325 lamiis

153 5352 263 5409 sive
291 5354 687 5427 genicialibus
716 5357 953 5414 feminis
983 5357 1289 5424 debilitati,
1321 5358 1588 5428 quaedam
1624 5359 1802 5414 etiam

154 5439 377 5499 feminae
408 5462 447 5500 a
478 5445 673 5502 Dusiis
702 5446 762 5502 in
796 5446 991 5520 specie
1018 5446 1299 5514 virorum,
1322 5462 1573 5517 quorum
1606 5463 1803 5503 amore

153 5532 460 5602 ardebant,
474 5534 847 5591 concubitum
870 5534 1184 5609 pertulisse
1205 5535 1447 5591 inventae
1465 5541 1632 5605 sunt;
1657 5553 1804 5611 quos

154 5622 204 5678 et
242 5637 396 5698 quas
445 5620 643 5684 divina
699 5623 982 5701 potentia,
1030 5621 1381 5701 compressis
1438 5629 1497 5684 et
1556 5625 1801 5701 abjectis

1916 4652 2275 4718 custodiunt,
2299 4648 2400 4721 qui
2429 4652 2563 4703 exta
2599 4645 2892 4719 pecudum
2923 4648 2980 4699 et
3011 4643 3189 4697 fibras
3218 4646 3395 4714 atque
3425 4658 3564 4713 spa-

1916 4742 2091 4809 tulas,
2114 4740 2203 4795 vel
2226 4743 2431 4793 cetera
2455 4751 2700 4809 quaeque
2730 4732 3072 4806 inspiciunt,
3093 4735 3150 4787 et
3169 4748 3239 4787 ex
3258 4730 3344 4786 eis
3370 4730 3569 4787 futura

1917 4828 2260 4903 praedicunt.
2280 4827 2545 4897 Auguies
2562 4826 2723 4889 sunt,
2738 4819 2839 4893 qui
2858 4819 3086 4875 volatus
3105 4817 3301 4873 avium
3321 4821 3379 4872 et
3396 4833 3567 4873 voces

1917 4917 2248 4983 attendunt,
2273 4929 2523 4986 quorum
2579 4926 2761 4966 unum
2794 4925 2981 4981 genus
3029 4907 3101 4962 ad
3131 4906 3352 4978 oculos,
3385 4905 3444 4961 id
3476 4910 3568 4961 est

1915 5007 2145 5064 volatus
2176 5004 2392 5072 avium,
2416 5001 2663 5057 alterum
2696 4998 2768 5055 ad
2801 5014 2993 5065 aures,
3026 4996 3085 5051 id
3114 5001 3203 5053 est
3233 5013 3339 5052 vox
3369 4995 3565 5050 avium

1919 5096 2189 5169 pertinet.
2218 5093 2368 5148 Sunt
2396 5095 2454 5146 et
2492 5088 2870 5163 pythonissas,
2895 5103 3022 5159 quis
3061 5090 3118 5141 et
3155 5082 3562 5154 ventriloquaa;

1913 5188 2054 5241 sunt
2099 5188 2156 5238 et
2205 5179 2505 5253 astrologi,
2537 5195 2603 5234 eo
2634 5177 2790 5249 quod
2847 5176 2907 5231 in
2958 5174 3132 5231 astris
3179 5175 3561 5246 augurentur.

1913 5275 2064 5329 Sunt
2094 5275 2151 5327 et
2182 5268 2283 5343 qui
2314 5268 2439 5324 dies
2470 5265 2754 5322 natalium
2788 5263 3181 5329 considerant,
3204 5264 3262 5315 ct
3287 5259 3387 5331 qui
3418 5256 3568 5313 side-

1913 5378 2045 5417 rum
2078 5375 2318 5415 cursum
2366 5358 2424 5413 in
2472 5353 2851 5412 nascentibus
2896 5351 3227 5416 observant,
3259 5347 3360 5420 qui
3391 5345 3565 5418 vulgo

1913 5448 2313 5507 mathematici
2344 5449 2644 5503 vocantur.
2669 5443 2819 5499 Sunt
2838 5443 2897 5495 et
2915 5438 3245 5510 horoscopi,
3269 5435 3370 5509 qui
3392 5434 3567 5491 horas

1914 5538 2237 5597 nativitatis
2253 5535 2632 5610 speculantur
2647 5528 2924 5586 dissimili
2945 5532 3001 5583 et
3016 5527 3245 5582 diverso
3268 5527 3404 5582 fato.
3418 5524 3571 5581 Sunt

1912 5635 1971 5692 et
2001 5625 2282 5705 sortilegi,
2313 5625 2415 5703 qui
2464 5623 2575 5682 sub
2627 5619 2866 5680 nomine
2914 5618 3060 5678 ficta
3109 5614 3430 5695 religionis,
3465 5631 3570 5693 per
