3896 6182
375 325 490 401 749

1308 320 1688 384 HINCMAPJ
1735 317 2181 381 RHEMENSIS
2225 309 2837 391 ARCHIEPISCOPI.

3612 304 3716 401 726

370 460 662 533 quaedam
683 458 832 533 quas
852 460 1189 529 sanctorum
1208 458 1398 512 sortes
1415 452 2020 519 vocant,divinationis
2046 451 2099 527 Α
2131 456 2551 513 commemorat
2567 454 2708 525 (cap.
2740 453 2851 523 16),
2876 454 2941 507 ut
2964 449 3066 507 ubi
3097 449 3402 509 abunth
3429 457 3713 527 peccatum,

374 548 683 605 scientiam
704 549 1070 620 proﬁtentur,
1084 548 1185 601 aut
1202 560 1686 618 quarumcunque
1706 543 2020 614 scriptura-

374 655 506 707 rum
544 636 903 710 inspectione
951 634 1150 690 futura
1196 632 1566 706 promittunt.
1600 631 1753 688 656
1786 632 1934 686 Sunt
1962 634 2020 685 et

375 727 473 801 qui
508 727 578 797 de
608 725 762 791 saltu
812 723 1234 791 membrorum,
1266 722 1409 778 dum
1455 720 1540 777 eis
1588 724 1692 777 aut
1719 719 1870 776 oculi
1920 722 2022 775 aut
2052 794 2063 803 ’

374 816 781 886 cujuscunque
836 810 1085 868 membri
1145 828 1281 883 pars
1339 809 1582 876 salierit,
1626 808 1847 883 aliquid
1906 808 2018 865 sibi

373 902 580 973 exinde
610 917 956 975 prosperum
986 903 1089 958 aut
1113 900 1281 956 triste
1310 898 1630 970 significari
1673 897 2017 970 praedicunt.

373 990 525 1061 Sunt
551 994 611 1059 et
639 988 1114 1062 prestigiatores,
1145 988 1246 1059 qui
1284 987 1397 1044 alio
1445 987 1681 1047 nomine
1711 984 2019 1059 bbstrigilii

374 1082 673 1149 vocantur,
687 1078 845 1150 quod
873 1077 1287 1151 praestringunt
1304 1075 1390 1131 vel
1412 1076 1783 1149 obstringunt
1812 1075 2020 1130 huma-

376 1184 588 1237 norum
633 1165 820 1237 aciem
850 1165 1176 1232 oculorum,
1200 1165 1353 1221 sicut
1400 1164 1496 1220 isti
1530 1164 1628 1237 qui
1658 1165 1729 1220 de
1766 1164 2021 1221 denariis

374 1254 543 1329 quasi
554 1254 742 1327 jacari
764 1253 1222 1326 dicuntur,qu
1255 1252 1493 1313 omnino
1514 1250 1867 1309 diabolicum
1888 1256 1978 1308 est
2006 1269 2019 1308 :

374 1347 432 1413 et
461 1342 616 1403 sicut
646 1341 918 1415 legimus,
942 1341 1198 1416 primum
1229 1341 1497 1397 diabolus
1526 1340 1634 1396 hoc
1666 1358 1769 1414 per
1799 1341 2021 1396 Mercu-

375 1432 530 1503 rium
551 1430 828 1504 prodidit,
853 1432 1009 1491 unde
1031 1435 1088 1486 et
1120 1430 1443 1487 Mercurius
1474 1430 1740 1486 inventor
1757 1430 1917 1485 illius
1938 1429 2023 1485 di-

373 1520 549 1589 citur,
572 1520 729 1592 quod
750 1519 1106 1581 diabolicum
1130 1536 1278 1591 opus
1307 1536 1479 1575 nemo
1499 1519 1868 1576 Christianus
1899 1519 2025 1579 sine

376 1610 612 1681 peccato
633 1611 769 1677 ante
799 1625 861 1665 se
891 1625 1061 1681 agere
1089 1608 1494 1680 permittit,vel
1522 1608 1571 1664 si
1601 1609 1651 1665 ei
1678 1612 1936 1682 potestas
1965 1608 2024 1673 in

375 1695 476 1768 illo
502 1700 594 1766 est
612 1695 714 1770 qui
736 1696 878 1753 talia
912 1696 1054 1769 agit,
1075 1695 1205 1752 sine
1226 1696 1483 1753 vindicta
1502 1696 1767 1753 dimittit.
1789 1698 1875 1753 Ad
1904 1697 2025 1753 bzac

374 1785 575 1859 omnia
594 1784 890 1857 pertinent
910 1789 968 1841 et
991 1784 1257 1859 ligaturae
1279 1784 1725 1842 exsecrabilium
1747 1786 2028 1849 remedio-
2055 1820 2103 1903 Β

375 1891 504 1903 ...ι-ιν.
564 1891 688 1903 ..η-..α
720 1891 813 1903 ιη...
845 1874 1205 1903 Μηᾶἷηηηηηι
1241 1875 1589 1903 ..Λυκίδην-...ιιι
1637 1875 1754 1903 ..ε-,Α
1787 1875 1842 1903 ἔ...
1878 1893 1992 1903 ..κ-...ε

375 1891 529 1945 rum,
562 1891 689 1947 quas
714 1891 815 1941 ars
845 1874 1209 1943 medicorum
1239 1875 1613 1943 condemnat,
1636 1875 1755 1933 sive
1787 1875 1846 1931 in
1877 1893 2022 1950 pra:-

375 1961 832 2032 cantatianibus,
854 1961 974 2019 sive
1003 1962 1064 2018 in
1090 1962 1548 2030 characteribus,
1570 1962 1658 2021 vel
1690 1964 1749 2020 in
1780 1965 2024 2036 quibus-

376 2067 608 2124 cunque
639 2051 817 2109 rebus
843 2051 1274 2123 suspendendis
1294 2055 1470 2123 atque
1501 2051 1775 2127 ligandis,
1792 2053 1880 2109 vel
1904 2053 2029 2127 qui-

376 2139 725 2210 buscunque
756 2139 1051 2211 mensuris
1082 2141 1495 2196 mensurandis
1520 2157 1533 2196 :
1564 2144 1623 2197 et
1650 2157 1800 2216 quas
1831 2159 2029 2216 super-

375 2230 579 2283 ventus
608 2226 836 2292 feminea
867 2227 926 2285 in
965 2228 1091 2285 suis
1130 2226 1417 2285 lanifaciis
1443 2228 1531 2284 vel
1561 2229 1859 2287 textilibus
1888 2247 2029 2305 ope-

377 2314 544 2383 ribus
573 2314 910 2387 nominant;
939 2316 998 2373 in
1021 2316 1238 2389 quibus
1260 2316 1537 2374 omnibus
1568 2334 1665 2375 ars
1693 2317 2024 2378 daemonum

377 2407 486 2474 est,
518 2420 588 2461 ex
634 2404 892 2477 quadam
949 2404 1227 2478 pestifera
1281 2406 1558 2462 societate
1613 2406 1923 2466 hominum
1971 2411 2029 2469 et

372 2492 722 2566 angebprum
754 2492 1044 2551 malorum
1092 2498 1311 2551 exorta.
1345 2494 1508 2555 Unde
1553 2500 1765 2553 cuncta
1792 2496 2028 2555 vitanda

377 2586 521 2652 sunt
548 2582 620 2651 ab
648 2582 808 2639 omni
838 2583 1187 2654 Christiano,
1213 2588 1271 2639 et
1299 2584 1460 2640 omni
1501 2584 1735 2656 penitus
1773 2602 2029 2644 exsecra-

378 2670 535 2740 tione
563 2672 927 2744 repudianda
973 2676 1148 2744 atque
1177 2672 1533 2729 damnanda.
1567 2674 1717 2733 Sunt
1761 2675 1938 2730 etiam
1969 2679 2028 2730 et

377 2760 480 2833 qui
509 2759 729 2831 dicant,
758 2762 994 2833 quando
1048 2761 1107 2817 in
1157 2762 1525 2823 venationem
1574 2767 1848 2836 pergunt,
1871 2764 2026 2837 quod

378 2848 616 2917 obvium
645 2848 757 2909 sibi
786 2866 902 2917 non
939 2849 1187 2907 debeant
1216 2850 1431 2915 habere
1460 2850 1761 2911 clericum.
1794 2853 1944 2909 Sunt
1970 2857 2030 2910 et

381 2937 480 3011 qui
513 2937 734 3005 faciimt
762 2953 938 3003 canes
969 2938 1041 2994 ad
1073 2943 1349 2995 truncum
1378 2936 1591 2996 latrare
1619 2940 1773 2998 sicut
1802 2942 1875 2997 ad
1906 2942 2029 2999 bes-

379 3027 543 3097 tiam.
579 3026 729 3095 Sunt
757 3030 818 3087 et
846 3026 946 3100 qui
977 3027 1287 3084 observant
1321 3028 1446 3087 dies
1482 3029 1542 3085 in
1574 3030 1829 3086 motione
1859 3030 2027 3087 itine-

376 3115 481 3186 ris,
505 3119 563 3171 et
591 3115 651 3173 in
682 3113 1051 3177 inchoatione
1080 3117 1431 3173 aediﬁcandae
1463 3118 1702 3188 domus;
1738 3120 1891 3191 quod
1923 3138 2027 3194 pro

2126 540 2634 613 superabundasse
2680 539 2869 613 gratia
2911 541 3349 595 monstraretur.
3387 538 3718 611 Septenaria:

2127 645 2381 701 namque
2402 646 2684 685 numerus
2713 645 2817 701 pro
2841 627 3219 685 universitate
3238 626 3378 684 solet
3401 628 3616 702 mystice
3634 647 3718 709 po.

2128 718 2209 772 ni.
2224 718 2373 790 Ergo
2394 737 2429 773 a
2447 722 2671 789 septem
2689 717 3053 773 daemonibus
3071 720 3289 787 curata,
3303 716 3407 773 hoc
3420 721 3520 789 est,
3533 718 3599 776 ab
3618 719 3723 779 unir

2126 821 2311 862 versis
2340 805 2584 862 liberata
2602 806 2749 863 657
2779 804 3097 862 sceleribus
3117 805 3288 875 debet
3314 804 3564 880 intelligi.
3586 806 3720 865 Unde

2130 893 2281 949 inter
2297 898 2535 950 caeteros
2562 895 2854 950 daemones
2876 893 3149 950 vitiorum
3180 893 3483 967 magistros
3508 892 3723 969 legimus

2129 983 2200 1038 de
2222 982 2656 1050 Mammona,de
2676 999 2792 1054 quo
2814 982 3099 1039 Dominus
3123 981 3283 1048 dicit,
3304 981 3414 1038 Non
3430 985 3626 1054 potestis
3638 984 3723 1051 Bep

2129 1072 2335 1127 servire
2371 1078 2421 1127 et
2449 1071 2770 1129 Mammonw
2799 1070 3001 1144 (Matth.
3024 1072 3239 1141 v1,2li),
3272 1069 3406 1143 quin
3449 1069 3542 1143 qui
3581 1070 3727 1129 servit

2132 1159 2577 1228 Mammonsaﬁd
2607 1164 2695 1214 est
2724 1158 2962 1228 divitiis,
2994 1157 3080 1215 illi
3113 1159 3313 1231 utique
3342 1160 3526 1229 servit,
3548 1160 3636 1233 qui
3656 1177 3725 1216 re»

2131 1248 2244 1305 bus
2272 1248 2403 1305 istis
2424 1248 2667 1303 terrenis
2691 1248 2895 1304 merito
2927 1265 3045 1305 sua:
3075 1248 3465 1323 perversitatis
3492 1249 3726 1323 preposi-

2130 1341 2227 1393 tus
2257 1341 2365 1403 est,
2387 1340 2445 1392 et
2473 1337 2856 1410 magistratus
2886 1337 3065 1411 hujus
3091 1336 3287 1399 saeculi
3310 1354 3345 1393 a
3362 1336 3588 1395 Domino
3604 1337 3725 1395 dici-

2131 1429 2228 1483 tur
2260 1442 2274 1481 :
2307 1430 2364 1480 et
2391 1426 2463 1482 de
2492 1443 2560 1481 eo
2590 1442 2800 1498 genere
2851 1425 3208 1492 daemonum,
3237 1426 3339 1498 qui
3385 1425 3445 1481 in
3490 1424 3725 1488 fervorem

2132 1514 2571 1585 iracundiae,vel
2594 1514 2695 1587 qui
2725 1514 2783 1571 in
2808 1512 3164 1587 voluptatem
3192 1514 3386 1575 carnis
3416 1513 3627 1577 resolvit
3648 1531 3729 1590 per

2133 1601 2394 1669 delicias,
2416 1601 2502 1657 vel
2526 1608 2681 1659 certe
2705 1602 2764 1657 in
2798 1602 2993 1678 ignem
3015 1602 3308 1669 adulterii,
3322 1619 3434 1679 quo
3453 1600 3729 1673 adulteran-

2135 1691 2283 1757 tium
2314 1692 2490 1747 corda
2518 1707 2803 1749 succensa
2831 1695 2990 1762 sunt,
3012 1696 3072 1753 et
3108 1692 3168 1753 in
3209 1708 3414 1765 aquas,
3436 1707 3553 1767 qua
3575 1690 3729 1759 solent

2131 1779 2502 1854 exstinguere
2523 1780 2889 1848 charitatem,
2911 1781 3179 1843 invasum
3204 1780 3462 1853 mittunt,
3484 1780 3621 1856 quad
3638 1796 3727 1847 non

2133 1872 2325 1945 potest
2355 1868 2485 1940 ejici
2517 1868 2631 1929 nisi
2661 1868 2721 1941 in
2752 1870 3015 1926 oratione
3050 1872 3111 1927 et
3141 1868 3394 1943 jejunio.
3424 1869 3491 1933 Et
3517 1867 3728 1941 primum

2133 1960 2427 2033 patentem
2449 1962 2740 2027 nostrum,
2764 1957 2918 2015 sicut
2939 1962 3142 2017 notum
3163 1962 3278 2033 est,
3300 1957 3565 2033 antiquus
3580 1955 3728 2020 hostia

2133 2045 2293 2121 gula,
2313 2063 2460 2102 vana
2511 2045 2715 2119 gloria,
2737 2050 2794 2103 et
2823 2046 3067 2109 avaritia
3114 2046 3381 2119 tentavit,
3411 2063 3476 2107 ac
3500 2044 3728 2115 mutando

2134 2136 2450 2209 superavit,
2474 2135 2615 2208 quia
2656 2135 2767 2191 sibi
2796 2151 2931 2192 eum
2963 2152 3067 2210 per
3092 2151 3450 2197 consensum
3492 2131 3725 2199 subdidit.

2105 2226 2109 2229 “
2135 2224 2246 2280 Sed
2267 2222 2483 2299 quibus
2504 2224 2697 2281 modis
2716 2223 2975 2297 primum
2996 2223 3300 2281 hominem
3323 2223 3535 2296 stravit,
3549 2222 3727 2291 eisdem

2134 2312 2326 2369 modis
2355 2314 2613 2372 secundo
2643 2312 2867 2373 homini
2896 2317 3116 2371 tentato
3145 2313 3440 2373 succubit.

2206 2401 2268 2461 In
2316 2401 2543 2475 psalmo
2573 2419 2807 2477 quoque
2855 2402 3280 2475 cantamus,de
3325 2403 3521 2479 sagitta
3559 2401 3729 2463 volante

2136 2491 2195 2546 in
2224 2490 2314 2547 die
2342 2491 2513 2565 (Psal.
2534 2508 2625 2560 xc,
2646 2493 2725 2560 6),
2749 2491 2808 2548 id
2839 2495 2929 2551 est
2958 2491 3028 2549 de
3058 2508 3335 2551 sermone
3378 2490 3727 2551 hereticorum

2134 2584 2193 2635 et
2222 2578 2729 2653 philosophorum,
2760 2580 2860 2654 qui
2896 2585 3036 2641 sunt
3063 2580 3287 2643 diaboli
3317 2596 3541 2655 organa,
3569 2582 3618 2635 et
3639 2592 3728 2647 nec
3807 2653 3814 2662 _

2136 2672 2385 2741 possunt
2413 2668 2699 2741 decipere,
2734 2668 2847 2725 nisi
2891 2668 3083 2727 lucem
3130 2669 3531 2744 promiserint;
3557 2672 3608 2733 ει
3646 2665 3730 2729 hoc

2135 2773 2322 2830 genus
2352 2758 2686 2815 daemonum
2717 2774 2817 2816 eos
2847 2758 3014 2819 facile
3043 2760 3376 2833 corrumpit
3392 2757 3490 2831 qui
3516 2772 3637 2815 suas
3661 2769 3732 2822 ne-

2136 2843 2367 2920 gligunt
2386 2846 2664 2914 actiones,
2679 2851 2737 2902 et
2764 2846 2988 2906 alienas
3014 2852 3312 2918 curantes,
3335 2852 3491 2913 extra
3515 2844 3731 2911 habitum

2137 2939 2313 3007 atque
2334 2938 2497 2993 extra
2515 2935 2780 2992 ordinem
2802 2937 3106 3012 proprium
3127 2943 3438 3011 vagantur,
3459 2940 3515 2995 et
3536 2950 3589 2993 se
3610 2930 3731 2997 curia

2137 3022 2521 3081 exterioribus
2563 3025 3008 3083 immoderatius
3051 3026 3384 3099 implicant.
3406 3026 3474 3082 Et
3511 3023 3635 3083 adeo
3659 3020 3732 3077 de-

2137 3117 2366 3191 ceptam
2398 3119 2652 3171 mentem
2684 3114 2891 3171 talium
2922 3132 3026 3188 per
3049 3132 3235 3184 vanas
3263 3132 3400 3189 spes
3422 3113 3589 3181 ducit,
3608 3108 3731 3174 utab

380 3208 501 3273 tam
533 3221 748 3277 magno
775 3209 1013 3276 peccato
1056 3204 1271 3263 Paulus
1300 3206 1467 3262 duxit
1495 3190 1818 3279 apostolus,
1842 3190 2025 3265 ut'di-
2055 3190 2100 3258 C
2139 3202 2460 3260 intentione
2500 3202 2853 3275 paenitentia:
2901 3205 3323 3278 suspendatur,
3347 3202 3634 3263 ostendens
3670 3194 3733 3264 illi

381 3298 538 3357 ceret
568 3308 582 3349 :
618 3295 745 3359 Dies
792 3294 1107 3363 observatis,
1147 3301 1199 3352 et
1247 3310 1439 3363 annos,
1488 3303 1541 3353 et
1582 3312 1791 3355 metues
1822 3316 1841 3353 :
1872 3301 2032 3357 timeo

378 3396 450 3445 ne
476 3381 598 3438 sine
641 3397 810 3437 causa
846 3380 1209 3437 laborava
1258 3384 1319 3437 in
1359 3382 1509 3439 vobis
1538 3383 1680 3455 (Gal.
1712 3402 1791 3456 ιν,
1825 3387 1942 3456 1Ο);
1976 3392 2034 3445 et

380 3468 667 3535 Dominus
696 3468 759 3536 ia
784 3468 1094 3542 Evangelio
1123 3468 1266 3527 dicit
1298 3488 1313 3526 :
1344 3470 1615 3528 Similiter
1648 3475 1791 3530 sicut
1825 3476 2031 3547 factum

379 3566 461 3624 est
488 3560 551 3614 in
577 3558 769 3621 diebus
794 3559 909 3624 Lat,
939 3558 1164 3617 edebant
1191 3567 1244 3621 et
1270 3560 1539 3630 bibebant,
1569 3562 1815 3620 emebant
1840 3573 1893 3625 et
1908 3581 2032 3629 ven-

381 3647 596 3716 debent.
634 3648 959 3721 plantabtmt
1002 3656 1055 3705 et
1098 3648 1446 3720 aediﬁcabant
1475 3650 1625 3723 (Luc.
1657 3669 1796 3720 xvu,
1816 3654 1928 3725 28).
1962 3654 2031 3713 Et

381 3736 776 3811 printermisso
817 3736 918 3793 illo
948 3736 1215 3795 maximo‘
1249 3742 1306 3794 et
1354 3738 1594 3796 infando
1640 3741 2027 3805 Sodomorum

381 3825 622 3896 caelare,
641 3824 767 3887 sola
793 3841 863 3885 ea
882 3840 1009 3897 quae
1041 3823 1189 3883 levia
1215 3825 1304 3882 vel
1338 3826 1499 3883 nulla
1528 3833 1732 3900 putare
1761 3835 2031 3902 poterant

378 3913 592 3987 delicta
607 3916 1049 3981 commemorat,
1065 3916 1130 3969 ut
1146 3912 1441 3988 intelligas
1462 3915 1664 3973 illicita
1677 3918 1836 3989 quali
1860 3937 2030 3991 pceua

379 4000 687 4071 feriantur,
719 4001 769 4059 si
802 4000 985 4071 licita,
1017 4005 1074 4058 et
1099 4018 1169 4065 ea
1206 4002 1333 4059 sine
1361 4002 1581 4075 quibus
1611 4004 1732 4062 haec
1761 4006 1883 4064 vita
1911 4024 2027 4073 non

378 4088 633 4161 ducitur,
667 4089 1113 4155 immoderatius
1142 4094 1291 4162 acta,
1323 4091 1457 4165 igne
1486 4091 1575 4150 vel
1610 4092 1893 4167 sulphure
1919 4112 2026 4168 pu-

379 4178 645 4243 utuntur.

448 4266 658 4331 Merito
684 4283 824 4341 ergo
853 4268 1061 4333 beatus
1086 4270 1472 4343 Augustinus,
1497 4270 1640 4329 visis
1671 4273 1854 4330 noxiae
1883 4289 2027 4331 con—

377 4355 712 4421 suetudinis
739 4356 1053 4429 illecebris,
1076 4375 1144 4421 ae
1162 4360 1329 4431 justo
1350 4359 1549 4417 dolore
1577 4366 1909 4418 commotus
1939 4378 2029 4425 ex-

375 4444 627 4509 clamat:
650 4445 747 4507 νω
786 4446 1040 4519 peccatis
1080 4447 1408 4517 hominum,
1433 4466 1561 4520 quae
1592 4448 1717 4509 sola
1746 4448 2028 4511 inusitata

374 4530 858 4633 igiturpecimus,
881 4535 1100 4595 usitata
1127 4553 1282 4603 vero,
1324 4553 1428 4609 pro
1457 4536 1674 4608 quibus
1719 4538 2029 4594 abluendis
2058 4556 2106 4633 Ι)

377 4618 507 4687 Filii
539 4621 641 4685 Dei
672 4623 915 4695 sanguis
954 4624 1178 4682 effusus
1205 4630 1317 4695 est,
1342 4626 1611 4697 quamvis
1639 4630 1760 4682 tam
1809 4643 2025 4700 magna

375 4707 514 4775 sint.
530 4712 599 4769 ut
613 4710 853 4769 omnino
875 4710 1067 4768 claudi
1083 4718 1290 4770 contra
1307 4730 1369 4769 se
1386 4713 1609 4770 faciunt
1628 4731 1874 4787 regnum
1898 4714 2021 4782 Dei,

374 4811 527 4868 sape
554 4796 791 4855 vitando
821 4799 1035 4856 omnia
1056 4799 1323 4869 tolerare,
1348 4819 1500 4875 saepe
1544 4803 1846 4860 tolerando
1878 4821 2022 4860 non-

373 4883 539 4949 nulla
567 4884 745 4947 etiam
776 4887 964 4945 facere
1010 4890 1304 4963 cogimur;
1338 4895 1513 4963 atque
1561 4891 1810 4960 utinam,
1843 4910 1877 4948 o
1906 4894 2023 4949 Do-

374 4973 563 5038 mine!
599 4990 716 5031 non
746 4976 962 5046 omnia,
988 4994 1115 5050 quas
1147 4996 1262 5036 non
1307 4981 1672 5052 potuerimus
1715 4981 2024 5053 prohibere

373 5062 689 5127 faciamusl
714 5063 1031 5123 Sciendum
1061 5072 1150 5123 est
1178 5068 1355 5124 etiam
1382 5068 1540 5141 quia,
1566 5069 1720 5125 sicut
1744 5069 1803 5124 in
1831 5070 2024 5125 docto.

372 5168 509 5217 rum
566 5152 759 5215 verbis
816 5153 1091 5227 legimus,
1150 5161 1289 5213 sunt
1345 5158 1638 5214 daemones
1694 5158 1795 5231 qui
1853 5158 2022 5231 quasi

371 5239 706 5314 specialiter
754 5243 1109 5316 specialibus
1163 5244 1532 5303 intendentes
1578 5245 1755 5313 vitiis,
1786 5264 1922 5304 cum
1961 5248 2022 5303 in

369 5329 647 5393 omnibus
692 5329 1072 5401 delectentur,
1104 5334 1177 5390 ad
1225 5350 1294 5390 ea
1342 5333 1559 5405 quibus
1608 5340 1867 5407 praesunt
1912 5336 2022 5393 ho-

370 5416 562 5481 minﬂs
604 5419 777 5501 quasi
831 5420 1165 5493 specialiter
1212 5426 1541 5494 provocent.
1575 5424 1938 5496 Quapropter
1965 5428 2023 5480 et

366 5504 439 5567 de
469 5504 673 5573 Maria,
705 5524 836 5579 quas
880 5513 1009 5567 erat
1052 5508 1114 5565 in
1165 5509 1395 5567 civitate
1444 5511 1755 5583 peccatrix,
1788 5513 2019 5570 Marcus

370 5594 727 5671 evangelista
783 5598 1101 5663 Dominum
1158 5602 1380 5675 septem
1438 5600 1726 5660 daemonia
1780 5602 2019 5677 ejecisse

2139 3290 2339 3365 plures
2358 3308 2462 3364 per
2481 3291 2598 3348 lata
2612 3296 2670 3348 et
2690 3292 2949 3365 spatiosa
2966 3293 3327 3366 gradientes,
3342 3297 3611 3365 quatenus
3626 3293 3733 3343 tunc

2139 3380 2293 3436 bona
2324 3379 2486 3439 nulla
2513 3380 2813 3453 percipiat,
2829 3398 3008 3454 quam
3030 3398 3187 3439 nunc
3210 3381 3372 3447 mala
3396 3379 3547 3447 nulla
3560 3372 3731 3443 conui-

2140 3473 2319 3540 stant,
2338 3472 2395 3525 et
2417 3473 2560 3527 tunc
2588 3468 2821 3542 plenius
2841 3470 3125 3527 obruatur
3145 3470 3597 3544 suppliciis,quﬂ
3612 3478 3729 3529 nunc

2139 3558 2317 3615 etiam
2338 3558 2553 3631 gaudet
2574 3557 2634 3613 in
2656 3557 2903 3615 delictis.
2922 3558 3003 3615 De
3023 3559 3260 3633 negotio
3283 3560 3456 3627 etiam
3481 3553 3732 3631 perwa

2139 3646 2299 3704 lante
2329 3648 2387 3702 in
2420 3646 2696 3717 tenebris,
2710 3646 2978 3709 videlicet
3005 3648 3077 3705 de
3116 3648 3432 3722 praeposito

2139 3742 2315 3809 atque
2334 3736 2729 3803 mendacii,de
2760 3736 3000 3797 incursu
3020 3736 3295 3797 videlicet
3318 3726 3730 3812 ρτωεὶυἰηίίθιιίβ

2138 3828 2313 3897 atque
2344 3825 2660 3892 timoris,et
2689 3826 2973 3884 daemonio
3005 3824 3588 3896 meridiano,accidi&3
3612 3816 3733 3891 8055'

2137 3914 2407 3986 cet,quod
2430 3914 2571 3970 facit
2590 3916 2871 3973 fervorem
2894 3919 3092 3988 cceptas
3113 3916 3447 3974 devotionis
3471 3919 3731 3986 ερρωμαι.

2135 4001 2223 4058 vel
2244 4001 2545 4059 haereticos
2575 4002 2972 4060 simulationis
2999 4008 3166 4065 rectas
3194 4002 3539 4062 intentionis
3561 4004 3614 4060 et
3632 4010 3737 4069 θορ-

2137 4107 2270 4147 rum
2297 4090 2447 4148 lucis
2478 4090 2818 4149 ambitionis
2848 4108 3046 4150 amore
3075 4093 3307 4163 ardere,
3330 4094 3401 4151 de
3429 4107 3543 4165 quo
3567 4098 3733 4161 senm

2137 4180 2470 4237 daemonum
2497 4180 2785 4254 scriptum
2806 4185 2896 4243 est
2918 4198 2931 4239 :
2954 4181 3066 4237 Sub
3086 4180 3309 4253 umbra,
3333 4178 3541 4255 inquit,
3557 4173 3733 4237 datm?-

2136 4271 2199 4324 in
2225 4276 2422 4327 seweto
2450 4270 2671 4339 calami,
2705 4272 2766 4325 in
2795 4272 2926 4328 locis
2957 4271 3310 4335 humentibus
3332 4269 3447 4342 (Job
3474 4285 3557 4339 ιιι,
3579 4264 3667 4337 ίδὶι
3685 4260 3732 4323 lli

2136 4358 2367 4426 umbra,
2386 4357 2653 4417 videlicet
2700 4360 3037 4419 tenebrosae
3077 4359 3491 4428 conscientias,
3522 4356 3577 4413 in
3615 4348 3732 4417 ultr

2136 4463 2253 4516 mo,
2277 4447 2378 4518 qui
2419 4446 2559 4503 foris
2602 4447 2825 4504 nitidus
2866 4449 3027 4507 intus
3073 4453 3162 4505 est
3190 4465 3438 4514 vacuus,
3458 4438 3733 4509 simulati!"

2134 4551 2251 4603 ces,
2274 4536 2334 4592 in
2358 4534 2501 4592 locis
2524 4535 2928 4605 humentibus,
2942 4536 3190 4599 lascivas
3209 4536 3536 4609 mollesque
3552 4530 3732 4591 meum

2133 4623 2413 4680 insinuat.
2437 4626 2719 4697 Quodque
2756 4641 2946 4699 genus
2972 4626 3312 4685 daemonum
3343 4625 3536 4687 exiens
3561 4620 3624 4678 ab
3657 4616 3734 4679 h0-

2134 4710 2291 4767 mine
2348 4711 2721 4784 baptismatis
2774 4717 3057 4786 tempore,
3088 4713 3179 4771 vel
3235 4717 3375 4788 post
3429 4702 3732 4787 partitam

2134 4800 2357 4857 fructus
2386 4804 2444 4857 et
2473 4801 2963 4860 reconciliationis
2989 4802 3265 4875 gratiam,
3284 4803 3455 4871 vadit,
3476 4808 3526 4865 et
3549 4793 3735 4857 συναιιί

2131 4898 2329 4961 septem
2356 4890 2495 4947 alios
2538 4892 2766 4962 spiritus
2809 4893 3096 4965 nequiores
3131 4908 3210 4961 se,
3237 4901 3295 4949 et
3336 4893 3553 4956 veniat:
3577 4883 3638 4944 ad
3659 4880 3732 4943 tb-

2129 4995 2282 5034 mum
2312 4980 2470 5035 illam
2496 4979 2642 5035 unde
2676 4980 2907 5047 exierat,
2939 4997 3061 5037 eam
3092 4982 3305 5045 invenit
3332 4986 3615 5045 vacantem.
3640 4984 3732 5031 ιω·

2126 5069 2215 5139 pis
2243 5066 2583 5137 mandatam,
2614 5076 2668 5124 et
2693 5076 2943 5127 ornatam
2971 5070 3123 5140 (Luc.
3146 5086 3263 5137 xvx,
3288 5072 3409 5140 26),
3439 5064 3731 5131 mundam

2129 5155 2399 5212 videlicet
2424 5173 2459 5213 a
2484 5156 2643 5212 vitiis
2666 5156 2935 5229 pristinis
2965 5174 3067 5230 per
3096 5158 3464 5232 baptismum
3484 5153 3567 5213 vel
3594 5145 3733 5225 pani

2130 5246 2704 5313 tentiam,vacantem
2726 5264 2760 5304 a
2779 5247 2950 5306 bonis
2966 5247 3194 5305 actibus
3210 5263 3319 5320 per
3340 5239 3729 5319 negligentiam.

2129 5339 2395 5392 ornatam
2422 5334 2719 5392 simulatis
2744 5335 3058 5397 virtutibus
3081 5354 3184 5410 per
3201 5334 3560 5410 hypocrisin,
3580 5325 3732 5407 ipsiet

2128 5424 2201 5480 ab
2228 5440 2295 5480 eo
2319 5424 2607 5497 assumpti
2635 5424 2946 5497 nequiores
2966 5425 3211 5498 spiritus
3236 5421 3491 5497 ingressi
3510 5413 3731 5479 habin
3848 5412 3849 5429 ‘

2127 5511 2229 5569 ibi.
2261 5517 2372 5569 Per
2400 5518 2625 5585 septem
2654 5513 2811 5570 enim
2843 5513 3029 5571 malos
3060 5513 3305 5587 spiritus
3334 5513 3597 5571 universa
3618 5501 3732 5604 γίξὶι

2126 5603 2530 5680 designantur.
2548 5605 2965 5682 Quemcunque
2988 5605 3147 5667 enim
3166 5608 3301 5681 post
3323 5601 3625 5679 baptism
3639 5601 3731 5657 em
