3896 6182
195 372 295 454 hi

1089 389 1190 451 DE
1237 386 1612 453 DlVOltTIO
1655 390 2028 454 LOTHARII
2074 394 2173 456 ET
2218 390 2680 456 TET‘BERG/E.

3470 374 3687 457 ω’

192 519 441 598 pravitas
458 519 751 593 haeretica,
776 520 896 578 sive
917 521 1221 585 mundana
1250 504 1543 596 cupiditas
1574 521 1836 597 arripue-
1864 512 1918 593 Ᾱ
1947 524 1998 582 ei
2027 522 2336 598 epistolam
2367 525 2513 582 dixit
2544 544 2557 583 :
2589 522 2748 583 Vade
2796 527 3119 585 secundum
3164 525 3345 586 talem
3383 526 3590 587 horam

193 612 279 679 rit,
301 627 441 667 mox
467 609 729 667 omnium
765 615 1092 684 prosternet
1120 610 1180 667 in
1210 608 1332 668 ima
1357 612 1656 668 vitiorum.
1675 612 1839 669 Unde

194 705 334 758 recte
357 701 674 773 nequiores
694 702 836 756 tunc
852 717 985 756 eum
1010 701 1255 773 spiritus
1277 700 1837 775 dicunturingressi,

193 790 319 864 quia
339 805 462 864 non
485 788 678 845 solum
712 787 951 846 habebit
982 788 1083 845 illa
1112 793 1333 861 septem
1363 790 1523 857 vitia,
1551 807 1677 862 qua:
1708 806 1837 863 sep-

191 879 297 935 tem
314 876 688 952 spiritalibus
711 882 850 933 sunt
870 878 1162 935 contraria
1182 878 1630 947 virtutibus,sed
1651 883 1709 935 et
1738 896 1841 951 per

192 960 524 1041 hypocrisin
547 966 701 1024 οδε
724 967 883 1039 ipsas
915 984 978 1023 se
1005 966 1248 1023 virtutes
1277 967 1493 1023 habere
1514 966 1837 1023 simulabit.

192 1054 252 1114 Et
279 1056 581 1128 quomodo
612 1055 670 1111 in
703 1056 857 1112 Isaia
884 1059 1025 1128 (cap.
1050 1057 1149 1129 x1),
1181 1073 1357 1130 super
1384 1056 1607 1129 virgam
1640 1056 1710 1112 de
1742 1073 1838 1111 ra—

194 1144 307 1201 dice
335 1144 536 1209 Jesse,
557 1144 613 1201 et
643 1142 843 1201 florem
877 1144 975 1217 qui
1008 1146 1079 1200 de
1111 1145 1303 1201 radice
1334 1145 1695 1211 conscendit,
1718 1162 1843 1219 sep-

192 1232 297 1289 tem
325 1234 582 1306 Spiritus
610 1232 895 1289 virtutum
927 1234 1300 1290 descendisse
1331 1235 1755 1302 narrantur,ita
1783 1238 1842 1290 et

191 1336 218 1378 e
237 1321 535 1378 contrario
555 1322 822 1378 vitiorum
857 1340 1140 1379 numerus
1169 1322 1229 1377 in
1260 1323 1492 1379 diabolo
1515 1327 1605 1379 cst
1632 1341 1837 1379 conse-

192 1414 401 1468 erutus.

256 1500 409 1558 Sunt
440 1500 501 1556 et
529 1500 642 1557 alia
670 1502 842 1557 etiam
875 1517 1091 1573 genera
1138 1502 1493 1570 daemonum,
1528 1520 1676 1573 quos
1708 1501 1845 1574 legi-

193 1604 314 1647 mus
337 1602 530 1662 super
549 1588 798 1662 singulis
828 1589 983 1646 vitiis
1005 1590 1077 1645 ab
1099 1607 1299 1646 eorum
1332 1583 1597 1663 piincipe
1625 1591 1841 1647 consti-

191 1681 361 1747 tutos,
399 1690 535 1751 qua:
565 1677 661 1733 hic
691 1676 969 1735 adnotare
996 1677 1610 1735 omittimus.Tantum
1641 1680 1711 1735 de
1735 1679 1845 1735 dae-

194 1767 472 1824 monibus
494 1765 594 1840 qui
612 1782 790 1840 super
822 1766 1266 1822 fornicationem
1290 1772 1432 1823 sunt
1455 1768 1734 1824 adnotare
1750 1785 1845 1824 cu-

193 1853 803 1926 ramus,monstraturi
823 1854 1100 1928 quoniam
1123 1854 1265 1911 talia
1284 1860 1423 1912 sunt
1442 1856 1618 1912 etiam
1632 1872 1844 1929 genera
1870 1892 1921 1964 Β

190 1946 655 2019 dmunum,qui
686 1950 916 2001 tantum
948 1945 1007 2000 in
1042 1945 1527 2003 fornicationibus
1547 1945 1840 2002 delectan-

188 2034 296 2104 tur,
328 2040 402 2092 ut
431 2035 612 2092 etiam
640 2035 969 2091 humanum
1009 2035 1385 2091 concubitum
1417 2039 1689 2108 expetant
1721 2052 1734 2089 :
1769 2034 1841 2090 de

189 2124 404 2198 quibus
421 2123 624 2197 aliqua
639 2124 820 2180 nostri
845 2123 1125 2196 temporis
1138 2128 1268 2179 acta
1280 2123 1469 2180 dicere
1480 2127 1838 2197 poteramus,

190 2214 297 2270 nisi
317 2224 395 2270 ea
414 2211 716 2270 brevitatis
737 2211 1081 2285 compendio
1111 2213 1600 2269 transiremus.Et
1629 2216 1693 2268 ut
1724 2227 1843 2267 me-

189 2296 299 2360 lius
326 2301 501 2375 quod
517 2300 769 2357 dicimus
789 2301 946 2357 credi
976 2301 1183 2374 possit,
1201 2301 1398 2374 legant
1417 2301 1753 2374 quicunque
1770 2301 1843 2358 de

190 2380 410 2448 talibus
443 2388 734 2459 dubitant,
769 2390 922 2463 quod
953 2394 1193 2446 sanctus
1221 2389 1687 2462 Amphilochius,
1722 2391 1841 2446 Ico-

189 2478 679 2538 niensiscivitatis
699 2479 1212 2552 episcopus,quem
1230 2478 1436 2534 beatus
1456 2478 1842 2551 Hieronymus

189 2566 245 2626 in
261 2568 423 2627 libro
445 2570 517 2625 de
545 2567 701 2624 Viris
731 2566 1064 2624 illustribus
1092 2567 1290 2646 debita
1309 2568 1681 2624 veneratione
1693 2585 1845 2623 com-

188 2660 500 2726 memorat,
530 2656 687 2713 inter
729 2656 974 2712 virtutes
1022 2655 1275 2712 mirandi
1317 2655 1513 2712 Basilii
1573 2658 1842 2713 Cursarem

189 2745 571 2820 Cappadociae
594 2744 848 2801 civitatis
868 2744 1122 2817 episcOpi
1148 2744 1356 2800 scribit
1376 2744 1611 2801 dicens:
1645 2768 1673 2794 ‹‹
1699 2744 1845 2801 Ella-

190 2834 319 2893 dius
350 2840 582 2902 autem,
615 2834 803 2907 ipsius
834 2833 1222 2891 sanctissimae
1282 2833 1575 2889 memoriae
1604 2833 1760 2889 visor
1788 2838 1846 2891 et

191 2925 469 2982 minister
496 2926 687 2981 factus
715 2925 788 2981 ab
817 2941 884 2981 eo
914 2925 1301 2998 perfectorum
1333 2922 1771 2996 miraculorum,
1790 2927 1847 2980 et

191 3016 505 3072 successor
550 3014 707 3070 sedis
754 3018 886 3086 post
933 3013 1160 3069 obitum
1195 3014 1321 3086 jam
1354 3014 1520 3069 dictae
1550 3013 1844 3069 memoria:

193 3094 531 3176 apostolicae
562 3102 784 3169 Basilii,
819 3101 907 3158 vir
937 3102 1247 3170 mirabilis,
1275 3107 1333 3159 et
1354 3102 1412 3157 in
1444 3102 1602 3159 omni
1637 3102 1847 3159 virtute

1947 617 2155 682 noctis,
2190 619 2283 672 sta
2313 633 2490 690 super
2529 621 2979 675 monumentum
3035 616 3290 691 gentilis,
3322 620 3380 677 et
3403 611 3594 677 exulta

1947 704 2213 761 chartam
2236 705 2295 760 in
2318 722 2470 774 aere,
2495 710 2553 761 et
2574 705 2852 763 astabant
2881 702 2987 762 tibi
3019 707 3119 779 qui
3151 704 3365 764 debent
3383 709 3594 765 dueere

1947 797 2003 849 te
2015 792 2266 850 diabolo.
2292 795 2397 861 Qui
2413 794 2681 851 alacriter
2693 796 2801 852 hoc
2815 796 3077 868 faciens,j
3086 794 3298 852 actavit
3317 795 3593 854 miseram

1946 899 2144 938 vocem
2170 883 2445 939 invocans
2468 883 2681 939 diaboli
2699 884 3081 940 auxiliumJ'Jt
3106 884 3382 941 continuo
3403 885 3598 941 astite-

1950 976 2088 1027 runt
2109 972 2264 1028 059
2288 974 2338 1029 ei
2360 973 2654 1045 principes
2694 973 2999 1047 potestatis
3027 974 3398 1030 tenebrarum
3423 974 3594 1048 spiri-

1947 1059 2089 1117 talia
2119 1061 2416 1134 nequitize,
2448 1066 2508 1118 et
2551 1063 3053 1135 apprehendentes
3111 1067 3403 1120 errantem
3461 1078 3597 1119 cum

1948 1151 2162 1224 gaudio
2191 1167 2425 1223 magno,
2460 1152 2754 1208 duxerunt
2782 1169 2917 1208 eum
2951 1152 3050 1208 ubi
3077 1156 3202 1209 erat
3230 1144 3519 1219 diabolus,
3542 1154 3600 1208 et

1950 1239 2335 1296 ostenderunt
2364 1241 2416 1296 ei
2446 1240 2642 1313 ipsum
2688 1242 2987 1298 sedentem
3020 1242 3078 1298 in
3110 1242 3247 1298 sede
3277 1241 3416 1309 a‘ltn,
3449 1243 3507 1298 et
3537 1238 3597 1295 in

1950 1328 2196 1385 circuitu
2220 1330 2349 1400 ejus
2370 1329 2755 1403 malignitatis
2775 1330 3021 1402 spiritus
3059 1335 3304 1398 stantes,
3328 1335 3386 1386 et
3414 1330 3597 1387 susci-

1949 1417 2116 1490 piens
2146 1417 2410 1474 missusa
2431 1418 2694 1475 malefico
2726 1416 2953 1476 litteras
2982 1419 3129 1474 dixit
3157 1418 3229 1475 ad
3262 1420 3544 1476 miserum
3580 1438 3593 1475 :

1949 1506 2148 1563 Credis
2170 1507 2229 1562 in
2251 1508 2390 1564 me?
2413 1509 2519 1574 Qui
2543 1508 2662 1564 ait:
2706 1508 2906 1564 Credo.
2940 1503 3050 1564 Et':
3084 1509 3270 1581 Negas
3299 1500 3598 1566 Christum

1949 1598 2119 1651 tuum
2139 1596 2167 1651 Τ
2188 1595 2295 1664 Qui
2319 1596 2655 1669 respondit:
2683 1597 2860 1670 Nego.
2885 1597 3036 1654 Dicit
3063 1596 3115 1653 ei
3145 1595 3447 1653 diabolus:
3474 1586 3599 1654 Per-

1950 1684 2050 1740 fidi
2075 1685 2218 1741 estis
2248 1702 2350 1742 vos
2379 1686 2717 1754 Christiani,
2742 1691 2799 1742 et
2821 1688 3054 1760 quando
3084 1676 3323 1759 quidem
3345 1700 3598 1759 opusme

1950 1772 2420 1841 habetis,venitis
2443 1776 2515 1831 ad
2539 1776 3154 1849 me;quandoquidem
3166 1774 3596 1848 consequimini

1951 1862 2309 1920 desiderium
2364 1868 2648 1933 vestrum,
2698 1864 2928 1937 negatis
2977 1880 3092 1935 me,
3119 1867 3177 1921 et
3220 1864 3495 1920 acceditis
3524 1864 3595 1920 ad

1953 1952 2251 2008 Christum
2272 1953 2664 2026 vestrum,qui
2688 1960 2776 2011 est
2797 1953 3088 2028 benignus
3107 1968 3174 2009 ac
3204 1951 3597 2009 clementissi-

1911 2097 1919 2106 ,
1952 2059 2108 2109 mus,
2129 2045 2188 2098 et
2217 2042 2465 2116 suscipit
2488 2059 2611 2099 vos.
2647 2043 2758 2099 Sed
2805 2041 2894 2099 fac
2943 2042 3086 2097 mihi
3136 2040 3598 2108 manuscriptam

1951 2129 2162 2186 Christi
2182 2131 2267 2186 tui
2290 2135 2347 2187 et
2365 2130 2741 2203 baptismatis
2762 2129 3329 2207 abrenuntiationcm
3341 2120 3600 2183 volunta-

1951 2219 2121 2287 riam,
2155 2224 2212 2277 et
2241 2236 2368 2292 quae
2401 2220 2461 2275 in
2492 2236 2585 2275 me
2610 2225 2700 2276 est
2728 2219 2786 2274 in
2820 2218 3034 2276 saecula
3060 2216 3448 2273 voluntariam
3474 2230 3603 2290 pro-

1952 2308 2286 2374 fessionem,
2319 2313 2378 2365 et
2407 2308 2546 2382 quia
2577 2325 2806 2365 mecum
2838 2310 2920 2365 sis
2952 2308 3009 2362 in
3041 2306 3135 2363 die
3156 2297 3365 2380 judicii
3397 2296 3600 2362 conde-

1952 2398 2174 2455 lectans
2196 2398 2341 2454 mihi
2361 2399 2420 2453 in
2444 2398 2783 2471 przeparatis
2806 2397 3037 2453 aeternis
3060 2396 3386 2453 tormentis.
3410 2390 3467 2451 et
3496 2411 3601 2469 ego

1953 2488 2155 2543 statim
2194 2486 2551 2543 desiderium
2599 2491 2770 2543 tuum
2822 2485 3137 2559 adimpleo.
3172 2484 3280 2552 Qui
3310 2483 3605 2557 disposuit

1952 2575 2188 2648 propria
2218 2593 2397 2632 manu
2420 2576 2706 2648 scriptum
2734 2575 2887 2631 sicut
2915 2574 3199 2647 quaesitus
3230 2571 3358 2629 fuit.
3390 2572 3599 2629 Statim

1953 2669 2150 2721 autem
2183 2665 2516 2720 animarum
2571 2667 2877 2737 corruptor
2903 2664 3077 2721 draco
3108 2666 3410 2719 tortuosus
3440 2660 3604 2717 misit

1953 2752 2053 2825 qui
2085 2757 2226 2809 sunt
2255 2768 2433 2825 super
2462 2752 2900 2808 fornicationem
2932 2752 3248 2821 daemones,
3280 2753 3337 2806 et
3366 2748 3600 2806 inflam-

1954 2845 2261 2898 maverunt
2290 2840 2545 2914 puellam
2577 2841 2635 2896 in
2667 2856 2927 2897 amorem
2950 2839 3350 2911 juvenis,qua3
3376 2832 3604 2914 prospi-

1954 2930 2115 2986 ciens
2138 2929 2196 2986 in
2218 2935 2434 2986 terram
2466 2928 2640 3002 coepit
2668 2929 2919 2986 clamare
2948 2929 3021 2983 ad
3054 2925 3599 3000 patreszi’serere

1955 3018 2122 3090 mihi,
2155 3018 2452 3088 miserere,
2486 3022 2669 3092 pater,
2704 3017 2843 3090 quia
2891 3016 3015 3072 dire
3061 3020 3336 3088 torqueor
3365 3018 3601 3088 propter

1955 3106 2134 3163 talem
2166 3106 2349 3163 istum
2380 3111 2647 3163 nostrum
2678 3122 2953 3179 puerum:
2975 3104 3251 3161 miserere
3279 3102 3603 3163 viseeribus

194 3190 529 3261 decoratus,
560 3191 853 3247 enarravit
900 3191 1047 3247 mihi
1077 3192 1219 3264 quia
1246 3195 1481 3247 senator
1508 3191 1748 3263 quidam
1780 3192 1846 3246 fi-
1886 3238 1925 3267 .,
1962 3195 2100 3265 tuis,
2134 3195 2373 3252 ostende
2420 3195 2480 3250 in
2530 3210 2623 3250 me
2673 3194 3036 3267 unigenitam
3083 3198 3247 3249 tuam
3295 3182 3605 3265 paternum

186 3280 353 3350 dalis,
391 3280 634 3337 nomine
666 3280 981 3347 Proterius,
1015 3280 1160 3336 abiit
1188 3281 1259 3336 ad
1292 3284 1498 3336 sancta
1526 3283 1584 3335 et
1612 3297 1847 3337 venera-
1880 3246 1925 3335 δ
1960 3299 2241 3349 amorem,
2274 3287 2331 3338 et
2355 3282 2645 3355 conjunge
2675 3246 2976 3354 meopuero
3017 3297 3192 3355 quem
3221 3291 3374 3337 amo.
3404 3278 3465 3336 Si
3497 3286 3602 3335 au”-

188 3368 508 3438 bilialoca,
528 3374 587 3425 et
614 3367 695 3425 ibi
727 3365 908 3425 filiam
940 3386 1111 3425 suam
1142 3386 1503 3438 consecrare,
1539 3386 1605 3426 ac
1638 3370 1696 3424 in
1729 3386 1845 3426 uno

183 3454 253 3515 de
273 3459 430 3516 bene
463 3457 851 3515 actionalibus
882 3459 1157 3515 domibus
1188 3458 1676 3515 monasteriorum
1708 3458 1845 3514 mit-

183 3546 320 3616 tere,
357 3553 543 3622 atque
593 3547 949 3604 sacrificium
994 3546 1110 3605 Deo
1143 3548 1348 3604 offerre
1376 3548 1595 3603 volens.
1629 3548 1741 3604 Sed
1772 3547 1845 3604 ab

180 3636 347 3711 initio
368 3636 673 3693 homicida
695 3635 984 3703 diabolus,
1010 3636 1276 3692 invidens
1297 3637 1505 3692 divina:
1535 3636 1843 3708 voluntati,

182 3727 363 3783 movit
412 3742 604 3784 unum
637 3726 707 3783 de
739 3726 923 3783 servis
971 3726 1117 3794 suis,
1147 3731 1205 3783 et
1247 3725 1505 3782 incendit
1533 3727 1603 3781 ad
1638 3725 1844 3798 puella:

180 3815 536 3872 amoresz
558 3820 756 3871 autem
778 3831 911 3871 cum
936 3815 1145 3871 fuisset
1165 3815 1265 3887 huj
1277 3815 1507 3871 usmodi
1531 3814 1848 3871 inchoatio-

182 3903 271 3959 nis
293 3902 606 3978 indignus,
629 3907 686 3960 et
716 3921 831 3959 non
865 3905 1091 3960 audens
1122 3904 1593 3977 appropinquare
1616 3904 1686 3959 ad
1712 3921 1843 3976 pro-

181 3992 800 4067 positum,alloquitur
820 4010 1004 4049 unum
1035 3993 1565 4049 abominandorum
1588 3992 1847 4049 incanta-

179 4084 401 4150 τοι-ωτι,
434 4081 786 4154 promithe
815 4098 897 4148 se,
931 4081 982 4136 si
1013 4081 1294 4136 meruerit
1318 4080 1607 4136 dominari
1655 4081 1845 4153 ipsius

182 4166 416 4239 puellae,
444 4168 693 4226 multam
716 4169 766 4225 ei
792 4170 1047 4226 tribuere
1069 4168 1642 4242 aurifquantitatem.
1676 4169 1848 4225 Malc-

183 4254 331 4314 ﬁcus
362 4271 502 4314 vero
533 4258 680 4313 dixit
709 4258 780 4313 ad
811 4274 946 4313 eum
973 4275 985 4314 :
1012 4258 1056 4315 Ο
1078 4258 1275 4327 homo,
1309 4275 1413 4332 ego
1445 4257 1505 4313 in
1536 4257 1695 4314 istud
1728 4275 1844 4314 non

180 4346 603 4419 μαγεῖαιοβεά
628 4346 676 4403 si
699 4346 786 4403 vis
809 4346 976 4403 mitto
996 4352 1053 4403 te
1084 4347 1156 4403 ad
1181 4363 1378 4403 meum
1412 4351 1845 4419 procuratorem

181 4432 517 4501 diabolum,
552 4441 607 4491 et
638 4450 765 4507 ipse
795 4435 1056 4508 perﬁciet
1102 4440 1267 4491 tuam
1324 4435 1703 4492 voluntatem.
1737 4436 1846 4503 Qui

182 4521 262 4579 ait
285 4523 364 4580 ad
388 4540 526 4580 eum
553 4540 565 4579 :
594 4526 965 4596 Quacumque
987 4524 1202 4581 dixeris
1225 4523 1370 4579 mihi
1409 4524 1640 4580 faciam.
1667 4526 1737 4580 Et
1766 4524 1847 4580 ait

1956 3376 2076 3428 tem
2107 3372 2217 3428 hoc
2248 3384 2362 3427 non
2394 3369 2480 3427 vis
2512 3368 2719 3439 facere,
2752 3369 2976 3426 videbis
3006 3382 3098 3426 me
3128 3372 3262 3441 post
3298 3364 3599 3424 modicum

1956 3460 2302 3517 morientem
2353 3476 2555 3515 amara
2596 3464 2804 3526 morte,
2833 3463 2892 3515 et
2921 3472 3254 3515 sermonem
3294 3455 3464 3513 dabis
3493 3461 3599 3529 pro

1955 3564 2049 3606 mc
2080 3550 2139 3605 in
2171 3550 2262 3605 die
2286 3549 2497 3621 judicii
2529 3550 2665 3605 Deo.
2702 3548 2868 3604 Pater
2913 3553 3108 3603 autem
3156 3562 3293 3601 cum
3322 3544 3599 3618 lacrymis

1955 3638 2184 3694 dicebat
2207 3656 2220 3693 :
2246 3639 2367 3694 Heu
2391 3637 2535 3693 mihi
2568 3637 2877 3710 peccaturi,
2904 3634 3041 3708 quid
3073 3633 3342 3691 convenit
3372 3633 3599 3689 miserae

1955 3742 2096 3783 mem
2118 3727 2249 3781 filiae
2271 3728 2299 3782 ἶ)
2325 3725 2453 3799 quis
2477 3743 2672 3781 meum
2699 3725 3040 3780 thesaurum
3064 3724 3292 3779 furatus
3312 3721 3444 3803 est?
3465 3721 3601 3793 quis

1954 3831 2146 3871 meam
2169 3815 2454 3887 iniquavit
2477 3812 2658 3870 ﬁliam
2680 3813 2857 3885 iquis
2886 3811 3057 3867 dulce
3076 3808 3277 3867 lumen
3294 3808 3599 3868 oculorum

1955 3922 2220 3962 meorum
2256 3901 2576 3959 exstinxit?
2606 3902 2722 3976 Ego
2754 3901 2969 3957 ccclesti
3000 3905 3057 3956 te
3086 3899 3348 3956 volebam
3381 3898 3601 3956 nubere

1954 4010 2169 4066 sponso
2198 3990 2448 4049 Christo.
2482 3994 2539 4047 et
2569 3990 2908 4063 angelorum
2952 3988 3428 4045 cohabitatricem
3459 4002 3600 4043 con-

1955 4084 2219 4150 stituere,
2246 4086 2303 4137 et
2330 4082 2387 4135 in
2417 4080 2680 4152 psalmis,
2715 4085 2771 4135 et
2801 4077 3055 4152 hymnis,
3074 4082 3132 4133 et
3161 4077 3407 4133 canticis
3430 4075 3601 4149 spiri-

1954 4171 2173 4228 talibus
2229 4186 2435 4227 canere
2488 4170 2605 4224 Deo
2665 4167 3034 4235 festinabam,
3064 4170 3121 4222 et
3151 4182 3253 4237 per
3304 4169 3359 4220 te
3390 4164 3605 4220 salvari

1955 4261 2283 4333 sperabam,
2317 4263 2381 4313 tu
2411 4261 2607 4313 autem
2639 4257 2696 4311 in
2728 4271 2987 4312 amorem
3033 4252 3412 4309 lascivietatis
3442 4251 3599 4308 insa-

1956 4348 2142 4405 nisti?
2164 4348 2302 4404 Sine
2344 4362 2456 4414 me,
2491 4345 2644 4402 sicut
2669 4343 2822 4412 volo,
2843 4343 3198 4416 desponsare
3226 4344 3285 4396 te
3314 4341 3451 4407 Deo,
3485 4350 3600 4394 non

1957 4438 2138 4494 ducas
2150 4440 2512 4493 senectutem
2526 4449 2716 4489 meam
2734 4446 2870 4487 cum
2883 4424 3261 4487 tribulatione
3277 4428 3350 4484 ad
3362 4428 3600 4495 inferos,

1956 4544 2143 4599 neque
2191 4523 2552 4581 nobilitatem
2602 4526 2911 4595 parentum
2967 4524 3204 4575 tuorum
3262 4517 3605 4574 confusione

181 4610 267 4704 ad
288 4626 478 4704 eum}
501 4611 896 4704 Abrenuntias
927 4612 1155 4669 Christo
1187 4613 1245 4667 in
1280 4613 1496 4704 scripto
1514 4612 1543 4667 ?
1562 4611 1716 4704 Dixit
1744 4612 1795 4668 ei
1830 4630 1843 4667 :
1880 4628 1933 4704 θ
1956 4614 2204 4688 operias.
2231 4613 2335 4669 Illa
2355 4618 2570 4679 autem,
2593 4612 2665 4704 ad
2688 4609 2939 4704 nihilum
2980 4611 3259 4704 rep‘utans
3287 4620 3416 4704 quae
3438 4623 3602 4704 apa-

179 4688 404 4757 Eﬁam.
438 4700 776 4773 lniquitatis
827 4704 1026 4757 autem
1086 4705 1355 4773 operator
1392 4701 1533 4756 dicit
1564 4701 1615 4756 ei
1651 4718 1664 4757 :
1699 4701 1757 4757 Si
1790 4702 1849 4757 in
1880 4688 1923 4704 ”
1958 4709 2046 4759 tre
2068 4702 2434 4768 dicebantur,
2461 4700 2719 4757 instabat
2739 4699 3002 4755 clamans
3026 4714 3039 4752 :
3065 4694 3233 4753 Pater
3255 4696 3360 4767 mi,
3393 4688 3497 4752 aut
3517 4697 3606 4752 fac

176 4788 293 4846 isto
328 4795 579 4863 paratus
626 4789 943 4855 exstiteris,
965 4794 1305 4861 cooperator
1331 4790 1491 4844 liam.
1526 4789 1633 4855 Qui
1667 4788 1748 4845 ait
1778 4790 1849 4845 ad

179 4883 321 4934 eum
349 4896 366 4934 :
398 4879 643 4934 Paratus
667 4890 823 4947 sum,
849 4881 1085 4934 tantum
1115 4895 1443 4950 consequar
1472 4877 1848 4933 desiderium.

177 4968 249 5024 Et
271 4967 508 5023 faciens
533 4967 922 5041 malignitatis
948 4965 1218 5022 minister
1238 4966 1543 5039 epistolam
1567 4967 1637 5022 ad
1660 4967 1855 5021 diabo-

181 5055 339 5123 lum,
365 5055 531 5112 misit
552 5056 625 5112 ad
647 5054 816 5113 illum
837 5054 1153 5112 habentem
1175 5066 1414 5111 sensum
1442 5053 1621 5109 istum
1647 5071 1660 5109 :
1696 5057 1852 5121 Quo-

183 5142 356 5200 niam
413 5143 673 5217 quidem,
708 5145 790 5200 mi
841 5143 1077 5200 domine
1125 5147 1182 5199 et
1231 5146 1593 5215 procurator,
1629 5147 1855 5214 oportet

180 5234 481 5290 festinare
513 5250 607 5289 me
637 5251 672 5290 a
699 5231 1168 5290 Christianorum
1192 5230 1469 5304 religione
1491 5231 1850 5301 abstrahere,

180 5322 239 5379 et
270 5327 401 5379 tuae
460 5321 748 5379 adducere
803 5321 1109 5388 voluntati,
1143 5324 1208 5376 ut
1252 5320 1673 5392 multiplicetur
1718 5320 1854 5394 pars

181 5408 595 5481 tua,misi‘tibi
611 5411 765 5467 hunc
779 5410 879 5484 qui
901 5414 1213 5483 praesentes
1226 5427 1385 5465 meas
1399 5410 1583 5465 defert
1604 5408 1850 5479 litteras,

182 5498 524 5574 Cupiditate
555 5500 615 5558 in
650 5498 905 5572 puellam
935 5516 1229 5564 exarsum,
1261 5501 1318 5553 et
1348 5497 1580 5569 postulo
1608 5515 1742 5552 eum
1767 5517 1852 5554 ac.

179 5588 428 5645 tionem
462 5590 636 5645 istam
681 5588 981 5661 consequi,
1006 5591 1069 5643 ut
1090 5592 1148 5642 et
1168 5587 1227 5641 in
1252 5587 1363 5641 isto
1385 5584 1618 5657 glorier,
1642 5591 1855 5643 etcum

183 5677 395 5735 multa
421 5677 717 5735 alacritate
737 5695 1083 5752 congregem
1111 5676 1419 5749 placitores
1441 5680 1595 5733 tuos.
1620 5678 1689 5733 Et
1710 5679 1857 5734 dans

1962 4791 2318 4849 desiderium
2350 4807 2569 4858 meum,
2604 4794 2707 4845 aut
2732 4792 2863 4862 post
2912 4787 3209 4845 modicum
3260 4785 3606 4843 morientem

1958 4880 2184 4937 videbis
2206 4897 2318 4935 me.
2345 4879 2510 4935 Pater
2543 4895 2679 4951 ergo
2719 4879 2777 4933 in
2800 4894 3015 4950 magna
3043 4870 3364 4934 defectione
3395 4868 3603 4943 factus,

1962 4986 2028 5026 ac
2048 4967 2639 5025 immensurabilitate
2668 4966 2916 5023 tristitia:
2945 4967 3281 5040 absorptus,
3304 4968 3360 5021 et
3389 4965 3606 5020 amico-

1961 5076 2093 5114 rum
2135 5056 2397 5114 consiliis
2456 5056 2749 5125 credulus,
2783 5055 3144 5112 hortantium
3177 5056 3228 5111 ei
3259 5053 3481 5111 deferre
3510 5068 3605 5107 vo-

1960 5147 2249 5202 luntatem
2281 5147 2431 5218 ejus,
2464 5149 2566 5201 aut
2613 5145 2869 5217 seipsam
2913 5161 3219 5217 exponere,
3252 5142 3607 5199 concredens

1961 5240 2126 5309 pater
2147 5234 2420 5308 praecepit
2442 5232 2564 5290 ﬁeri
2586 5232 2939 5290 desiderium
2963 5224 3191 5305 puellae,
3206 5248 3277 5287 ne
3297 5227 3515 5286 exitiali
3546 5245 3608 5285 se

1961 5323 2215 5380 traderet
2247 5324 2438 5379 morti.
2471 5323 2542 5379 Et
2579 5322 2821 5379 adduxit
2873 5321 3184 5395 quaesitum
3243 5334 3489 5390 puerum
3532 5317 3607 5373 ad

1963 5413 2260 5489 propriam
2295 5412 2495 5479 tiliam,
2521 5413 2784 5484 dansque
2832 5411 2917 5466 eis
2947 5424 3182 5465 omnem
3214 5404 3607 5464 substantiam

1965 5520 2131 5559 suam
2146 5502 2434 5557 dixitﬁlim
2448 5518 2565 5557 suae
2582 5518 2595 5556 :
2613 5500 2773 5565 Vale,
2798 5497 2917 5553 ﬁlia
2937 5514 3067 5552 vere
3089 5493 3605 5563 misera;multum

1964 5590 2120 5648 enim
2151 5585 2390 5663 plangas
2442 5589 2729 5662 pmnitens
2759 5587 2817 5642 in
2849 5584 3166 5641 novissimo
3198 5584 3430 5657 quando
3462 5582 3607 5639 nihil

1966 5681 2146 5737 habes
2164 5680 2461 5751 proficere.
2488 5678 2694 5747 lniquo
2723 5692 2859 5746 ergo
2890 5674 3163 5745 conjugio
3200 5674 3372 5743 facto,
3396 5676 3455 5729 et
3483 5671 3607 5729 dia-
