3896 6182
359 345 477 407 ’723

1289 339 1666 403 HINCMARI
1710 336 2152 402 BHENENSIS
2197 335 2830 399 ARCHIEPISCOPI.

3635 339 3731 401 ’124

360 473 552 533 bolica
569 471 997 532 facinorositate
1009 471 1400 547 completa,ac
1421 471 1650 530 modico
1673 473 2008 528 transeunte
2037 469 2092 536 Α
2119 474 2254 541 post
2283 487 2502 542 paucos
2531 469 2657 527 dies
2684 467 2943 527 visitavit
2971 484 3130 537 eum,
3159 471 3218 526 et
3246 466 3388 526 dicit
3420 484 3432 525 :
3469 469 3734 536 Quomodo

361 569 642 638 tempore,
674 563 1016 636 designatus
1047 567 1135 618 est
1164 579 1199 618 a
1228 561 1583 635 quibusdam
1613 578 1758 634 puer
1778 577 1892 615 non
1925 559 2007 614 in-

362 653 538 712 troire
564 651 624 709 in
657 652 985 716 ecclesiam,
1019 667 1206 724 neque
1255 649 1726 724 appropinquare
1759 649 2004 704 immor-

363 741 582 799 talibus
600 745 658 797 et
679 739 921 796 viviﬁcis
944 739 1256 813 mysteriis.
1287 741 1356 796 Et
1375 739 1577 796 dicunt
1595 739 1822 794 miserae
1855 738 2008 794 660

364 829 600 903 conjugi
622 829 750 900 ejus
774 846 786 884 :
813 827 942 884 Scis
971 829 1112 900 quia
1130 828 1218 884 vir
1237 832 1396 894 tuus,
1420 845 1594 900 quem
1619 825 1867 899 elegisti,
1892 841 2007 881 non

364 923 454 976 est
483 916 872 985 Christianus,
905 917 1004 972 sed
1066 917 1408 990 peregrinus
1465 915 1598 970 ﬁdei
1647 919 1706 971 et
1735 913 1962 970 alienus
1983 914 2012 968 ?

365 1007 766 1064 Tenebrarum
799 1022 935 1078 ergo
967 1009 1024 1061 et
1048 1005 1328 1062 dolorosae
1373 1005 1554 1078 plaga:
1604 1003 1842 1077 repleta,
1878 1020 2009 1076 pro-

367 1093 580 1150 sternit
610 1110 672 1150 se
702 1093 763 1148 in
792 1093 1064 1161 humum,
1097 1099 1154 1150 et
1179 1094 1352 1167 coepit
1396 1093 1725 1165 discerpere
1756 1091 2010 1164 seipsam

367 1181 628 1254 ungulis,
651 1186 710 1238 et
726 1186 1028 1254 percutere
1049 1186 1253 1254 pectus
1276 1199 1341 1238 ac
1362 1182 1615 1238 clamare
1641 1199 1652 1237 :
1684 1181 1864 1238 Nemo
1895 1198 2009 1236 non

367 1271 645 1327 obediens
659 1271 998 1343 parentibus
1011 1270 1208 1327 salvus
1223 1271 1334 1326 fuit
1350 1265 1779 1344 unquam.0uis
1790 1287 2014 1326 annun-

367 1359 538 1416 tiabit
547 1359 698 1432 patri
723 1375 850 1415 meo
869 1375 1060 1414 meam
1079 1359 1654 1416 confusionem?Heu
1672 1358 1814 1414 mihi
1833 1359 2016 1415 mise-

370 1447 532 1515 rm,in
555 1452 836 1520 quantam
861 1447 1319 1520 profunditatem
1345 1447 1689 1522 perditionis
1703 1447 1974 1504 descendi
1997 1447 2010 1502 ι

369 1538 484 1608 Cur
514 1540 651 1592 nata
677 1540 895 1601 sum,et
925 1541 1062 1592 nata
1092 1537 1369 1594 continuo
1401 1542 1566 1610 rapta
1588 1555 1701 1594 non
1735 1536 1867 1593 fui?
1899 1537 2017 1592 Ista

369 1642 506 1700 ergo
539 1623 844 1681 lamentari
877 1642 1002 1682 eam
1037 1625 1271 1682 discens
1317 1627 1718 1683 erratissimus
1745 1625 1834 1681 vir
1862 1625 2012 1695 ejus,

369 1713 700 1771 accucurrit
729 1715 802 1771 ad
833 1731 961 1770 eam
993 1715 1350 1771 contendens
1385 1732 1500 1771 non
1530 1713 1733 1772 haberi
1764 1715 1844 1770 ita
1867 1713 2014 1770 veri-

2115 559 2319 624 habes,
2343 559 2422 614 ﬁli
2443 559 2472 614 ?
2493 558 2644 615 Dicit
2663 558 2714 614 ei
2740 575 2753 615 :
2781 563 2952 615 Pater
2971 563 3196 630 sancte,
3219 575 3254 615 a
3281 557 3453 632 longe
3483 557 3738 618 clamores

2114 665 2318 704 eorum
2350 649 2525 704 audio
2556 653 2614 704 et
2642 647 2858 719 minas,
2892 648 2993 704 sed
3045 665 3159 705 non
3212 646 3376 704 video
3406 665 3525 705 eos.
3559 648 3627 703 Et
3650 649 3740 706 ite-

2116 753 2248 792 rum
2299 738 2447 794 dans
2496 737 2546 793 ei
2580 754 2777 794 escam
2805 741 2863 794 et
2892 754 3086 806 orans,
3121 736 3519 810 claudensque
3551 737 3741 794 ostium

2118 825 2282 882 abiit.
2311 827 2382 882 Et
2411 825 2862 899 quadragesimo
2891 825 2984 882 die
3015 825 3207 895 rediit,
3239 829 3299 882 et
3330 825 3474 882 dicit
3512 825 3568 882 ei
3603 843 3614 880 :
3643 827 3741 893 Quo

2119 917 2292 972 modo
2335 918 2480 973 661
2517 915 2722 981 habes,
2775 915 3000 972 frater?
3053 915 3436 988 Respondens
3493 914 3639 972 dicit
3683 915 3740 972 ad

2118 1022 2252 1060 eum
2289 1021 2302 1061 :
2329 1007 2478 1061 Bcne
2510 1004 2716 1070 habeo,
2750 1009 2948 1061 sancte
2979 1004 3103 1060 Dei.
3134 1003 3266 1059 Vidi
3310 1003 3463 1060 enim
3505 1008 3566 1060 te
3598 1003 3739 1060 hodie

2120 1094 2180 1150 in
2203 1094 2329 1150 visu
2354 1099 2712 1168 pugnantem
2735 1111 2838 1166 pro
2863 1111 2976 1160 me,
2999 1097 3056 1150 et
3076 1093 3407 1150 vincentem
3435 1091 3733 1148 diabolum.

2121 1184 2252 1240 Mox
2271 1201 2408 1257 ergo
2429 1187 2670 1239 sanctus
2691 1183 3016 1239 secundum
3045 1183 3530 1239 consuetudinem
3553 1181 3744 1237 faciens

2120 1272 2462 1342 orationem,
2495 1272 2694 1330 eduxit
2723 1289 2880 1339 eum,
2912 1276 2970 1328 et
2997 1271 3241 1328 adduxit
3269 1271 3330 1327 in
3361 1269 3744 1326 dormitorium

2121 1361 2508 1418 suum.Mane
2536 1365 2734 1418 autem
2766 1361 2918 1418 facto
2947 1361 3174 1417 vocavit
3203 1373 3436 1417 sacrum
3465 1358 3745 1425 clerum,et

2123 1450 2497 1517 monasteria,
2511 1455 2570 1507 et
2599 1467 2834 1507 omnem
2863 1449 3090 1507 Christo
3120 1448 3436 1506 amabilem
3463 1447 3742 1521 populum,

2122 1544 2178 1595 et
2208 1540 2353 1595 dixit
2380 1539 2465 1596 eis
2499 1555 2512 1594 :
2541 1539 2727 1596 Filioli
2761 1539 2872 1596 mei
2905 1538 3294 1608 dilectissimi,
3317 1554 3522 1594 omnes
3555 1536 3744 1610 gratias

2125 1627 2314 1701 agatis
2347 1627 2614 1684 Domino.
2647 1628 2791 1684 Ecce
2847 1627 3005 1684 enim
3062 1643 3229 1683 ovem
3279 1623 3568 1698 perditam
3603 1623 3746 1680 debet

2123 1721 2324 1789 pastor
2343 1715 2534 1773 bonus
2553 1715 2612 1772 in
2635 1714 2900 1773 humeris
2930 1719 3223 1788 reportare
3250 1718 3310 1770 et
3341 1713 3547 1770 offerre
3577 1711 3742 1768 Eccle-

371 1801 687 1860 tatem.Illa
715 1807 911 1859 autem
941 1803 1002 1859 in
1034 1803 1493 1860 consolationem
1522 1803 1789 1860 veniente
1819 1803 2014 1860 suadi-
2045 1837 2095 1904 Β
2126 1805 2246 1862 size.
2279 1807 2642 1878 Quapropter
2671 1805 2936 1862 debitum
2965 1808 3057 1861 est
3083 1807 3140 1860 et
3169 1821 3276 1860 nos
3304 1801 3565 1876 vigiliam
3589 1801 3743 1856 facere

371 1891 591 1948 bilibus
613 1891 740 1962 ejus
762 1891 1155 1961 sermonibus,
1181 1892 1327 1949 dixit
1355 1894 1424 1949 ad
1459 1909 1593 1950 eum
1623 1911 1636 1949 :
1673 1893 1731 1950 Si
1761 1891 1848 1949 vis
1871 1893 2017 1948 satis

370 1979 516 2037 mihi
547 1981 734 2036 facere
762 1984 820 2036 et
849 1980 1074 2038 miserae
1102 1980 1310 2038 anima:
1344 1999 1507 2054 meae,
1537 1983 1796 2039 crastina
1825 1999 1931 2056 ego
1961 1985 2018 2038 et

369 2072 433 2124 tu
467 2067 822 2124 unanimiter
876 2085 1082 2126 eamus
1128 2071 1201 2126 ad
1249 2071 1577 2138 ecclesiam,
1609 2077 1668 2128 et
1697 2090 1894 2129 coram
1925 2091 2018 2129 me

368 2155 656 2230 participa
710 2155 1304 2216 incontaminatorum
1364 2161 1796 2233 mysteriorum,
1829 2166 1883 2218 et
1933 2162 2016 2218 sic

369 2243 672 2301 satisfacta
689 2263 804 2303 ero.
831 2249 994 2304 Tunc
1025 2253 1261 2305 coactus
1293 2249 1439 2305 dixit
1466 2249 1518 2306 ei
1547 2251 1897 2308 sententiam
1921 2267 2016 2308 ca-

370 2331 563 2405 pituli.
597 2333 886 2392 Continuo
911 2353 1048 2410 ergo
1097 2338 1396 2409 deponens
1424 2339 1525 2396 illa
1555 2341 1901 2397 muliebrem
1936 2341 2018 2396 in-

372 2421 730 2489 firmitatem,
755 2428 812 2479 et
831 2425 1143 2482 consilium
1165 2427 1382 2482 bonum
1415 2427 1731 2485 consilians
1753 2429 1860 2496 illi,
1883 2447 2014 2486 cur-

371 2511 447 2565 rit
476 2511 546 2567 ad
577 2515 870 2584 pastorem
919 2519 976 2570 et
1031 2515 1386 2588 discipulum
1439 2518 1652 2576 Christi
1709 2520 2013 2589 Basilium,

371 2599 650 2656 adversus
679 2599 1036 2674 impietatem
1067 2603 1331 2662 clamans
1363 2624 1376 2663 :
1411 2607 1685 2664 Miserere
1731 2607 1876 2665 mihi
1907 2609 2015 2664 mi-

370 2703 532 2755 serae,
567 2695 766 2748 sancte
789 2691 911 2762 Dei,
935 2692 1210 2750 miserere
1241 2695 1410 2764 mihi,
1441 2697 1727 2770 discipule
1761 2699 2015 2765 Domini,

367 2793 494 2850 quae
529 2795 663 2836 cum
704 2779 1069 2838 daemonibus
1111 2801 1351 2842 causam
1399 2787 1530 2860 egi;
1563 2789 1838 2846 miserere
1870 2789 2015 2845 mihi

372 2865 599 2925 misera)
631 2869 931 2941 proprium
965 2875 1190 2944 patrem
1221 2892 1334 2930 non
1366 2876 1724 2934 obaudienti.
1755 2879 1824 2934 Et
1852 2879 2020 2935 docet

366 2953 417 3011 ei
451 2973 645 3012 rerum
703 2963 1002 3030 gestarum
1057 2961 1342 3019 ordinem.
1375 2965 1628 3022 Sanctus
1677 2971 1872 3022 autem
1914 2968 2015 3024 Dei

364 3061 580 3102 vocans
603 3062 874 3120 puerum,
904 3049 1238 3108 sciscitatus
1268 3056 1357 3108 est
1377 3054 1449 3110 ab
1471 3071 1538 3110 eo
1559 3055 1608 3110 si
1632 3054 1745 3110 ista
1766 3055 1825 3110 in
1859 3055 2015 3112 hunc

365 3134 605 3190 modum
640 3151 702 3190 se
733 3134 970 3192 habent.
1003 3137 1108 3204 Qui
1143 3139 1216 3194 ad
1244 3146 1516 3198 sanctum
1562 3160 1698 3198 cum
1739 3143 2012 3217 lacrymis

367 3221 449 3278 ait
481 3238 494 3276 :
527 3223 737 3290 Etiam,
784 3231 986 3281 sancte
1035 3227 1159 3294 Dei,
1186 3229 1233 3283 si
1267 3245 1372 3300 ego
1404 3229 1640 3296 siluero,
1673 3249 1850 3304 opera
1881 3251 2011 3289 mea

363 3309 788 3377 clamabunt,et
818 3319 1053 3370 enarrat
1080 3315 1131 3370 ei
1163 3316 1340 3372 etiam
1373 3317 1497 3390 ipse
1527 3336 1562 3374 a
1593 3321 1880 3394 principio
1910 3340 2008 3378 us-

365 3413 480 3468 que
508 3397 581 3452 ad
614 3399 790 3454 ﬁnem
821 3408 1274 3474 consequentem
1305 3405 1522 3462 diaboli
1553 3407 1768 3465 malam
1800 3428 2006 3484 opera-

365 3484 606 3540 tionem.
641 3487 804 3543 Tunc
848 3488 992 3545 dicit
1021 3491 1069 3547 ei
1104 3497 1344 3551 sanctus
1377 3511 1390 3550 :
1424 3495 1526 3552 Vis
1556 3499 1761 3555 reverti
1793 3501 1864 3556 ad
1898 3502 2007 3557 Do-

366 3572 594 3663 minum
649 3574 832 3632 Deum
892 3582 1160 3636 nostrum
1183 3581 1211 3637 ?
1241 3583 1324 3638 Ad
1355 3601 1530 3656 quem
1575 3604 1720 3659 puer
1751 3605 1765 3643 :
1799 3589 2010 3663 Utique

363 3659 512 3732 volo,
545 3663 646 3719 sed
696 3681 812 3720 non
870 3666 1051 3724 valeo.
1086 3668 1236 3725 Dicit
1283 3672 1333 3727 ei
1369 3689 1382 3728 :
1423 3675 1658 3740 Quare?
1691 3659 2011 3750 Respondit

365 3767 512 3823 puer
534 3769 546 3807 :
572 3751 798 3824 Scripto
819 3755 1096 3826 abnegavi
1134 3759 1454 3830 Christum,
1479 3767 1536 3818 et
1555 3765 1854 3836 professus
1874 3785 2008 3823 sum

363 3838 614 3928 diabolo.
647 3841 799 3897 Dicit
825 3843 874 3897 ei
913 3859 925 3899 :
959 3844 1085 3900 Non
1116 3847 1194 3902 sit
1245 3847 1348 3905 tibi
1395 3868 1568 3918 cura},
1603 3853 1892 3928 benignus
1920 3861 2010 3913 est

364 3925 519 4016 Deus
541 3933 756 4016 noster,
777 3935 834 3986 et
855 3932 1093 4004 recipiet
1111 3938 1167 3992 te
1197 3937 1577 4008 pmnitentem
1605 3959 1618 4008 ;
1651 3925 2006 4016 compatitur

362 4011 519 4070 enim
539 4015 791 4105 malitiis
835 4021 1070 4077 nostris.
1095 4023 1410 4094 Etjactans
1431 4045 1494 4084 se
1515 4029 1708 4102 puella
1728 4011 1803 4087 ad
1831 4034 2007 4105 pedes

363 4104 570 4170 sancti,
593 4105 919 4180 evangelica
939 4109 1248 4182 deprecata
1269 4120 1360 4172 est
1393 4133 1528 4173 eum
1561 4118 1760 4176 dicens
1783 4139 1796 4176 :
1834 4104 2008 4179 Disci~

363 4190 496 4263 pule
517 4191 729 4249 Christi
771 4195 867 4250 Dei
909 4197 1112 4264 nostri,
1136 4207 1424 4272 quantum
1450 4210 1613 4278 potes
1635 4208 1846 4279 adjuva
1877 4228 2000 4265 nos.

362 4279 513 4337 Dicit
542 4283 614 4336 ad
648 4299 893 4354 puerum
923 4293 1200 4345 sanctus:
1226 4292 1425 4349 Credis
1447 4293 1704 4352 salvari?
1734 4299 1838 4364 Qui
1873 4299 1956 4354 ait
1989 4319 2001 4356 :

361 4371 562 4437 Credo,
597 4371 864 4442 Domine,
915 4377 1128 4446 adjuva
1174 4379 1638 4439 incredulitatem
1690 4403 1902 4443 meum.
1938 4390 2007 4444 Et

361 4458 637 4550 continuo
685 4461 1130 4533 apprehendens
1189 4485 1428 4525 manum
1487 4473 1636 4543 ejus,
1671 4473 2005 4550 faciensque

2126 1898 2314 1962 nocte,
2335 1911 2402 1950 ac
2423 1894 2718 1966 postulare
2738 1895 2868 1965 ejus
2887 1893 3415 1968 benegnitatem,ut
3437 1908 3554 1947 non
3575 1890 3742 1946 vincat

2124 1987 2428 2056 corruptor
2447 1985 2778 2040 animarum
2802 1983 2978 2040 etiam
2999 1982 3060 2039 in
3082 1983 3190 2039 hoc
3211 1983 3386 2038 facto.
3407 1982 3480 2038 Et
3508 1978 3746 2036 alacriter

2125 2071 2340 2146 populo
2370 2077 2735 2145 coaggerato,
2768 2089 2870 2146 per
2899 2087 3133 2129 omnem
3175 2075 3406 2128 noctem
3437 2068 3742 2143 postulave-

2125 2167 2262 2218 runt
2291 2163 2474 2218 Deum
2524 2180 2658 2218 cum
2710 2163 2862 2220 bono
2901 2165 3154 2235 pastore,
3184 2177 3318 2217 cum
3349 2161 3623 2233 lacrymis
3651 2156 3742 2240 cla-

2125 2267 2260 2307 man
2270 2255 2355 2307 tes
2377 2269 2480 2324 pro
2501 2269 2568 2308 eo
2592 2268 2604 2308 :
2629 2252 2821 2324 Kyrie,
2845 2251 3082 2308 eleison.
3105 2253 3177 2308 Et
3196 2254 3426 2306 mature
3446 2265 3581 2304 cum
3608 2245 3741 2303 omni

2126 2341 2502 2400 multitudine
2531 2341 2732 2414 populi
2761 2342 2986 2416 accepit
3013 2344 3253 2398 sanctus
3296 2355 3567 2412 puerum,
3597 2342 3652 2394 et
3676 2339 3742 2392 te-

2127 2449 2272 2488 nens
2292 2433 2588 2488 dexteram
2610 2449 2854 2488 manum
2885 2433 3036 2505 ejus,
3060 2431 3311 2488 ducebat
3338 2427 3508 2485 illum
3541 2429 3598 2483 in
3628 2443 3742 2482 san-

2126 2525 2278 2577 ctam
2303 2521 2396 2577 Dei
2420 2521 2727 2578 ecclesiam
2744 2538 2877 2578 cum
2902 2519 3149 2594 psalmis
3171 2524 3229 2577 et
3250 2517 3509 2593 hymnis.
3541 2517 3610 2574 Et
3633 2531 3744 2572 ecce

2125 2609 2394 2668 diabolus
2425 2611 2690 2667 omnium
2724 2611 3022 2668 fascinans
3052 2610 3110 2665 in
3141 2608 3372 2666 tristem
3401 2607 3602 2678 vitam,
3629 2621 3742 2662 cum

2125 2700 2284 2756 omni
2319 2700 2642 2772 perniciosa
2665 2699 2880 2756 virtute
2909 2699 3163 2766 advenit,
3189 2703 3248 2755 et
3273 2695 3634 2754 invisibiliter
3659 2711 3743 2767 ap-

2125 2788 2491 2862 prehendens
2513 2789 3113 2862 puerum,conabatur
3131 2804 3334 2861 rapere
3352 2804 3488 2844 eum
3508 2786 3576 2842 de
3589 2800 3741 2840 manu

2126 2878 2336 2934 sancti.
2359 2879 2430 2934 Et
2449 2878 2626 2951 coepit
2662 2878 2917 2934 clamare
2955 2895 3100 2952 puer
3122 2894 3137 2933 :
3159 2876 3375 2933 Sancte
3404 2875 3526 2944 Dei,
3558 2873 3743 2946 adjuva

2125 2983 2239 3022 me.
2268 2967 2337 3022 Et
2366 2971 2529 3022 tanta
2558 2967 2863 3040 improbus
2889 2965 3172 3023 instantia
3217 2981 3533 3039 aggressus
3559 2967 3660 3027 est,
3691 2964 3741 3018 ut

2123 3055 2297 3111 etiam
2350 3055 2789 3113 memorabilem
2843 3055 3035 3111 virum
3085 3053 3481 3128 compelleret,
3530 3051 3742 3108 trahens

2126 3149 2723 3216 puerum.Conversus
2743 3161 2880 3217 ergo
2902 3144 3234 3201 sanctusad
3255 3139 3738 3208 diabolum,dixit:

2121 3231 2581 3305 lmprobissime,
2613 3238 2671 3288 et
2701 3233 3033 3289 animarum
3065 3237 3390 3304 corruptor,
3415 3234 3575 3303 pater
3600 3233 3740 3284 tene-

2117 3321 2356 3378 brarum
2377 3325 2436 3377 et
2455 3322 2818 3395 perditionis,
2843 3339 2958 3378 non
2983 3321 3205 3378 sufficit
3223 3321 3330 3376 tibi
3363 3324 3466 3376 tua
3495 3315 3740 3392 perditio,

2117 3427 2234 3483 qua
2254 3413 2310 3465 te
2329 3415 2387 3466 et
2403 3429 2502 3466 eos
2525 3411 2622 3484 qui
2648 3411 2760 3467 sub
2789 3415 2847 3467 te
2885 3414 3027 3467 sunt
3063 3408 3332 3477 effecisti,
3359 3407 3470 3464 nisi
3503 3405 3666 3464 etiam
3693 3407 3740 3459 et

2117 3498 2218 3554 Dei
2253 3498 2366 3554 mei
2397 3503 2585 3556 tentes
2617 3499 2890 3573 plasma?
2918 3498 3197 3556 Diabolus
3250 3501 3450 3555 autem
3503 3495 3639 3551 dixit
3676 3492 3737 3548 ad

2117 3604 2250 3642 eum
2285 3604 2299 3644 :
2335 3588 2688 3660 Praejudicas
2719 3605 2831 3656 me,
2864 3587 3064 3644 Basili.
3097 3588 3183 3644 Ita
3214 3591 3278 3642 ut
3302 3584 3546 3658 plurimi
3576 3601 3640 3640 ex
3655 3598 3739 3636 no-

2117 3674 2208 3732 bis
2240 3677 2511 3733 audirent
2537 3694 2706 3734 voces
2754 3678 3086 3733 daamonum
3131 3676 3252 3732 haec
3282 3673 3617 3739 dicentium,
3644 3668 3739 3725 cla-

2117 3769 2314 3820 mante
2337 3765 2552 3838 populo
2577 3782 2589 3820 :
2617 3764 3050 3839 Kyric,eleison.
3071 3765 3323 3821 Sanctus
3345 3767 3540 3819 autem
3563 3759 3653 3817 Dei
3669 3757 3739 3813 ait

2113 3853 2185 3909 ad
2207 3870 2378 3910 eum:
2409 3855 2672 3927 Increpat
2701 3859 2756 3911 te
2787 3854 3090 3921 Dominus,
3115 3852 3364 3910 diabolo.
3390 3851 3496 3920 Qui
3527 3864 3737 3922 respon-

2114 3942 2258 3998 dens
2289 3943 2372 3998 ait
2400 3943 2471 3999 ad
2503 3960 2637 3999 eum
2671 3959 2684 3998 :
2720 3943 2916 4010 Basili,
2947 3941 3294 4016 praejudicas
3335 3958 3449 4013 me,
3485 3957 3595 3996 non
3636 3933 3734 3992 abii

2112 4047 2218 4104 ego
2249 4031 2321 4086 ad
2355 4049 2512 4100 eum,
2537 4032 2637 4087 sed
2671 4031 2794 4104 ipse
2822 4031 2980 4088 venit
3009 4032 3080 4087 ad
3111 4047 3224 4088 me.
3253 4028 3570 4103 Abnegavit
3595 4023 3736 4083 Chri-

2114 4125 2294 4186 stum,
2319 4123 2377 4174 et
2402 4120 2696 4193 professus
2726 4124 2816 4176 cst
2837 4119 3002 4176 mihi.
3025 4121 3096 4176 Et
3123 4135 3255 4176 ecce
3284 4116 3730 4188 manuscriptam

2113 4207 2319 4274 habeo,
2342 4213 2400 4264 et
2425 4209 2486 4264 in
2509 4207 2822 4280 diejudicii
2845 4209 2917 4264 ad
2939 4224 3312 4274 communem
3337 4207 3590 4280 judicem
3611 4216 3726 4259 eum

2112 4297 2282 4351 duco.
2308 4298 2558 4352 Sanctus
2581 4297 2678 4353 Dei
2701 4297 2847 4353 dixit
2870 4313 2884 4350 ε
2909 4295 3256 4352 Benedictus
3286 4295 3570 4351 Dominus
3597 4292 3730 4348 Deus

2113 4401 2424 4450 meus,non
2437 4386 2702 4442 deflectet
2723 4385 2976 4458 populus
2996 4385 3104 4441 iste
3128 4401 3341 4440 manus
3359 4385 3433 4440 de
3455 4378 3728 4438 altitudine

2111 4471 2260 4539 coeli,
2284 4475 2468 4530 donec
2490 4474 2698 4530 reddas
2729 4473 3218 4548 manuscriptum.
3242 4473 3312 4528 Et
3327 4476 3654 4528 convertens
3678 4481 3732 4521 se

361 4543 575 4636 Christi
599 4547 836 4620 signum
859 4550 914 4604 in
943 4552 1068 4623 ipso
1088 4559 1146 4610 et
1166 4573 1360 4623 orans,
1387 4559 1624 4615 reclusit
1653 4579 1785 4619 cum
1810 4565 1866 4619 in
1892 4543 2007 4623 uno
2034 4570 2086 4636 Ι)
2117 4563 2260 4618 dixit
2280 4563 2494 4636 populo
2517 4580 2530 4618 :
2551 4562 2765 4636 Erigite
2788 4580 3001 4619 manus
3036 4567 3260 4619 vestras
3283 4561 3345 4617 in
3377 4561 3605 4625 caelum,
3632 4555 3730 4612 cla-

360 4631 486 4727 loco
515 4634 826 4727 interioris
875 4641 1024 4696 sacri
1067 4645 1328 4715 periboli.
1362 4649 1429 4704 Et
1459 4650 1606 4707 dans
1635 4651 1683 4706 ei
1719 4655 2003 4727 regulam,

363 4720 758 4780 collaborabat
785 4727 834 4782 ei
863 4745 966 4800 per
1010 4735 1129 4789 tres
1178 4733 1322 4791 dies.
1357 4737 1492 4794 Post
1549 4757 1696 4812 quos
1752 4720 2007 4802 visitavit

361 4825 519 4877 eum,
552 4815 610 4867 et
639 4812 777 4869 dicit
827 4815 876 4872 ei
914 4833 928 4874 :
975 4820 1276 4885 Quomodo
1335 4823 1536 4892 habes,
1589 4829 1725 4886 fili?
1761 4831 2003 4890 Dicitad

361 4914 544 4988 eum:
580 4899 640 4954 In
701 4919 912 4976 magna
971 4925 1125 4973 sum,
1187 4911 1442 4980 domine,
1493 4915 1832 4988 defectione,
1868 4939 2001 4978 san-

361 4990 450 5042 cte
500 4987 622 5055 Dei,
673 5008 788 5046 non
844 4994 962 5050 fero
1019 4996 1304 5054 clamores
1362 5019 1562 5058 eorum
1618 5011 1675 5062 et
1730 4987 2001 5082 terrores,

362 5092 426 5131 ac
449 5077 842 5148 jaculationes
871 5100 973 5138 seu
1027 5083 1410 5156 lapidationes
1458 5109 1682 5149 eorum.
1713 5077 2002 5156 Tenentes

362 5167 821 5241 manuscriptam
857 5189 1070 5238 meam,
1103 5183 1423 5234 causentur
1452 5199 1544 5237 me
1575 5184 1836 5243 dicentes
1869 5204 1882 5244 :
1919 5190 2005 5245 'l‘u

356 5253 564 5310 venisti
595 5257 666 5311 ad
721 5275 847 5325 nos,
881 5277 994 5315 non
1057 5279 1163 5319 nos
1211 5266 1280 5320 ad
1343 5271 1419 5324 te.
1453 5270 1523 5324 Et
1579 5272 1722 5328 dicit
1777 5275 1828 5331 ei
1878 5295 2008 5333 san-

359 5347 488 5397 ctus
522 5361 534 5398 :
569 5345 696 5400 Noli
751 5347 976 5416 timere,
1029 5351 1108 5406 fili
1162 5359 1388 5411 tantum
1439 5361 1646 5429 crede;
1681 5368 1738 5418 et
1777 5365 1924 5421 dans
1949 5365 1998 5422 ei

362 5432 652 5518 modicam
698 5451 913 5504 escam,
967 5439 1304 5515 faciensque
1369 5464 1546 5518 super
1609 5467 1742 5506 cum
1788 5451 2002 5510 Christi

362 5515 570 5576 iterum
630 5523 1002 5607 signaculum
1059 5547 1124 5586 ac
1183 5547 1376 5602 orans,
1435 5515 1674 5592 reclusit
1727 5555 1881 5596 cum.
1933 5542 2003 5598 Et

2117 4657 2346 4708 mantes
2403 4669 2536 4707 cum
2587 4650 2861 4725 lacrymis
2892 4669 2904 4706 :
2938 4651 3166 4707 Christe
3195 4650 3389 4724 Kyrie,
3421 4649 3648 4706 eleison.
3673 4643 3732 4698 Et

2117 4745 2304 4797 stante
2337 4739 2548 4814 populo
2581 4740 2638 4796 in
2671 4741 2874 4796 horam
2908 4739 3155 4796 multam
3184 4744 3457 4796 extensus
3506 4736 3732 4794 habente

2117 4847 2329 4886 manus
2350 4829 2410 4884 in
2434 4828 2666 4894 cmlum,
2681 4846 2812 4886 ecce
2837 4828 3238 4900 manuscripts.
3256 4829 3424 4900 pueri
3446 4844 3546 4900 per
3563 4836 3730 4881 aemm

2115 4917 2326 4984 delata,
2349 4921 2405 4974 et
2425 4919 2497 4973 ab
2519 4917 2794 4974 omnibus
2815 4917 2939 4974 visa
2957 4917 3137 4984 venit,
3157 4921 3216 4973 et
3235 4915 3513 4988 imposita
3529 4918 3613 4970 est
3631 4926 3732 4966 ma-

2115 5006 2289 5062 nibus
2321 5006 2714 5062 memorabilis
2743 5006 2924 5062 nostri
2957 5005 3142 5062 Patris
3172 5009 3232 5060 et
3263 5005 3534 5078 pastoris.
3565 4997 3730 5058 Suscio

2113 5097 2278 5168 piens
2299 5099 2492 5151 autem
2515 5112 2666 5158 eam,
2687 5103 2744 5151 et
2765 5095 2985 5166 gratias
3013 5111 3193 5169 agens
3213 5094 3351 5161 Deo,
3379 5092 3606 5168 gavisus
3630 5090 3723 5142 fac-

2116 5189 2210 5240 tus
2240 5189 2330 5240 est
2357 5183 2544 5252 valde,
2575 5189 2631 5239 et
2660 5200 2856 5240 coram
2887 5182 3046 5238 omni
3078 5181 3293 5255 populo
3338 5182 3487 5238 dixit
3513 5180 3578 5235 ad
3609 5189 3729 5249 pue-

2116 5290 2244 5328 rum
2283 5291 2296 5328 :
2327 5272 2644 5346 Cognoseis
2691 5271 2980 5328 lilterulas
3027 5271 3156 5337 has,
3188 5271 3412 5327 frater?
3441 5268 3541 5336 Qui
3571 5264 3643 5321 ait
3670 5259 3728 5315 ad

2112 5379 2245 5417 eum
2281 5379 2294 5416 :
2328 5361 2538 5427 Etiam,
2571 5365 2771 5418 sancte
2805 5361 2929 5428 Dei,
2952 5361 3360 5434 manuscripta
3392 5375 3520 5416 mea
3543 5359 3642 5412 est.
3669 5350 3729 5405 Et

2112 5451 2488 5522 disrumpens
2515 5449 2975 5522 manuscriptam
3026 5455 3289 5506 sanctus.
3324 5446 3590 5514 Basilius,
3620 5455 3728 5512 per-

2111 5539 2278 5595 duxit
2305 5555 2440 5594 eum
2472 5538 2543 5594 ad
2576 5537 2967 5607 ecclesiam,et
2996 5537 3240 5610 dignum
3275 5537 3407 5594 fecit
3435 5537 3625 5592 sancto
3643 5525 3733 5584 mi-
