3896 6182
188 381 305 446 7Ξῦ

1101 382 1204 444 DE
1247 381 1624 447 DIVURTIO
1666 383 2040 447 LOTHARII
2086 385 2188 448 E'l‘
2230 385 2691 449 TETBERGE.

3493 384 3610 448 726

191 511 440 582 nisterio,
471 516 530 570 et
555 513 970 572 communione
991 514 1406 590 mysteriorum
1435 521 1493 574 et
1521 534 1835 575 munerum
1867 518 1912 586 Α
1949 535 2033 588 ra,
2068 522 2134 576 ut
2165 517 2626 592 supradiximus,
2665 517 3020 589 coalescit,et
3038 519 3294 594 peccatis
3324 518 3610 596 exigenti-

191 603 416 662 Cbristi.
451 604 523 659 Et
543 603 765 660 faciens
782 605 1840 680 susceptionemjmagnam,refrigera-

188 693 263 750 vit
283 709 520 750 omnem
541 693 913 766 populum,et
927 694 1148 750 ducens
1169 711 1418 768 puerum
1433 713 1499 751 ac
1519 695 1835 765 instruens,

192 799 284 840 seu
304 782 457 839 dans
479 781 528 838 ei
546 781 810 854 regulam
833 783 1154 850 decentem,
1183 783 1583 842 reddiditeum
1605 785 1838 842 mulieri

191 872 307 944 ejus
328 869 621 928 intacibili
635 887 734 928 ore
745 870 1170 945 gloriﬁcantem
1194 876 1251 928 et
1271 871 1608 930 laudantem
1631 874 1834 931 Deum.

191 962 385 1017 Amen.

254 1050 319 1106 Et
346 1049 706 1106 venerabilis
726 1049 1030 1123 presbyter
1059 1051 1214 1108 Beda
1243 1051 1302 1106 in
1326 1051 1494 1108 tertio
1515 1052 1670 1110 662
1691 1051 1840 1108 libro

193 1138 511 1196 Commenti
571 1139 741 1194 Lucae
801 1139 1597 1212 evangelistzeﬂnierrogavit
1626 1139 1838 1212 inquit,

194 1228 342 1283 illum
393 1229 552 1284 Iesus
610 1227 836 1284 dicens:
898 1227 1048 1296 Quod
1103 1229 1205 1284 tibi
1258 1245 1455 1286 nomen
1504 1233 1626 1286 est?
1655 1230 1720 1286 At
1749 1231 1844 1286 ille

191 1317 341 1381 dicit,
402 1317 586 1388 Legio,
640 1318 770 1390 quia
819 1317 1162 1386 intraverant
1217 1318 1497 1376 dmonia
1550 1319 1726 1374 multa
1784 1321 1845 1374 in

189 1421 317 1460 nun.
346 1406 504 1473 (Luc.
535 1422 657 1472 vm,
688 1403 802 1476 30).
835 1403 962 1460 Non
989 1405 1146 1462 velut
1172 1407 1397 1464 inscius
1420 1424 1632 1464 nomen
1655 1407 1845 1480 inqui-

191 1493 275 1560 rit,
305 1493 416 1550 sed
452 1497 517 1549 ut
546 1493 815 1550 confessa
844 1510 1039 1550 coram
1064 1498 1246 1567 peste,
1281 1513 1458 1568 quam
1484 1497 1686 1554 furens
1709 1497 1846 1553 tole-

189 1581 369 1650 rabat,
400 1581 590 1638 virtus
612 1581 874 1638 curantis
887 1583 1110 1656 gratior
1129 1583 1426 1640 emicaret.
1447 1585 1560 1642 Sed
1582 1589 1641 1641 et
1661 1584 1845 1642 nostri

189 1669 468 1742 temporis
497 1670 850 1742 sacerdotes,
875 1670 976 1744 qui
998 1688 1102 1744 per
1130 1672 1440 1728 exorcismi
1465 1673 1715 1746 gratiam
1739 1674 1849 1728 ds:-

189 1776 391 1817 mones
419 1759 631 1832 ejicere
679 1763 916 1828 norunt,
950 1759 1138 1816 solent
1166 1759 1378 1828 dicere,
1409 1761 1700 1833 patientes
1729 1779 1845 1818 non

189 1847 352 1906 aliter
385 1847 574 1904 valere
596 1847 810 1917 curari,
855 1847 970 1904 nisi
1018 1853 1306 1920 quantum
1339 1866 1544 1923 sapere
1575 1855 1842 1922 possunt,

189 1954 357 1995 omne
393 1937 552 2010 quod
585 1937 658 1993 ab
709 1936 1032 1994 immundis
1078 1937 1409 2010 spiritibus,
1431 1937 1583 2006 visu,
1616 1938 1844 2007 auditu,

188 2030 394 2102 gustu,
426 2025 672 2082 odoratu
703 2029 762 2082 et
788 2029 972 2095 tactu,
1003 2025 1094 2082 vel
1124 2026 1238 2083 alio
1265 2026 1532 2098 quolibet
1561 2027 1846 2101 corporis,

186 2115 266 2172 vel
294 2114 488 2172 animi
514 2131 711 2182 sensu,
745 2114 1077 2188 vigilantes,
1128 2115 1560 2173 dormientesve
1590 2117 1845 2190 pertule-

189 2203 318 2272 rint,
381 2203 713 2260 conﬁtendo
770 2207 1040 2276 patenter
1090 2208 1404 2276 exponant.
1465 2206 1536 2260 Et
1593 2207 1845 2263 maxime

187 2292 443 2366 quando,
473 2291 564 2348 vel
591 2291 732 2348 viris
761 2290 823 2347 in
854 2291 1046 2366 specie
1078 2293 1348 2358 feminea,
1363 2293 1449 2350 vel
1473 2293 1532 2350 in
1561 2294 1715 2350 virili
1748 2295 1847 2352 ha-

188 2383 304 2438 bitu
338 2381 586 2438 feminis
613 2397 868 2454 apparen
878 2384 1140 2453 tes,quos
1153 2381 1447 2440 diemones
1463 2382 1613 2441 Galli
1633 2383 1846 2446 Dusios

186 2474 418 2539 vocant,
451 2469 692 2527 infando
722 2468 1006 2526 miraculo
1024 2469 1268 2543 spiritus
1289 2471 1612 2544 incorporei
1643 2489 1846 2546 corpo-

191 2559 442 2617 humani
475 2557 853 2617 concubitum
877 2563 1072 2632 petere
1119 2577 1181 2615 se
1213 2577 1278 2616 ac
1337 2565 1566 2633 patrare
1623 2563 1846 2618 conﬁn-

188 2653 357 2723 gunt,
391 2653 452 2706 et
481 2665 697 2705 nomen
729 2648 1030 2716 daemonis,
1055 2665 1169 2720 quo
1200 2665 1262 2705 se
1284 2649 1506 2706 censeri
1539 2651 1769 2718 dixerit,
1791 2655 1848 2708 et

192 2737 493 2812 dejeraudi
524 2737 753 2803 modos,
780 2737 998 2810 quibus
1043 2736 1260 2793 amoris
1309 2738 1401 2795 sui
1461 2739 1650 2796 fmdus
1681 2739 1848 2796 alter-

193 2831 391 2884 utrum
427 2825 796 2900 pepigerunt,
817 2825 1149 2900 prodendos
1179 2842 1308 2883 esse
1337 2827 1846 2900 praecipiuntQuae

192 2914 498 2972 mendacio
531 2913 838 2972 simillima
863 2933 974 2986 res,
1010 2915 1112 2972 sed
1145 2915 1288 2973 adeo
1317 2931 1471 2988 vera,
1495 2919 1552 2972 et
1571 2915 1850 2990 plurimo-

193 3020 321 3060 rum
345 3003 731 3062 attestationc
749 3002 1154 3075 notissima,ut
1181 3005 1421 3077 quidam
1451 3005 1682 3062 vicinus
1703 3005 1848 3062 mihi

192 3094 498 3166 presbyter
528 3091 798 3150 retulerit
819 3109 880 3149 se
912 3093 1211 3165 quandam
1234 3091 1740 3151 sanctimonialem
1773 3095 1852 3151 fe-

193 3182 420 3238 minam
449 3199 484 3238 a
513 3180 801 3238 daamonio
821 3198 1025 3238 curare
1053 3182 1321 3254 cmpisse,
1346 3183 1446 3238 sed
1469 3183 1730 3254 quandiu
1757 3201 1851 3240 res

1946 608 2080 677 bus,
2110 609 2170 664 in
2203 609 2354 666 bono
2386 608 2642 684 conjugii
2667 607 2890 664 malum
2911 610 2980 664 ﬁt
2999 610 3336 682 operatione
3355 607 3571 666 diaboli
3590 637 3604 664 9

1946 697 2102 754 sicut
2134 698 2366 754 Domini
2399 703 2490 754 est
2518 701 2693 766 terra,
2728 698 2880 753 bona
2910 697 3138 770 utique,
3169 703 3290 753 uta
3309 697 3461 753 bono
3481 697 3600 754 Deo

1947 791 2163 858 creata,
2197 791 2254 844 et
2282 787 2623 860 iniquitates
2654 790 2794 843 sunt
2814 788 3046 853 nostra),
3081 784 3183 842 sed
3205 801 3358 857 sazpe
3385 785 3605 842 nostris

1947 877 2100 932 663
2131 875 2546 948 iniquitatibus
2572 875 2840 931 videmus
2859 878 2917 929 et
2938 873 3228 929 sentimus
3255 875 3468 928 terram
3495 874 3604 929 Do-

1947 963 2094 1020 mini
2109 964 2632 1037 tabescentcm,qui
2654 961 2926 1036 promisit
2948 962 3134 1018 iratus
3153 961 3414 1018 futuram
3436 961 3608 1018 nobis

1949 1057 2168 1108 terram
2201 1053 2474 1122 ferream,
2505 1055 2563 1107 et
2601 1052 2810 1108 ccelum
2859 1067 3096 1120 aereum,
3121 1053 3180 1106 et
3209 1049 3477 1122 placatus
3495 1050 3608 1106 da-

1949 1147 2152 1198 turum
2175 1159 2236 1197 se
2259 1141 2428 1198 nobis
2461 1141 2718 1214 pluviam
2772 1139 3162 1212 temporinam
3193 1143 3252 1197 et
3283 1137 3602 1196 serotinam

1949 1231 2142 1298 terrae,
2173 1233 2230 1286 et
2259 1231 2400 1302 quia
2427 1229 2644 1286 coelum
2677 1228 2841 1285 dabit
2871 1227 3152 1302 pluviam,
3184 1231 3242 1284 et
3261 1232 3419 1285 terra
3448 1227 3614 1283 dabit

1951 1320 2210 1375 fructum
2243 1336 2416 1374 suum
2445 1336 2599 1376 :non
2647 1335 2762 1391 quo
2811 1321 3216 1373 creaturarum
3267 1315 3616 1377 immutetur

1954 1411 2186 1474 natura,
2221 1407 2322 1464 sed
2355 1406 2494 1480 quia
2522 1407 2868 1464 meritorum
2901 1404 3354 1473 distantia,irato
3375 1403 3463 1460 vel
3484 1403 3612 1478 pla-

1951 1500 2080 1552 cato
2137 1497 2274 1564 Deo,
2325 1495 2534 1552 exinde
2591 1513 2625 1552 a
2674 1495 2844 1552 nobis
2888 1493 3144 1550 vindicta
3188 1492 3478 1550 sentiatur
3521 1491 3610 1549 vel

1952 1585 2160 1659 gratia.
2195 1587 2265 1641 Et
2290 1586 2499 1642 beatus
2534 1584 2847 1657 Gregorius
2872 1585 2932 1639 in
2962 1583 3110 1638 libro
3139 1582 3399 1640 secundo
3429 1582 3613 1637 Mora-

1954 1673 2102 1730 lium
2133 1678 2276 1746 (cap.
2334 1675 2389 1746 4)
2440 1673 2671 1730 dicit:«
2715 1673 2975 1741 Occulta,
3035 1670 3331 1744 inquiens,
3374 1669 3611 1743 justitia

1955 1762 2056 1819 Dei
2089 1761 2324 1819 licentia
2352 1763 2628 1836 malignis
2659 1761 2964 1836 spiritibus
2997 1761 3193 1829 datur,
3239 1763 3304 1816 ut
3331 1776 3479 1832 quos
3507 1775 3609 1814 vo-

1958 1851 2144 1907 lentes
2167 1851 2226 1907 in
2259 1853 2480 1923 peccati
2513 1851 2721 1924 laqueo
2751 1849 3140 1924 strangulant,
3172 1847 3232 1904 iu
3255 1847 3474 1921 peccati
3497 1865 3613 1920 pa:-

1955 1957 2094 1996 nam
2125 1939 2304 1996 etiam
2338 1941 2602 1997 nolentes
2623 1940 2880 1996 trahant.
2916 1961 2944 1989 ››
2971 1939 3042 1994 Et
3067 1935 3435 2010 Augustinus
3465 1937 3523 1992 in
3545 1935 3610 1992 li-

1953 2029 2059 2085 bro
2088 2029 2279 2102 primo
2309 2031 2380 2086 de
2410 2028 2643 2102 Nuptiis
2669 2032 2729 2085 et
2777 2026 3265 2100 Concupiscentia
3300 2030 3442 2098 (cap.
3473 2025 3565 2096 23)
3593 2043 3605 2080 :

1956 2141 1984 2168 «
2020 2117 2128 2184 Qui
2162 2118 2412 2174 miratur
2439 2118 2581 2190 quia
2610 2120 2875 2174 creatura
2893 2115 2996 2172 Dei
3053 2113 3329 2172 subditur
3356 2112 3610 2178 diabolo,

1957 2223 2074 2262 non
2108 2207 2374 2262 miretur.
2407 2207 2692 2263 Subditur
2721 2205 2876 2261 enim
2909 2209 3178 2260 creatura
3214 2202 3612 2260 Deicreaturm

1955 2293 2080 2364 Dei,
2116 2293 2309 2351 minor
2349 2295 2581 2368 majori,
2609 2293 2748 2366 quia
2776 2293 2952 2349 homo
2984 2291 3214 2365 angelo,
3249 2307 3354 2347 nec
3411 2294 3610 2347 tamen

1957 2387 2196 2456 propter
2220 2387 2512 2450 naturam,
2539 2383 2638 2438 sed
2671 2386 2907 2456 propter
2925 2379 3320 2452 vitium,_quia
3348 2378 3608 2434 immun-

1958 2473 2072 2530 dus
2103 2473 2430 2528 immundo.
2468 2494 2496 2521 »
2531 2471 2678 2538 Quia
2707 2474 2763 2528 et
2783 2471 2908 2542 ipse
2929 2469 3200 2526 diabolus
3224 2468 3470 2543 spiritus
3499 2467 3608 2524 im-

1957 2562 2218 2617 mundus
2240 2565 2348 2618 est.
2367 2561 2438 2616 Et
2461 2559 2662 2632 utique
2685 2559 2904 2616 bonum
2928 2559 3082 2631 quod
3115 2555 3609 2631 spiritus,-malum

1957 2651 2112 2724 quod
2146 2650 2491 2706 immundus
2517 2665 2530 2704 :
2564 2648 2844 2720 quoniam
2875 2646 3119 2719 spiritus
3150 2651 3240 2703 est
3268 2645 3612 2715 natura,im-

1957 2739 2216 2795 mundus
2247 2742 2336 2794 est
2361 2737 2519 2804 vitio,
2553 2753 2804 2809 quorum
2835 2735 3088 2790 duorum
3123 2733 3268 2792 illud
3297 2753 3334 2790 a
3363 2735 3480 2791 Deo
3499 2737 3608 2802 est,

1956 2827 2067 2884 hoc
2097 2827 2168 2883 ab
2197 2825 2344 2900 ipso.
2373 2826 2499 2882 Non
2531 2825 2726 2897 itaque
2749 2827 2906 2880 tenet
2926 2823 3213 2890 homines,
3229 2822 3348 2879 sive
3369 2823 3612 2894 majoris

1957 2915 2076 2972 sive
2107 2913 2392 2972 infantilis
2421 2913 2634 2982 aetatis,
2677 2916 2916 2984 propter
2948 2911 3102 2984 quod
3153 2911 3419 2966 homines
3449 2913 3610 2978 sunt,

1957 3005 2059 3061 sed
2093 3007 2326 3076 propter
2354 3002 2510 3076 quod
2535 2998 2826 3056 immundi
2858 3003 3017 3055 sunt.
3039 2999 3111 3054 Et
3130 2997 3188 3053 in
3216 2997 3364 3054 libro
3386 2997 3458 3054 de
3476 2997 3614 3053 Gra-

1959 3093 2040 3149 tia
2071 3097 2128 3149 et
2155 3092 2334 3148 libero
2361 3089 2613 3147 Arbitrio
2635 3087 3152 3162 (cap.21):-Fixum
3181 3085 3361 3156 enim,
3395 3083 3610 3158 inquit,

1960 3183 2134 3238 debet
2154 3198 2281 3238 esse
2313 3185 2370 3236 et
2398 3178 2698 3235 immobile
2719 3177 2782 3232 in
2803 3177 2976 3234 corde
2997 3179 3207 3244 vestro,
3233 3174 3372 3248 quia
3387 3191 3502 3231 non
3525 3177 3615 3230 est

189 3268 436 3337 latebat,
467 3269 615 3326 nihil
633 3271 790 3342 apud
813 3286 942 3326 eam
970 3270 1251 3342 proﬁcere
1273 3269 1561 3344 potuisse:
1586 3271 1854 3328 confesso
1882 3257 1926 3324 Ο
1963 3271 2246 3345 iniquitas
2275 3271 2430 3344 apud
2463 3271 2668 3325 Deum.
2701 3269 2780 3324 Ac
2811 3284 2915 3340 per
2941 3265 3050 3322 hoc
3082 3265 3317 3338 quando
3337 3263 3531 3337 legitis
3552 3263 3612 3318 in

192 3364 390 3416 autem
425 3375 542 3432 quo
555 3359 982 3416 molestabatur
993 3357 1404 3432 phantasmate
1413 3376 1488 3428 ,m
1497 3376 1567 3415 0x
1579 3363 1637 3415 et
1657 3359 1851 3432 ipsum

191 3447 580 3516 orationibus,
613 3446 953 3520 (ueterisque
986 3465 1112 3520 quae
1157 3448 1462 3521 Oportebat
1493 3447 1854 3520 puriﬁcatio-

191 3554 334 3594 num
365 3535 1072 3610 generibusell‘ugasse,et
1087 3536 1353 3608 ejusdem
1381 3535 1610 3592 feminae
1641 3553 1854 3610 corpus

191 3625 264 3682 ab
293 3624 621 3696 ulceribus,
651 3642 779 3698 quae
802 3624 1084 3682 daemonis
1106 3629 1265 3681 tactu
1284 3625 1856 3691 contraxerat,medi-

193 3713 371 3770 cinali
403 3713 621 3783 studio,
655 3714 933 3786 adjuncto
963 3712 1086 3770 sale
1111 3711 1442 3780 benedicto,
1459 3730 1716 3770 curasse.
1743 3714 1855 3770 Sed

192 3803 334 3859 dum
368 3819 557 3859 unum
591 3803 664 3859 de
695 3801 1015 3872 ulceribus,
1043 3801 1198 3874 quod
1222 3800 1589 3874 altiusﬂateri
1609 3801 1854 3858 inﬁxum

194 3890 862 3964 repererat,nullatenus
883 3893 1081 3962 posset
1109 3889 1254 3962 quin
1281 3889 1561 3946 continuo
1581 3881 1858 3962 pandere-

195 3983 291 4036 tur
318 3980 638 4047 obducere,
669 3980 742 4036 ab
771 3979 976 4036 eadem
1005 3979 1154 4052 ipsa,
1180 3996 1357 4052 quam
1381 3997 1588 4036 sanare
1607 3979 1854 4048 volebat,

194 4069 516 4126 consilium
545 4086 664 4142 quo
685 4073 996 4126 sanaretur
1023 4069 1646 4142 accepisse.Si,inquit,
1661 4069 1855 4125 oleum

193 4157 572 4231 proinﬁrmis
589 4160 1000 4214 consecratum
1017 4157 1206 4214 eidem
1221 4156 1646 4213 medicamento
1667 4174 1860 4230 asper-

192 4246 368 4316 seris,
400 4247 605 4319 sicque
637 4263 730 4303 me
759 4245 1123 4318 perunxeris,
1160 4245 1365 4302 statim
1421 4245 1658 4302 sanitati
1689 4245 1856 4302 resti-

192 4340 351 4390 tuar.
387 4335 537 4392 Nam
560 4334 678 4390 vidi
708 4335 1006 4407 quondam
1055 4351 1156 4406 per
1206 4334 1481 4407 spiritum
1511 4333 1572 4389 in
1600 4336 1857 4406 quadam

189 4423 438 4496 longius
469 4423 662 4496 posita
677 4421 1116 4494 civitate,quam
1131 4438 1436 4494 nunquam
1457 4421 1858 4494 corporalibus

191 4512 388 4569 oculis
421 4511 561 4578 vidi,
596 4510 850 4584 puellam
881 4511 1178 4583 quandam
1201 4509 1326 4584 pari
1357 4508 1685 4567 calamitate
1705 4510 1860 4567 labo-

1963 3361 2174 3417 litteris
2195 3359 2479 3427 veritatis,
2511 3357 2680 3414 aDeo
2718 3356 2920 3413 seduci
2973 3353 3265 3422 homines,
3299 3356 3364 3409 ut
3391 3353 3612 3408 obtun-

1962 3450 2020 3505 di
2049 3449 2136 3505 vel
2167 3448 2440 3504 obdurari
2485 3447 2664 3504 corda
2693 3462 2918 3512 eorum,
2962 3443 3138 3500 nolite
3168 3440 3438 3498 dubitare
3467 3457 3612 3514 prae-

1963 3537 2209 3594 cessisse
2243 3535 2399 3592 mala
2429 3535 2637 3592 merita
2666 3550 2892 3601 eorum,
2926 3537 2992 3588 ut
3011 3533 3172 3604 juste
3203 3530 3316 3587 ista
3346 3532 3614 3602 pateren-

1963 3631 2078 3693 tur,
2116 3643 2186 3682 nc
2206 3625 2522 3680 incurratis
2554 3623 2699 3678 illud
2725 3621 3099 3695 proverbium
3130 3617 3494 3675 Salomonis:
3525 3620 3616 3670 ln-

1963 3713 2236 3788 sipientia
2263 3713 2371 3769 viri
2401 3712 2712 3769 violatvias
2741 3713 2790 3784 ej
2801 3729 2891 3780 us,
2915 3711 3099 3766 Deum
3118 3711 3316 3765 autem
3337 3708 3616 3761 causatur

1965 3803 2025 3859 in
2055 3805 2227 3862 corde
2257 3820 2386 3858 suo.
2424 3824 2452 3852 ››

2125 3890 2665 3948 INTERROGATIO
2704 3889 2853 3946 XVII
2891 3889 2983 3945 ET
3024 3882 3440 3944 RESPONSIO.

2034 3983 2116 4038 Dc
2147 3999 2212 4038 eo
2235 3981 2526 4054 siquidem
2558 3980 2710 4052 quod
2739 3979 3162 4050 interrogatum
3195 3977 3376 4041 est,ut
3396 3971 3447 4029 si
3469 3972 3616 4028 forte

1963 4071 2106 4129 tales
2135 4069 2241 4126 viri
2264 4067 2532 4136 malefici,
2563 4068 2654 4124 vel
2682 4066 3093 4123 incantatrices
3120 4062 3347 4118 femina
3371 4060 3616 4116 inventa;

1964 4159 2202 4226 fuerint,
2237 4157 2378 4230 quid
2399 4157 2471 4212 de
2499 4155 2840 4228 bujusmodi
2861 4153 2986 4210 fieri
3009 4153 3484 4216 debeat,sanctus
3505 4149 3618 4204 Leo

1965 4249 2229 4306 scribens
2258 4247 2331 4303 ad
2353 4245 2657 4318 episcopos
2687 4261 2791 4316 per
2834 4241 3136 4298 universas
3167 4236 3496 4312 provincias
3515 4236 3617 4292 de-

1967 4340 2256 4394 monstrat
2284 4335 2462 4407 (epist.
2517 4333 2602 4400 11,
2659 4331 2922 4403 episcopis
2972 4345 3072 4402 per
3122 4325 3400 4397 Italiam):
3437 4346 3466 4374 ‹‹
3496 4323 3616 4380 Ali-

1965 4426 2194 4500 quanti,
2218 4421 2510 4496 inquiens,
2535 4419 2808 4486 malefici,
2845 4417 2944 4490 qui
2992 4416 3074 4472 ita
3102 4433 3164 4472 se
3193 4415 3614 4479 demerserant,

1967 4521 2034 4572 ut
2062 4514 2289 4571 nullum
2324 4512 2417 4568 bis
2445 4508 2782 4566 auxiliantis
2811 4510 3008 4579 posset
3051 4502 3375 4562 remedium
3407 4501 3618 4558 subve-

190 4605 432 4658 mntem
465 4599 663 4657 taliter
691 4617 726 4656 ὃ
755 4600 1058 4657 sacerdote
1107 4603 1392 4688 curatam:
1456 4599 1614 4655 Ρεοίῐ
1666 4603 1729 4654 ut
1758 4599 1860 4655 illa
1887 4623 1935 4688 Ι)
1971 4602 2342 4672 nire,subditi
2367 4597 2946 4672 legibus,secundum
2968 4593 3434 4688 Christianorum
3463 4590 3620 4688 prin-

192 4693 601 4763 suggesserat.
633 4687 952 4761 statimque
984 4687 1152 4744 010118
1173 4686 1518 4757 remedium,
1553 4688 1707 4759 quod
1726 4692 1859 4744 ante
1887 4679 1930 4688 ”
1968 4693 2165 4766 cipum
2179 4690 2592 4756 constituta,nc
2605 4689 2875 4742 sanctum
2897 4700 3131 4757 gregem
3153 4698 3260 4738 sua
3273 4679 3619 4754 contagione

189 4781 530 4850 respuerat,
563 4775 825 4850 accipere
855 4775 1172 4832 consensit.
1232 4775 1362 4831 Haac
1392 4779 1595 4832 contra
1625 4776 1859 4832 fraudes

191 4866 542 4922 damonum
578 4864 782 4938 paucis
831 4863 1120 4937 explicare
1176 4863 1391 4928 curavi,
1427 4867 1492 4918 ut
1535 4881 1712 4936 quam
1744 4882 1860 4921 non

187 4955 428 5010 frustra
455 4954 743 5010 Dominus
761 4969 974 5010 nomen
996 4953 1046 5024 ej
1057 4968 1328 5024 us,quem
1347 4951 1697 5023 expulsurus
1715 4958 1860 5022 erat,

190 5041 457 5115 spiritus
484 5039 882 5116 interrogarit,
915 5039 1228 5114 intelligas.

388 5129 936 5188 INTERROGATIO
975 5125 1098 5184 XVI
1136 5129 1228 5184 ET
1269 5127 1682 5184 RESPONSIO.

261 5221 355 5277 De
387 5235 458 5274 eo
487 5223 684 5275 autem
711 5219 868 5290 quod
891 5217 1312 5289 interrogatum
1331 5219 1575 5289 est,quee
1598 5218 1867 5276 sitcausa

189 5325 303 5366 cur
343 5307 530 5375 Deus,
549 5311 617 5362 ut
640 5306 1038 5380 dicitur,saepe
1069 5307 1128 5361 in
1158 5305 1419 5380 legitimo
1449 5307 1721 5380 conjugio
1735 5325 1862 5380 per-

187 5399 406 5454 mittat
436 5395 575 5452 talia
605 5395 755 5463 fieri,
785 5394 1092 5451 sciendum
1124 5398 1212 5451 est
1232 5393 1371 5466 quia
1393 5399 1458 5450 ut
1488 5412 1523 5450 a
1553 5396 1670 5452 Deo
1705 5397 1866 5454 insti-

189 5490 408 5543 tutum
442 5484 782 5556 conjugium
815 5484 1035 5539 bonum
1052 5487 1406 5551 est,etomnc
1428 5488 1728 5556 peccatum
1751 5505 1865 5542 non

187 5593 262 5632 ex
290 5571 544 5648 propria
573 5575 783 5630 natura
795 5571 1069 5629 subsistit
1095 5571 1337 5639 ;malum
1351 5573 1566 5646 quippe
1588 5573 1712 5631 sine
1735 5578 1867 5634 sub-

192 5663 440 5722 stantia
469 5665 578 5734 est,
601 5661 759 5734 quod
791 5665 991 5719 tamen
1022 5665 1319 5732 utcunque
1345 5661 1432 5730 fit,
1457 5661 1516 5717 in
1549 5662 1683 5718 boni
1703 5670 1870 5722 natu-

1970 4782 2424 4856 polluerent.per
2435 4775 2730 4850 publicosj
2742 4774 2938 4830 udices
2960 4776 3238 4846 perpetuo
3260 4775 3400 4827 sunt
3418 4768 3620 4828 exsilio

1971 4870 2232 4944 relegati.
2261 4891 2288 4918 »
2321 4869 2390 4924 Et
2415 4870 2546 4940 post
2594 4865 2938 4938 aliquanta:
2973 4887 3000 4915 ‹‹
3042 4861 3224 4920 Aliter
3263 4861 3420 4919 enim
3450 4861 3621 4918 nobis

1973 4957 2322 5017 commissos
2353 4974 2551 5029 regere
2583 4973 2700 5012 non
2731 4952 3193 5028 possumus,nisi
3222 4950 3462 5024 hos,qui
3483 4951 3624 5005 sunt

1972 5047 2296 5122 perditores
2325 5049 2382 5102 et
2403 5044 2632 5116 perditi,
2657 5043 2779 5100 zelo
2801 5043 2936 5100 ﬁdei
2965 5041 3281 5100 Dominica:
3311 5053 3624 5112 persequa-

1976 5140 2192 5205 mur,et
2219 5134 2432 5192 asauis
2464 5134 2858 5200 mentibus,ne
2892 5132 3073 5206 pestis
3093 5132 3212 5188 hac
3233 5128 3412 5185 latius
3431 5125 3623 5180 divul-

1974 5231 2162 5301 getur,
2194 5224 2498 5282 severitate
2531 5239 2647 5294 qua
2675 5238 2992 5294 possumus
3034 5219 3430 5276 abscidamus.
3464 5213 3626 5270 Unde

1972 5317 2172 5372 hortor
2201 5313 2571 5369 dilectionem
2605 5314 2880 5376 vestram,
2905 5311 3182 5373 obtestor,
3215 5309 3275 5361 et
3305 5318 3534 5366 moneo,
3563 5303 3630 5356 ut

1974 5423 2091 5478 qua
2111 5401 2336 5459 debetis
2355 5406 2412 5458 ct
2438 5399 2683 5474 potestis
2731 5396 3127 5456 sollicitudine
3156 5393 3431 5468 vigiletis,
3448 5390 3521 5478 ad
3545 5390 3628 5444 in-

1973 5490 2349 5563 vestigandos
2395 5505 2515 5555 eos,
2576 5486 2785 5542 necubi
2845 5482 3174 5539 occultandi
3233 5498 3294 5538 se
3336 5477 3630 5552 reperiant

1979 5579 2338 5637 facultatem.
2365 5577 2437 5634 Ut
2457 5577 2612 5632 enim
2648 5574 2884 5630 habebit
2912 5591 2945 5628 a
2973 5573 3088 5627 Deo
3121 5571 3330 5644 ingens
3361 5584 3627 5626 remune-

1979 5669 2222 5726 rationis
2253 5664 2701 5740 prwlnium,qui
2725 5661 3064 5733 diligentius
3085 5661 3244 5733 quod
3275 5660 3348 5718 ad
3372 5657 3625 5717 salutem
