3896 6182
338 381 461 454 im
491 473 500 478 _

1279 373 1664 450 HINCMARI
1709 371 2156 446 RHEMENSFS
2200 381 2820 450 ARCHIEPISCOPI.

3598 387 3698 452 ’128

339 523 670 582 commissas
702 522 812 580 sibi
835 521 1021 596 plebis
1041 521 1309 594 proficiat
1349 519 1524 578 fuerit
1550 522 1880 586 exsecutus,
1913 518 1998 575 ita
2023 513 2080 584 Α
2111 517 2313 591 regula
2342 509 3316 593 quinquen'niojaceantsecundum
3329 517 3530 592 gradus
3545 521 3704 593 ptent-

341 617 478 672 ante
503 611 767 670 tribunal
789 613 944 668 604
974 610 1207 668 Domini
1229 611 1299 667 de
1329 613 1492 667 reatu
1533 607 1898 684 negligentiae
1929 625 1994 664 se

344 707 458 761 non
475 702 688 776 poterit
709 718 986 758 excusare
1004 701 1342 773 quicunque
1360 699 1588 772 plebem
1603 715 1771 755 suam
1789 703 1997 754 contra

345 791 638 865 sacrilegae
656 789 1056 864 persuasionis
1077 795 1346 846 auctores
1359 787 1611 845 noluerit
1640 787 1992 844 custodire.»

347 893 356 899 ‘
415 869 487 938 Et
509 884 751 938 sanctus
807 878 1119 951 Gregorius
1167 879 1241 934 ad
1285 877 1638 952 Cyprianum
1681 877 1992 933 diaconum

345 967 472 1038 '(lib.
505 987 604 1037 xu,
634 970 788 1041 epist.
824 968 948 1039 l3):
982 991 1008 1017 α
1034 966 1134 1022 Vir
1163 966 1574 1022 sanctissimus
1605 965 1994 1022 Maximianus

352 1059 734 1132 coepiscopus
763 1055 1304 1124 noster,Ecclesiam
1331 1056 1426 1112 Dei
1443 1055 1635 1129 pravis
1655 1056 1998 1112 hominibus

350 1145 600 1222 purgare
629 1146 988 1214 desiderans,
1020 1145 1396 1202 laudabiliter
1421 1161 1558 1219 erga
1575 1143 1996 1202 ecclesiastico—

352 1253 482 1292 rum
504 1235 862 1302 vitam,sicut
885 1233 1356 1300 nosti,sollicitus
1374 1234 1614 1302 fuit.Qui
1631 1235 1770 1291 dum
1793 1225 1995 1292 eorum

299 1379 305 1386 .
350 1331 516 1382 actus
535 1323 842 1398 vigilanter
859 1341 1000 1380 cura
1021 1322 1301 1396 pastorali
1323 1323 1670 1390 intenderet,
1686 1322 1993 1392 maleficio,

352 1415 507 1488 quod
538 1413 712 1488 vulgo
742 1417 1041 1469 cunterma
1062 1412 1299 1481 dicitur,
1329 1415 1618 1484 quosdam
1649 1412 1855 1469 didicit
1880 1427 1998 1468 ma-

341 1503 596 1571 culatos,
623 1518 772 1574 quos
800 1501 1161 1570 etiam,sicut
1188 1506 1245 1558 et
1273 1501 1601 1558 dilectionis
1623 1507 1735 1558 tua:
1770 1503 2001 1559 nuntia-

339 1593 437 1647 ‘vit
461 1589 730 1664 epistola,
763 1591 922 1647 dedit
951 1590 1010 1646 in
1043 1591 1308 1648 custodia
1354 1591 1708 1648 retinendos.
1735 1593 1842 1648 Sed
1864 1591 2004 1664 quia

343 1679 605 1754 peccatis
628 1678 844 1736 nostris
866 1679 1216 1736 facientibus
1232 1685 1418 1736 morte
1439 1685 1765 1753 praeventus
1780 1681 2001 1738 crimen

352 1770 547 1842 ipsum
579 1767 782 1825 ulcisci
816 1785 934 1825 non
961 1768 1164 1836 valuit,
1191 1785 1428 1826 necesse
1448 1773 1536 1825 est
1567 1773 1632 1824 ut
1656 1768 1888 1824 dilectio
1902 1773 2004 1824 tua

2101 607 2294 662 tentias
2326 605 3700 682 difﬁnitos.»ExconcilioBracarensi(n)capite'lu.

2105 695 2196 751 «Si
2213 695 2346 768 quis
2357 713 2656 770 paganoru
2664 713 2720 752 m
2740 693 3222 753 consuetudinem
3235 710 3494 768 sequens,
3507 696 3705 754 divinos

2103 787 2161 840 et
2189 785 2494 859 sortilegos
2521 785 2676 843 005
2725 785 2786 842 in
2833 785 3074 842 domum
3120 796 3286 840 suam
3334 782 3704 854 introduxerit,

2104 873 2271 946 quasi
2288 878 2351 928 ut
2363 874 2585 930 malum
2599 875 2754 932 foras
2767 874 3132 943 mittant,aut
3143 870 3706 943 maleficiainveniant,

2102 961 2190 1018 vel
2220 962 2598 1020 lustrationes
2623 979 2986 1038 paganorum
3025 961 3260 1030 faciant,
3290 962 3538 1034 quinque
3563 963 3714 1019 annis

2105 1050 2510 1122 paenitentiam
2543 1051 2810 1125 agat.»-Et
2838 1051 3030 1125 capite
3054 1051 3121 1106 71
3151 1068 3199 1108 τι
3231 1049 3356 1106 Non
3384 1050 3546 1106 liceat
3571 1050 3709 1106 Chri-

2107 1139 2314 1196 stianis
2349 1143 2545 1196 tenere
2582 1140 2926 1197 traditiones
2976 1139 3304 1214 gentilium,
3335 1141 3394 1196 et
3445 1139 3714 1196 observare

2104 1226 2197 1284 vel
2227 1227 2414 1284 colere
2435 1228 2854 1296 elementa,aut
2872 1229 3024 1284 luna:
3048 1229 3148 1284 aut
3169 1226 3464 1284 stellarum
3484 1243 3714 1294 cursum,

2107 1320 2210 1372 aut
2236 1316 2475 1374 inanem
2508 1318 2816 1392 signorum
2841 1316 3128 1374 fallaciam
3146 1331 3250 1390 pro
3281 1316 3452 1373 domo
3467 1315 3716 1380 facienda,

2104 1405 2195 1462 vel
2255 1411 2492 1480 propter
2547 1411 2794 1480 segetes,
2825 1406 2915 1463 vel
2972 1407 3209 1463 arbores
3247 1403 3601 1479 plantandas,
3643 1404 3716 1460 vel

2109 1495 2385 1567 conjugia
2412 1495 2710 1552 socianda.
2744 1495 3040 1570 Scriptum
3073 1498 3164 1552 est
3183 1495 3340 1552 enim
3367 1493 3574 1551 :Onmia
3597 1505 3718 1566 quae—

2109 1599 2322 1656 cunque
2345 1586 2553 1657 facitis,
2585 1593 2682 1642 aut
2712 1586 2770 1640 in
2801 1585 2983 1654 verba,
3033 1592 3128 1641 aut
3156 1586 3218 1641 in
3271 1597 3447 1656 opere,
3477 1585 3644 1640 omnia
3669 1583 3717 1637 in

2108 1675 2330 1729 nomine
2376 1674 2597 1730 Domini
2651 1679 2829 1730 nostri
2874 1675 3002 1730 Iesu
3060 1674 3264 1730 Christi
3307 1673 3486 1744 finite,
3541 1673 3718 1742 gratius

2111 1771 2328 1834 agentes
2356 1763 2460 1818 Deo
2491 1763 2624 1834 (Col.
2660 1779 2744 1830 nt,
2772 1764 2880 1830 17).
2917 1784 2945 1813 ››
2974 1759 3046 1819 Et
3083 1777 3211 1836 cap.
3243 1761 3357 1818 72:
3393 1783 3420 1812 (ι
3443 1759 3562 1818 Non
3579 1757 3718 1818 liceat

342 1869 489 1914 ‘cum
521 1858 682 1914 omni
712 1857 820 1914 hoc
870 1857 1194 1914 subtilitate
1243 1857 1518 1931 indagare
1549 1857 1804 1926 festinet,
1828 1863 2004 1930 atque
2029 1878 2082 1952 Β
2111 1850 2648 1952 collectionibus?
2675 1851 3015 1952 herbam-II},
3050 1865 3178 1952 qua;
3199 1849 3571 1952 ιτξείῖίοῖῒιεξξεε
3585 1855 3716 1952 εεῐιτιΐ,

345 1947 434 2002 ita
462 1945 521 2002 in
551 1963 651 2003 eos
667 1947 993 2002 secundum
1023 1945 1448 2004 immanitatem
1474 1947 1750 2004 facinoris
1770 1947 2004 2003 studeat

283 2035 292 2038 ”
349 2036 670 2103 vindicare,
695 2034 946 2108 qualiter
973 2037 1299 2091 secundum
1331 2035 1491 2108 leges
1513 2051 1694 2109 supra
1713 2036 2003 2108 scriptum

353 2125 694 2198 episcopum
707 2123 826 2180 zelo
839 2123 1212 2180 correctionis
1233 2125 1552 2196 acjustitize
1568 2126 1626 2182 in
1649 2127 1757 2182 hac
1779 2123 2004 2182 ultione

356 2215 593 2286 propter
611 2213 798 2268 Deum
821 2213 982 2269 novit
1009 2213 1270 2286 potuisse
1302 2212 1353 2268 si
1382 2213 1598 2268 viveret
1627 2212 2000 2269 commoveri.

353 2299 528 2358 Omni
559 2317 695 2374 ergo
723 2299 956 2369 virtute,
988 2301 1266 2374 omnique
1306 2301 1606 2369 instantia,
1641 2305 1743 2358 tua
1771 2300 2002 2360 dilectio

347 2391 414 2446 'in
439 2387 546 2446 hac
567 2405 748 2446 causa
775 2389 964 2446 zelum
997 2408 1172 2446 suum
1189 2407 1325 2464 erga
1337 2390 1798 2462 omnipotentem
1817 2391 2001 2447 Deum

354 2484 518 2536 curet
546 2481 873 2546 ostendere,
906 2483 965 2535 et
992 2479 1250 2535 inimicis
1280 2479 1442 2535 illius
1471 2477 1882 2536 adversitatem
1913 2480 2004 2536 di-

354 2585 532 2644 gnam
561 2566 802 2624 inﬂictis
827 2567 1153 2624 ultionibus
1177 2567 1468 2635 exhibere,
1499 2572 1566 2623 ut
1594 2567 2002 2642 impleatquod

356 2657 643 2730 scriptum
671 2660 828 2713 erat:
861 2656 1051 2713 Nonne
1078 2658 1174 2730 qui
1218 2656 1450 2712 oderunt
1470 2663 1538 2723 te,
1597 2657 1842 2726 Domino,
1873 2657 2002 2714 ode-

351 2763 498 2814 ram,
557 2753 611 2803 et
653 2761 818 2818 super
870 2746 1126 2802 inimicos
1187 2761 1313 2802 suos
1387 2745 1718 2803 tabescebam
1755 2749 1781 2802 ἲ
1831 2747 2002 2817 (Psal.

355 2851 646 2903 cuxvnn,
668 2835 788 2904 21.)
816 2835 876 2890 Si
907 2832 1090 2904 igitur
1117 2833 1226 2890 hoc
1251 2832 1372 2890 zelo
1406 2833 1638 2891 dilectio
1666 2839 1771 2891 tua
1799 2851 2006 2892 accen-

348 2919 536 2992 ditur,
568 2921 628 2978 in
659 2941 759 2980 eos
789 2921 890 2996 qui
923 2923 1108 2980 Deum
1139 2921 1522 2996 reliquerunt,
1555 2927 1612 2979 et
1645 2928 1848 2980 contra
1870 2939 2005 2981 eum

361 3011 668 3068 maleficiis
699 3011 922 3085 aliquid
943 3015 1206 3086 egerunt,
1239 3027 1410 3084 pmna
1441 3015 1821 3069 monstretur.
1843 3013 2006 3080 Quod

355 3099 407 3157 si
437 3103 590 3157 recte
621 3099 718 3157 ille
749 3100 984 3174 exsequi
1013 3119 1128 3158 non
1152 3100 1327 3169 vales,
1361 3100 1530 3158 nobis
1559 3100 1661 3174 qui
1701 3099 1850 3158 tales
1868 3105 2009 3157 sunt

353 3188 678 3246 transmitti
712 3190 944 3257 debent,
969 3189 1018 3245 si
1050 3194 1246 3246 tamen
1269 3188 1364 3245 hic
1393 3188 1704 3245 monstrari
1727 3190 2002 3262 potuerit,

2111 1939 2340 2012 aliquas
2360 1939 2818 2008 observationes,
2845 1944 2948 1996 aut
2974 1937 3414 1996 incantationes
3441 1939 3719 2006 attendam,

2111 2029 2224 2084 nisi
2255 2031 2485 2084 tantum
2515 2045 2650 2084 cum
2682 2028 2946 2102 symbolo
2975 2027 3257 2100 divino,et
3284 2023 3720 2086 Orati‘one'Domi-

2111 2117 2264 2186 nica,
2298 2121 2364 2173 ut
2389 2121 2620 2174 tantum
2651 2119 2806 2175 Deus
2834 2121 3060 2174 creator
3078 2117 3371 2186 omnium,
3403 2122 3459 2174 et
3481 2117 3721 2175 Dominus

2110 2206 2447 2262 honoretur.
2475 2229 2503 2256 »
2535 2209 2604 2262 Et
2632 2223 2760 2280 cap.
2790 2207 2863 2264 73
2885 2225 2935 2264 :«
2957 2207 3082 2264 Non
3113 2204 3290 2264 liceat
3315 2204 3578 2264 mulieres
3594 2203 3722 2262 ﬁbris

2109 2295 2302 2353 tianas
2332 2295 2590 2368 aliquam
2634 2297 2954 2354 vanitatem
3015 2296 3073 2352 in
3107 2296 3232 2353 suis
3263 2295 3536 2354 laniﬁciis
3559 2297 3722 2354 obser-

2109 2401 2265 2452 vare,
2298 2385 2396 2441 sed
2426 2385 2612 2441 Deum
2645 2386 2914 2443 invocent
2940 2387 3034 2459 adj
3046 2386 3406 2460 utorem,qui
3429 2386 3510 2444 eis
3535 2383 3724 2458 sapien-

2109 2473 2254 2530 tiam
2286 2474 2516 2531 texendi
2575 2475 2830 2532 donavit.
2867 2497 2896 2526 »δ
2934 2473 3004 2532 Et
3035 2474 3110 2530 'in
3169 2473 3422 2532 concilio
3467 2470 3723 2549 Carthagi-

2112 2563 2278 2620 nensi
2307 2564 2406 2636 (ιν)
2445 2581 2550 2638 cap
2584 2564 2688 2622 89:
2723 2587 2752 2616 cc
2798 2564 3076 2639 Auguriis
3123 2563 3210 2621 vel
3273 2563 3723 2622 incantationibus

2111 2652 2458 2710 servientem
2490 2671 2524 2710 a
2553 2657 2838 2710 conventu
2867 2651 3135 2710 Ecclesiae
3165 2650 3724 2728 separandum,simi-

2112 2739 2246 2798 liter
2273 2745 2330 2798 et
2357 2741 2620 2799 Judaicis
2651 2739 3279 2816 superstitionibusvet
3309 2741 3467 2800 feriis
3489 2734 3726 2797 iuberen-

2113 2835 2252 2888 tem.
2289 2853 2318 2881 »
2339 2828 2409 2886 Et
2437 2831 2496 2886 in
2527 2829 2674 2888 libro
2703 2831 2892 2905 primo
2937 2831 3008 2888 de
3051 2830 3336 2906 capitulis
3365 2831 3720 2906 Augustorum

2113 2923 2255 2992 (cap.
2285 2922 2352 2976 2t
2381 2936 2394 2976 :
2431 2942 2458 2971 (ε
2491 2918 2564 2977 Ut
2593 2919 2883 2988 coclearii,
2909 2917 3178 2989 maleﬁci,
3213 2919 3602 2977 iucantatores
3627 2915 3725 2973 fieri

2113 3025 2230 3066 non
2261 3008 2549 3080 sinuntur,
2581 3026 2730 3082 quos
2747 3007 2808 3066 in
2835 3007 3070 3088 Simone
3092 3009 3265 3082 Mago
3287 3003 3611 3066 terribiliter
3625 3016 3728 3062 con-

2115 3103 2232 3156 stat
2260 3116 2388 3156 esse
2425 3099 2755 3156 damnatos.
2788 3120 2818 3150 »
2851 3098 2922 3155 Et
2978 3098 3038 3154 in
3091 3099 3347 3156 concilio
3395 3093 3723 3157 Eliberitano.

2114 3187 2304 3262 capite
2332 3192 2532 3244 sexto:
2567 3211 2596 3239 ‹‹
2629 3189 2688 3244 Si
2711 3183 2846 3260 quis
2859 3185 3142 3244 maleficio
3159 3185 3480 3244 interﬁciat
3493 3183 3724 3250 alterum,

353 3277 512 3334 unde
540 3277 660 3333 illic
686 3251 941 3348 possunt
965 3279 1188 3350 absque
1218 3275 1562 3334 difficultate
1585 3251 1869 3335 convinci.
1891 3251 2002 3336 Sed
2030 3251 2076 3324 θ
2113 3251 2364 3350 eo‘qnod
2387 3277 2514 3334 sine
2543 3251 2870 3333 idololatria
2900 3270 3174 3348 perlicere
3236 3289 3356 3333 nun
3405 3274 3601 3350 potuit,
3643 3283 3726 3328 nec

355 3365 497 3436 quia
527 3363 636 3420 hoc
660 3361 1023 3438 impossibile
1071 3383 1198 3422 esse
1235 3365 1524 3432 existimo,
1558 3365 1675 3422 illic
1695 3383 1798 3438 per
1825 3371 1882 3424 te
1911 3367 2007 3426 de-

349 3453 454 3508 bet
475 3451 742 3508 districta
769 3457 944 3526 atque
990 3453 1158 3510 fortis
1219 3453 1498 3510 correctio
1529 3455 1850 3526 provenire.
1887 3477 1914 3506 »
1936 3453 2007 3513 Et

347 3535 430 3597 ’δᾶ
461 3541 809 3598 Januarium
839 3543 1178 3616 episcopum
1205 3541 1485 3599 Sardiniae
1511 3544 1744 3612 (lib.vn,
1765 3545 1878 3601 ind.
1915 3547 2001 3615 ll,

355 3633 512 3704 epist.
541 3631 665 3700 66):
692 3655 720 3682 «
754 3633 965 3689 Contra
991 3631 1281 3689 idolorum
1332 3647 1565 3704 quoque
1613 3631 1886 3702 cultores,
1914 3633 2004 3690 vel

358 3720 694 3792 aruspicum
709 3720 1559 3794 atquesortilegorum,lratcrni
1569 3724 2004 3778 tatemvestram

357 3809 764 3866 vehementius
776 3809 1051 3882 pastorali
1071 3809 1380 3866 hortamur
1396 3808 1698 3882 invigilare
1718 3811 2003 3878 custodia,

359 3903 535 3969 atque
563 3898 794 3970 publice
823 3899 883 3954 in
918 3898 1131 3971 populo
1161 3903 1361 3954 contra
1400 3899 1579 3970 hujus
1609 3899 1689 3954 rei
1719 3899 1872 3958 viros
1893 3919 2008 3958 ser-

358 4000 592 4041 monem
627 3987 832 4054 facere,
866 4005 1080 4060 eosque
1110 4005 1144 4043 a
1173 3987 1320 4043 tanti
1353 3987 1483 4042 labe
1513 3987 1888 4062 sacrilegii,et
1915 3991 2003 4045 di-

357 4073 474 4129 vini
505 4073 828 4132 intentione
849 4075 1084 4148 judicii,
1123 4080 1181 4132 et
1224 4063 1690 4149 prementis-vita:
1722 4077 2001 4148 periculo,

345 4161 764 4220 ‘adhortatione
794 4163 1060 4222 suasoria
1072 4165 1519 4232 revocare.Quos
1529 4169 1724 4220 tamen
1740 4165 1789 4222 si
1805 4180 2004 4223 emen-

357 4249 494 4308 dare
525 4265 587 4310 se
618 4251 888 4310 atalibus
929 4259 1103 4326 atque
1153 4252 1438 4326 corrigere
1485 4252 1639 4330 nolle
1695 4253 2002 4326 repereri's,

345 4341 592 4398 'ihrventi
627 4344 1116 4416 comprehendere
1145 4342 1266 4399 zelo
1293 4347 1351 4398 te
1371 4341 1682 4398 volumus:
1715 4347 1773 4400 et
1801 4341 1848 4398 si
1873 4342 2005 4416 qui-

352 4427 489 4485 dem
513 4430 661 4486 servi
683 4436 844 4498 sunt,
875 4429 1214 4488 verberibus
1259 4429 1754 4502 cruciatibusque,
1789 4431 2004 4504 quibus

347 4515 428 4572 ’ad
461 4518 929 4576 emendationem
971 4517 1269 4592 pervenire
1316 4517 1565 4586 valeant,
1600 4517 1922 4592 castigem;
1955 4521 2004 4576 si

2110 3363 2174 3421 in
2205 3367 2320 3422 fine
2364 3364 2812 3438 impertiendum
2876 3379 3005 3422 esse
3057 3361 3143 3420 illi
3202 3364 3722 3422 communionem.»

2113 3452 2429 3511 Sciendum
2451 3457 2649 3510 tamen
2672 3457 2763 3510 est.
2781 3453 2922 3526 quia
2941 3445 3062 3508 haec
3083 3453 3478 3510 districtionis
3494 3447 3727 3508 severitas

2112 3559 2182 3598 ex
2211 3541 2454 3598 concilio
2475 3540 2828 3599 Eliberitano
2857 3553 2996 3615 erga
3015 3552 3116 3598 eas
3145 3536 3250 3614 qui
3284 3549 3402 3598 non
3425 3537 3729 3614 resipiscth

2113 3631 2405 3688 observari
2437 3629 3172 3703 debebit.Ca3terurn,juxta
3203 3623 3730 3686 beatileestinide-

2110 3724 2289 3787 creta,
2321 3717 2466 3775 nulli
2497 3723 2587 3776 est
2618 3718 3054 3793 recognoscenti
3075 3713 3294 3776 ultima
3323 3707 3729 3792 pmnitentiadc-

2111 3809 2400 3880 neganda.
2435 3807 2600 3864 Etsic
2631 3807 2880 3880 Magnus
2895 3803 3007 3862 Leo
3019 3803 3445 3880 papade‘crevit
3473 3805 3632 3879 (epist.
3657 3799 3729 3865 ω,

2111 3897 2182 3952 ad
2217 3897 2385 3952 Thcod
2411 3897 2705 3968 Forojut.):
2732 3916 2759 3945 ι‹
2795 3893 2895 3951 tl’is
2929 3895 3027 3967 qui
3070 3895 3130 3950 in
3159 3899 3430 3969 tempore
3453 3891 3730 3950 necessita-

2110 3985 2210 4052 tis,
2245 3987 2300 4040 et
2322 3985 2380 4038 in
2404 3983 2644 4056 periculi
2679 3982 2942 4056 urgentis
2974 3980 3618 4058 instantiu,przesidium
3638 3993 3730 4052 po:-

2111 4073 2367 4128 nitentiaz
2399 4077 2456 4128 et
2489 4089 2620 4127 mox
2651 4069 3139 4128 reconciliationis
3177 4067 3524 4146 implorant,
3549 4085 3642 4126 nec
3665 4080 3733 4123 sa-

2111 4159 2365 4218 tisfactio
2389 4160 2788 4216 interdicenda
2809 4163 2917 4231 est,
2951 4169 3056 4216 nec
3089 4157 3492 4218 reconciliatio
3522 4169 3732 4216 necom»

2113 4249 2412 4306 muniOnis
2431 4249 2620 4323 gratia
2647 4247 3011 4322 deneganda,
3043 4247 3095 4304 s‘i
3145 4252 3282 4306 eam
3324 4247 3501 4306 etiam
3539 4244 3732 4304 amissa

2107 4337 2267 4395 vocis
2297 4334 2832 4410 ofﬁcioperindieia
2859 4331 3074 4412 integri
3101 4345 3322 4394 sensus
3339 4343 3732 4410 quaeret-scom-

2113 4427 2452 4500 probentur.
2485 4426 2649 4493 Quod
2681 4427 2731 4482 si
2759 4425 2842 4482 ita
2864 4423 3136 4498 aliqua‘vi
3153 4424 3531 4499 aegritudinis
3549 4420 3734 4480 fuerint

2113 4513 2430 4590 aggravati,
2463 4520 2528 4570 ut
2558 4515 2710 4588 quod
2743 4513 2916 4587 paulo
2947 4517 3082 4570 ante
3110 4513 3460 4587 poscebant,
3492 4511 3597 4571 sub
3615 4519 3732 4584 pra-

356 4619 489 4660 vero
519 4606 707 4676 liberi,
741 4607 1070 4664 inclUsionc
1117 4608 1293 4680 digna
1315 4607 1698 4680 districtaque
1728 4607 1785 4662 in
1820 4609 2000 4680 pmni-
2031 4617 2083 4690 Β
2114 4604 2302 4661 sentin
2333 4603 2650 4660 sacerdotis
2682 4601 3418 4677 signiﬁcarenon'Valcaut,
3441 4595 3736 4690 testimonia

349 4691 602 4750 tentiam
633 4700 773 4751 s‘unt
801 4696 1121 4769 redigendi,
1147 4701 1212 4752 ut
1233 4696 1330 4768 qui
1365 4693 1624 4752 salubria
1651 4699 1708 4752 et
1737 4713 1772 4751 a
1799 4697 2005 4754 mortis

347 4781 613 4852 periculo
641 4785 972 4840 revocantia
993 4783 1196 4842 audire
1224 4785 1400 4841 verba
1439 4789 1844 4852 contemnunt,
1872 4800 2005 4842 cru-

346 4869 546 4926 ciatus
573 4869 784 4928 saltem
817 4889 916 4929 eos
945 4873 1204 4946 corporis
1255 4873 1326 4929 ad
1367 4872 1754 4927 desideratam
1792 4874 2006 4930 mentis

351 4956 542 5014 valeat
569 4959 846 5016 reducere
878 4961 1208 5018 sanitatem.
1241 4984 1270 5013 »
1303 4961 1373 5016 Et
1420 4960 1558 5015 item
1590 4959 1650 5014 in
1677 4961 1876 5017 Edicto
1908 4977 2003 5018 ea~

340 5048 564 5104 'nonico
593 5048 788 5122 (Greg.
825 5049 894 5116 ll,
929 5051 985 5106 in
1009 5051 1203 5122 synod.
1260 5050 1436 5113 Rom,
1470 5065 1520 5104 c.
1548 5048 1666 5120 12):
1697 5071 1726 5098 ‹‹
1759 5047 1818 5105 Si
1869 5049 2004 5121 quis

346 5136 586 5204 ‘ariolbs,
636 5138 960 5210 aruspices,
1010 5139 1098 5195 vel
1153 5139 1547 5194 incantatores
1591 5137 2000 5206 observaverit,

351 5224 455 5281 aut
483 5224 858 5298 phylactcriis
881 5243 1023 5284 usus
1042 5225 1554 5296 fuerit,auathema
1574 5224 1746 5281 sit.Et
1771 5243 2004 5300 respon-

351 5313 563 5369 derunt
591 5331 794 5371 omnes
821 5316 991 5372 tertio
1015 5333 1028 5370 :
1063 5316 1390 5373 Anathema
1410 5315 1507 5370 sit.
1533 5336 1561 5364 »
1587 5315 1656 5370 Et
1685 5315 2002 5372 inconcilio

349 5401 673 5473 Ancyrano,
707 5404 898 5476 capite
925 5404 1200 5460 vicesimo
1222 5403 1390 5460 tertio
1414 5419 1467 5458 ια
1490 5403 1594 5469 Qui
1617 5401 2002 5460 divinationes

351 5496 645 5562 expe:unt,
678 5495 735 5548 et
764 5511 923 5550 more
953 5492 1263 5568 gentilium
1309 5493 1774 5563 subsequuntur,
1809 5496 1911 5547 aut
1940 5493 1999 5547 in

351 5576 556 5633 domos
588 5597 726 5634 suas
747 5581 1089 5652 hujusmodi
1114 5580 1382 5638 homines
1405 5579 1783 5634 introducunt
1806 5579 2002 5652 exqui-

352 5664 516 5720 rendi
546 5665 767 5739 aliquid
799 5672 920 5725 arte
950 5669 1215 5726 maleﬁca
1241 5667 1328 5726 vel
1361 5666 1630 5740 expiandi
1662 5681 1859 5737 causa,
1889 5669 2000 5725 sub

2113 4694 2198 4750 eis
2223 4693 2484 4749 fidelium
2516 4691 3026 4748 circumstantium
3057 4693 3344 4764 prodesse
3365 4684 3734 4752 debebungsi-

2116 4779 2357 4854 'mulqne
2385 4785 2442 4838 et
2471 4781 2823 4854 poenitentia:
2836 4777 3411 4838 et'reconciliationis
3424 4777 3734 4836 beneﬁcium

2113 4873 2800 4943 consequantur,servata
2818 4873 3014 4925 tamen
3041 4867 3244 4942 regula
3265 4879 3559 4926 canonum
3583 4867 3735 4938 pater-

2111 4973 2323 5016 norum
2355 4959 2510 5016 circa
2563 4966 2765 5016 eorum
2797 4967 3101 5032 personas,
3135 4955 3238 5030 qui
3301 4957 3364 5014 i'n
3395 4957 3578 5016 Deum
3599 4949 3735 5011 aﬂde

2111 5047 2463 5106 discedendo
2484 5051 2819 5120 peccarunt.
2851 5045 3217 5106 Generaliter
3235 5051 3442 5104 autem
3474 5041 3622 5102 omni
3639 5039 3734 5096 cui-

2111 5137 2252 5193 libet
2277 5137 2335 5191 in
2363 5137 2519 5193 exitu
2546 5131 2754 5209 posito,
2789 5139 2847 5192 et
2891 5135 3162 5208 poscenti
3184 5129 3300 5192 sibi
3333 5127 3731 5192 communionis

2109 5225 2358 5298 gratiam
2391 5225 2590 5294 tribui,
2617 5239 2731 5280 non
2765 5227 3028 5298 negetur,
3059 5217 3482 5280 sicutNiboena
3509 5215 3730 5294 synodus

2107 5313 2374 5370 deﬁnivit
2395 5314 2538 5387 (can.
2575 5312 2868 5386 t3).Cujus
2898 5309 3195 5369 conversio
3230 5313 3434 5370 mente
3465 5303 3732 5384 potiusest

2111 5403 2458 5458 aestimanda
2484 5419 2660 5475 quam
2675 5401 3236 5474 tempore,quoniam
3261 5395 3423 5473 apud
3439 5395 3612 5456 Deum
3629 5387 3732 5449 nul-

2107 5489 2198 5548 las
2228 5491 2408 5548 veniae
2439 5491 2662 5564 patitur
2690 5505 2888 5546 moras
2927 5505 3063 5546 vera
3121 5487 3448 5556 conversio,
3484 5481 3733 5558 Propheta

2109 5580 2219 5636 hoc
2250 5581 2466 5654 pariter
2501 5583 2849 5635 attestante:
2885 5579 3020 5635 Cum
3055 5589 3348 5635 conversus
3408 5571 3728 5646 ingenim.

2110 5677 2236 5724 tunc
2253 5667 2434 5724 salvus
2462 5669 2590 5725 eris.
2617 5689 2645 5718 η
2669 5667 2740 5723 Et
2792 5667 2851 5723 in
2897 5667 3128 5724 Nicaeae
3177 5663 3428 5724 concilio
3458 5667 3598 5736 (can.
3628 5655 3726 5728 1‘3):
