3896 6182
330 344 442 408 731

1269 348 1654 412 HINCMARI
1700 345 2153 410 RHEMENSIS
2197 344 2814 411 ARCHIEPISCOPI.

3577 351 3678 414 732

334 479 593 561 inﬁdelis
617 481 972 548 discesserit,
994 481 1244 539 liberum
1291 481 1530 538 habebit
1573 481 1904 548 arbitrium,
1929 482 1978 538 si
2008 481 2062 550 Α
2092 479 2278 536 nubat
2306 477 2356 538 si
2387 495 2450 537 se
2479 478 2776 537 continere
2807 494 2922 536 non
2965 481 3174 552 potest,
3203 483 3261 536 et
3297 477 3520 538 alterius
3561 499 3684 542 con-

332 570 584 628 voluerit
607 573 826 630 nubere
855 571 1000 644 legis
1022 589 1139 626 suae
1168 571 1330 626 viro?
1360 570 1506 626 Illud
1539 571 1696 627 enim
1728 589 1845 627 non
1876 573 1982 627 de-

336 659 721 732 betimputari
745 659 1368 731 matrimonium,quod
1388 663 1550 716 extra
1572 661 1867 716 decretum
1883 661 1981 716 Dei

335 749 555 806 factum
577 753 686 815 est,
720 749 820 804 sed
851 765 986 804 cum
1013 752 1148 820 post
1186 749 1508 822 cognoscit,
1540 754 1598 805 et
1636 749 1792 806 dolet
1836 749 1979 805 deli-

335 837 556 909 quisse,
588 836 859 891 emendat
889 853 950 892 se
982 841 1047 892 ut
1075 837 1305 893 veniam
1349 842 1660 894 mereatur.
1699 839 1757 894 Si
1784 843 1980 894 autem

335 925 507 980 ambo
529 923 902 994 crediderint,
921 942 1024 996 per
1045 926 1458 998 cogitationem
1477 927 1578 982 Dei
1602 929 1986 983 conﬁrmatur

335 1011 696 1084 conjugium.
713 1012 777 1067 In
798 1029 940 1084 pace
959 1018 1156 1070 autem
1193 1015 1415 1070 vocavit
1451 1033 1555 1071 nos
1575 1016 1750 1072 Deus.
1765 1017 1981 1072 Verum

333 1103 423 1154 est
450 1099 590 1172 quia
619 1117 735 1155 non
767 1106 995 1174 oportet
1025 1101 1253 1174 litigare
1283 1121 1418 1160 cum
1459 1121 1526 1160 eo
1575 1104 1675 1176 qui
1709 1105 1982 1174 discedit,

332 1189 473 1260 quia
492 1189 624 1244 odio
636 1188 736 1244 Dei
759 1189 1026 1259 discedit,
1042 1191 1151 1248 hac
1174 1209 1274 1264 per
1285 1192 1394 1250 hoc
1417 1211 1522 1249 nec
1535 1194 1750 1267 dignus
1769 1194 1984 1250 haben-

333 1279 446 1335 dus
471 1281 581 1334 est.
620 1299 646 1326 ››
679 1279 748 1334 Et
777 1279 914 1335 hinc
946 1285 1186 1336 sanctus
1226 1283 1592 1353 Augustinus
1625 1282 1680 1336 in
1714 1282 1881 1338 libris
1909 1283 1982 1339 ad

335 1365 682 1425 Pollentium
720 1385 733 1424 :
769 1391 795 1418 «ε
813 1368 1016 1424 Merito
1047 1387 1195 1441 quas
1216 1371 1564 1438 duxerunt,»
1585 1371 1726 1443 quin
1751 1389 1981 1441 uxores,

335 1479 362 1506 «
384 1454 486 1512 filii
505 1455 681 1512 Israel
701 1455 946 1512 Domino
969 1458 1591 1528 prohibente,Domino
1603 1461 1880 1532 jubentes
1902 1462 1984 1517 di-

335 1543 794 1616 miserunt,quia
813 1561 988 1602 omne
1005 1547 1159 1618 quod
1184 1565 1297 1604 non
1318 1553 1406 1603 est
1435 1566 1503 1604 ex
1533 1549 1646 1605 fide
1679 1554 1982 1622 peccatum

240 1678 243 1680 .
335 1637 481 1690 est.»
501 1632 665 1690 Unde
685 1633 870 1690 lector
891 1633 949 1688 in
972 1635 1190 1692 eisdem
1214 1635 1383 1692 libris
1413 1637 1590 1694 latius
1614 1638 1869 1695 invenire
1883 1657 1984 1694 va-

336 1721 498 1778 lebit.
514 1723 584 1777 Et
606 1721 663 1778 in
687 1722 1259 1797 concilioAgathensi
1281 1725 1568 1798 scriptum
1589 1732 1679 1783 est
1695 1734 1836 1794 (can.
1857 1729 1978 1796 61):

337 1835 365 1862 «
401 1812 480 1868 De
510 1809 752 1867 incestis
783 1813 1296 1884 conjunctionibus
1330 1814 1476 1870 nihil
1525 1833 1766 1888 prorsus
1804 1817 1981 1872 venia:

335 1917 726 1966 reservamus,
747 1899 861 1956 nisi
893 1918 1028 1956 cum
1059 1901 1413 1958 adulterium
1437 1905 1803 1978 separatione
1823 1923 1986 1962 sana-

334 1991 542 2045 verint.
579 1989 838 2045 lncestos
864 2007 998 2046 vero
1030 1990 1190 2047 nullo
1221 1993 1478 2064 eonjugii
1527 1993 1762 2050 nomine
1811 1995 1984 2066 depu-

336 2077 568 2146 tandos,
600 2093 749 2150 quos
793 2076 969 2134 etiam
1008 2079 1317 2152 designare
1370 2081 1666 2138 funestum
1713 2087 1824 2139 est.
1861 2107 1887 2132 ››
1919 2085 1986 2139 Et

337 2169 470 2238 post
499 2165 800 2238 aliquanta
829 2183 842 2220 :
875 2189 904 2216 «
939 2168 1092 2224 Sane
1138 2169 1355 2240 quibus
1400 2170 1734 2242 conjunctio
1783 2171 1987 2227 illicita

336 2253 728 2322 interdicitur,
763 2253 1064 2312 habebunt
1111 2255 1351 2313 ineundi
1412 2258 1671 2315 melioris
1727 2260 1985 2334 conjugii

339 2343 696 2400 libertatem.
734 2366 761 2392 υ

817 2470 1362 2529 INTERROGATIO
1400 2473 1514 2529 XX.

411 2574 492 2630 De
518 2591 585 2631 eo
613 2591 747 2632 vero
778 2577 932 2649 quod
964 2577 1314 2651 requisitum
1345 2584 1456 2646 est,
1489 2581 1534 2636 si
1579 2585 1638 2637 et
1685 2581 1796 2654 ipsi
1843 2583 1984 2654 regi,

341 2662 497 2718 unde
521 2662 817 2736 publicam
832 2665 1232 2738 paenitentiam
1247 2685 1416 2740 agere
1437 2669 1663 2729 debeat.
1677 2675 1987 2744 postquam

342 2751 424 2806 illi
462 2751 684 2807 femina
703 2753 1022 2810 criminosa
1049 2755 1286 2812 inventa
1314 2757 1723 2824 fuerit,utrum
1745 2759 1870 2833 ipse
1892 2777 1990 2816 rex

346 2843 480 2912 post
511 2840 808 2912 publicam
855 2843 1260 2914 pcenitentiam
1307 2848 1617 2922 conjugem
1666 2848 1988 2922 legitimam

343 2929 530 3001 possit
559 2930 838 3002 accipere.

960 3040 1094 3097 RES
1103 3041 1374 3099 PONSIO.

415 3145 666 3202 Sanetus
725 3145 838 3202 Leo
887 3163 1037 3219 papa
1080 3149 1148 3203 ad
1204 3148 1510 3205 Rusticum
1553 3148 1990 3207 Narbonensem

341 3231 683 3305 episcopum
705 3217 1015 3306 respondet
1033 3234 1234 3291 dicens
1255 3237 1431 3308 (epist.
1450 3239 1540 3305 95,
1563 3255 1680 3310 cap.
1703 3239 1794 3310 25)
1818 3256 1832 3294 :
1857 3262 1886 3288 ‹‹
1920 3239 1984 3294 In
2016 3217 2060 3284 Ο

343 3321 734 3378 adolescentia
764 3323 1144 3390 constitutus,
1178 3325 1228 3382 si
1251 3331 1496 3399 urgente
1521 3332 1623 3383 aut
1650 3332 1808 3384 metu
1833 3346 1986 3384 mor-

343 3407 442 3476 tis,
476 3413 580 3465 aut
610 3411 966 3483 captivitatis
1014 3413 1294 3486 periculo,
1328 3415 1732 3487 paenitentiam
1780 3417 1985 3491 gessit,

343 3500 402 3554 et
429 3503 650 3570 postea,
685 3499 900 3557 timens
945 3501 1178 3575 lapsum
1223 3503 1652 3560 incontinentis:
1685 3505 1986 3578 juvenilis,

345 3585 616 3659 copulam
649 3588 844 3646 uxoris
873 3590 1048 3663 elegit
1077 3608 1148 3648 ne
1177 3593 1398 3648 crimen
1450 3593 1850 3651 fornicationis
1901 3595 1988 3650 in-

345 3680 624 3748 curreret,
657 3694 779 3734 rem
819 3677 1048 3736 videtur
1090 3681 1296 3738 fecisse
1339 3681 1646 3752 venialem,
1677 3683 1725 3741 si
1785 3688 1992 3756 praeter

345 3766 655 3838 conjugem
679 3766 902 3824 nullam
926 3768 1165 3825 omnino
1185 3772 1518 3842 cognoverit
1541 3789 1554 3828 :
1581 3771 1640 3828 in
1659 3790 1774 3844 quo
1794 3777 1990 3830 tamen

347 3871 464 3910 non
499 3853 762 3926 regulam
795 3856 1340 3926 constituimus,sed
1361 3858 1504 3931 quid
1526 3860 1604 3916 sit
1629 3859 1992 3918 tolerabilius

343 3941 709 3998 aestimamus
741 3959 754 3998 :
788 3944 933 4001 Nam
964 3947 1291 4003 secundum
1331 3965 1529 4004 veram
1575 3949 1988 4023 cognitionem,

345 4027 493 4084 nihil
522 4030 711 4104 magis
758 4031 810 4088 ei
857 4033 1146 4107 congruit,
1180 4035 1278 4108 qui
1330 4036 1730 4109 paenitentiam
1786 4039 1991 4111 gessit,

346 4135 524 4190 quam
547 4119 786 4177 castitas
807 4139 1184 4194 perseverans
1204 4125 1416 4181 mentis
1449 4129 1507 4182 et
1535 4125 1852 4200 corporis.»
1881 4129 1990 4184 Sed

346 4213 402 4264 et
421 4207 558 4264 hinc
580 4209 637 4265 in
661 4209 940 4268 Toletano
961 4212 1207 4268 concilio
1224 4213 1345 4284 (v1),
1365 4215 1553 4288 capite
1573 4221 1771 4272 octavo
1795 4233 1808 4271 ε
1837 4217 1992 4272 «An-

346 4297 493 4370 tiqui
519 4301 575 4354 et
592 4299 1051 4357 sanctissimiest
1074 4301 1256 4374 patris
1277 4303 1565 4360 sententia
1586 4321 1747 4376 papae
1762 4304 1992 4369 Leonis,

348 4390 415 4440 ut
445 4387 494 4442 is
525 4387 624 4459 qui
655 4387 714 4442 in
745 4393 912 4445 aetate
943 4389 1345 4446 adolescentia:
1377 4391 1602 4464 positus
1624 4393 1766 4448 dum
1792 4393 1994 4449 mortis

349 4475 626 4531 formidat
663 4493 887 4546 casum,
919 4480 1247 4550 pervenerit
1292 4480 1362 4536 ad
1409 4480 1758 4553 pmnitentias
1809 4497 1994 4536 reme-

2091 567 2270 628 sortio
2300 569 2528 625 fruatur
2557 569 2775 625 uxoris.
2810 569 2971 635 Quod
3013 568 3085 624 de
3135 572 3373 642 utroque
3417 587 3546 626 sexu
3579 574 3686 645 pari

2091 657 2264 712 modo
2293 674 2328 713 a
2359 655 2526 713 nobis
2558 656 2936 713 manifestum
2967 660 3057 713 est
3085 656 3423 726 decrevisse,
3449 657 3523 714 ita
3554 659 3688 716 vide-

2091 743 2247 813 licet,
2270 749 2335 801 ut
2363 745 2424 800 in
2455 745 2549 801 his
2580 744 2856 802 omnibus
2887 745 3202 802 sacerdotis
3223 745 3498 803 ordinatio
3517 764 3693 821 exspe-

2089 836 2297 902 ctetur,
2333 834 2590 906 utjuxta
2638 835 2794 906 quod
2848 838 3076 890 aetatem
3124 838 3318 906 aptam
3350 837 3691 907 prospexerit,

2090 922 2458 980 continentia:
2506 921 2892 980 absolutionis
2940 922 3026 980 vel
3077 921 3450 980 districtionis
3495 923 3691 980 tribuat

2091 1010 2299 1084 legem.
2333 1034 2362 1062 »

2553 1117 3095 1176 INTERROGATIO
3133 1117 3273 1174 XXI.

2163 1225 2243 1281 De
2273 1225 2382 1281 hoc
2411 1225 2588 1281 etiam
2617 1225 2772 1298 quod
2807 1225 2865 1280 in
2897 1223 3286 1296 quaestionum
3327 1225 3438 1280 ﬁne
3481 1225 3696 1296 subjun-

2089 1319 2249 1370 ctum
2269 1318 2378 1382 est,
2403 1314 2762 1382 remandate,
2785 1314 2836 1369 si
2856 1319 2915 1370 et
2935 1314 3208 1386 saepefata
3228 1312 3440 1370 femina
3470 1312 3700 1386 legaliter

2091 1403 2308 1472 rejecta
2337 1403 2530 1471 fuerit,
2563 1408 2620 1459 et
2648 1403 2774 1476 ipse
2805 1419 2922 1470 rex,
2936 1407 3068 1474 post
3086 1401 3482 1474 paenitentiam
3510 1407 3693 1468 actam,

2091 1491 2140 1546 si
2173 1491 2418 1547 voluerit
2449 1491 2836 1548 concubinam
2867 1508 3046 1564 quam
3087 1489 3313 1558 habuit,
3343 1493 3402 1546 et
3447 1507 3572 1545 cum
3601 1507 3701 1562 qua

2092 1584 2226 1653 post
2248 1579 2461 1636 initum
2491 1580 2836 1653 conjugium
2869 1579 3235 1656 adulterasse
3256 1577 3486 1646 dicitur,
3509 1578 3564 1634 in
3591 1595 3704 1636 con-

2085 1671 2292 1742 jugem
2329 1669 2519 1740 possit
2547 1668 2830 1741 accipere.

2705 1793 3122 1852 RESPONSIO.

2166 1901 2312 1968 Quia
2333 1919 2451 1958 una
2467 1906 2557 1958 est
2571 1901 2663 1958 lex
2680 1901 2788 1958 viri
2809 1906 2868 1958 et
2888 1903 3214 1970 feminae,ut
3235 1919 3412 1975 supra
3426 1900 3704 1973 Scriptura-

2095 2009 2223 2048 rum
2248 2000 2301 2046 et
2319 1991 2738 2048 catholicorum
2755 1991 2992 2047 Patrum
3014 1989 3322 2048 sententiis
3333 1987 3704 2046 demonstravi-

2095 2080 2304 2147 mus,si
2320 2079 2550 2137 solutus
2581 2079 2757 2150 fuerit
2775 2098 2810 2136 a
2828 2079 2955 2153 lege
2976 2081 3104 2152 conj
3115 2079 3425 2154 ugis,sicut
3436 2076 3705 2135 Paulusdi-

2095 2168 2173 2226 cit
2189 2169 2259 2224 de
2271 2185 2449 2225 uxore
2463 2185 2476 2222 :
2490 2169 2768 2224 Nubatcui
2779 2169 3251 2236 voluerit,tantum
3263 2169 3323 2224 in
3337 2168 3548 2224 Domino
3558 2167 3600 2238 (ι
3606 2165 3702 2221 Cor.

2093 2258 2320 2327 vn,39),
2335 2282 2361 2307 α
2387 2258 2496 2313 hoc
2517 2261 2699 2326 est,ut
2717 2255 3062 2314 Ambrosius
3084 2256 3250 2324 dicit,
3269 2257 3396 2314 sine
3413 2254 3703 2329 suspicione

2095 2347 2484 2422 turpitudinis
2517 2347 2701 2403 nubat
2720 2350 2777 2402 et
2802 2345 3102 2420 religionis
3121 2363 3247 2404 suae
3269 2347 3389 2402 viro
3410 2345 3597 2412 nubat,
3619 2343 3707 2399 hoc

2095 2437 2263 2494 estin
2277 2435 2523 2493 Domino
2547 2436 2926 2502 nubere.Quas
2948 2434 3161 2492 solutio
3181 2439 3246 2492 et
3265 2431 3707 2508 licitacopulatio,

2095 2525 2328 2581 duobus
2357 2523 2724 2599 intelligitur,
2749 2527 2808 2580 et
2835 2524 3068 2580 duobus
3099 2525 3166 2580 fit
3195 2523 3410 2581 modis.
3434 2521 3642 2578 Scilicet
3658 2519 3705 2574 in

2097 2615 2190 2671 his
2219 2615 2320 2687 qui
2344 2617 2447 2670 aut
2463 2631 2765 2687 nunquam
2789 2613 2976 2687 legale
2999 2613 3268 2671 inierunt
3285 2612 3710 2686 eonjugium,aut

2097 2709 2284 2762 morte
2311 2703 2704 2761 intercedente
2725 2703 2901 2761 soluti
2922 2709 3063 2760 sunt
3093 2721 3127 2760 a
3155 2703 3289 2778 lege
3317 2700 3708 2776 conjugii,sicut

2100 2790 2314 2849 Paulus
2344 2791 2487 2846 dicit
2517 2807 2531 2846 :
2563 2791 2692 2848 Dico
2716 2799 2898 2847 autem
2941 2808 3053 2848 non
3092 2793 3284 2865 nuptis
3329 2799 3382 2849 et
3420 2791 3603 2860 viduis,
3631 2788 3705 2844 bo—

2095 2897 2233 2936 num
2259 2888 2336 2936 est
2365 2880 2481 2936 illis
2507 2881 2558 2936 si
2585 2882 2666 2936 sic
2689 2887 3070 2952 permaneant,
3101 2883 3252 2938 sicut
3275 2889 3329 2938 et
3371 2897 3482 2953 ego.
3509 2878 3646 2952 Quod
3667 2877 3710 2932 si

2095 2986 2208 3026 non
2249 2986 2308 3025 se
2350 2970 2643 3037 continent,
2690 2971 2906 3026 nubant
2949 2969 2999 3042 (Ι
3043 2969 3164 3027 Cor.
3197 2986 3304 3036 vn,
3328 2972 3406 3039 8).
3455 2969 3520 3025 Et
3545 2967 3704 3024 item:

2097 3059 2318 3116 Solutus
2346 3076 2402 3116 es
2429 3059 2498 3114 ab
2529 3075 2698 3115 umore
2717 3077 2736 3116 :
2757 3076 2826 3115 ne
2854 3061 3143 3131 quaesieris
3172 3075 3407 3116 uxorem
3437 3077 3454 3115 :
3482 3059 3532 3114 si
3561 3064 3710 3112 autem

2095 3149 2365 3221 acceperis
2395 3163 2641 3217 uxorem,
2673 3163 2783 3204 non
2809 3150 3046 3220 peccasti
3077 3163 3090 3204 :
3117 3155 3171 3204 et
3194 3149 3253 3204 si
3287 3147 3529 3220 nupserit
3566 3147 3711 3216 virgo,

2098 3253 2208 3293 non
2245 3239 2488 3310 peccabit
2534 3235 2714 3306 (ibid).
2749 3237 2910 3303 Quod
2942 3253 3106 3308 aeque
3140 3236 3212 3292 de
3252 3235 3512 3292 masculo
3556 3238 3609 3290 et
3649 3232 3713 3286 fec

2098 3326 2260 3381 mina
2289 3323 2653 3399 intelligitur,
2687 3325 3022 3382 communis
3080 3323 3302 3381 etenim
3325 3322 3546 3398 generis
3574 3319 3652 3377 hic
3670 3321 3716 3374 et

2096 3414 2219 3472 hinc
2239 3415 2493 3488 virgo,et
2520 3415 2629 3470 hoc
2658 3414 3022 3470 demonstrat
3049 3414 3486 3486 subsequenter
3501 3413 3712 3482 Aposto-

2097 3503 2191 3560 lus
2249 3503 2496 3560 dicens:
2533 3503 2926 3571 Trlibulationcs
2983 3509 3163 3558 tamen
3231 3505 3420 3558 carnis
3476 3499 3717 3555 habebunt

2097 3591 2411 3664 hujusmodi
2441 3591 2644 3663 (ibid.).
2677 3593 2861 3658 Quam
2893 3589 3251 3647 sententiam
3281 3596 3340 3647 et
3370 3591 3429 3646 in
3457 3589 3572 3644 viro
3599 3585 3714 3642 etin

2097 3680 2318 3736 femina
2345 3680 2582 3752 exponit
2610 3679 2954 3736 Ambrosius
2991 3695 3004 3733 :
3038 3703 3066 3729 ‹‹
3103 3679 3193 3735 Fit
3218 3679 3407 3736 etiam
3437 3676 3583 3752 quod
3613 3673 3718 3730 licet

2099 3769 2392 3838 illicitum,
2416 3769 2476 3824 in
2507 3768 2601 3825 his
2629 3769 2730 3842 qui
2780 3767 2906 3824 sine
2953 3767 3128 3840 culpa
3160 3768 3236 3824 ad
3280 3765 3610 3841 conjugium
3648 3778 3722 3817 ve-

2099 3858 2226 3914 nire
2257 3861 2544 3930 poterant,
2575 3861 2632 3914 et
2661 3858 2856 3930 majus
2885 3859 3108 3914 bonum
3155 3857 3363 3914 subire
3403 3853 3716 3930 proponunt,

2101 3948 2438 4019 bonumque
2471 3946 2688 4016 minus,
2722 3947 2878 4020 quod
2911 3945 3096 4016 licuit,
3129 3944 3409 4002 illicitum
3451 3943 3670 4000 faciunt.
3699 3959 3720 3986 ι»

2101 4035 2263 4092 Unde
2321 4035 2607 4108 scriptum
2667 4039 2804 4091 est:
2837 4035 3000 4091 Nemo
3053 4050 3264 4107 ponens
3323 4049 3549 4090 manum
3588 4042 3726 4100 super

2100 4132 2349 4181 aratrum
2377 4131 2430 4182 et
2456 4125 2752 4196 respiciens
2781 4131 2944 4190 retro,
2977 4131 3134 4196 aptus
3160 4130 3244 4180 est
3289 4139 3461 4193 regno
3502 4120 3726 4178 calorum

2101 4213 2252 4285 (Luc.
2285 4231 2361 4282 Ix,
2389 4213 2502 4285 52).
2535 4211 2683 4280 Quid
2712 4211 2892 4285 igitur
2923 4211 3146 4268 fortiori
3167 4213 3372 4269 studio
3407 4209 3722 4270 intenderat,

2103 4307 2256 4358 retro
2293 4301 2630 4374 conspicere
2667 4301 3052 4368 convincitur,
3075 4301 3146 4369 si,
3174 4299 3405 4357 relictis
3436 4296 3598 4355 bonis
3623 4309 3723 4351 am.

2104 4389 2409 4464 plioribus,
2435 4390 2506 4446 ad
2541 4389 2789 4446 minima
2818 4394 3202 4462 retorquetur.
3227 4390 3325 4446 Fit
3349 4394 3412 4446 et
3442 4387 3725 4447 interdum,

2104 4495 2283 4535 causa
2331 4495 2447 4534 non
2494 4479 2922 4536 contemnenda
2965 4477 3413 4546 interveniente,
3436 4477 3587 4551 quod
3625 4473 3728 4529 erat

349 4562 598 4631 dium,si
632 4566 981 4638 conjugatus
1011 4567 1154 4624 forte
1181 4568 1356 4627 fuerit
1375 4567 1765 4632 incontinens,
1799 4586 1870 4624 ne
1901 4585 1998 4640 po-
2024 4589 2073 4653 D
2105 4566 2373 4623 illicitum
2404 4565 2652 4635 licitum,
2684 4583 2820 4623 cum
2849 4566 3112 4640 legaliter
3155 4565 3376 4623 initum
3417 4562 3728 4653 conjugiutn

350 4653 476 4705 stea
503 4650 776 4708 adulterii
796 4653 1058 4712 incurrat
1087 4655 1546 4730 lapsum,redeat
1575 4657 1644 4713 ad
1678 4655 1991 4729 pristinum
2024 4647 2065 4653 ”
2102 4654 2341 4712 dissolvi
2399 4654 2758 4728 permittitur
2788 4657 2942 4712 070
2971 4672 3150 4712 causa
3181 4653 3570 4712 lnﬁdelitatis.
3594 4647 3728 4707 Unde

349 4737 1035 4815 eonjugium,quousque
1065 4744 1418 4816 possit669
1447 4744 1692 4817 adipisci
1716 4744 1998 4817 temporis

351 4826 686 4883 maturitate
714 4829 1082 4886 continentia
1113 4835 1355 4888 statum.
1389 4835 1545 4900 Quos
1585 4851 1692 4891 nos
1741 4833 1894 4890 sicut
1926 4834 1998 4889 de

347 4913 511 4984 viris,
545 4915 626 4972 ita
653 4919 710 4972 et
738 4917 808 4972 de
838 4917 1072 4975 feminis
1102 4913 1268 4992 aequo
1300 4921 1471 4978 modo
1517 4939 1848 4989 censemus,
1882 4939 1997 4978 non

350 5005 588 5076 quidem
620 5004 728 5061 hoc
759 5005 1110 5078 generaliter
1138 5012 1196 5064 et
1222 5007 1482 5082 legitime
1510 5012 1997 5084 prmceptum,scd

351 5097 580 5150 constat
601 5113 633 5150 a
656 5094 824 5151 nobis
845 5113 949 5168 pro
969 5096 1554 5172 humanafragilitate
1579 5099 1870 5156 indultum
1895 5117 1908 5156 :
1931 5117 2000 5157 ea

351 5182 634 5240 duntaxat
664 5183 908 5252 ratione,
942 5189 1006 5241 ut
1037 5185 1086 5243 si
1121 5186 1170 5244 is
1205 5187 1304 5260 qui
1355 5189 1707 5261 poenitentiae
1758 5207 1872 5245 non
1911 5193 2002 5246 est

351 5269 579 5344 legibus
611 5272 865 5340 deditus,
896 5277 1030 5331 ante
1059 5276 1132 5332 ab
1162 5275 1270 5332 hac
1301 5277 1418 5333 vita
1448 5277 1994 5350 discesserit,quam

352 5375 420 5414 ex
463 5377 751 5418 consensu
800 5363 873 5419 ad
917 5364 1334 5421 continentiam
1384 5384 1585 5421 eorum
1636 5367 1790 5422 unde
1824 5367 1998 5423 fuerit

353 5465 674 5520 regressus,
699 5453 998 5524 superstiti
1034 5471 1148 5508 non
1181 5453 1352 5508 liceat
1399 5455 1591 5510 denuo
1640 5457 1710 5510 ad
1763 5457 1996 5512 uxorius

355 5538 604 5594 transire
625 5540 949 5612 amplexus.
967 5541 1026 5598 Si
1047 5546 1244 5597 autem
1270 5540 1426 5596 illius
1449 5541 1563 5596 vita
1583 5544 1867 5599 exstiterit
1897 5563 1994 5600 su-

356 5627 714 5696 perstes,qui
746 5645 858 5684 non
885 5629 1107 5702 accepit
1144 5629 1608 5686 benedictionem
1641 5632 1994 5702 paenitentis,

2106 4743 2322 4800 Paulus
2351 4743 2495 4800 dicit
2527 4761 2540 4800 :
2572 4744 2636 4800 Si
2663 4746 2787 4818 quis
2805 4747 2979 4816 frater
2997 4761 3224 4801 uxorem
3243 4745 3448 4801 habeat
3464 4741 3726 4815 inﬁdelem.

2103 4841 2155 4889 et
2184 4833 2302 4890 haec
2330 4834 2592 4890 consentit
2619 4834 2870 4890 habitare
2896 4850 3023 4889 cum
3053 4835 3292 4900 illo,non
3317 4833 3558 4889 dimittat
3577 4829 3726 4885 αιωιι.

2105 4923 2170 4978 Et
2195 4923 2246 4977 si
2272 4938 2383 4994 qua
2407 4921 2611 4978 mulier
2638 4923 2796 4978 habet
2843 4923 3024 4978 virum
3067 4922 3368 4993 inﬁdelem,
3401 4929 3457 4978 et
3500 4919 3588 4976 hic
3625 4931 3732 4972 con-

2105 5013 2268 5068 sentit
2294 5012 2544 5066 habitare
2569 5027 2690 5066 cum
2723 5011 2844 5080 illa,
2875 5027 2985 5067 non
3015 5011 3295 5084 relinquat
3343 5011 3530 5066 virum
3555 5007 3601 5077 (Ι
3627 5003 3728 5058 Cor.

2107 5118 2205 5157 vn.
2241 5101 2358 5170 12);
2391 5103 2450 5155 et
2485 5103 2617 5171 post
2659 5116 2848 5173 pauca
2879 5116 2892 5154 :
2929 5099 3079 5168 Quod
3122 5101 3174 5155 si
3219 5099 3486 5171 inﬁdelis
3513 5091 3730 5157 discedit.

2107 5187 2347 5244 discedat
2374 5187 2585 5260 (ibid.);
2618 5186 2707 5243 vel
2755 5204 2891 5244 cum
2939 5205 3120 5244 causa
3165 5185 3574 5243 fornicationis
3613 5191 3733 5236 uxor

2106 5275 2479 5349 relinquitur,
2512 5276 2583 5332 de
2613 5293 2731 5348 qua
2777 5275 2916 5333 item
2951 5275 3166 5332 Paulus
3212 5274 3362 5332 dicit
3395 5292 3409 5330 :
3441 5274 3538 5344 His
3578 5276 3730 5328 autem

2104 5367 2202 5438 qui
2227 5369 2286 5420 in
2314 5367 2668 5422 matrimonio
2687 5366 2872 5437 juncti
2899 5374 3048 5430 sunt,
3072 5367 3340 5437 prareipio
3387 5381 3502 5420 non
3527 5377 3633 5433 ego,
3659 5353 3731 5412 εοά

2103 5457 2388 5521 Dominus,
2405 5471 2631 5512 uxorem
2659 5472 2693 5508 ιι
2722 5455 2840 5509 viro
2867 5471 2977 5509 non
3005 5453 3310 5520 discedere,-
3330 5451 3477 5525 quod
3493 5453 3544 5506 si
3560 5449 3732 5505 dism-

2103 5546 2256 5611 serit,
2285 5559 2508 5598 manere
2540 5544 2848 5614 innuptam,
2876 5550 2928 5598 et
2955 5545 3138 5598 virum
3166 5557 3399 5598 uxorem
3427 5557 3539 5598 non
3565 5535 3732 5592 dimit-

2105 5641 2215 5688 tere
2243 5631 2290 5703 (I
2319 5632 2438 5687 Cor.
2470 5648 2568 5696 vn,
2601 5631 2706 5702 10).
2739 5630 2902 5698 Quod
2933 5648 3099 5703 aequa
3143 5629 3310 5688 lance
3359 5630 3652 5702 pensatur,
3681 5621 3731 5674 ut
