3904 6190
217 319 327 379 737

1125 313 1227 376 DE
1271 314 1643 376 DIVER’I‘IO
1686 313 2054 376 LO'I’llARll
2100 315 2202 374 ET
2244 316 2709 382 TE‘I‘BERGxE.

3495 315 3613 383 738

209 449 431 522 judicio
459 447 672 520 mégset
702 464 738 502 a
757 462 1017 520 corpore,
1041 446 1182 519 quia
1210 446 1363 502 sicut
1391 448 1450 502 in
1480 447 1626 503 libro
1654 447 1862 503 Esther
1885 447 1940 515 Α
1963 447 2168 518 judicii
2203 452 2595 515 servaverunt,
2627 454 2686 504 et
2716 465 2822 504 nos
2853 450 2961 505 sub
3007 450 3236 510 Christo
3275 453 3476 524 judice
3530 454 3612 510 vi-

215 537 696 595 manilestissime
726 536 960 609 legitur,
993 537 1196 610 regina
1223 536 1428 592 Vasthi
1471 535 1861 609 potentissimi

215 629 368 702 regis
396 627 658 693 Assueri,
691 626 824 682 licet
874 626 1273 681 ferocissimus
1323 626 1516 694 fuerit,
1551 643 1685 682 cum
1734 628 1864 698 ejus

216 718 449 774 animos
479 720 821 787 contemptu
853 719 912 770 et
957 714 1328 771 contumacia
1375 715 1732 783 offendisset,
1765 731 1864 769 ne-

215 821 520 879 quaquam
549 804 674 860 sola
703 804 862 860 il'lius
885 803 1284 876 indignatione
1305 808 1361 859 et
1383 803 1575 859 furore
1604 820 1671 858 ex
1691 804 1870 875 impe-

219 897 284 952 rii
316 895 542 951 honore
572 893 837 966 deposita
867 891 994 959 fuit,
1010 893 1112 948 sed
1144 892 1377 965 publico
1400 892 1624 964 judicio
1655 896 1712 947 et
1736 908 1867 948 sen-

217 983 398 1041 tentia
419 982 754 1056 principum
785 999 851 1038 ne
879 981 1150 1052 judicum
1169 983 1470 1037 Medorum
1487 985 1661 1054 atque
1679 981 1870 1037 Persa-

219 1090 370 1146 rum,
383 1079 445 1127 et
461 1078 596 1145 post
615 1071 1040 1143 depositionem
1063 1069 1222 1126 illius
1240 1070 1448 1142 reginae
1464 1087 1564 1142 per
1578 1069 1869 1142 judicium

217 1162 526 1234 publicum
558 1162 794 1227 factam,
827 1160 1084 1232 quaesita:
1115 1163 1255 1214 sunt
1285 1159 1489 1231 puellae
1521 1176 1648 1230 quae
1681 1157 1870 1230 place-

219 1254 346 1307 rent
377 1249 570 1306 owlis
600 1249 776 1321 regis,
810 1248 964 1304 inter
991 1265 1139 1320 quas
1187 1247 1394 1303 Esther
1440 1246 1873 1320 pulchritudine

217 1348 273 1395 et
294 1341 510 1395 decore
541 1338 774 1406 enituit,
807 1337 1008 1409 sicque
1047 1337 1268 1409 regiam
1312 1336 1584 1410 copulam
1635 1335 1869 1392 meruit.

1973 554 2173 591 verum
2201 554 2266 591 ac
2298 540 2661 592 mortuorum
2679 538 3263 609 quocunqueintuitu
3295 542 3493 599 minus
3515 545 3613 600 de:

1974 626 2093 679 hito
2124 642 2158 679 a
2180 624 2389 696 judicii
2421 625 2624 680 ordine
2655 625 2976 680 deviamus.
3012 628 3077 681 In
3110 629 3344 685 Numeri
3377 649 3610 705 quoque

1974 713 2124 768 libro
2172 713 2507 785 prrecipitur
2556 714 2740 783 (Num.
2786 719 2862 783 v),
2919 720 2983 770 ut
3027 716 3077 771 si
3125 734 3242 788 qua
3272 720 3484 776 mulier
3521 723 3609 778 vel

1975 801 2247 857 adulterii
2271 819 2386 869 rea,
2411 802 2496 858 vel
2522 803 2668 858 falsa
2705 804 3038 876 suspicione
3058 805 3235 862 fuerit
3267 810 3543 880 appetita,
3561 817 3622 866 et

1975 889 2064 946 vir
2091 891 2220 962 ejus
2250 890 2372 946 zelo
2396 891 2676 946 adversus
2703 909 2832 947 eam
2864 893 3039 948 fuerit
3064 896 3411 964 concitatus,
3444 899 3623 954 addi.-

1979 984 2071 1035 cat
2102 979 2261 1034 illam
2293 981 2364 1034 ad
2397 981 2745 1048 sacerdotes,
2777 986 2836 1035 et
2863 982 3059 1037 divino
3082 985 3309 1054 judicio
3337 986 3425 1042 vel
3456 988 3625 1043 dant.

1979 1069 2234 1124 nandam
2257 1067 2572 1133 offerat,vel
2604 1068 2986 1126 liberandam.
3010 1072 3168 1127 Unde
3198 1074 3473 1130 Susanna
3488 1093 3624 1132 cum

1981 1157 2126 1214 falso
2157 1157 2430 1212 adulterii
2461 1157 2705 1213 crimine
2732 1165 3190 1231 accusaretur,et
3221 1164 3452 1236 publico
3471 1165 3628 1236 judi-

1981 1245 2069 1300 cio
2100 1246 2506 1314 condemnata,
2540 1251 2596 1299 et
2626 1245 2859 1318 publico
2905 1247 3118 1320 legitur
3165 1251 3432 1308 absoluta
3464 1255 3624 1327 (Dan.

1981 1336 2124 1405 xm).
2158 1336 2229 1389 Et
2258 1333 2358 1388 illa
2389 1334 2599 1390 mulier
2629 1336 2687 1390 in
2719 1337 3046 1408 Evangelio,
3081 1356 3208 1410 qua}
3255 1343 3539 1400 veraciter
3568 1346 3626 1401 in

217 1429 382 1493 Quod
414 1429 594 1483 etiam
626 1426 852 1498 antiqui
886 1424 1132 1481 Romani
1175 1425 1438 1498 legitimo
1479 1425 1704 1496 judicio
1751 1424 1874 1480 ﬁeri
1985 1423 2270 1479 adulterio
2304 1425 2492 1478 fuerat
2520 1424 2901 1496 deprehensa,
2935 1427 3194 1498 primum
3235 1431 3406 1501 juxta
3439 1432 3627 1506 legem

223 1519 433 1573 debere
464 1515 696 1588 legibus
727 1514 850 1571 suis
880 1514 1207 1586 antiquitus
1237 1519 1570 1570 statuerunt
1597 1517 1653 1570 et
1683 1531 1875 1570 serva-
1985 1513 2057 1566 ad
2086 1511 2531 1584 Pharismos,qui
2550 1516 2898 1584 potestatem
2918 1515 3128 1584 judicii
3159 1517 3224 1573 in.
3243 1520 3457 1592 populo
3478 1538 3632 1578 exec-

222 1609 450 1672 verunt,
466 1622 585 1660 non
617 1604 811 1660 solum
834 1605 960 1675 jam
991 1603 1176 1659 eﬂecti
1208 1602 1542 1670 Christiani,
1568 1604 1668 1659 sed
1699 1603 1875 1660 etiam
1986 1601 2434 1666 cebant,deinde
2465 1601 2640 1656 etiam
2673 1603 2934 1658 tentandi
2965 1604 3153 1676 gratia
3181 1607 3254 1662 ad
3287 1609 3513 1665 Domini
3537 1612 3634 1681 ju,

217 1711 356 1750 cum
379 1693 582 1749 adhuc
597 1697 794 1750 essent
821 1691 1216 1764 pagani,sicut
1235 1691 1602 1764 apertissime
1621 1691 1880 1748 ostendit
1987 1688 2207 1745 dicium
2241 1690 2521 1761 perducta
2549 1694 2657 1757 est,
2680 1690 2779 1745 ubi
2809 1692 2938 1760 ejus
2968 1693 3298 1754 admirabili
3326 1697 3633 1768 pietate,et

224 1780 312 1838 lex
337 1779 624 1837 Antonini
655 1778 868 1852 pagani
899 1779 1291 1850 imperatoris,
1326 1796 1504 1851 quam
1530 1780 1736 1835 beatus
1762 1781 1876 1834 Au-
1908 1821 1956 1886 Β
1989 1795 2022 1832 a
2051 1777 2429 1850 lapidation—is
2458 1777 2833 1850 supplicio,et
2861 1796 2896 1834 a
2927 1780 3193 1838 criminis
3223 1789 3385 1840 reatu
3415 1787 3634 1844 mult

226 1870 510 1943 gustinns
549 1868 614 1925 in
642 1867 798 1925 libre
819 1869 892 1926 de
921 1867 1226 1924 adulteriis
1255 1868 1556 1940 Conjugiis
1577 1867 1685 1924 hoc
1706 1868 1878 1923 modo
1913 1867 1956 1886 "
1988 1867 2222 1922 liberari
2253 1867 2576 1939 (Joan.vm).
2594 1867 2688 1923 Sic
2719 1872 2777 1923 et
2802 1868 2964 1941 leges
2989 1869 3328 1930 Christianae
3349 1880 3496 1931 sunt
3518 1876 3636 1933 ins-

221 1961 656 2023 commemorat
680 1961 738 2013 et
768 1958 1140 2013 commendat
1169 1957 1369 2012 dicens
1402 1958 1523 2028 (lib.
1555 1975 1617 2026 ιι,
1649 1959 1875 2028 cap.8):

229 2074 258 2103 ι
285 2049 524 2114 Quibus
569 2045 863 2119 displicet,
895 2050 960 2101 ut
988 2045 1142 2101 inter
1194 2047 1386 2102 virum
1417 2051 1474 2102 et
1506 2063 1742 2102 uxorem
1777 2062 1882 2118 par

230 2136 531 2210 pudicitiae
563 2136 752 2191 forma
779 2140 1060 2206 servetur,
1093 2139 1149 2190 et
1191 2135 1384 2207 potius
1414 2135 1658 2207 eligunt,
1692 2135 1883 2189 maxi-

232 2243 446 2299 meque
479 2226 539 2280 iu
572 2225 680 2281 hac
718 2241 916 2291 causa,
951 2225 1157 2280 mundi
1207 2224 1435 2297 legibus
1479 2224 1705 2279 subditi
1753 2240 1884 2279 esse

231 2331 414 2388 quam
445 2313 689 2378 Christi,
720 2312 999 2385 quoniam
1022 2313 1162 2382 jura
1199 2311 1454 2367 forensia
1499 2329 1614 2366 non
1663 2312 1882 2368 eisdem

233 2404 461 2476 quibus
487 2401 740 2458 feminas
776 2400 1070 2474 pudicitia
1118 2400 1365 2456 nexibus
1415 2400 1568 2456 viros
1615 2399 1888 2455 videntur

231 2491 627 2564 obstringere,
655 2489 854 2563 legant
881 2489 1023 2561 quid
1052 2489 1371 2562 imperator
1395 2488 1745 2554 Antoninus,
1769 2505 1885 2544 non

233 2583 444 2653 utique
468 2578 856 2646 Christianus,
887 2579 959 2634 de
988 2579 1096 2633 hac
1128 2596 1188 2633 re
1219 2577 1604 2648 constituerit,
1638 2577 1738 2632 ubi
1769 2593 1888 2632 mac

235 2673 386 2726 ritus
411 2686 652 2725 uxorem
674 2670 745 2724 de
767 2668 1034 2724 adulterii
1051 2668 1296 2723 crimine
1310 2684 1588 2724 accusare
1611 2685 1725 2722 non
1744 2666 1888 2722 sini-

230 2766 349 2827 tur,
383 2759 486 2815 eui
517 2758 780 2814 moribus
805 2756 929 2812 suis
960 2774 1076 2812 non
1106 2756 1353 2829 prebuit
1383 2757 1669 2812 castitatis
1697 2772 1889 2811 exem-

234 2849 426 2922 plum,
457 2848 541 2903 ita
590 2851 654 2902 ut
697 2845 871 2902 ambo
919 2846 1294 2912 damnentur,
1330 2845 1379 2900 si
1420 2845 1626 2901 ambos
1675 2844 1892 2917 pariter

231 2937 571 3009 impudicos
615 2934 919 2991 conﬂictus
966 2934 1092 3006 ipse
1137 2933 1470 2990 convicerit.
1520 2935 1666 2990 Nam
1711 2950 1892 3006 supra

230 3026 374 3082 dicti
398 3023 774 3098 imperatoris
786 3023 907 3079 haec
919 3024 1094 3079 verba
1108 3026 1404 3094 suntquae
1421 3023 1574 3094 apud
1597 3021 1892 3094 Gregoriu-

233 3133 379 3171 num
411 3115 693 3186 leguntur
724 3129 738 3169 :
775 3136 802 3163 α
839 3113 1010 3179 Sane,
1043 3112 1254 3183 inquit,
1288 3111 1496 3166 littera:
1541 3127 1682 3166 mete
1732 3111 1894 3166 nulla

1991 1957 2218 2027 pirante
2268 1956 2515 2016 Domino
2567 1957 2834 2028 conditae,
2883 1957 3097 2029 quibus
3143 1959 3407 2032 legaliter
3448 1964 3637 2022 initur

1990 2045 2352 2115 conjugium,
2385 2049 2442 2098 et
2472 2045 2847 2100 sacerdotalis
2878 2048 3245 2104 auctoritatis
3295 2056 3384 2106 est
3426 2054 3638 2111 sancti-

1991 2137 2101 2202 tas,
2126 2149 2244 2203 qua
2274 2132 2735 2188 benedictionem
2769 2151 2937 2189 suam
2969 2136 3253 2192 Dominus
3284 2139 3344 2193 in
3367 2143 3638 2211 paradim

1995 2221 2200 2293 primis
2234 2222 2572 2293 parentibus
2591 2238 2692 2293 per
2721 2224 2990 2279 sedatam
3003 2226 3356 2299 coniugibus
3377 2229 3641 2302 legaliter

1995 2309 2430 2382 copulatis,vice
2461 2327 2570 2366 sua
2600 2328 2703 2384 per
2719 2313 2944 2385 eos,qui
2975 2314 3133 2370 illius
3161 2333 3226 2372 os
3247 2318 3637 2390 appellantur,

1996 2398 2221 2453 dicente
2253 2398 2534 2470 propheta
2566 2416 2579 2455 :
2615 2399 2683 2454 Os
2705 2401 2925 2456 Domini
2953 2403 3190 2463 locutum
3217 2414 3296 2461 est
3323 2409 3451 2476 (Isa.
3473 2409 3638 2481 μω),

1995 2487 2066 2543 Et
2097 2489 2222 2561 ipso
2254 2487 2494 2543 Domino
2530 2506 2542 2544 :
2578 2489 2712 2544 Cum
2738 2494 3078 2562 separaveris
3111 2496 3409 2564 pretiosum
3455 2515 3491 2552 (ι
3517 2500 3639 2566 vili,

1995 2579 2156 2650 quasi
2183 2594 2240 2630 os
2268 2593 2478 2631 merum
2504 2580 2615 2633 eris
2645 2578 2772 2650 (Jer.
2796 2597 2888 2645 xv,
2923 2581 3030 2652 19),
3063 2581 3278 2638 viritim
3311 2585 3432 2640 vult
3469 2586 3644 2658 largi-

2000 2667 2068 2733 ri,
2101 2671 2157 2720 et
2190 2667 2454 2720 inﬁrmos
2482 2666 2832 2737 paenitentiae
2864 2669 3290 2728 medicamento
3319 2691 3548 2731 sanare.
3579 2677 3646 2732 Et

1999 2755 2145 2810 liber
2175 2753 2318 2808 dicit
2343 2753 2786 2810 Ecclesiasticus
2831 2757 2904 2811 de
2944 2773 3127 2826 servo,
3179 2767 3398 2830 quanto
3446 2764 3645 2819 minus

2000 2843 2072 2897 de
2131 2857 2327 2910 uxore,
2381 2842 2573 2898 Verum
2625 2845 2744 2898 sine
2782 2844 2994 2914 judicio
3044 2847 3192 2901 nihil
3251 2850 3430 2917 [ticius
3479 2867 3647 2920 grave

1999 2931 2187 2999 (Eccli.
2219 2947 2416 2997 χχχιιι,
2449 2930 2560 3002 30).
2589 2931 2691 2984 Est
2715 2935 2773 2986 et
2823 2931 2906 2985 illi
2955 2933 3075 3004 regi
3123 2933 3282 2991 aliud
3331 2936 3644 2996 observan.

2001 3021 2169 3085 dum,
2198 3035 2270 3072 ne
2308 3023 2442 3074 ante
2485 3017 2809 3090 legitimam
2860 3021 3284 3091 paenitentiam,
3319 3025 3645 3080 secundum

2002 3108 2159 3180 leges
2182 3106 2446 3161 Ecclesiae
2469 3111 2802 3179 susceptam
2829 3113 3003 3180 atque
3024 3116 3340 3181 peractam,
3370 3118 3427 3168 et
3446 3131 3646 3172 reconv

157 3265 160 3268 I
236 3228 261 3255 (ι
296 3208 466 3278 parte
497 3219 691 3259 causa:
721 3200 1414 3274 praajudicabuntﬁeque
1442 3199 1684 3269 enim,si
1716 3216 1894 3272 penes
1923 3189 1966 3258 C
2003 3196 2357 3252 ciliationem
2391 3195 3186 3269 adeptam,conjugio,multo
3218 3201 3415 3256 minus
3434 3201 3646 3273 eidem,

237 3316 264 3343 (ι
297 3299 355 3350 te
384 3292 564 3366 culpa
594 3291 709 3347 fuit
738 3294 805 3346 ut
832 3289 1279 3346 matrimonium
1329 3289 1666 3356 solveretur,
1699 3294 1756 3344 et
1802 3306 1892 3348 se-

237 3407 264 3434 ι(
299 3383 570 3439 cundum
601 3379 789 3452 legem
813 3378 1034 3435 Juliam
1066 3376 1320 3450 Eupasia
1352 3393 1496 3432 uxor
1515 3382 1614 3433 tua
1629 3378 1892 3447 nuberet,

240 3496 266 3524 ιι
299 3475 550 3544 propter
569 3468 677 3523 hoc
709 3467 1059 3540 rescriptum
1091 3483 1289 3522 meum
1319 3466 1590 3522 adulterii
1621 3467 1898 3522 damnata

243 3582 270 3611 α
303 3558 440 3626 erit,
473 3555 588 3611 nisi
619 3558 848 3611 constat
875 3571 1004 3610 esse
1031 3554 1438 3610 commissum.
1465 3553 1773 3610 Habebunt
1802 3571 1898 3610 au-

241 3672 269 3700 ς(
303 3652 429 3704 tem
462 3648 599 3701 ante
627 3642 828 3700 oculos
857 3644 966 3699 hoc
993 3643 1396 3715 inquirere,an
1429 3660 1564 3698 cum
1595 3648 1658 3698 tu
1690 3643 1897 3715 pudice

243 3761 270 3788 ι(
303 3736 555 3802 viveres,
593 3734 680 3789 illi
710 3749 942 3806 quoque
972 3733 1155 3789 bonos
1186 3749 1379 3788 mores
1427 3731 1652 3788 colendi
1700 3737 1902 3787 auctor

245 3845 276 3878 ιι
305 3825 500 3882 fuisti.
538 3823 916 3894 Periniquum
947 3822 1105 3880 enim
1135 3821 1366 3877 videtur
1395 3837 1541 3892 esse,
1575 3825 1638 3875 ut
1667 3820 1896 3893 pudici-

245 3937 274 3965 «ι
303 3915 454 3972 tium
486 3913 577 3967 vir
604 3913 678 3967 ab
706 3927 881 3966 uxore
911 3911 1306 3982 exigat,quam
1327 3909 1452 3981 ipse
1474 3928 1590 3965 non
1618 3909 1850 3966 exhibet
1883 3926 1895 3964 :

243 4030 271 4055 η
301 4021 437 4077 quas
466 4020 561 4058 res
593 4006 782 4074 potest
831 4004 888 4056 et
935 4000 1127 4055 virum
1154 4001 1456 4070 damnare,
1491 4016 1604 4054 non
1637 4000 1712 4054 oh
1742 4017 1899 4056 com-

243 4119 271 4144 ιι
306 4093 722 4166 pensationem
755 4088 945 4145 mutui
977 4087 1242 4144 criminis
1264 4104 1383 4144 rem
1416 4088 1569 4144 inter
1588 4093 1902 4162 utrumque

243 4206 272 4234 «ι
308 4197 688 4254 componere,
719 4179 808 4235 vel
856 4194 1096 4234 causam
1144 4176 1280 4233 tacti
1329 4176 1549 4233 tollere.
1594 4200 1621 4227 ››
1674 4178 1734 4233 Si
1781 4177 1902 4232 haec

245 4269 620 4329 observanda
648 4273 789 4324 sunt
830 4271 1066 4340 propter
1113 4266 1294 4322 decus
1339 4270 1578 4322 terrenae
1627 4266 1900 4334 civitatis,

246 4359 494 4433 quando
517 4357 796 4414 castiores
818 4357 1025 4429 quaerit
1045 4355 1296 4411 caelestis
1335 4355 1544 4427 patria,
1568 4360 1626 4410 et
1655 4357 1904 4411 societas

247 4447 624 4523 angelorum.
660 4468 690 4498 α
722 4445 850 4502 Haec
878 4446 951 4501 de
997 4443 1225 4518 legibus
1273 4444 1485 4517 pagani
1535 4445 1904 4517 imperatoris

246 4537 538 4594 Antonini
557 4537 762 4592 beatus
779 4535 1142 4607 Augustinus
1163 4537 1602 4589 commemorat.
1628 4534 1712 4589 Ita
1743 4550 1908 4606 reges
1943 4559 1984 4622 υ

251 4628 590 4692 Medorum,
621 4641 689 4680 ac
721 4624 1048 4691 Persarum,
1081 4626 1255 4694 atque
1285 4623 1701 4690 Romanorum,
1729 4627 1787 4677 et
1806 4623 1907 4692 ju-

249 4716 418 4772 dices
451 4713 812 4783 saculi,cum
823 4712 1242 4784 essentpagani
1256 4716 1312 4766 et
1327 4710 1615 4766 idolorum
1634 4710 1906 4779 cultores,

250 4803 610 4861 naturaliter
639 4819 765 4874 qua
791 4801 937 4874 legis
967 4805 1106 4856 sunt
1131 4799 1610 4868 facientes,etiam
1633 4800 1692 4855 in
1715 4799 1910 4856 causis

251 4893 414 4950 .15
447 4893 771 4964 conjugum
802 4907 917 4946 non
948 4888 1352 4944 crudelitatem
1384 4894 1440 4944 et
1470 4888 1773 4957 saevitiam,
1807 4889 1909 4944 sed

248 4979 598 5055 aquitatem
620 4985 676 5035 et
698 4978 996 5051 justitiam
1027 4979 1334 5034 decernam
1364 4996 1430 5033 ac
1459 4977 1714 5033 difﬁnire
1748 4983 1806 5034 et
1833 4984 1912 5033 te-

251 5087 398 5128 nere
431 5069 644 5134 debere
673 5069 1017 5123 docuerunt.
1054 5069 1415 5138 Quapropter
1457 5066 1786 5123 timendum
1825 5071 1915 5122 est

250 5149 822 5232 regibus,episcOpis
841 5160 898 5211 et
918 5155 1222 5226 judicibus
1243 5155 1623 5228 saeculi,quod
1655 5156 1713 5211 in
1735 5157 1914 5212 Evan-

253 5247 414 5321 gelia
443 5246 667 5301 dicitur
692 5245 765 5300 de
793 5243 1147 5313 Ninitivis,et
1173 5244 1375 5316 regina
1392 5247 1610 5315 Austri,
1646 5247 1915 5315 Quoniam

253 5343 491 5407 surgant
545 5337 607 5390 in
652 5333 884 5406 judicio,
935 5342 988 5390 et
1034 5334 1470 5392 conclamabunt
1513 5339 1917 5405 generationem

249 5427 562 5497 pacm
609 5423 812 5495 (Matth.
855 5439 956 5492 xu,
1008 5424 1118 5497 41)..
1169 5423 1658 5482 Condemnabunt
1714 5427 1918 5499 utique

255 5529 384 5569 non
413 5517 708 5585 potestate
729 5512 1067 5585 judicii,sed
1099 5515 1534 5586 comparatione
1565 5515 1823 5572 melioris
1846 5516 1922 5571 fa-

255 5601 364 5658 cti.
404 5600 472 5658 Si
500 5615 668 5674 reges
693 5599 778 5657 illi
805 5600 875 5658 ac
896 5600 1128 5675 judioes
1173 5601 1489 5659 idololatrae
1541 5603 1624 5662 sic
1654 5604 1920 5662 ordinem

2003 3288 2074 3341 de
2103 3302 2222 3357 qua
2251 3284 2462 3357 agitur,
2478 3285 2815 3340 concubina:
2841 3301 2903 3341 se
2933 3287 3167 3358 copulet
3198 3307 3211 3344 :
3242 3291 3521 3361 quoniam
3543 3309 3649 3348 nec

2005 3375 2180 3430 David
2213 3391 2311 3429 rex
2362 3376 2434 3439 (ΙΙ
2472 3375 2597 3443 Reg.
2630 3392 2730 3443 xu,
2787 3376 2894 3444 15),
2941 3375 3254 3446 sinetalis
3299 3381 3650 3438 excoctionis

2005 3464 2364 3537 pcenitentia,
2385 3463 2864 3532 Bethsabee,cum
2896 3481 3013 3536 qua
3042 3465 3406 3538 adulteravit,
3431 3470 3491 3525 in
3522 3488 3651 3532 con-

2000 3557 2204 3626 jugem
2234 3552 2458 3620 habuit,
2504 3557 2569 3606 ut
2615 3558 2673 3608 et
2721 3551 2895 3622 illius,
2928 3555 3030 3627 qui
3075 3573 3142 3611 ex
3192 3558 3318 3629 ipso
3365 3559 3653 3618 adulterio

2007 3648 2181 3698 natus
2213 3642 2420 3708 fuerat,
2451 3641 2756 3700 confestim
2789 3643 2982 3699 divino
3005 3645 3251 3715 judicio,
3283 3646 3417 3703 licet
3455 3665 3559 3720 pro
3587 3665 3654 3703 eo

2009 3732 2262 3787 multum
2285 3731 2610 3802 jejunando
2643 3736 2699 3786 et
2729 3732 2919 3788 flendo
2949 3735 3199 3805 petierit,
3233 3737 3310 3793 sit
3340 3753 3654 3807 percussus

2009 3839 2074 3877 ac
2105 3825 2392 3888 mortuus,
2412 3825 2469 3875 et
2496 3819 2622 3892 ipse
2652 3825 2853 3893 postea
2873 3824 3237 3894 gravissimis
3269 3824 3656 3881 tribulationi-

2009 3913 2140 3979 bus,
2157 3927 2223 3964 ac
2254 3909 2414 3981 regni
2447 3910 2538 3964 sui
2571 3909 2884 3966 amissione
2916 3929 3018 3983 per
3047 3913 3235 3969 illium
3267 3931 3444 3969 suum
3475 3915 3660 3970 Abea-

2011 3999 2105 4055 lon
2135 3998 2219 4054 ita
2248 4000 2340 4052 at‘tl
2353 3999 2501 4053 ictus
2531 4002 2620 4053 est
2647 4003 2704 4053 et
2732 4004 2998 4069 vexatus,
3029 4019 3095 4056 ac
3127 4003 3284 4056 velut
3328 4003 3388 4057 in
3421 4003 3657 4058 fornace

2012 4088 2165 4160 ignis
2196 4091 2466 4142 excoctus
2495 4092 2669 4158 atque
2699 4093 3002 4159 purgatus,
3039 4093 3103 4144 ut
3132 4106 3262 4145 vere
3310 4090 3435 4146 sola
3463 4090 3660 4156 divina

2012 4175 2320 4231 clementia
2369 4176 2624 4230 evasisse
2646 4176 2950 4244 videatur;
3000 4182 3057 4231 et
3101 4179 3227 4248 jam
3276 4178 3328 4234 ei
3376 4179 3659 4234 acerrimo

2013 4265 2260 4321 contrito
2291 4266 2464 4320 corde
2513 4265 2812 4336 pcenitenti
2868 4270 2926 4320 et
2977 4267 3275 4322 conﬁtenti
3327 4266 3660 4324 misericors

2015 4354 2299 4411 Dominus
2329 4359 2632 4425 peccatum
2664 4353 2998 4412 dimiserat:
3029 4355 3128 4412 sed
3159 4355 3299 4427 quia
3320 4357 3522 4426 justus
3547 4361 3656 4425 est,

2014 4450 2070 4501 et
2091 4443 2385 4514 justitiam
2416 4442 2624 4515 diligit,
2655 4441 2810 4513 quod
2845 4460 2941 4498 rex
2971 4443 3043 4498 ab
3073 4460 3140 4500 eo
3171 4445 3243 4499 ad
3273 4443 3493 4518 scelera
3522 4444 3663 4502 ulci-

2016 4534 2232 4590 scenda
2282 4533 2635 4588 constitutus
2684 4536 2879 4604 egerat
2927 4531 3222 4601 scelerate,
3267 4533 3442 4607 digne
3489 4539 3665 4608 atque

2009 4622 2343 4695 justissime
2374 4620 2702 4675 vindicavit.

2375 4765 2528 4819 676
2561 4763 3100 4820 INTERROGATIO
3139 4765 3306 4822 XXII.

2091 4890 2301 4944 Octavo
2333 4888 2588 4960 capitulo
2622 4888 2788 4943 nobis
2830 4889 3151 4958 rescribite,
3186 4895 3384 4947 utrum
3417 4909 3666 4964 sequen-

2021 4978 2160 5032 dum
2193 4977 2270 5032 sit
2300 4977 2455 5048 quod
2485 4977 2725 5047 quidam
2757 4976 2961 5031 dicunt
2991 4980 3282 5050 quosdam
3312 4979 3514 5035 docere
3544 4978 3666 5050 θρί-

2021 5083 2248 5138 sc0pos,
2284 5071 2348 5121 ut
2378 5065 2489 5121 sibi
2517 5064 2799 5121 confessis
2828 5067 2970 5123 viris
3001 5067 3087 5122 vel
3134 5067 3368 5124 feminis
3417 5068 3669 5127 debeant

2020 5157 2389 5230 patrocinium
2435 5155 2790 5211 defensionis
2840 5156 3195 5229 impendere,
3237 5174 3308 5212 ne
3355 5157 3668 5228 quisquam

2021 5245 2362 5318 hujusmodi
2395 5262 2673 5318 personas
2695 5247 2766 5301 ad
2790 5246 3083 5318 judicium
3107 5246 3436 5319 reipublicae
3457 5246 3672 5303 audeat

2024 5353 2128 5408 pro
2158 5335 2505 5390 criminibus
2540 5335 2694 5390 unde
2724 5334 2810 5390 eis
2848 5336 3124 5391 confessae
3157 5337 3406 5401 fuerant,
3439 5334 3672 5392 etiamsi

2027 5423 2227 5480 multis
2261 5429 2398 5480 nota
2428 5429 2566 5479 sunt
2594 5425 2861 5493 crimina,
2895 5441 3224 5496 provocare.
3252 5426 3322 5480 Et
3357 5423 3408 5480 si
3439 5441 3521 5493 se,
3555 5441 3672 5481 non

2028 5532 2095 5571 ex
2125 5531 2414 5570 consensu
2447 5518 2683 5587 propter
2711 5513 3260 5582 continentiam,sed
3293 5517 3531 5588 propter
3553 5513 3677 5571 dis-

2031 5604 2252 5662 cidium
2281 5603 2540 5680 aliquod,
2573 5620 2843 5679 separare
2870 5602 3178 5681 voluerint,
3203 5605 3294 5668 vel
3324 5593 3529 5668 eorum
3559 5606 3680 5668 fra-
