3896 6182
303 313 420 375 739

1202 303 1614 374 .HINCMARI
1661 298 2105 366 RHEMENSIS
2153 304 2193 362 Λ
2208 305 2767 370 RCHIEPISCOPI.

3583 310 3694 370 740

302 419 533 520 gilitati,
582 445 632 501 si
680 441 928 518 separati
977 455 1038 496 se
1084 437 1380 494 continere
1429 433 1814 506 nequiverint,
1847 432 1935 488 vel
1964 431 2019 506 Α
2050 455 2078 482 ιι
2106 435 2386 494 Antefatze
2414 441 2646 498 mulieri
2691 440 2856 498 salva
2900 440 3170 513 aequitate
3219 441 3531 497 tuitionem
3585 439 3692 495 im-

301 535 662 594 rcconeiliari
695 529 1007 595 noluerint,
1041 525 1384 582 auctoritate
1406 540 1514 580 sua
1539 540 1709 594 posse
1739 537 1946 577 consu-

299 627 448 697 lere;
481 625 738 681 dicentes
765 617 904 692 quia
933 617 1154 672 secreta
1183 602 1550 670 confessione
1575 612 1646 668 ad
1678 609 1943 666 ecclesia-

302 717 508 774 sticam
537 706 904 779 confugerint
934 703 1230 776 pietatem,
1249 702 1402 758 sicut
1433 701 1676 756 Bosonis
1709 698 1942 766 mulier,

299 807 371 861 de
399 818 516 876 qua
547 800 606 854 in
636 795 855 871 synodo
883 793 1038 866 apud
1069 797 1390 848 Leucorum
1421 790 1714 846 civitatem
1744 786 1946 844 habita

298 891 519 948 fuimus
549 903 681 944 cum
712 880 1178 956 interpellatione
1207 878 1568 946 commoniti,
1595 882 1654 934 et
1703 877 1832 931 ideo
1871 876 1942 932 ab

297 979 429 1036 aliis
457 992 634 1049 quam
666 974 740 1028 ab
769 970 1079 1045 episcopis,
1103 968 1320 1042 quibus
1347 967 1625 1023 confessae
1657 964 1801 1021 tales
1823 981 1946 1036 per-

295 1085 450 1126 sonae
482 1067 730 1131 fuerant,
761 1079 878 1117 non
911 1061 1160 1116 debeant
1181 1057 1456 1132 judicari.

906 1202 1326 1260 RESPONSIO.

364 1335 482 1392 Hoc
513 1349 690 1406 quam
723 1329 1048 1388 absurdum
1079 1327 1175 1395 sit,
1209 1325 1458 1399 quilibet
1489 1328 1761 1380 sensatus
1809 1323 1944 1380 licet

293 1425 524 1498 ignoret
551 1422 710 1494 leges
741 1416 1010 1476 Ecclesiae
1043 1415 1428 1489 recognoscit,
1461 1413 1600 1486 quia
1643 1416 1707 1468 ut
1735 1413 1942 1468 beatus

293 1511 606 1586 Gregorius
627 1511 700 1565 ad
722 1506 1029 1564 Leontium
1047 1503 1418 1560 exconsulem
1444 1502 1652 1557 scribit
1667 1503 1789 1572 (lib.
1817 1519 1940 1569 vm,

287 1606 446 1676 epist.
476 1602 575 1669 51)
608 1617 621 1656 :
656 1622 684 1650 «
718 1597 918 1664 Debet,
954 1593 1249 1667 inquiens,
1283 1591 1468 1664 gloria
1491 1595 1685 1646 vestra
1729 1590 1943 1646 memi-

289 1692 450 1750 nisse
479 1689 618 1763 quia
648 1701 953 1758 nunquan
997 1699 1158 1738 meas
1202 1679 1480 1754 epistolas
1510 1696 1615 1751 pro
1645 1695 1942 1734 commcn-

289 1781 521 1838 datione
554 1777 808 1848 alicujus
835 1772 1078 1866 accepit,
1111 1769 1226 1828 nisi
1255 1774 1320 1826 ut
1351 1768 1785 1866 profectionem
1811 1785 1942 1866 ves:
1969 1801 2022 1866 Β

289 1875 444 1928 trem
493 1868 724 1924 favente
759 1862 998 1934 jnstitia
1043 1858 1421 1934 praestaretis.
1453 1857 1603 1924 Quia
1646 1861 1816 1928 turpe
1853 1861 1945 1912 est

286 1957 596 2016 defendere
627 1953 782 2027 quod
817 1951 982 2024 prius
1010 1967 1126 2006 non
1157 1947 1484 2004 constiterit
1527 1949 1763 2018 justum
1795 1963 1946 2016 esse.

289 2049 410 2123 Ego
439 2045 678 2118 quidem
712 2040 980 2098 homines
1010 2043 1246 2111 propter
1265 2035 1562 2107 justitiam
1594 2033 1796 2108 diligo,
1829 2051 1944 2123 non

290 2121 489 2198 autem
513 2131 807 2206 justitiam
841 2131 1079 2200 propter
1106 2125 1375 2181 homines
1405 2127 1748 2196 postpono.»
1781 2121 1946 2190 Sicut

283 2226 472 2295 enim,
500 2225 568 2278 ut
597 2235 776 2292 supra
807 2219 1042 2274 beatum
1075 2213 1346 2270 docuisse
1373 2211 1746 2268 Ambrosium
1798 2209 1941 2266 scri-

290 2314 664 2388 psimus,non
697 2307 896 2367 minus
919 2319 1096 2376 quam
1118 2307 1252 2358 ante
1282 2301 1482 2356 decem
1506 2305 1683 2356 testes
1705 2303 1940 2388 pactum

283 2387 474 2475 potest
506 2394 724 2452 firmari
749 2389 1138 2464 conjugii,sed
1157 2393 1214 2444 et
1245 2389 1438 2462 ipsum
1462 2403 1675 2444 nomen
1698 2387 1936 2458 nuptize,

282 2489 439 2562 quod
472 2483 877 2558 singularitate
905 2477 1478 2550 caret,pluri:norum
1496 2481 1761 2549 expetere
1778 2493 1939 2533 mon-

283 2580 432 2635 strat
459 2575 667 2632 debere
699 2570 988 2636 notitiam,
1019 2573 1076 2624 et
1105 2568 1260 2639 quod
1292 2566 1522 2639 publice
1553 2567 1934 2636 conjunetum

281 2669 394 2736 est,
422 2664 483 2720 in
515 2659 730 2734 angulo
762 2657 1020 2730 separari
1051 2674 1166 2711 non
1201 2659 1393 2728 potest
1426 2673 1438 2711 :
1485 2659 1544 2710 et
1588 2655 1659 2710 de
1709 2659 1934 2710 secreta

282 2751 668 2818 confessione,
701 2764 881 2822 quam
912 2745 1344 2818 publicaanon
1386 2743 1538 2812 licet,
1591 2744 1930 2817 conjugium

283 2843 514 2918 legibus
529 2837 879 2896 Christianis
891 2851 956 2891 ac
969 2831 1222 2908 publicis
1243 2849 1347 2888 con
1347 2833 1621 2905 jugatum
1641 2831 1713 2887 ab
1726 2832 1928 2888 eodem

277 2931 534 3005 conjugii
559 2930 706 3002 jugo
733 2923 971 2982 dissolvi
1003 2940 1118 2979 non
1148 2927 1359 2995 potest,
1393 2938 1581 2994 neque
1609 2920 1723 2977 tale
1753 2920 1930 2977 collu-

277 3022 442 3080 dium
473 3019 544 3076 ad
577 3013 1035 3074 ecclesiasticam
1066 3011 1341 3085 pietatem
1372 3010 1484 3066 dici
1517 3010 1692 3066 debet
1721 3011 1926 3066 confu-

277 3107 630 3186 gium.Unde
661 3105 712 3162 si
743 3120 914 3160 nosse
943 3101 1312 3174 quiscunque
1341 3099 1636 3154 desiderat
1650 3098 1794 3186 quid
1817 3117 1923 3155 au-

2055 527 2262 598 pende,
2293 533 2352 584 et
2380 546 2508 585 eam
2538 533 2741 586 contra
2769 528 3014 585 rationis
3039 527 3304 584 ordinem
3337 528 3500 584 nullo
3531 527 3698 583 modo

2053 615 2279 686 gravari
2313 617 2640 689 permittas.
2666 639 2694 668 »
2725 619 2797 674 Et
2823 618 3036 674 iterum
3068 616 3140 672 ad
3170 617 3510 674 Anatolium
3530 618 3697 674 Cons-

2054 703 2509 777 tinopolitanum
2561 707 2874 763 diaconum
2925 707 3046 780 (lib.
3096 723 3201 778 vn,
3249 705 3366 762 ind.
3415 708 3507 775 51,
3541 708 3696 778 cpi-It.

2050 791 2162 865 82).
2197 817 2224 843 «
2259 793 2376 850 Hoc
2407 800 2603 851 autem
2633 794 3003 852 dilectionem
3031 799 3196 850 tuam
3223 795 3496 851 volumus
3536 793 3700 851 solli-

2053 881 2164 938 cite
2195 885 2592 952 attendere,ne
2624 901 2688 942 se
2719 885 2778 940 in
2810 901 3162 959 quacunque
3181 902 3360 942 causa
3377 885 3480 940 ubi
3505 901 3702 958 grava-

2053 987 2186 1026 men
2217 977 2307 1028 est
2333 989 2686 1046 pauperum,
2708 974 2942 1030 misceri
2973 973 3318 1042 consentiat,
3351 989 3424 1029 ne
3453 973 3702 1030 fortasse

2055 1059 2312 1130 potentia
2353 1077 2736 1132 personarum
2765 1061 3138 1134 aliquatenus
3167 1078 3428 1134 pressus,
3460 1066 3704 1134 cogatur

2051 1163 2222 1219 agere
2251 1150 2406 1220 quod
2429 1149 2636 1206 animm
2663 1149 2822 1206 illius
2842 1167 2956 1206 non
2981 1151 3168 1222 possit
3185 1149 3703 1222 expedire.Cuncta

2051 1253 2188 1309 ergo
2234 1254 2368 1293 cum
2418 1239 2520 1295 Dei
2567 1239 2778 1296 timore
2824 1243 3088 1306 tractate,
3121 1245 3397 1296 aeternam
3445 1240 3702 1297 maxime

2053 1328 2378 1383 mercedem
2409 1330 2770 1402 perpendite.
2804 1351 2834 1379 »
2863 1329 2934 1384 Et
2963 1329 3036 1386 ad
3069 1329 3353 1386 Sabinum
3384 1328 3704 1386 subdiaco-

2051 1433 2194 1471 num
2225 1417 2348 1485 (lib.
2379 1435 2502 1490 vm,
2534 1419 2684 1490 epist.
2718 1419 2774 1487 6)
2809 1435 2824 1473 :
2861 1439 2890 1470 «
2939 1418 3132 1475 Studii
3179 1417 3266 1474 tui
3313 1417 3412 1487 sit,
3453 1421 3520 1474 ut
3567 1418 3701 1474 nul-

2052 1505 2125 1562 lis
2155 1510 2356 1562 eontra
2387 1507 2666 1564 rationem
2699 1507 3027 1580 dispendiis
3073 1507 3325 1563 debeant
3374 1507 3701 1579 subjaeere.

2051 1594 2212 1660 Quod
2247 1594 2294 1651 si
2329 1595 2473 1652 forte
2503 1595 2702 1669 aliqua
2746 1595 2957 1652 nititur
3003 1595 3378 1652 excusatione
3424 1596 3700 1652 defende-

2051 1699 2132 1750 re,
2168 1682 2377 1740 mediis
2406 1683 2795 1741 sacrosanctis
2824 1683 3152 1757 Evangeliis
3180 1700 3423 1762 causam
3470 1683 3702 1740 subtili-

2053 1775 2142 1827 ter
2186 1773 2562 1844 perscrutari,
2609 1777 2668 1829 et
2713 1773 2814 1842 ita,
2856 1777 2922 1828 ut
2967 1771 3207 1845 justitia
3254 1789 3322 1828 ac
3363 1771 3514 1846 legis
3561 1773 3701 1828 ordo

2059 1861 2332 1928 suaserit,
2363 1861 2620 1918 diffinire
2645 1860 2932 1932 convenit,
2964 1863 3140 1934 atque
3181 1860 3500 1917 difﬁnitam
3531 1862 3704 1918 eﬂ‘ec‘

2056 1950 2140 2004 tui
2174 1950 2528 2022 mancipare.
2557 1974 2586 2000 »
2617 1952 2687 2007 Et
2716 1952 2790 2007 ad
2817 1951 3154 2008 Romanum
3177 1949 3552 2006 defusonem
3583 1949 3696 2017 (lib.

2053 2055 2152 2106 vn,
2201 2039 2317 2094 ind.
2366 2041 2420 2107 2,
2468 2042 2624 2112 epist.
2644 2041 2795 2109 .24):
2846 2061 2877 2090 «
2908 2037 3235 2095 Patrocinia

2053 2127 2173 2183 sive
2203 2145 2334 2183 mea
2382 2127 2720 2200 suscipiatis
2769 2127 3008 2200 scripta,
3062 2125 3182 2183 sive
3228 2127 3403 2183 etiam
3454 2127 3704 2184 minime

2051 2215 2269 2271 fuerint
2297 2215 2668 2284 directa,sub
2691 2220 2853 2272 tanto
2875 2215 3274 2272 moderamine
3301 2215 3573 2272 debeatis
3601 2215 3700 2270 im-

2050 2305 2322 2376 pendere,
2355 2309 2644 2377 quatenus
2669 2304 2731 2360 hi
2761 2304 2862 2377 qui
2909 2303 3086 2360 furtis
3114 2303 3367 2377 publicis
3404 2303 3696 2378 implicati

2047 2397 2244 2460 sunt,a
2279 2391 2449 2449 nobis
2479 2410 2596 2448 non
2627 2392 2934 2449 videantur
2964 2391 3181 2464 injuste
3207 2391 3557 2460 defendi,ne
3577 2392 3696 2466 opi-

2045 2481 2279 2538 nionem
2323 2481 2476 2538 male
2506 2481 2806 2554 agentium
2851 2497 2924 2538 ex
2959 2481 3286 2538 indiscretis
3334 2479 3697 2538 defensionis

2043 2588 2190 2626 ausu
2223 2569 2283 2624 in
2319 2587 2424 2626 nos
2455 2568 2576 2625 ullo
2601 2570 2774 2626 modo
2797 2569 3369 2626 transferamus:sed
3399 2573 3696 2642 quantum

2042 2659 2205 2714 decet
2233 2657 2550 2715 Ecclesiam
2584 2659 3040 2728 admonendo,et
3065 2659 3308 2716 verbum
3329 2657 3700 2714 intercessio-

2039 2747 2130 2802 nis
2161 2747 2514 2816 adbibendo,
2549 2747 2766 2820 quibus
2797 2746 2998 2804 valetis
3026 2747 3369 2816 succurrite,
3387 2750 3459 2802 ut
3486 2751 3551 2804 et
3582 2745 3696 2803 illis

2037 2853 2205 2908 opem
2239 2836 2458 2903 feratis,
2491 2841 2551 2894 et
2595 2836 2931 2910 opinionem
2981 2841 3196 2892 sancta:
3241 2835 3517 2892 Ecclesia
3575 2853 3690 2892 non

2035 2925 2374 2998 inquinetis.
2412 2949 2440 2976 ››

2105 3015 2217 3070 Sed
2265 3019 2324 3070 et
2370 3014 2464 3069 his
2511 3015 2612 3088 qui
2659 3015 2733 3070 ad
2780 3018 2949 3088 septa
2993 3013 3270 3084 ecclesiis,
3303 3019 3361 3070 et
3397 3013 3592 3071 etiam
3622 3015 3694 3070 ad

2035 3102 2163 3175 ipsa
2193 3103 2448 3159 sacraria
2475 3103 2844 3176 confugerint
2875 3103 3300 3169 sanctuarii,ad
3329 3102 3692 3160 Ianuarium

277 3167 518 3257 claritas
549 3191 946 3252 ecclesiastica
961 3167 1044 3245 de
1073 3189 1144 3244 ad
1178 3167 1240 3244 se
1270 3189 1336 3242 ut
1363 3187 1437 3242 ad
1489 3167 1693 3243 matris
1723 3186 1919 3244 sinum
1951 3167 1995 3234 θ
2033 3167 2373 3264 episcopum
2427 3167 2768 3248 Caralitanus
2817 3191 3066 3248 civitatis
3122 3167 3327 3260 scribit
3379 3192 3508 3260 (lib.
3567 3209 3690 3261 vni,

272 3283 747 3359 confugientibus
778 3280 1074 3336 moderate
1104 3277 1398 3343 decernat,
1427 3273 1821 3348 suggerimus,
1857 3281 1924 3333 ut

272 3375 426 3431 inter
453 3372 568 3428 alia
597 3371 864 3425 curiosus
891 3365 980 3422 vel
1007 3363 1255 3437 quilibet
1283 3363 1587 3418 studiosus
1617 3363 1772 3418 beati
1790 3365 1922 3420 Cre-

272 3462 417 3537 gorii
449 3457 702 3516 revolvat
742 3454 1042 3530 epistolas,
1074 3452 1134 3508 in
1188 3451 1403 3524 quibus
1449 3451 1766 3524 multoties,
1799 3451 1917 3510 imo

271 3550 500 3624 quoties
529 3543 931 3604 convenientia
958 3560 1020 3599 se
1050 3541 1160 3598 loci
1195 3539 1616 3609 obtulerit,sive
1645 3541 1716 3596 ad
1740 3541 1920 3616 impe-

271 3643 514 3707 ratores,
543 3636 631 3693 vel
663 3636 735 3694 ad
766 3649 1147 3708 quascunque
1179 3646 1480 3704 personas,
1505 3647 1610 3701 pro
1638 3631 1915 3688 omnibus

269 3729 341 3786 ad
374 3747 436 3786 se
484 3723 956 3798 confugientibus
1001 3726 1222 3794 petens,
1255 3717 1462 3774 litteris
1509 3719 1636 3774 suis
1685 3735 1918 3792 semper

268 3815 704 3882 inseruit,salva
731 3809 1116 3884 aequitate,vel
1147 3807 1308 3863 salva
1337 3806 1578 3875 ratione,
1593 3805 1712 3863 sive
1743 3809 1912 3866 cone-

267 3908 428 3962 tante
451 3902 707 3976 justitia,
738 3905 840 3956 aut
865 3895 1606 3970 causajudieialiqtermino
1639 3895 1908 3968 difﬁnita,

266 3991 395 4052 sine
425 3989 772 4050 sacerdotali
821 3987 1037 4046 invidia
1071 4004 1084 4043 :
1117 3990 1194 4052 et,
1225 4009 1252 4036 ‹‹
1288 3985 1361 4041 Ut
1406 3984 1722 4040 electorum
1775 4003 1908 4043 cum

265 4085 430 4156 parte
461 4081 645 4138 altera
674 4094 910 4136 necesse
940 4081 1029 4132 est
1056 4074 1254 4131 subire
1275 4072 1592 4146 judicium,
1625 4077 1682 4129 et
1712 4078 1776 4129 ut
1809 4091 1910 4130 ve-

263 4169 408 4230 ritas
459 4169 752 4244 cognosci,
800 4171 857 4222 et
902 4165 1056 4238 quod
1105 4162 1400 4236 aequitatis
1447 4162 1589 4218 ordo
1637 4163 1907 4233 suaserit,

265 4261 412 4316 071
449 4256 639 4314 valeat
665 4253 928 4312 diffiniri.
960 4253 1050 4320 Et,
1074 4251 1149 4307 Ut
1180 4267 1344 4306 mora
1371 4254 1635 4307 cessante
1665 4251 1738 4306 ad
1767 4251 1912 4307 elec-

259 4351 456 4404 torum
487 4345 760 4403 accedere
791 4341 1044 4416 quisque
1072 4337 1456 4412 compellatur
1475 4339 1803 4409 judicium:
1827 4344 1904 4410 et,

261 4435 554 4509 Quidquid
584 4433 824 4492 veritate
853 4429 1085 4504 cognita
1114 4444 1280 4484 sacro
1315 4427 1534 4482 sanctis
1577 4427 1906 4500 Evangeliis

2027 3282 2182 3353 epist.
2216 3282 2309 3349 38)
2341 3297 2358 3337 :
2391 3304 2420 3331 «
2454 3281 2512 3336 Si
2542 3281 2696 3353 quis,
2727 3280 3026 3354 inquiens,
3057 3281 3130 3336 de
3160 3281 3376 3354 quibus
3404 3285 3504 3337 est
3535 3299 3696 3355 quic-

2029 3369 2164 3438 stio,
2217 3369 2278 3424 in
2326 3368 2632 3425 ecclesiam
2683 3369 2928 3425 fortasse
2985 3369 3326 3442 refugerint,
3372 3367 3461 3425 ita
3513 3371 3694 3426 debet

2025 3474 2205 3514 causa
2233 3457 2561 3530 disponi,ut
2588 3473 2694 3514 nec
2723 3455 2834 3529 ipsi
2855 3455 3194 3512 violentiam
3220 3455 3550 3530 patiantur,
3586 3473 3692 3514 nec

2025 3545 2086 3600 hi
2117 3545 2218 3618 qui
2249 3545 2528 3602 dicuntur
2554 3545 2818 3618 oppressi
2864 3545 3084 3600 damna
3128 3545 3487 3601 sustineant.
3520 3545 3691 3602 Cura

2023 3651 2160 3708 ergo
2191 3638 2390 3690 vestra;
2423 3634 2589 3700 sit,ut
2616 3633 2701 3690 eis
2731 3633 3275 3700 sacramentum,ab
3304 3633 3397 3690 his
3419 3651 3689 3707 quorum

2023 3724 2364 3791 interest,de
2395 3723 2680 3779 seivanda
2703 3721 2829 3796 lege
2858 3726 2917 3777 et
2936 3721 3174 3794 justitia
3204 3722 3618 3795 promittatur,
3633 3727 3691 3779 et

2023 3829 2124 3884 per
2152 3810 2350 3868 omnia
2375 3816 2860 3868 commoueantur
2882 3811 3058 3880 exire,
3082 3813 3258 3883 atque
3296 3827 3554 3868 suorum
3587 3828 3688 3870 ac-

2020 3905 2189 3956 tuum
2218 3900 2458 3956 reddere
2487 3899 2832 3956 rationem.»
2863 3901 2934 3956 Et
2959 3899 3019 3954 in
3051 3898 3201 3955 libro
3231 3899 3424 3972 primo
3455 3901 3691 3974 capitu-

2019 3989 2212 4046 lorum
2243 3988 2444 4044 domni
2476 3987 2662 4045 Caroli
2695 3993 2752 4044 et
2783 3987 3058 4044 Ludovici
3089 3988 3532 4060 Augustorum:
3571 4011 3605 4041 «ς
3627 3989 3690 4046 Si

2019 4080 2154 4152 quis
2182 4079 2256 4134 ad
2285 4077 2590 4135 ecclesiam
2620 4076 2962 4150 confugium
2994 4075 3282 4148 fecerit,in
3312 4075 3465 4133 atrio
3487 4077 3692 4152 ipsius

2016 4167 2270 4224 ecclesiae
2302 4183 2505 4240 pacem
2535 4165 2879 4238 habeat,nee
2907 4165 2986 4222 sit
3013 4165 3065 4221 ei
3097 4181 3331 4221 necesse
3358 4165 3690 4224 ecclesiam

2017 4257 2333 4330 ingredi,et
2361 4253 2562 4311 nullus
2582 4271 2717 4310 eum
2751 4253 2886 4310 inde
2906 4270 3010 4326 per
3037 4253 3151 4310 vim
3169 4252 3519 4310 abstrahere
3543 4272 3670 4329 prae

2017 4349 2235 4414 sumat,
2249 4344 2350 4400 sed
2379 4343 2554 4398 liceat
2581 4342 2633 4398 ei
2665 4342 2927 4399 conﬁteri
2953 4342 3108 4415 quod
3139 4341 3298 4411 fecit,
3319 4345 3380 4398 et
3407 4341 3560 4401 inde
3581 4360 3692 4417 per

2015 4434 2169 4490 678
2199 4449 2412 4488 manus
2440 4431 2726 4488 bonorum
2759 4431 3068 4488 hominum
3111 4431 3185 4486 ad
3233 4431 3690 4490 discussionem

257 4524 438 4580 fuerit
467 4523 862 4590 statutum,ita
891 4519 964 4575 ad
995 4517 1266 4574 effectum
1298 4515 1685 4572 exsecutionis
1715 4518 1904 4572 omni-
1935 4537 1983 4601 D
2015 4523 2074 4578 in
2107 4520 2342 4595 publico
2374 4521 2787 4593 producatur.»
2811 4521 2882 4576 Et
2903 4519 2962 4576 in
2987 4518 3234 4576 concilio
3254 4518 3686 4578 Aurelianensi

258 4612 452 4668 modis
476 4611 832 4684 perducatur
861 4626 874 4665 ε
905 4611 983 4673 et.
1011 4605 1305 4678 QUiquid
1356 4603 1639 4660 suadente
1667 4605 1904 4676 justitia
2010 4611 2198 4684 capite
2227 4609 2526 4682 primo,de
2557 4609 2891 4681 homicidis,
2917 4607 3220 4676 adulteris,
3243 4611 3304 4664 et
3332 4607 3606 4679 furibus,
3633 4609 3687 4666 si

255 4701 447 4756 visum
481 4699 672 4766 fuerit,
723 4697 940 4770 scripto
984 4695 1330 4750 decernatur
1361 4711 1374 4750 :
1409 4697 1484 4761 et,
1519 4693 1592 4748 Ut
1638 4694 1698 4749 in
1739 4695 1900 4750 nullo

255 4792 458 4846 contra
478 4786 634 4859 leges
655 4790 756 4841 aut
777 4783 1060 4840 rationem
1082 4782 1214 4856 quis
1235 4783 1496 4855 patiatur
1509 4781 1704 4854 aliquo
1726 4785 1900 4840 modo

253 4875 622 4950 praegravari,
657 4873 756 4930 sed
790 4875 854 4928 ut
873 4870 1169 4944 justitiam
1202 4870 1274 4942 ei,
1291 4871 1443 4926 sicut
1473 4869 1900 4927 Christianitati

252 4965 542 5031 convenit,
574 4963 635 5020 in
675 4961 952 5018 omnibus
1001 4959 1214 5015 debeat
1259 4957 1576 5025 custodire,
1609 4963 1900 5031 quatenus

250 5056 398 5129 ipse,
429 5055 530 5128 qui
562 5054 632 5110 ad
660 5050 934 5125 pietatem
966 5046 1420 5104 ecclesiasticam
1452 5048 1898 5122 confugit,quod

249 5145 302 5201 ei
334 5145 407 5202 ab
435 5143 640 5200 eadem
674 5141 886 5214 pietate
907 5138 1263 5212 promissum
1285 5142 1518 5206 est,non
1543 5138 1751 5194 debeat
1770 5155 1902 5195 con-

245 5236 338 5290 tra
361 5231 654 5306 mquitads
683 5228 947 5287 ordinem
980 5227 1324 5302 przsgravari
1361 5245 1372 5283 :
1407 5231 1466 5284 et
1495 5227 1732 5294 iterum,
1759 5227 1896 5284 Ubi-

245 5339 476 5395 cunque
503 5317 863 5392 confugienti
895 5334 1134 5374 necesse
1167 5317 1358 5384 fuerit,
1392 5315 1551 5372 salva
1581 5317 1632 5372 ei
1675 5317 1896 5374 ratione

245 5414 630 5466 concurratur
663 5425 676 5462 :
710 5412 770 5464 et
807 5408 969 5476 item,
1003 5405 1238 5463 Solatiis
1281 5403 1511 5471 vestris,
1545 5421 1896 5478 quocunque

244 5514 399 5554 unus
427 5496 1020 5572 exegerit,comitante
1041 5493 1274 5566 justitia
1294 5491 1570 5566 potiatur.
1602 5516 1629 5543 ››
1663 5494 1733 5548 Et
1752 5493 1892 5550 item

243 5585 317 5644 ad
350 5585 660 5644 Fantinum
693 5584 1058 5643 defensorem
1089 5582 1210 5656 (tib.
1241 5599 1320 5651 v1,
1354 5579 1472 5640 ind.
1503 5583 1558 5655 2,
1581 5583 1736 5660 epist.
1767 5584 1889 5655 83):

2009 4701 2082 4758 ad
2115 4697 2424 4755 ecclesiam
2455 4697 3138 4772 confugerint,scriptum
3154 4701 3338 4766 est,ut
3365 4721 3396 4749 «
3416 4698 3589 4754 sicut
3621 4700 3685 4754 in

2007 4787 2426 4845 ecclesiasticis
2446 4787 2790 4855 canonibus,
2824 4791 2882 4842 et
2911 4787 3182 4843 Romanis
3213 4785 3361 4861 legis
3409 4786 3689 4845 decretis

2009 4875 2396 4932 constitutum
2426 4876 2612 4945 est,ab
2633 4875 2888 4931 ecclesia:
2911 4874 3188 4942 atriis,vel
3205 4875 3382 4931 domo
3399 4876 3684 4950 episcopi

2008 4983 2107 5022 eos
2138 4983 2254 5021 non
2286 4964 2456 5020 liceat
2504 4963 2788 5029 abstrahi,
2817 4965 2919 5020 sed
2971 4964 3124 5020 datis
3171 4965 3577 5022 sacramentis
3607 4965 3686 5022 de

2009 5058 2218 5122 morte,
2250 5069 2317 5109 ac
2347 5052 2666 5121 debilitate,
2701 5069 2770 5108 ac
2789 5051 2950 5108 omni
2982 5069 3286 5126 prunarum
3317 5068 3566 5126 genere,
3605 5071 3684 5110 ne

2005 5143 2342 5199 violentiam
2371 5145 2506 5198 ante
2537 5141 2781 5214 legalem
2823 5140 3287 5198 satisfactionem
3333 5140 3682 5215 patiantur,

2007 5233 2079 5288 ab
2111 5230 2356 5288 ecclesia
2385 5231 2696 5297 exeant,ita
2720 5233 2786 5286 ut
2813 5231 2864 5286 ei
2892 5230 2984 5286 cui
3018 5247 3152 5286 reus
3181 5229 3356 5286 fuerit
3385 5231 3686 5288 crimino-

2005 5338 2108 5376 sus
2139 5321 2212 5376 de
2239 5318 2638 5374 satisfactione
2667 5318 2989 5374 conveniat.
3027 5341 3054 5368 »
3081 5317 3152 5373 Et
3178 5317 3240 5373 in
3286 5316 3464 5374 tertio
3491 5318 3680 5392 capi-

2002 5408 2125 5464 tulo
2155 5412 2300 5478 (ean.
2327 5407 2384 5480 5)
2418 5425 2432 5464 :
2469 5429 2496 5459 κ
2527 5406 2588 5464 Si
2617 5408 2970 5480 cujusquam
3010 5423 3212 5464 servus
3240 5406 3314 5462 ad
3342 5404 3680 5465 ecclesiam

2003 5495 2331 5569 confugerit
2358 5512 2463 5569 pro
2499 5495 2762 5568 qualibet
2791 5495 2984 5570 culpa,
3016 5499 3253 5570 accepto
3282 5500 3679 5554 sacramento

2003 5585 2074 5642 de
2103 5583 2456 5661 impunitate
2484 5586 2556 5645 ad
2588 5585 2892 5646 servitium
2909 5585 3132 5645 domini
3163 5583 3255 5644 sui
3275 5583 3465 5643 redire
3485 5601 3681 5666 coga—
