3896 6182
200 303 307 363 ’741

1105 302 1207 363 DE
1248 300 1622 364 DlVORTlO
1665 300 2040 362 LOTHARII
2084 300 2183 361 ET
2228 301 2693 364 TETBEllG‘AE.

3486 312 3603 371 742

198 442 320 492 tur:
336 434 500 507 quisi
516 437 648 507 post
674 434 878 490 datum
909 439 1344 491 sacramentum
1364 434 1549 490 redire
1571 433 1842 502 noluerit,
1872 434 1928 501 Α
1958 432 2100 488 tiam
2115 431 2405 488 nolentem
2420 433 2703 491 Venantio
2718 437 2974 493 Lunensi
2995 439 3267 513 episcopo
3289 442 3494 499 scribit
3515 418 3603 500 di-

201 524 350 581 exire
381 522 677 580 nolentem
703 541 736 579 a
765 523 1003 579 domino
1034 523 1207 579 liceat
1241 523 1513 597 occupari
1547 541 1559 579 :
1594 541 1709 579 non
1741 524 1847 578 oh-

203 616 496 670 servantes
519 617 715 668 autem
738 628 806 668 ea
825 629 952 685 quae
976 612 1373 685 promiserint,
1392 612 1851 668 acommunione

201 701 595 758 ecclesiastica
615 701 903 773 jubentur
930 702 1176 757 abscidi.
1214 725 1241 749 η
1274 702 1387 757 Sed
1418 706 1475 758 et
1503 703 1562 757 in
1595 703 1850 757 secunrlo

203 789 456 864 capitulo
479 791 743 862 ejusdem
767 789 999 846 concilii
1030 790 1313 863 scriptum
1337 794 1427 846 est
1447 794 1592 861 (can.
1626 793 1700 857 In,
1728 816 1754 841 ‹‹
1780 790 1852 847 Ut

202 880 246 937 si
279 881 352 936 ad
385 879 692 935 ecclesiam
751 883 949 952 raptor
1005 896 1141 935 cum
1202 884 1368 953 rapta
1413 879 1760 952 confugerit,
1793 882 1852 936 et

203 968 479 1024 feminam
527 966 718 1040 ipsam
768 967 1102 1023 violentiam
1152 968 1462 1045 pertulisse
1502 968 1847 1036 constiterit,

202 1058 403 1113 statim
455 1055 736 1114 liberetur
782 1058 852 1112 de
905 1061 1189 1129 potestate
1244 1058 1511 1130 raptoris.
1544 1063 1602 1112 et
1632 1062 1848 1129 raptor,

202 1146 407 1201 mortis
436 1145 524 1201 vel
555 1162 859 1217 pcenarum
883 1146 1233 1218 impunitate
1263 1164 1562 1214 concessa,
1594 1152 1696 1202 aut
1725 1164 1852 1203 ser-

201 1233 394 1289 viendi
443 1234 764 1290 conditioni
821 1236 1126 1307 subjectus
1173 1235 1272 1306 sit,
1305 1240 1406 1291 aut
1436 1236 1757 1292 redimendi
1791 1252 1854 1293 se

202 1323 447 1379 liberam
500 1323 713 1379 habeat
767 1323 1126 1381 facultatem.
1156 1325 1215 1381 Si
1264 1341 1399 1381 vero
1442 1341 1569 1397 qua:
1630 1325 1855 1398 rapitur

202 1416 429 1486 patrem
450 1412 664 1469 habere
685 1412 1031 1481 constiterit,
1055 1418 1111 1469 et
1132 1413 1327 1486 puella
1356 1414 1573 1487 raptori
1604 1430 1853 1470 consen-

203 1499 363 1567 serit,
399 1499 672 1574 potestati
730 1499 916 1574 patris
971 1505 1246 1557 cxcusata
1301 1503 1599 1558 reddatur.
1637 1524 1664 1550 »
1695 1503 1764 1558 Et
1792 1501 1853 1557 in

203 1588 449 1645 concilio
469 1588 739 1645 Africano
761 1588 1045 1661 scriptum
1068 1593 1157 1645 est
1178 1589 1463 1662 (can.29):
1490 1612 1517 1639 ‹‹
1543 1589 1618 1645 Ut
1639 1589 1687 1646 si
1721 1588 1855 1662 quis

205 1676 524 1750 cujuslibet
543 1677 780 1734 honoris
800 1677 1047 1734 clericus
1051 1678 1279 1751 judicio
1299 1678 1702 1752 episcoporum
1718 1695 1857 1751 quo-

1959 539 2097 577 cens
2110 524 2335 595 (lib.vn,
2348 523 2539 578 indict.
2560 524 2643 591 11,
2658 527 2813 596 epist.
2827 527 2946 597 28):
2969 550 2996 577 «
3013 530 3299 594 Quoniam
3312 532 3605 604 mquitatis

1959 628 2206 667 censura
2225 612 2520 677 admonet,
2546 616 2610 666 ut
2635 613 2958 669 maximum
2991 618 3304 685 conversis,
3331 620 3490 676 salva
3512 638 3607 677 ra-

1959 701 2135 768 tione,
2160 699 2487 772 episcopale
2511 701 2717 756 debeat
2738 701 2941 757 adesse
2964 703 3260 775 solatium,
3286 707 3499 765 idcirco
3514 710 3606 769 his

1960 788 2383 844 fraternitatem
2408 794 2660 845 vestram
2680 789 2947 862 epistolis
2969 792 3444 863 adhortamur,ut
3463 815 3605 869 prae-

1961 876 2175 932 dictam
2200 882 2446 933 matrem
2469 877 2656 950 ipsius
2677 880 2983 935 Adeodatae
2995 881 3067 936 ad
3092 898 3154 938 se
3176 883 3350 939 faciat
3361 885 3605 952 evocari,

1959 970 2019 1020 et
2033 965 2349 1038 tranquilla
2360 966 2409 1021 ei
2434 966 2839 1021 adhortatione
2853 970 3189 1038 suadeat,ut
3202 971 3386 1027 facere
3403 980 3610 1044 sponte

1962 1071 2076 1108 non
2108 1054 2336 1109 desinat
2365 1054 2437 1109 ad
2471 1055 2624 1126 quod
2652 1054 2820 1127 legali
2845 1062 3034 1129 potest
3064 1060 3287 1115 ratione
3317 1056 3607 1134 compelli,

1961 1146 2253 1215 quatenus
2281 1160 2383 1198 nec
2414 1142 2515 1198 illa
2545 1142 2747 1215 afﬂigi,
2784 1161 2889 1200 nec
2918 1145 3039 1201 haec
3086 1147 3352 1205 videatur
3399 1153 3609 1224 prmju-

1961 1229 2181 1285 dicium
2204 1230 2515 1287 sustinere.
2538 1233 2672 1297 Qua:
2694 1232 2765 1300 si,
2790 1236 2856 1288 ut
2877 1251 2989 1288 non
3014 1236 3328 1306 credimus,
3353 1239 3613 1297 admoni-

1962 1319 2181 1376 tionem
2202 1323 2453 1375 vestram
2477 1320 2705 1376 differre
2726 1320 3286 1395 voluerit,pra-.dictaa
3306 1328 3610 1385 Adeodataa

1963 1407 2248 1481 religiosae
2300 1413 2503 1465 contra
2557 1426 2686 1465 eam
2724 1409 3028 1467 tuitionem
3063 1414 3405 1488 impendite,
3437 1422 3613 1490 atque

1960 1497 2172 1554 vestris
2213 1516 2342 1554 eam
2388 1498 2615 1554 solatiis
2645 1500 2798 1571 apud
2823 1501 3108 1571 judicem,
3140 1504 3227 1559 vel
3260 1522 3612 1580 quocunque

1963 1604 2110 1643 usus
2155 1587 2427 1659 exegerit,
2475 1587 2791 1644 instantius
2851 1590 3140 1661 adjuvate,
3173 1597 3231 1647 et
3258 1592 3338 1650 ita
3369 1595 3427 1651 in
3458 1613 3615 1654 exse-

1963 1675 2197 1746 quenda
2225 1674 2334 1730 hac
2362 1692 2464 1729 vos
2500 1691 2679 1731 causa
2718 1675 3058 1748 impendite,
3091 1685 3156 1734 ut
3185 1679 3356 1754 legali
3388 1684 3610 1742 ratione

205 1765 693 1839 cunquecrimine
707 1767 880 1822 fuerit
902 1767 1235 1835 damnatus,
1255 1766 1855 1838 nonliceateum,sive
1888 1803 1934 1868 Β
1965 1763 2298 1831 constricta,
2325 1763 2507 1819 invita
2532 1769 2812 1837 urgeatur
2832 1765 3020 1822 facere
3041 1769 3195 1840 quod
3217 1776 3420 1842 sponte
3450 1779 3611 1845 post-

204 1856 270 1911 ab
293 1853 559 1911 ecclesiis
586 1854 803 1927 quibus
835 1857 1086 1928 praefuit,
1111 1856 1231 1912 sive
1262 1873 1296 1911 a
1326 1856 1588 1928 quolibet
1620 1857 1857 1913 homine

203 1943 518 2013 defensari,
550 1943 893 2017 interposita
920 1962 1091 2017 paena
1121 1944 1344 2013 damni,
1375 1946 1657 2019 pecuniae,
1681 1951 1858 2018 atque

202 2032 469 2100 honoris,
502 2050 618 2106 quo
648 2049 754 2089 nec
784 2038 1034 2102 aetatem,
1066 2051 1173 2091 nec
1203 2051 1408 2091 sexum
1457 2036 1855 2091 excusandum

204 2138 334 2178 esse
390 2121 591 2195 legum
650 2121 1118 2195 promulgatores
1175 2124 1535 2196 praecipiant.
1570 2147 1597 2174 »
1629 2127 1857 2189 Quanto

208 2210 410 2266 minus
442 2210 719 2284 episcopi,
751 2211 1044 2283 aequitatis
1098 2211 1369 2269 videlicet
1423 2214 1855 2285 praedicatores,

208 2315 570 2372 quemquam
602 2299 713 2355 sub
743 2300 937 2372 specie
968 2300 1201 2373 pietatis
1233 2300 1450 2372 injuste
1479 2302 1728 2358 debeant
1758 2302 1856 2357 de-

211 2387 493 2443 fensare?
522 2388 848 2461 praesertim
897 2405 1032 2444 cum
1082 2388 1343 2462 relegant
1389 2390 1675 2463 scriptum
1706 2408 1855 2458 esse,

210 2476 266 2531 Si
289 2480 453 2532 recte
472 2476 702 2544 oil'eras,
725 2480 878 2532 recte
908 2482 1104 2533 autem
1137 2495 1252 2533 non
1282 2477 1529 2547 dividas,
1568 2480 1816 2552 peccasti
1843 2496 1857 2548 ;

207 2570 263 2619 et
294 2581 310 2619 :
345 2567 496 2621 Iuste
525 2565 663 2637 quod
682 2566 898 2635 justum
925 2574 1003 2623 est
1038 2569 1349 2639 exsequeris
1381 2568 1564 2640 (Deut.
1597 2586 1711 2636 XVI,
1744 2568 1856 2640 20).

206 2652 429 2709 Verum
463 2652 510 2709 si
542 2654 633 2709 cui
667 2654 949 2726 quiddam
1007 2672 1215 2711 sonare
1244 2656 1474 2711 videtur
1501 2657 1859 2713 contrarium

204 2741 645 2799 Aurelianensis
694 2744 950 2816 synodus
998 2745 1246 2801 decretis
1301 2746 1629 2818 apostolicae
1680 2748 1858 2815 sedis,

205 2832 493 2904 quoniam
548 2831 668 2888 haec
712 2832 784 2887 de
815 2832 1188 2904 impunitate,
1208 2833 1310 2889 illa
1339 2834 1410 2890 de
1440 2834 1708 2906 aequitate
1738 2854 1859 2893 ser-

207 2921 403 2975 vanda
458 2920 718 2992 postulat
773 2926 1158 2991 sacramenta,
1209 2922 1514 2979 sciendum
1572 2929 1681 2991 est,
1723 2925 1862 2997 quia

205 3008 418 3065 beatus
459 3008 774 3082 Gregorius
805 3010 875 3066 de
900 3010 992 3067 his
1024 3011 1289 3082 personis
1333 3012 1496 3080 dicit,
1528 3030 1654 3086 quae
1686 3030 1746 3068 se
1769 3015 1863 3085 ju-

202 3097 454 3154 stificari
476 3097 535 3153 in
549 3098 777 3169 judicio
807 3099 1070 3168 credunt,
1104 3102 1202 3156 sed
1235 3100 1568 3157 violentiam
1599 3106 1734 3158 ante
1756 3105 1825 3175 ju
1847 3134 1860 3143 -

1967 1852 2150 1924 ponit.
2181 1852 2561 1908 Memoratam
2591 1868 2725 1908 vero
2752 1852 3014 1910 latricem
3060 1856 3393 1915 fraternitas
3421 1865 3614 1918 vestra

1967 1940 2048 1996 ita
2068 1945 2296 1996 servata
2318 1941 2590 2012 aequitate
2611 1941 2842 2010 habeat,
2860 1942 2918 1997 in
2942 1945 3219 2001 omnibus
3239 1951 3612 2005 commenda-

1966 2033 2109 2099 tam,
2141 2034 2207 2085 ut
2247 2029 2413 2085 vobis
2450 2029 2500 2085 ei
2556 2030 2865 2085 tuitionem
2923 2031 3424 2105 impendentibus,
3455 2037 3514 2093 in
3545 2054 3612 2094 eo

1967 2134 2142 2190 quem
2164 2117 2488 2188 assumpsit
2509 2116 2712 2173 habitu
2733 2117 2859 2174 sine
2882 2119 3100 2191 aliqua,
3116 2121 3231 2178 Deo
3252 2130 3613 2198 protegente,

1967 2205 2350 2260 concussione
2381 2210 2774 2277 permaneat.»
2808 2207 2879 2262 Et
2908 2208 2980 2262 ad
3011 2209 3359 2267 Januarium
3390 2213 3612 2286 episco-

1967 2311 2108 2366 pum
2141 2293 2421 2349 Sardiniae
2446 2309 2460 2321 ο
2494 2316 2521 2344 ‹‹
2554 2294 2639 2349 Ad
2672 2294 2781 2350 hoc
2817 2295 3207 2369 Redemptum
3245 2300 3613 2361 defensorem

1967 2387 2234 2438 nostrum
2268 2383 2642 2454 praesentium
2675 2383 3016 2455 portitorem
3034 2385 3173 2442 illuc
3203 2390 3616 2460 direximus,ut

1968 2475 2026 2525 et
2047 2475 2241 2542 partes
2262 2471 2321 2525 in
2335 2471 2561 2542 judicio
2583 2472 2891 2529 observare
2919 2476 3248 2548 compellat,
3284 2484 3342 2535 et
3371 2497 3613 2538 exsecu-

1970 2559 2147 2614 tionis
2164 2576 2281 2613 suae
2308 2558 2586 2614 instantia
2602 2561 2672 2614 ad
2691 2562 2960 2617 eli'ectum
2987 2580 3114 2635 quae
3135 2566 3616 2641 fuerintjudicata

1969 2647 2268 2719 perducat.
2292 2670 2319 2696 »
2344 2648 2411 2701 Et
2434 2647 2604 2719 plura
2625 2665 2752 2721 quae
2776 2651 3146 2723 reperiuntur
3164 2654 3525 2728 hujusmodi,
3559 2664 3617 2716 et

1970 2735 2208 2808 longum
2241 2739 2330 2790 est
2358 2753 2393 2790 a
2421 2735 2591 2792 nobis
2632 2738 2983 2794 enumerari.
3017 2743 3226 2798 Contra
3278 2745 3400 2802 haec
3455 2749 3612 2805 enim

1969 2828 2184 2896 petere,
2220 2840 2334 2878 non
2366 2822 2655 2893 Ecclesiae,
2690 2842 2877 2898 neque
2924 2829 3302 2888 ecclesiastici
3350 2834 3458 2890 viri
3485 2853 3614 2893 esse

1960 2912 2117 2983 juris
2145 2912 2538 2984 cognoscitur,
2561 2929 2634 2968 ne
2663 2913 2809 2968 forte
2838 2914 3098 2972 indebita
3127 2920 3315 2990 pietas
3342 2923 3614 2996 impietas

1962 3000 2279 3071 judicetur,
2313 3000 2468 3056 sicut
2515 3006 2754 3057 sanctus
2802 3002 3148 3062 leestinus
3174 3009 3247 3063 ad
3280 3010 3613 3070 Nestorium

1970 3088 2211 3145 scribit:
2256 3113 2283 3138 ‹‹
2312 3090 2410 3145 Est
2432 3089 2611 3159 enim,
2644 3091 2939 3163 inquiens,
2973 3092 3107 3150 talis
3137 3096 3469 3170 frequenter
3499 3103 3614 3176 pie-

204 3184 430 3241 dicium
474 3186 685 3243 timent
714 3203 729 3243 :
762 3188 1032 3261 Synodus
1078 3192 1275 3244 autem
1321 3170 1861 3246 Aurelianensis‘de
1893 3170 1935 3235 (ἶ
1974 3182 2085 3244 tas»
2119 3194 2187 3232 ex
2217 3194 2333 3249 qua
2363 3183 2638 3234 ηαεοειῐυῐ·
2676 3179 2966 3252 ὶωρίθῑειε.
3003 3204 3031 3232 ”
3063 3184 3131 3239 Et
3160 3184 3218 3240 S.
3249 3170 3615 3261 Augustinus

201 3272 322 3331 illis
353 3274 522 3344 dicit,
555 3275 657 3348 qui
704 3293 873 3332 suam
928 3276 1280 3349 injustitiam
1322 3295 1435 3333 non
1469 3266 1859 3358 abscondunt,

202 3362 455 3437 insuper
470 3367 527 3420 et
542 3363 878 3421 violentiam
899 3381 1033 3421 cum
1059 3366 1331 3438 aequitate
1346 3367 1556 3438 judicii
1579 3368 1860 3441 pertime-

202 3456 383 3508 scunt
407 3469 421 3508 :
446 3469 563 3509 non
592 3457 788 3510 autem
811 3455 883 3510 de
905 3453 1030 3528 lege
1053 3455 1353 3525 connubii,
1377 3473 1556 3529 quam
1601 3456 1864 3531 speciali-

202 3545 313 3607 ter,
323 3540 421 3596 vel
444 3544 507 3597 ut
522 3541 790 3598 dicamus
811 3541 1188 3616 singulariter
1206 3543 1489 3600 Dominus
1508 3545 1566 3600 in
1587 3545 1860 3617 paradiso

203 3631 422 3701 primis
474 3630 818 3702 parentibus
876 3632 1083 3687 dedit:
1118 3636 1175 3688 et
1216 3632 1275 3688 in
1319 3632 1627 3705 Evangelia
1683 3634 1860 3690 etiam

203 3717 494 3790 apostolis
524 3720 1027 3792 conquirentibus,
1058 3722 1212 3794 quod
1245 3722 1292 3778 si
1325 3722 1407 3778 ita
1442 3723 1533 3778 lex
1573 3727 1726 3779 esset
1754 3724 1860 3779 viri

200 3824 339 3863 cum
377 3824 581 3874 uxore,
617 3816 759 3864 non'
790 3810 1089 3882 expediret
1146 3812 1384 3879 nubere,
1418 3827 1533 3866 non
1575 3812 1859 3881 mutavit;

203 3912 309 3951 nec
328 3894 553 3952 Paulus
575 3897 645 3952 ad
668 3896 909 3953 tertium
935 3897 1142 3954 coelum
1163 3898 1291 3954 etin
1306 3899 1643 3971 paradisum
1660 3905 1863 3973 raptus

200 3985 468 4041 scribere
509 3986 792 4057 quiddam
832 3987 963 4042 novi
992 3986 1386 4060 praesumpsit,
1410 3992 1512 4043 aut
1540 3988 1760 4061 aliquid
1793 3990 1863 4045 de

201 4072 556 4144 hujusmodi
582 4075 919 4131 defensione
939 4074 1130 4131 dicere
1151 4076 1592 4133 attentavit.Sed
1606 4078 1866 4134 etobser-

199 4162 471 4218 vandum
495 4165 726 4219 constat
748 4161 1173 4236 legentibus,ut
1191 4164 1657 4238 quotiescunque
1678 4167 1865 4222 conci-

200 4249 352 4307 lium
377 4247 751 4323 aliquod,pro
763 4252 1043 4325 temporis
1060 4252 1363 4325 qualitate,
1385 4255 1474 4310 vel
1491 4255 1732 4328 periculi
1757 4275 1861 4313 ne-

198 4339 796 4412 cessitate,quiddam
828 4340 1209 4411 consulendo,
1240 4343 1570 4416 apostolicae
1597 4346 1742 4414 sedi,
1774 4345 1863 4402 vel

199 4428 363 4485 079
395 4428 694 4486 veteribus
724 4429 943 4501 regulis
978 4429 1299 4499 diversum,
1333 4432 1432 4488 sed
1465 4450 1580 4488 non
1612 4434 1745 4489 fidei
1776 4434 1862 4491 vel

1970 3267 2029 3321 in
2062 3267 2210 3322 libro
2240 3272 2447 3338 quarto
2497 3271 2699 3323 contra
2743 3268 3047 3326 Julianum
3079 3272 3222 3344 (can.
3245 3275 3302 3345 3)
3335 3292 3347 3332 :
3383 3301 3409 3327 «
3448 3278 3613 3336 Forte

1970 3356 2235 3411 dicturus
2264 3348 2593 3429 es,\inquit,
2620 3357 2953 3415 misericors
3002 3360 3271 3420 voluntas
3320 3365 3473 3422 bona
3503 3372 3611 3425 est.
3710 3432 3717 3439 ο

1972 3445 2313 3501 Recteistud
2326 3444 2690 3514 diceretur,si
2706 3448 3200 3518 quemadmodum
3216 3453 3361 3510 ﬁdes
3373 3455 3613 3528 Christi,

1970 3533 2028 3588 id
2058 3537 2148 3589 est
2178 3533 2321 3589 fides
2353 3550 2479 3606 quae
2509 3551 2613 3606 per
2642 3534 3013 3593 dilectionem
3056 3546 3352 3614 operatur,
3386 3560 3616 3619 semper

1969 3626 2058 3676 est
2088 3622 2258 3687 bona,
2292 3622 2373 3676 ita
2412 3622 2813 3680 misericordia
2863 3642 3096 3700 semper
3147 3636 3301 3687 esset
3349 3634 3517 3690 bona.
3550 3636 3613 3693 Si

1970 3714 2166 3765 autem
2190 3711 2476 3782 reperitur
2502 3716 2558 3768 et
2586 3712 2988 3772 misericordia
3018 3717 3192 3788 mala,
3227 3737 3342 3793 qua
3366 3739 3614 3795 persona

1970 3799 2243 3871 pauperis
2255 3801 2541 3873 accipitur
2554 3801 2612 3856 in
2623 3803 3304 3881 judicio,propterquam
3320 3817 3614 3883 postremo

1971 3904 2070 3943 rex
2091 3887 2230 3943 Saul
2252 3889 2464 3944 meruit
2485 3907 2519 3945 a
2540 3890 2785 3946 Domino
2819 3894 3021 3966 utique
3059 3897 3432 3956 misericorde
3458 3902 3617 3960 dam-

1972 3975 2119 4047 nari,
2145 3975 2282 4047 quia
2311 3980 2514 4032 contra
2542 3979 2672 4049 ejus
2701 3987 3053 4053 praeceptum
3102 3987 3329 4058 captivo
3361 3991 3483 4063 regi
3514 4009 3618 4065 per

1971 4063 2299 4120 humanum
2348 4066 2605 4138 pepercit
2653 4069 2926 4125 affectum
2959 4072 3007 4141 (I
3026 4074 3149 4145 Reg.
3182 4077 3297 4148 xv),
3334 4063 3616 4138 attentius

1972 4150 2180 4224 cogita,
2204 4169 2277 4207 ne
2298 4153 2443 4208 forte
2465 4154 2866 4211 misericordia
2890 4158 3043 4214 bona
3074 4178 3188 4217 non
3224 4163 3319 4232 sit,
3343 4165 3456 4222 nisi
3487 4184 3614 4240 quae

1971 4241 2152 4312 hujus
2182 4241 2343 4296 bonae
2376 4242 2508 4297 fidei
2544 4242 2735 4298 fuerit.
2769 4245 2889 4301 Imo
2919 4250 3226 4322 responde,
3250 4256 3315 4308 ut
3346 4253 3455 4311 hoc
3487 4256 3615 4315 sine

1972 4330 2334 4386 dubitatione
2356 4331 2900 4403 perspicias,utrum
2923 4336 3136 4394 bonam
3155 4340 3615 4403 misericordiam

1971 4408 2268 4476 existimes
2288 4420 2780 4478 680inf1delem.
2828 4424 3001 4481 Porro
3026 4427 3077 4482 si
3105 4428 3312 4486 vitium
3341 4437 3431 4489 est
3462 4434 3616 4493 male

201 4515 481 4590 religioni
531 4516 841 4573 adversum
899 4518 1224 4575 decrevisse
1272 4519 1504 4593 legitur,
1537 4524 1860 4579 secundum
1897 4541 1944 4605 ι)
1976 4509 2260 4605 Inﬁma?)
2311 4509 2526 4605 Procul
2547 4510 2724 4605 dum?
2752 4512 2959 4569 νίῑίυῐη
2988 4521 3077 4571 εει
3108 4516 3420 4577 inﬁdeliter
3448 4523 3617 4581 mise-

198 4605 364 4676 quod
397 4605 462 4660 in
492 4604 725 4662 Nicaeno
757 4605 1004 4662 concilio
1043 4606 1300 4679 capitulo
1332 4613 1490 4665 sexto
1522 4609 1753 4683 legitur,
1784 4613 1865 4669 De

198 4708 267 4749 eo
290 4694 456 4766 quod
482 4694 782 4750 communi
805 4700 1152 4751 cunctorum
1174 4696 1404 4752 decreto
1429 4698 1782 4768 rationabili,
1807 4706 1865 4757 et

196 4782 541 4838 secundum
573 4782 839 4855 regulam
870 4783 1324 4841 ecclesiasticam
1345 4788 1863 4858 comprobato,duo

196 4873 306 4924 aut
340 4874 467 4925 tres
497 4869 928 4940 contradicunt,
962 4874 1256 4943 quatenus
1286 4871 1546 4928 obtineat
1577 4875 1866 4931 sententia

191 4958 627 5029 plurimorum.
650 4958 754 5027 Ita,
798 4958 953 5015 sicut
983 4960 1189 5016 scribit
1219 4959 1483 5033 Gelasius
1513 4964 1690 5033 (epist.
1722 4964 1778 5032 6,
1805 4964 1860 5033 6,

187 5047 274 5118 2),
308 5045 532 5119 priscis
592 5063 695 5119 pro
752 5064 861 5103 sua
919 5049 1240 5104 reverentia
1296 5050 1672 5105 manentibus
1720 5067 1863 5107 con-

148 5134 453 5211 stitutis,
489 5151 618 5207 qua:
650 5135 749 5190 ubi
793 5135 957 5193 nulla
1000 5137 1089 5194 vel
1139 5153 1335 5193 rerum
1386 5137 1474 5193 vel
1531 5143 1862 5212 temporum

187 5227 485 5296 per-urget
505 5221 780 5297 angustia
799 5224 1141 5297 regulariter
1179 5226 1449 5282 convenit
1468 5227 1772 5297 custodiri,
1804 5228 1864 5283 id

187 5312 408 5385 potius
432 5313 799 5385 sequendum
831 5330 959 5370 esse
989 5313 1354 5387 dignoscitur
1375 5316 1527 5388 quod
1547 5317 1865 5390 apostolica

188 5403 377 5458 sedes
412 5399 892 5474 irrefragabiliter
922 5403 1106 5459 teneri
1138 5404 1409 5473 decrevit,
1441 5404 1527 5459 vel
1561 5402 1729 5478 plura
1760 5423 1863 5462 seu

187 5487 458 5563 majoris
484 5488 849 5546 auctoritatis
878 5490 1126 5546 concilia
1154 5496 1505 5549 statuerunt.

262 5579 445 5639 Idem
458 5592 691 5653 quoque
702 5578 913 5639 beatus
926 5579 1239 5657 Gregorius
1256 5582 1585 5659 urgendum
1598 5582 1669 5639 ad
1675 5582 1699 5658 j
1711 5581 1861 5640 usti-

1976 4596 2108 4652 reri.
2144 4620 2172 4647 ››
2203 4598 2383 4653 Nemo
2430 4598 2645 4672 quippe
2675 4600 2759 4656 sic
2790 4602 3143 4674 misericors,
3178 4614 3395 4680 quanto
3428 4614 3617 4686 magis
3678 4596 3685 4607 ’

1972 4686 2088 4741 Deo
2109 4686 2541 4743 misericordior
2561 4689 2772 4761 poterit
2809 4691 3076 4762 inveniri,
3100 4713 3275 4768 quem
3306 4699 3618 4761 Psalmista

1974 4774 2434 4831 misericordiam
2464 4777 2646 4833 voluit
2676 4780 2967 4852 appellare
3016 4784 3219 4843 dicens
3253 4804 3264 4843 ε
3299 4790 3438 4846 Deus
3464 4809 3618 4849 meus

1970 4864 2347 4919 misericordia
2389 4880 2509 4919 mea
2540 4867 2708 4934 (Psal.
2745 4885 2900 4935 Lvm,
2934 4871 3042 4943 18),
3105 4872 3207 4946 qui
3241 4876 3422 4947 justis
3461 4879 3621 4950 judi-

1972 4951 2140 5007 cibus
2170 4951 2240 5007 de
2272 4952 2517 5008 muliere
2546 4954 2603 5009 in
2636 4956 2921 5013 adulterio
2980 4960 3342 5033 deprehensa
3387 4966 3618 5039 sibique

1973 5040 2186 5107 oblata,
2212 5042 2448 5112 justum
2480 5043 2776 5113 judicium
2810 5046 2999 5103 noluit
3028 5049 3229 5107 tollere
3257 5053 3435 5121 (Joan.
3468 5060 3614 5125 VIII).

1973 5129 2134 5185 Unde
2166 5134 2403 5186 sanctus
2434 5131 2823 5204 Hieronymus
2839 5153 3070 5193 versum
3089 5140 3299 5212 psalmi
3322 5159 3618 5216 exponens

1972 5219 2114 5274 dicit
2145 5235 2156 5273 :
2190 5220 2415 5291 Propter
2441 5223 2740 5293 veritatem,
2764 5231 2814 5279 et
2841 5229 3342 5299 mansuetudinem,
3375 5241 3426 5289 et
3447 5234 3618 5306 justi-

1973 5311 2110 5364 tiam
2139 5309 2308 5381 (Psal.
2332 5327 2481 5378 XLIV,
2502 5312 2579 5382 5).
2613 5311 2841 5368 Veritas
2871 5313 2995 5385 ipse
3025 5322 3115 5371 est
3144 5317 3433 5389 Christus,
3463 5324 3619 5381 unde

1973 5398 2043 5453 de
2073 5396 2175 5453 illa
2204 5398 2447 5454 muliere
2477 5399 2623 5456 dixit
2653 5402 2725 5456 ad
2752 5402 2988 5459 Judaaos
3019 5419 3033 5459 :
3072 5402 3179 5473 Qui
3231 5410 3352 5464 sine
3402 5420 3618 5483 peccato

1856 5520 1859 5521 ν
1970 5496 2050 5544 est
2102 5495 2361 5557 vestrum,
2402 5492 2561 5561 prior
2618 5492 2675 5545 iu
2731 5508 2853 5547 eam
2910 5493 3148 5565 lapidem
3199 5499 3381 5554 mittat
3434 5502 3615 5571 (loan.

1970 5595 2094 5649 VIII,
2124 5580 2202 5652 7).
2238 5579 2646 5651 Mansuetudo,
2677 5584 2911 5657 quando
2944 5584 3089 5644 dixit
3116 5602 3128 5645 :
3162 5588 3269 5649 Nec
3294 5603 3388 5664 ego
3411 5600 3461 5653 te
3488 5606 3619 5654 con.
