  <div class='ocr_page' id='page_1' title='image "/cluster/home/n/w/nwhite01/storage/ocr_20150623/125/hvd.32044054759873/377.png"; bbox 0 0 3896 6182; ppageno 0'>
   <div class='ocr_carea' id='block_1_1' title="bbox 320 273 439 335">
    <p class='ocr_par' dir='ltr' id='par_1_1' title="bbox 320 273 439 335">
     <span class='ocr_line' id='line_1_1' title="bbox 320 273 439 335; baseline -0.034 0"><span class='ocrx_word' id='word_1_1' title='bbox 320 273 439 335; x_wconf 67' lang='grc'>743</span> 
     </span>
    </p>
   </div>
   <div class='ocr_carea' id='block_1_2' title="bbox 1255 260 2800 359">
    <p class='ocr_par' dir='ltr' id='par_1_2' title="bbox 1255 260 2800 359">
     <span class='ocr_line' id='line_1_2' title="bbox 1255 260 2800 359; baseline -0.004 -30"><span class='ocrx_word' id='word_1_2' title='bbox 1255 262 1641 359; x_wconf 73' lang='lat' dir='ltr'>HlNCMAlll</span> <span class='ocrx_word' id='word_1_3' title='bbox 1692 260 2140 326; x_wconf 70' lang='lat' dir='ltr'>RHEMENSIS</span> <span class='ocrx_word' id='word_1_4' title='bbox 2182 261 2800 329; x_wconf 76' lang='lat' dir='ltr'>ARCHlEPlSGDPI.</span> 
     </span>
    </p>
   </div>
   <div class='ocr_carea' id='block_1_3' title="bbox 3599 265 3707 331">
    <p class='ocr_par' dir='ltr' id='par_1_3' title="bbox 3599 265 3707 331">
     <span class='ocr_line' id='line_1_3' title="bbox 3599 265 3707 331; baseline 0.009 -1"><span class='ocrx_word' id='word_1_5' title='bbox 3599 265 3707 331; x_wconf 69' lang='lat' dir='ltr'>7M</span> 
     </span>
    </p>
   </div>
   <div class='ocr_carea' id='block_1_4' title="bbox 319 389 3707 472">
    <p class='ocr_par' dir='ltr' id='par_1_4' title="bbox 319 389 3707 472">
     <span class='ocr_line' id='line_1_4' title="bbox 319 389 3707 472; baseline -0.001 -12"><span class='ocrx_word' id='word_1_6' title='bbox 319 401 582 466; x_wconf 62' lang='lat' dir='ltr'>demutabo</span> <span class='ocrx_word' id='word_1_7' title='bbox 600 395 1030 472; x_wconf 55' lang='lat' dir='ltr'>anuﬂllhil).</span> <span class='ocrx_word' id='word_1_8' title='bbox 1052 393 1314 466; x_wconf 79' lang='lat' dir='ltr'>Justitia,</span> <span class='ocrx_word' id='word_1_9' title='bbox 1347 394 1582 467; x_wconf 78' lang='lat' dir='ltr'>quando</span> <span class='ocrx_word' id='word_1_10' title='bbox 1602 393 1782 456; x_wconf 76' lang='lat' dir='ltr'>dixit:</span> <span class='ocrx_word' id='word_1_11' title='bbox 1811 391 1968 460; x_wconf 75' lang='lat' dir='ltr'>Vade,</span> <span class='ocrx_word' id='word_1_12' title='bbox 1997 393 2051 467; x_wconf 71' lang='grc' dir='ltr'><strong>Α</strong></span> <span class='ocrx_word' id='word_1_13' title='bbox 2079 389 2361 468; x_wconf 81' lang='lat' dir='ltr'>episcopi,</span> <span class='ocrx_word' id='word_1_14' title='bbox 2394 396 2450 451; x_wconf 86' lang='lat' dir='ltr'>et</span> <span class='ocrx_word' id='word_1_15' title='bbox 2506 409 2620 451; x_wconf 89' lang='lat' dir='ltr'>non</span> <span class='ocrx_word' id='word_1_16' title='bbox 2679 392 3186 468; x_wconf 72' lang='lat' dir='ltr'>deprchendemur</span> <span class='ocrx_word' id='word_1_17' title='bbox 3240 391 3707 466; x_wconf 68' lang='lat' dir='ltr'>reprehendendi.</span> 
     </span>
    </p>
   </div>
   <div class='ocr_carea' id='block_1_5' title="bbox 316 483 1512 567">
    <p class='ocr_par' dir='ltr' id='par_1_5' title="bbox 316 483 1512 567">
     <span class='ocr_line' id='line_1_5' title="bbox 316 483 1512 567; baseline -0.013 -14"><span class='ocrx_word' id='word_1_18' title='bbox 316 493 540 560; x_wconf 69' lang='lat' dir='ltr'>mulier,</span> <span class='ocrx_word' id='word_1_19' title='bbox 573 497 624 550; x_wconf 80' lang='lat' dir='ltr'>et</span> <span class='ocrx_word' id='word_1_20' title='bbox 649 489 890 567; x_wconf 66' lang='lat' dir='ltr'>amplius</span> <span class='ocrx_word' id='word_1_21' title='bbox 917 485 1039 545; x_wconf 79' lang='lat' dir='ltr'>noli</span> <span class='ocrx_word' id='word_1_22' title='bbox 1061 500 1282 556; x_wconf 71' lang='lat' dir='ltr'>peccare</span> <span class='ocrx_word' id='word_1_23' title='bbox 1306 483 1512 556; x_wconf 55' lang='lat' dir='ltr'>(ibid).</span> 
     </span>
    </p>
   </div>
   <div class='ocr_carea' id='block_1_6' title="bbox 386 570 1967 654">
    <p class='ocr_par' dir='ltr' id='par_1_6' title="bbox 386 570 1967 654">
     <span class='ocr_line' id='line_1_6' title="bbox 386 570 1967 654; baseline -0.009 -16"><span class='ocrx_word' id='word_1_24' title='bbox 386 573 539 640; x_wconf 81' lang='lat' dir='ltr'>Nam</span> <span class='ocrx_word' id='word_1_25' title='bbox 560 579 716 654; x_wconf 90' lang='lat' dir='ltr'>quod</span> <span class='ocrx_word' id='word_1_26' title='bbox 737 575 800 634; x_wconf 92' lang='lat' dir='ltr'>in</span> <span class='ocrx_word' id='word_1_27' title='bbox 828 579 986 636; x_wconf 87' lang='lat' dir='ltr'>tomo</span> <span class='ocrx_word' id='word_1_28' title='bbox 1011 591 1193 647; x_wconf 86' lang='lat' dir='ltr'>supra</span> <span class='ocrx_word' id='word_1_29' title='bbox 1223 577 1542 632; x_wconf 86' lang='lat' dir='ltr'>memorato</span> <span class='ocrx_word' id='word_1_30' title='bbox 1565 570 1880 648; x_wconf 78' lang='lat' dir='ltr'>relegimus</span> <span class='ocrx_word' id='word_1_31' title='bbox 1897 570 1967 624; x_wconf 90' lang='lat' dir='ltr'>de</span> 
     </span>
    </p>
   </div>
   <div class='ocr_carea' id='block_1_7' title="bbox 317 659 1963 745">
    <p class='ocr_par' dir='ltr' id='par_1_7' title="bbox 317 659 1963 745">
     <span class='ocr_line' id='line_1_7' title="bbox 317 659 1963 745; baseline -0.008 -19"><span class='ocrx_word' id='word_1_32' title='bbox 317 670 560 745; x_wconf 66' lang='lat' dir='ltr'>praelata</span> <span class='ocrx_word' id='word_1_33' title='bbox 605 665 850 726; x_wconf 75' lang='lat' dir='ltr'>muliere</span> <span class='ocrx_word' id='word_1_34' title='bbox 900 661 1144 720; x_wconf 88' lang='lat' dir='ltr'>Bosonis</span> <span class='ocrx_word' id='word_1_35' title='bbox 1173 661 1284 720; x_wconf 78' lang='lat' dir='ltr'>hoc</span> <span class='ocrx_word' id='word_1_36' title='bbox 1313 662 1485 718; x_wconf 87' lang='lat' dir='ltr'>modo</span> <span class='ocrx_word' id='word_1_37' title='bbox 1515 659 1915 732; x_wconf 89' lang='lat' dir='ltr'>conscriptum</span> <span class='ocrx_word' id='word_1_38' title='bbox 1949 675 1963 714; x_wconf 89' lang='lat'><strong>:</strong></span> 
     </span>
    </p>
   </div>
   <div class='ocr_carea' id='block_1_8' title="bbox 323 748 1966 826">
    <p class='ocr_par' dir='ltr' id='par_1_8' title="bbox 323 748 1966 826">
     <span class='ocr_line' id='line_1_8' title="bbox 323 748 1966 826; baseline -0.004 -16"><span class='ocrx_word' id='word_1_39' title='bbox 323 749 351 810; x_wconf 72' lang='grc' dir='ltr'>ἑ(</span> <span class='ocrx_word' id='word_1_40' title='bbox 375 758 655 818; x_wconf 76' lang='lat' dir='ltr'>Maritum</span> <span class='ocrx_word' id='word_1_41' title='bbox 680 771 813 818; x_wconf 85' lang='lat' dir='ltr'>vero</span> <span class='ocrx_word' id='word_1_42' title='bbox 843 752 1004 814; x_wconf 77' lang='lat' dir='ltr'>illius</span> <span class='ocrx_word' id='word_1_43' title='bbox 1033 767 1170 810; x_wconf 87' lang='lat' dir='ltr'>cum</span> <span class='ocrx_word' id='word_1_44' title='bbox 1219 755 1388 826; x_wconf 88' lang='lat' dir='ltr'>pacto</span> <span class='ocrx_word' id='word_1_45' title='bbox 1438 748 1790 816; x_wconf 73' lang='lat' dir='ltr'>securitatis,</span> <span class='ocrx_word' id='word_1_46' title='bbox 1823 749 1966 804; x_wconf 88' lang='lat' dir='ltr'>dum</span> 
     </span>
    </p>
   </div>
   <div class='ocr_carea' id='block_1_9' title="bbox 319 837 1964 915">
    <p class='ocr_par' dir='ltr' id='par_1_9' title="bbox 319 837 1964 915">
     <span class='ocr_line' id='line_1_9' title="bbox 319 837 1964 915; baseline -0.01 -7"><span class='ocrx_word' id='word_1_47' title='bbox 319 846 571 915; x_wconf 84' lang='lat' dir='ltr'>advenit,</span> <span class='ocrx_word' id='word_1_48' title='bbox 615 844 706 904; x_wconf 90' lang='lat' dir='ltr'>vel</span> <span class='ocrx_word' id='word_1_49' title='bbox 761 843 1113 904; x_wconf 76' lang='lat' dir='ltr'>immoratur</span> <span class='ocrx_word' id='word_1_50' title='bbox 1166 839 1499 908; x_wconf 86' lang='lat' dir='ltr'>nobiscum,</span> <span class='ocrx_word' id='word_1_51' title='bbox 1548 837 1668 896; x_wconf 85' lang='lat' dir='ltr'>sive</span> <span class='ocrx_word' id='word_1_52' title='bbox 1725 837 1964 910; x_wconf 84' lang='lat' dir='ltr'>recedit,</span> 
     </span>
    </p>
   </div>
   <div class='ocr_carea' id='block_1_10' title="bbox 315 925 1969 1008">
    <p class='ocr_par' dir='ltr' id='par_1_10' title="bbox 315 925 1969 1008">
     <span class='ocr_line' id='line_1_10' title="bbox 315 925 1969 1008; baseline -0.01 -8"><span class='ocrx_word' id='word_1_53' title='bbox 315 935 709 1002; x_wconf 71' lang='lat' dir='ltr'>evocavimus,</span> <span class='ocrx_word' id='word_1_54' title='bbox 733 936 798 994; x_wconf 85' lang='lat' dir='ltr'>ut</span> <span class='ocrx_word' id='word_1_55' title='bbox 825 933 954 1005; x_wconf 80' lang='lat' dir='ltr'>ejus</span> <span class='ocrx_word' id='word_1_56' title='bbox 1000 930 1316 1008; x_wconf 67' lang='lat' dir='ltr'>coniugem</span> <span class='ocrx_word' id='word_1_57' title='bbox 1343 928 1402 986; x_wconf 88' lang='lat' dir='ltr'>in</span> <span class='ocrx_word' id='word_1_58' title='bbox 1436 927 1625 1004; x_wconf 81' lang='lat' dir='ltr'>ipsius</span> <span class='ocrx_word' id='word_1_59' title='bbox 1657 925 1969 1000; x_wconf 77' lang='lat' dir='ltr'>praesentia</span> 
     </span>
    </p>
   </div>
   <div class='ocr_carea' id='block_1_11' title="bbox 317 1016 1967 1090">
    <p class='ocr_par' dir='ltr' id='par_1_11' title="bbox 317 1016 1967 1090">
     <span class='ocr_line' id='line_1_11' title="bbox 317 1016 1967 1090; baseline -0.008 -4"><span class='ocrx_word' id='word_1_60' title='bbox 317 1025 738 1090; x_wconf 80' lang='lat' dir='ltr'>examinemus,</span> <span class='ocrx_word' id='word_1_61' title='bbox 769 1019 1229 1082; x_wconf 79' lang='lat' dir='ltr'>inexaminatam</span> <span class='ocrx_word' id='word_1_62' title='bbox 1267 1035 1399 1076; x_wconf 84' lang='lat' dir='ltr'>vero</span> <span class='ocrx_word' id='word_1_63' title='bbox 1429 1017 1601 1074; x_wconf 82' lang='lat' dir='ltr'>morti</span> <span class='ocrx_word' id='word_1_64' title='bbox 1635 1017 1862 1076; x_wconf 86' lang='lat' dir='ltr'>trudere</span> <span class='ocrx_word' id='word_1_65' title='bbox 1893 1016 1967 1073; x_wconf 86' lang='lat' dir='ltr'>ad</span> 
     </span>
    </p>
   </div>
   <div class='ocr_carea' id='block_1_12' title="bbox 315 1104 1962 1188">
    <p class='ocr_par' dir='ltr' id='par_1_12' title="bbox 315 1104 1962 1188">
     <span class='ocr_line' id='line_1_12' title="bbox 315 1104 1962 1188; baseline -0.005 -18"><span class='ocrx_word' id='word_1_66' title='bbox 315 1131 432 1182; x_wconf 83' lang='lat' dir='ltr'>nos</span> <span class='ocrx_word' id='word_1_67' title='bbox 455 1112 912 1188; x_wconf 77' lang='lat' dir='ltr'>confugientem,</span> <span class='ocrx_word' id='word_1_68' title='bbox 947 1113 1014 1166; x_wconf 71' lang='lat' dir='ltr'>ut</span> <span class='ocrx_word' id='word_1_69' title='bbox 1041 1107 1315 1178; x_wconf 85' lang='lat' dir='ltr'>iniquum</span> <span class='ocrx_word' id='word_1_70' title='bbox 1360 1110 1420 1168; x_wconf 87' lang='lat' dir='ltr'>et</span> <span class='ocrx_word' id='word_1_71' title='bbox 1465 1104 1699 1166; x_wconf 79' lang='lat' dir='ltr'>crudele</span> <span class='ocrx_word' id='word_1_72' title='bbox 1744 1105 1962 1162; x_wconf 75' lang='lat' dir='ltr'>devita-</span> 
     </span>
    </p>
   </div>
   <div class='ocr_carea' id='block_1_13' title="bbox 318 1195 1964 1278">
    <p class='ocr_par' dir='ltr' id='par_1_13' title="bbox 318 1195 1964 1278">
     <span class='ocr_line' id='line_1_13' title="bbox 318 1195 1964 1278; baseline -0.009 -14"><span class='ocrx_word' id='word_1_73' title='bbox 318 1219 493 1264; x_wconf 78' lang='lat' dir='ltr'>mus:</span> <span class='ocrx_word' id='word_1_74' title='bbox 528 1201 672 1278; x_wconf 85' lang='lat' dir='ltr'>quia</span> <span class='ocrx_word' id='word_1_75' title='bbox 691 1217 832 1261; x_wconf 81' lang='lat' dir='ltr'>cum</span> <span class='ocrx_word' id='word_1_76' title='bbox 855 1197 1057 1256; x_wconf 86' lang='lat' dir='ltr'>nullus</span> <span class='ocrx_word' id='word_1_77' title='bbox 1087 1196 1358 1270; x_wconf 77' lang='lat' dir='ltr'>specialis</span> <span class='ocrx_word' id='word_1_78' title='bbox 1387 1200 1690 1254; x_wconf 86' lang='lat' dir='ltr'>accusator</span> <span class='ocrx_word' id='word_1_79' title='bbox 1709 1195 1964 1264; x_wconf 72' lang='lat' dir='ltr'>accedat,</span> 
     </span>
    </p>
   </div>
   <div class='ocr_carea' id='block_1_14' title="bbox 315 1279 1966 1372">
    <p class='ocr_par' dir='ltr' id='par_1_14' title="bbox 315 1279 1966 1372">
     <span class='ocr_line' id='line_1_14' title="bbox 315 1279 1966 1372; baseline -0.008 -21"><span class='ocrx_word' id='word_1_80' title='bbox 315 1291 447 1372; x_wconf 78' lang='lat' dir='ltr'>ipsa</span> <span class='ocrx_word' id='word_1_81' title='bbox 502 1293 700 1352; x_wconf 82' lang='lat' dir='ltr'>tamen</span> <span class='ocrx_word' id='word_1_82' title='bbox 748 1285 1051 1348; x_wconf 83' lang='lat' dir='ltr'>admonita</span> <span class='ocrx_word' id='word_1_83' title='bbox 1104 1285 1323 1363; x_wconf 81' lang='lat' dir='ltr'>pariter</span> <span class='ocrx_word' id='word_1_84' title='bbox 1347 1288 1409 1340; x_wconf 85' lang='lat' dir='ltr'>et</span> <span class='ocrx_word' id='word_1_85' title='bbox 1437 1285 1793 1360; x_wconf 87' lang='lat' dir='ltr'>interrogata</span> <span class='ocrx_word' id='word_1_86' title='bbox 1821 1279 1966 1340; x_wconf 84' lang='lat' dir='ltr'>nihil</span> 
     </span>
    </p>
   </div>
   <div class='ocr_carea' id='block_1_15' title="bbox 317 1373 1964 1448">
    <p class='ocr_par' dir='ltr' id='par_1_15' title="bbox 317 1373 1964 1448">
     <span class='ocr_line' id='line_1_15' title="bbox 317 1373 1964 1448; baseline -0.016 -6"><span class='ocrx_word' id='word_1_87' title='bbox 317 1380 476 1441; x_wconf 81' lang='lat' dir='ltr'>aliud</span> <span class='ocrx_word' id='word_1_88' title='bbox 499 1379 831 1443; x_wconf 77' lang='lat' dir='ltr'>confitetur,</span> <span class='ocrx_word' id='word_1_89' title='bbox 855 1391 1036 1448; x_wconf 88' lang='lat' dir='ltr'>quam</span> <span class='ocrx_word' id='word_1_90' title='bbox 1060 1375 1212 1447; x_wconf 82' lang='lat' dir='ltr'>quod</span> <span class='ocrx_word' id='word_1_91' title='bbox 1247 1373 1431 1434; x_wconf 85' lang='lat' dir='ltr'>solius</span> <span class='ocrx_word' id='word_1_92' title='bbox 1464 1375 1740 1435; x_wconf 81' lang='lat' dir='ltr'>Hucberti</span> <span class='ocrx_word' id='word_1_93' title='bbox 1770 1391 1964 1448; x_wconf 71' lang='lat' dir='ltr'>perge-</span> 
     </span>
    </p>
   </div>
   <div class='ocr_carea' id='block_1_16' title="bbox 311 1462 1968 1536">
    <p class='ocr_par' dir='ltr' id='par_1_16' title="bbox 311 1462 1968 1536">
     <span class='ocr_line' id='line_1_16' title="bbox 311 1462 1968 1536; baseline -0.006 -4"><span class='ocrx_word' id='word_1_94' title='bbox 311 1469 612 1532; x_wconf 70' lang='lat' dir='ltr'>cntionem</span> <span class='ocrx_word' id='word_1_95' title='bbox 634 1465 783 1528; x_wconf 78' lang='lat' dir='ltr'>mori</span> <span class='ocrx_word' id='word_1_96' title='bbox 804 1465 1020 1526; x_wconf 78' lang='lat' dir='ltr'>timene</span> <span class='ocrx_word' id='word_1_97' title='bbox 1041 1462 1314 1530; x_wconf 79' lang='lat' dir='ltr'>declinet,</span> <span class='ocrx_word' id='word_1_98' title='bbox 1350 1486 1378 1518; x_wconf 83' lang='lat'><em>»</em></span> <span class='ocrx_word' id='word_1_99' title='bbox 1409 1463 1724 1536; x_wconf 73' lang='lat' dir='ltr'><strong>prudenter</strong></span> <span class='ocrx_word' id='word_1_100' title='bbox 1753 1464 1968 1522; x_wconf 87' lang='lat' dir='ltr'>debent</span> 
     </span>
    </p>
   </div>
   <div class='ocr_carea' id='block_1_17' title="bbox 313 1546 1965 1632">
    <p class='ocr_par' dir='ltr' id='par_1_17' title="bbox 313 1546 1965 1632">
     <span class='ocr_line' id='line_1_17' title="bbox 313 1546 1965 1632; baseline -0.002 -17"><span class='ocrx_word' id='word_1_101' title='bbox 313 1558 572 1632; x_wconf 74' lang='lat' dir='ltr'><strong>legentes</strong></span> <span class='ocrx_word' id='word_1_102' title='bbox 625 1556 946 1624; x_wconf 84' lang='lat' dir='ltr'>advertere,</span> <span class='ocrx_word' id='word_1_103' title='bbox 983 1546 1186 1614; x_wconf 77' lang='lat' dir='ltr'>utrum</span> <span class='ocrx_word' id='word_1_104' title='bbox 1239 1551 1592 1620; x_wconf 74' lang='lat' dir='ltr'>auctoritati,</span> <span class='ocrx_word' id='word_1_105' title='bbox 1625 1551 1713 1608; x_wconf 86' lang='lat' dir='ltr'>vel</span> <span class='ocrx_word' id='word_1_106' title='bbox 1755 1552 1965 1612; x_wconf 88' lang='lat' dir='ltr'>rationi</span> 
     </span>
    </p>
   </div>
   <div class='ocr_carea' id='block_1_18' title="bbox 311 1638 1967 1716">
    <p class='ocr_par' dir='ltr' id='par_1_18' title="bbox 311 1638 1967 1716">
     <span class='ocr_line' id='line_1_18' title="bbox 311 1638 1967 1716; baseline -0.004 -12"><span class='ocrx_word' id='word_1_107' title='bbox 311 1644 502 1708; x_wconf 88' lang='lat' dir='ltr'>valeat</span> <span class='ocrx_word' id='word_1_108' title='bbox 547 1641 874 1706; x_wconf 80' lang='lat' dir='ltr'>convenire.</span> <span class='ocrx_word' id='word_1_109' title='bbox 905 1639 1234 1700; x_wconf 73' lang='lat' dir='ltr'>Auctoritas</span> <span class='ocrx_word' id='word_1_110' title='bbox 1293 1638 1508 1716; x_wconf 78' lang='lat' dir='ltr'>quippe</span> <span class='ocrx_word' id='word_1_111' title='bbox 1568 1639 1640 1696; x_wconf 88' lang='lat' dir='ltr'>de</span> <span class='ocrx_word' id='word_1_112' title='bbox 1696 1640 1967 1714; x_wconf 79' lang='lat' dir='ltr'>aequitate</span> 
     </span>
    </p>
   </div>
   <div class='ocr_carea' id='block_1_19' title="bbox 2078 478 3713 554">
    <p class='ocr_par' dir='ltr' id='par_1_19' title="bbox 2078 478 3713 554">
     <span class='ocr_line' id='line_1_19' title="bbox 2078 478 3713 554; baseline 0.007 -20"><span class='ocrx_word' id='word_1_113' title='bbox 2078 480 2240 548; x_wconf 72' lang='lat' dir='ltr'>Quod</span> <span class='ocrx_word' id='word_1_114' title='bbox 2287 478 2542 554; x_wconf 84' lang='lat' dir='ltr'>denique</span> <span class='ocrx_word' id='word_1_115' title='bbox 2598 479 2819 540; x_wconf 82' lang='lat' dir='ltr'>ibidem</span> <span class='ocrx_word' id='word_1_116' title='bbox 2866 479 3162 550; x_wconf 79' lang='lat' dir='ltr'>scribitur,</span> <span class='ocrx_word' id='word_1_117' title='bbox 3194 481 3335 554; x_wconf 85' lang='lat' dir='ltr'>quia</span> <span class='ocrx_word' id='word_1_118' title='bbox 3363 497 3498 540; x_wconf 84' lang='lat' dir='ltr'>cum</span> <span class='ocrx_word' id='word_1_119' title='bbox 3527 481 3713 544; x_wconf 79' lang='lat' dir='ltr'>nullus</span> 
     </span>
    </p>
   </div>
   <div class='ocr_carea' id='block_1_20' title="bbox 2076 567 3715 642">
    <p class='ocr_par' dir='ltr' id='par_1_20' title="bbox 2076 567 3715 642">
     <span class='ocr_line' id='line_1_20' title="bbox 2076 567 3715 642; baseline 0.002 -19"><span class='ocrx_word' id='word_1_120' title='bbox 2076 567 2348 640; x_wconf 75' lang='lat' dir='ltr'>specialis</span> <span class='ocrx_word' id='word_1_121' title='bbox 2396 575 2701 628; x_wconf 87' lang='lat' dir='ltr'>accusator</span> <span class='ocrx_word' id='word_1_122' title='bbox 2747 570 3005 639; x_wconf 77' lang='lat' dir='ltr'>accedat,</span> <span class='ocrx_word' id='word_1_123' title='bbox 3039 569 3168 642; x_wconf 84' lang='lat' dir='ltr'>ipsa</span> <span class='ocrx_word' id='word_1_124' title='bbox 3195 573 3394 632; x_wconf 86' lang='lat' dir='ltr'>tamen</span> <span class='ocrx_word' id='word_1_125' title='bbox 3427 569 3715 636; x_wconf 69' lang='lat' dir='ltr'>admonita</span> 
     </span>
    </p>
   </div>
   <div class='ocr_carea' id='block_1_21' title="bbox 2075 657 3713 738">
    <p class='ocr_par' dir='ltr' id='par_1_21' title="bbox 2075 657 3713 738">
     <span class='ocr_line' id='line_1_21' title="bbox 2075 657 3713 738; baseline 0.005 -27"><span class='ocrx_word' id='word_1_126' title='bbox 2075 657 2293 729; x_wconf 89' lang='lat' dir='ltr'>pariter</span> <span class='ocrx_word' id='word_1_127' title='bbox 2319 661 2375 714; x_wconf 90' lang='lat' dir='ltr'>et</span> <span class='ocrx_word' id='word_1_128' title='bbox 2403 657 2782 732; x_wconf 83' lang='lat' dir='ltr'>interrogata,</span> <span class='ocrx_word' id='word_1_129' title='bbox 2817 657 2961 714; x_wconf 81' lang='lat' dir='ltr'>nihil</span> <span class='ocrx_word' id='word_1_130' title='bbox 3011 657 3170 719; x_wconf 81' lang='lat' dir='ltr'>aliud</span> <span class='ocrx_word' id='word_1_131' title='bbox 3201 659 3518 720; x_wconf 80' lang='lat' dir='ltr'>conﬁtetur</span> <span class='ocrx_word' id='word_1_132' title='bbox 3544 675 3713 738; x_wconf 77' lang='lat' dir='ltr'>quam</span> 
     </span>
    </p>
   </div>
   <div class='ocr_carea' id='block_1_22' title="bbox 2076 746 3716 826">
    <p class='ocr_par' dir='ltr' id='par_1_22' title="bbox 2076 746 3716 826">
     <span class='ocr_line' id='line_1_22' title="bbox 2076 746 3716 826; baseline 0.002 -24"><span class='ocrx_word' id='word_1_133' title='bbox 2076 747 2229 818; x_wconf 89' lang='lat' dir='ltr'>quod</span> <span class='ocrx_word' id='word_1_134' title='bbox 2257 746 2440 826; x_wconf 85' lang='lat' dir='ltr'>solius</span> <span class='ocrx_word' id='word_1_135' title='bbox 2461 747 2737 804; x_wconf 87' lang='lat' dir='ltr'>HucberLi</span> <span class='ocrx_word' id='word_1_136' title='bbox 2757 746 3224 820; x_wconf 83' lang='lat' dir='ltr'>persecutionem</span> <span class='ocrx_word' id='word_1_137' title='bbox 3237 747 3384 808; x_wconf 81' lang='lat' dir='ltr'>mori</span> <span class='ocrx_word' id='word_1_138' title='bbox 3404 747 3620 812; x_wconf 79' lang='lat' dir='ltr'>timens</span> <span class='ocrx_word' id='word_1_139' title='bbox 3631 749 3716 812; x_wconf 87' lang='lat' dir='ltr'>de-</span> 
     </span>
    </p>
   </div>
   <div class='ocr_carea' id='block_1_23' title="bbox 2075 833 3718 910">
    <p class='ocr_par' dir='ltr' id='par_1_23' title="bbox 2075 833 3718 910">
     <span class='ocr_line' id='line_1_23' title="bbox 2075 833 3718 910; baseline 0.008 -20"><span class='ocrx_word' id='word_1_140' title='bbox 2075 833 2252 900; x_wconf 81' lang='lat' dir='ltr'>clinet</span> <span class='ocrx_word' id='word_1_141' title='bbox 2285 851 2299 890; x_wconf 88' lang='lat'><strong>:</strong></span> <span class='ocrx_word' id='word_1_142' title='bbox 2334 835 2474 910; x_wconf 89' lang='lat' dir='ltr'>quid</span> <span class='ocrx_word' id='word_1_143' title='bbox 2504 835 2661 892; x_wconf 83' lang='lat' dir='ltr'>aliud</span> <span class='ocrx_word' id='word_1_144' title='bbox 2694 839 2896 904; x_wconf 87' lang='lat' dir='ltr'>restat,</span> <span class='ocrx_word' id='word_1_145' title='bbox 2925 835 3203 908; x_wconf 85' lang='lat' dir='ltr'>quoniam</span> <span class='ocrx_word' id='word_1_146' title='bbox 3234 853 3274 898; x_wconf 77' lang='lat' dir='ltr'>a.</span> <span class='ocrx_word' id='word_1_147' title='bbox 3299 836 3532 902; x_wconf 80' lang='lat' dir='ltr'>nomine</span> <span class='ocrx_word' id='word_1_148' title='bbox 3561 853 3718 902; x_wconf 73' lang='lat' dir='ltr'>accu-</span> 
     </span>
    </p>
   </div>
   <div class='ocr_carea' id='block_1_24' title="bbox 2077 923 3716 1001">
    <p class='ocr_par' dir='ltr' id='par_1_24' title="bbox 2077 923 3716 1001">
     <span class='ocr_line' id='line_1_24' title="bbox 2077 923 3716 1001; baseline 0.002 -23"><span class='ocrx_word' id='word_1_149' title='bbox 2077 929 2262 992; x_wconf 80' lang='lat' dir='ltr'>satur,</span> <span class='ocrx_word' id='word_1_150' title='bbox 2288 925 2337 980; x_wconf 91' lang='lat' dir='ltr'>si</span> <span class='ocrx_word' id='word_1_151' title='bbox 2368 923 2626 1001; x_wconf 85' lang='lat' dir='ltr'>episcopi</span> <span class='ocrx_word' id='word_1_152' title='bbox 2655 925 2981 986; x_wconf 75' lang='lat' dir='ltr'>secnndum</span> <span class='ocrx_word' id='word_1_153' title='bbox 3012 924 3158 987; x_wconf 79' lang='lat' dir='ltr'>tales</span> <span class='ocrx_word' id='word_1_154' title='bbox 3189 941 3470 998; x_wconf 69' lang='lat' dir='ltr'>canones,</span> <span class='ocrx_word' id='word_1_155' title='bbox 3495 926 3544 993; x_wconf 82' lang='lat' dir='ltr'>si</span> <span class='ocrx_word' id='word_1_156' title='bbox 3578 926 3716 992; x_wconf 76' lang='lat' dir='ltr'>forte</span> 
     </span>
    </p>
   </div>
   <div class='ocr_carea' id='block_1_25' title="bbox 2075 1010 3716 1090">
    <p class='ocr_par' dir='ltr' id='par_1_25' title="bbox 2075 1010 3716 1090">
     <span class='ocr_line' id='line_1_25' title="bbox 2075 1010 3716 1090; baseline 0.002 -23"><span class='ocrx_word' id='word_1_157' title='bbox 2075 1010 2370 1068; x_wconf 81' lang='lat' dir='ltr'>habentur</span> <span class='ocrx_word' id='word_1_158' title='bbox 2407 1030 2556 1088; x_wconf 87' lang='lat' dir='ltr'>quos</span> <span class='ocrx_word' id='word_1_159' title='bbox 2581 1014 2866 1073; x_wconf 80' lang='lat' dir='ltr'>&#39;nondum</span> <span class='ocrx_word' id='word_1_160' title='bbox 2914 1013 3190 1090; x_wconf 78' lang='lat' dir='ltr'>legimus,</span> <span class='ocrx_word' id='word_1_161' title='bbox 3221 1019 3280 1074; x_wconf 91' lang='lat' dir='ltr'>et</span> <span class='ocrx_word' id='word_1_162' title='bbox 3308 1013 3626 1080; x_wconf 72' lang='lat' dir='ltr'>Christiani</span> <span class='ocrx_word' id='word_1_163' title='bbox 3657 1031 3716 1080; x_wconf 69' lang='lat' dir='ltr'>ac</span> 
     </span>
    </p>
   </div>
   <div class='ocr_carea' id='block_1_26' title="bbox 2077 1100 3717 1180">
    <p class='ocr_par' dir='ltr' id='par_1_26' title="bbox 2077 1100 3717 1180">
     <span class='ocr_line' id='line_1_26' title="bbox 2077 1100 3717 1180; baseline 0.007 -24"><span class='ocrx_word' id='word_1_164' title='bbox 2077 1100 2302 1158; x_wconf 86' lang='lat' dir='ltr'>nobiles</span> <span class='ocrx_word' id='word_1_165' title='bbox 2328 1101 2460 1158; x_wconf 88' lang='lat' dir='ltr'>laici</span> <span class='ocrx_word' id='word_1_166' title='bbox 2483 1102 2656 1178; x_wconf 80' lang='lat' dir='ltr'>juxta</span> <span class='ocrx_word' id='word_1_167' title='bbox 2684 1103 2862 1180; x_wconf 81' lang='lat' dir='ltr'>leges,</span> <span class='ocrx_word' id='word_1_168' title='bbox 2895 1119 3043 1180; x_wconf 84' lang='lat' dir='ltr'>quas</span> <span class='ocrx_word' id='word_1_169' title='bbox 3088 1119 3462 1180; x_wconf 80' lang='lat' dir='ltr'>nequaquam</span> <span class='ocrx_word' id='word_1_170' title='bbox 3517 1101 3717 1168; x_wconf 79' lang='lat' dir='ltr'>didici-</span> 
     </span>
    </p>
   </div>
   <div class='ocr_carea' id='block_1_27' title="bbox 2077 1189 3717 1261">
    <p class='ocr_par' dir='ltr' id='par_1_27' title="bbox 2077 1189 3717 1261">
     <span class='ocr_line' id='line_1_27' title="bbox 2077 1189 3717 1261; baseline 0.008 -17"><span class='ocrx_word' id='word_1_171' title='bbox 2077 1207 2231 1257; x_wconf 88' lang='lat' dir='ltr'>mus,</span> <span class='ocrx_word' id='word_1_172' title='bbox 2265 1189 2434 1248; x_wconf 79' lang='lat' dir='ltr'>aliter</span> <span class='ocrx_word' id='word_1_173' title='bbox 2481 1208 2597 1252; x_wconf 88' lang='lat' dir='ltr'>non</span> <span class='ocrx_word' id='word_1_174' title='bbox 2647 1192 2994 1260; x_wconf 85' lang='lat' dir='ltr'>invenerint,</span> <span class='ocrx_word' id='word_1_175' title='bbox 3027 1191 3140 1256; x_wconf 86' lang='lat' dir='ltr'>nisi</span> <span class='ocrx_word' id='word_1_176' title='bbox 3173 1197 3238 1252; x_wconf 87' lang='lat' dir='ltr'>ut</span> <span class='ocrx_word' id='word_1_177' title='bbox 3268 1193 3476 1258; x_wconf 80' lang='lat' dir='ltr'>marito</span> <span class='ocrx_word' id='word_1_178' title='bbox 3506 1209 3638 1261; x_wconf 77' lang='lat' dir='ltr'>suo.</span> <span class='ocrx_word' id='word_1_179' title='bbox 3664 1197 3717 1258; x_wconf 80' lang='lat' dir='ltr'>et</span> 
     </span>
    </p>
   </div>
   <div class='ocr_carea' id='block_1_28' title="bbox 2076 1279 3717 1357">
    <p class='ocr_par' dir='ltr' id='par_1_28' title="bbox 2076 1279 3717 1357">
     <span class='ocr_line' id='line_1_28' title="bbox 2076 1279 3717 1357; baseline 0.001 -22"><span class='ocrx_word' id='word_1_180' title='bbox 2076 1279 2124 1335; x_wconf 91' lang='lat' dir='ltr'>si</span> <span class='ocrx_word' id='word_1_181' title='bbox 2146 1280 2296 1357; x_wconf 59' lang='lat' dir='ltr'>forte</span> <span class='ocrx_word' id='word_1_182' title='bbox 2327 1281 2646 1340; x_wconf 81' lang='lat' dir='ltr'>necessitas</span> <span class='ocrx_word' id='word_1_183' title='bbox 2667 1285 2724 1338; x_wconf 89' lang='lat' dir='ltr'>et</span> <span class='ocrx_word' id='word_1_184' title='bbox 2745 1282 2894 1340; x_wconf 84' lang='lat' dir='ltr'>ratio</span> <span class='ocrx_word' id='word_1_185' title='bbox 2915 1299 3018 1355; x_wconf 89' lang='lat' dir='ltr'>pro</span> <span class='ocrx_word' id='word_1_186' title='bbox 3050 1281 3246 1354; x_wconf 86' lang='lat' dir='ltr'>aliquo</span> <span class='ocrx_word' id='word_1_187' title='bbox 3266 1281 3332 1341; x_wconf 87' lang='lat' dir='ltr'>ei.</span> <span class='ocrx_word' id='word_1_188' title='bbox 3349 1281 3578 1354; x_wconf 84' lang='lat' dir='ltr'>objecto</span> <span class='ocrx_word' id='word_1_189' title='bbox 3609 1282 3717 1339; x_wconf 80' lang='lat' dir='ltr'>cri-</span> 
     </span>
    </p>
   </div>
   <div class='ocr_carea' id='block_1_29' title="bbox 2077 1368 3715 1444">
    <p class='ocr_par' dir='ltr' id='par_1_29' title="bbox 2077 1368 3715 1444">
     <span class='ocr_line' id='line_1_29' title="bbox 2077 1368 3715 1444; baseline 0.002 -21"><span class='ocrx_word' id='word_1_190' title='bbox 2077 1369 2233 1424; x_wconf 88' lang='lat' dir='ltr'>mine</span> <span class='ocrx_word' id='word_1_191' title='bbox 2264 1368 2684 1444; x_wconf 87' lang='lat' dir='ltr'>postulat,cum</span> <span class='ocrx_word' id='word_1_192' title='bbox 2717 1369 2991 1430; x_wconf 77' lang='lat' dir='ltr'>ﬁrmitate</span> <span class='ocrx_word' id='word_1_193' title='bbox 3021 1371 3092 1429; x_wconf 88' lang='lat' dir='ltr'>de</span> <span class='ocrx_word' id='word_1_194' title='bbox 3123 1369 3396 1443; x_wconf 78' lang='lat' dir='ltr'>aequitate</span> <span class='ocrx_word' id='word_1_195' title='bbox 3424 1369 3715 1437; x_wconf 74' lang='lat' dir='ltr'>reddatur,</span> 
     </span>
    </p>
   </div>
   <div class='ocr_carea' id='block_1_30' title="bbox 2075 1455 3717 1530">
    <p class='ocr_par' dir='ltr' id='par_1_30' title="bbox 2075 1455 3717 1530">
     <span class='ocr_line' id='line_1_30' title="bbox 2075 1455 3717 1530; baseline 0.001 -18"><span class='ocrx_word' id='word_1_196' title='bbox 2075 1461 2132 1512; x_wconf 89' lang='lat' dir='ltr'>et</span> <span class='ocrx_word' id='word_1_197' title='bbox 2154 1475 2190 1514; x_wconf 89' lang='lat' dir='ltr'>a</span> <span class='ocrx_word' id='word_1_198' title='bbox 2213 1455 2424 1513; x_wconf 84' lang='lat' dir='ltr'>marito</span> <span class='ocrx_word' id='word_1_199' title='bbox 2446 1475 2576 1529; x_wconf 86' lang='lat' dir='ltr'>suo,</span> <span class='ocrx_word' id='word_1_200' title='bbox 2600 1475 2671 1516; x_wconf 92' lang='lat' dir='ltr'>ne</span> <span class='ocrx_word' id='word_1_201' title='bbox 2692 1459 2765 1516; x_wconf 89' lang='lat' dir='ltr'>ab</span> <span class='ocrx_word' id='word_1_202' title='bbox 2796 1459 3086 1522; x_wconf 89' lang='lat' dir='ltr'>Hucberto</span> <span class='ocrx_word' id='word_1_203' title='bbox 3115 1458 3436 1530; x_wconf 80' lang='lat' dir='ltr'>occidatur,</span> <span class='ocrx_word' id='word_1_204' title='bbox 3469 1457 3717 1524; x_wconf 78' lang='lat' dir='ltr'>maritali</span> 
     </span>
    </p>
   </div>
   <div class='ocr_carea' id='block_1_31' title="bbox 2075 1545 3716 1619">
    <p class='ocr_par' dir='ltr' id='par_1_31' title="bbox 2075 1545 3716 1619">
     <span class='ocr_line' id='line_1_31' title="bbox 2075 1545 3716 1619; baseline 0.007 -19"><span class='ocrx_word' id='word_1_205' title='bbox 2075 1545 2434 1619; x_wconf 83' lang='lat' dir='ltr'>defensione,</span> <span class='ocrx_word' id='word_1_206' title='bbox 2465 1551 2532 1602; x_wconf 90' lang='lat' dir='ltr'>ut</span> <span class='ocrx_word' id='word_1_207' title='bbox 2555 1546 2788 1618; x_wconf 82' lang='lat' dir='ltr'>justum</span> <span class='ocrx_word' id='word_1_208' title='bbox 2837 1551 2948 1616; x_wconf 83' lang='lat' dir='ltr'>est,</span> <span class='ocrx_word' id='word_1_209' title='bbox 2981 1552 3239 1616; x_wconf 81' lang='lat' dir='ltr'>tueatur,</span> <span class='ocrx_word' id='word_1_210' title='bbox 3267 1552 3326 1608; x_wconf 86' lang='lat' dir='ltr'>et</span> <span class='ocrx_word' id='word_1_211' title='bbox 3349 1547 3436 1608; x_wconf 86' lang='lat' dir='ltr'>sic</span> <span class='ocrx_word' id='word_1_212' title='bbox 3483 1547 3716 1611; x_wconf 72' lang='lat' dir='ltr'>domum</span> 
     </span>
    </p>
   </div>
   <div class='ocr_carea' id='block_1_32' title="bbox 2075 1633 3717 1700">
    <p class='ocr_par' dir='ltr' id='par_1_32' title="bbox 2075 1633 3717 1700">
     <span class='ocr_line' id='line_1_32' title="bbox 2075 1633 3717 1700; baseline 0.007 -12"><span class='ocrx_word' id='word_1_213' title='bbox 2075 1633 2326 1692; x_wconf 87' lang='lat' dir='ltr'>maritus</span> <span class='ocrx_word' id='word_1_214' title='bbox 2356 1637 2684 1695; x_wconf 83' lang='lat' dir='ltr'>secundum</span> <span class='ocrx_word' id='word_1_215' title='bbox 2703 1635 3247 1696; x_wconf 83' lang='lat' dir='ltr'>Christianorum-et</span> <span class='ocrx_word' id='word_1_216' title='bbox 3270 1635 3717 1700; x_wconf 72' lang='lat' dir='ltr'>ecclesiasticam</span> 
     </span>
    </p>
   </div>
   <div class='ocr_carea' id='block_1_33' title="bbox 314 1721 3717 1820">
    <p class='ocr_par' dir='ltr' id='par_1_33' title="bbox 314 1721 3717 1820">
     <span class='ocr_line' id='line_1_33' title="bbox 314 1721 3717 1820; baseline -0.003 -27"><span class='ocrx_word' id='word_1_217' title='bbox 314 1739 489 1812; x_wconf 83' lang='lat' dir='ltr'>atque</span> <span class='ocrx_word' id='word_1_218' title='bbox 505 1731 746 1820; x_wconf 70' lang='lat' dir='ltr'>iustitia</span> <span class='ocrx_word' id='word_1_219' title='bbox 773 1729 1174 1820; x_wconf 69' lang='lat' dir='ltr'>conservanda</span> <span class='ocrx_word' id='word_1_220' title='bbox 1202 1727 1682 1820; x_wconf 78' lang='lat' dir='ltr'>confugientibus</span> <span class='ocrx_word' id='word_1_221' title='bbox 1702 1729 1774 1788; x_wconf 86' lang='lat' dir='ltr'>ad</span> <span class='ocrx_word' id='word_1_222' title='bbox 1796 1729 1974 1788; x_wconf 87' lang='lat' dir='ltr'>eccle-</span> <span class='ocrx_word' id='word_1_223' title='bbox 2001 1753 2048 1820; x_wconf 76' lang='grc' dir='ltr'><strong><em>Β</em></strong></span> <span class='ocrx_word' id='word_1_224' title='bbox 2079 1721 2290 1798; x_wconf 84' lang='lat' dir='ltr'>legem,</span> <span class='ocrx_word' id='word_1_225' title='bbox 2313 1728 2380 1820; x_wconf 79' lang='lat' dir='ltr'>ut</span> <span class='ocrx_word' id='word_1_226' title='bbox 2399 1723 2486 1820; x_wconf 82' lang='lat' dir='ltr'>vir</span> <span class='ocrx_word' id='word_1_227' title='bbox 2505 1725 2577 1820; x_wconf 83' lang='lat' dir='ltr'>de</span> <span class='ocrx_word' id='word_1_228' title='bbox 2611 1725 3020 1820; x_wconf 71' lang='lat' dir='ltr'>uxore_debet,</span> <span class='ocrx_word' id='word_1_229' title='bbox 3055 1724 3318 1799; x_wconf 81' lang='lat' dir='ltr'>legitima</span> <span class='ocrx_word' id='word_1_230' title='bbox 3345 1730 3522 1800; x_wconf 82' lang='lat' dir='ltr'>atque</span> <span class='ocrx_word' id='word_1_231' title='bbox 3552 1724 3717 1805; x_wconf 70' lang='lat' dir='ltr'>legali</span> 
     </span>
    </p>
   </div>
   <div class='ocr_carea' id='block_1_34' title="bbox 309 1813 2826 1894">
    <p class='ocr_par' dir='ltr' id='par_1_34' title="bbox 309 1813 2826 1894">
     <span class='ocr_line' id='line_1_34' title="bbox 309 1813 2826 1894; baseline -0.005 -11"><span class='ocrx_word' id='word_1_232' title='bbox 309 1823 464 1888; x_wconf 80' lang='lat' dir='ltr'>siam</span> <span class='ocrx_word' id='word_1_233' title='bbox 503 1819 763 1894; x_wconf 79' lang='lat' dir='ltr'>postulat</span> <span class='ocrx_word' id='word_1_234' title='bbox 790 1819 1158 1886; x_wconf 77' lang='lat' dir='ltr'>ﬁrmitatem,</span> <span class='ocrx_word' id='word_1_235' title='bbox 1181 1821 1239 1877; x_wconf 89' lang='lat' dir='ltr'>et</span> <span class='ocrx_word' id='word_1_236' title='bbox 1260 1835 1376 1880; x_wconf 88' lang='lat' dir='ltr'>non</span> <span class='ocrx_word' id='word_1_237' title='bbox 1412 1817 1533 1878; x_wconf 84' lang='lat' dir='ltr'>viro</span> <span class='ocrx_word' id='word_1_238' title='bbox 1555 1818 1626 1874; x_wconf 90' lang='lat' dir='ltr'>de</span> <span class='ocrx_word' id='word_1_239' title='bbox 1649 1835 1825 1877; x_wconf 82' lang='lat' dir='ltr'>uxore</span> <span class='ocrx_word' id='word_1_240' title='bbox 1854 1835 1964 1879; x_wconf 88' lang='lat' dir='ltr'>sua</span> <span class='ocrx_word' id='word_1_241' title='bbox 2001 1813 2042 1820; x_wconf 58' lang='grc'>⁷</span> <span class='ocrx_word' id='word_1_242' title='bbox 2077 1829 2146 1867; x_wconf 77' lang='lat' dir='ltr'>0X</span> <span class='ocrx_word' id='word_1_243' title='bbox 2173 1827 2244 1868; x_wconf 78' lang='lat' dir='ltr'>ea</span> <span class='ocrx_word' id='word_1_244' title='bbox 2270 1815 2554 1884; x_wconf 75' lang='lat' dir='ltr'>potestate</span> <span class='ocrx_word' id='word_1_245' title='bbox 2583 1813 2826 1890; x_wconf 84' lang='lat' dir='ltr'>utatur?</span> 
     </span>
    </p>
   </div>
   <div class='ocr_carea' id='block_1_35' title="bbox 311 1905 1962 1986">
    <p class='ocr_par' dir='ltr' id='par_1_35' title="bbox 311 1905 1962 1986">
     <span class='ocr_line' id='line_1_35' title="bbox 311 1905 1962 1986; baseline -0.004 -18"><span class='ocrx_word' id='word_1_246' title='bbox 311 1909 576 1986; x_wconf 83' lang='lat' dir='ltr'>legaliter</span> <span class='ocrx_word' id='word_1_247' title='bbox 603 1909 978 1980; x_wconf 86' lang='lat' dir='ltr'>desponsata,</span> <span class='ocrx_word' id='word_1_248' title='bbox 1009 1907 1269 1980; x_wconf 85' lang='lat' dir='ltr'>legitime</span> <span class='ocrx_word' id='word_1_249' title='bbox 1315 1906 1534 1974; x_wconf 84' lang='lat' dir='ltr'>dotata,</span> <span class='ocrx_word' id='word_1_250' title='bbox 1569 1905 1824 1984; x_wconf 88' lang='lat' dir='ltr'>publicis</span> <span class='ocrx_word' id='word_1_251' title='bbox 1853 1923 1962 1962; x_wconf 88' lang='lat' dir='ltr'>nu-</span> 
     </span>
    </p>
   </div>
   <div class='ocr_carea' id='block_1_36' title="bbox 305 1995 1962 2080">
    <p class='ocr_par' dir='ltr' id='par_1_36' title="bbox 305 1995 1962 2080">
     <span class='ocr_line' id='line_1_36' title="bbox 305 1995 1962 2080; baseline -0.002 -26"><span class='ocrx_word' id='word_1_252' title='bbox 305 2001 456 2080; x_wconf 75' lang='lat' dir='ltr'>ptiis</span> <span class='ocrx_word' id='word_1_253' title='bbox 481 1999 808 2068; x_wconf 82' lang='lat' dir='ltr'>honestate,</span> <span class='ocrx_word' id='word_1_254' title='bbox 840 1996 898 2056; x_wconf 87' lang='lat' dir='ltr'>si</span> <span class='ocrx_word' id='word_1_255' title='bbox 939 1995 1272 2074; x_wconf 82' lang='lat' dir='ltr'>suspicione</span> <span class='ocrx_word' id='word_1_256' title='bbox 1329 1999 1533 2056; x_wconf 86' lang='lat' dir='ltr'>contra</span> <span class='ocrx_word' id='word_1_257' title='bbox 1585 2011 1718 2052; x_wconf 86' lang='lat' dir='ltr'>eam</span> <span class='ocrx_word' id='word_1_258' title='bbox 1766 1999 1962 2051; x_wconf 83' lang='lat' dir='ltr'>motus</span> 
     </span>
    </p>
   </div>
   <div class='ocr_carea' id='block_1_37' title="bbox 311 2083 1960 2162">
    <p class='ocr_par' dir='ltr' id='par_1_37' title="bbox 311 2083 1960 2162">
     <span class='ocr_line' id='line_1_37' title="bbox 311 2083 1960 2162; baseline -0.004 -15"><span class='ocrx_word' id='word_1_259' title='bbox 311 2087 506 2153; x_wconf 79' lang='lat' dir='ltr'>fuerit,</span> <span class='ocrx_word' id='word_1_260' title='bbox 529 2085 855 2162; x_wconf 73' lang='lat' dir='ltr'>legitimam</span> <span class='ocrx_word' id='word_1_261' title='bbox 895 2085 1085 2143; x_wconf 79' lang='lat' dir='ltr'>aufert</span> <span class='ocrx_word' id='word_1_262' title='bbox 1122 2083 1357 2156; x_wconf 79' lang='lat' dir='ltr'>penitus</span> <span class='ocrx_word' id='word_1_263' title='bbox 1391 2087 1761 2158; x_wconf 87' lang='lat' dir='ltr'>potestatem.</span> <span class='ocrx_word' id='word_1_264' title='bbox 1797 2083 1960 2148; x_wconf 83' lang='lat' dir='ltr'>Quod</span> 
     </span>
    </p>
   </div>
   <div class='ocr_carea' id='block_1_38' title="bbox 313 2169 1956 2250">
    <p class='ocr_par' dir='ltr' id='par_1_38' title="bbox 313 2169 1956 2250">
     <span class='ocr_line' id='line_1_38' title="bbox 313 2169 1956 2250; baseline -0.006 -14"><span class='ocrx_word' id='word_1_265' title='bbox 313 2175 590 2236; x_wconf 83' lang='lat' dir='ltr'>autemin</span> <span class='ocrx_word' id='word_1_266' title='bbox 620 2171 919 2246; x_wconf 80' lang='lat' dir='ltr'>Heptatico</span> <span class='ocrx_word' id='word_1_267' title='bbox 941 2173 1012 2232; x_wconf 88' lang='lat' dir='ltr'>de</span> <span class='ocrx_word' id='word_1_268' title='bbox 1033 2171 1318 2250; x_wconf 79' lang='lat' dir='ltr'>zelotypia</span> <span class='ocrx_word' id='word_1_269' title='bbox 1357 2171 1636 2228; x_wconf 85' lang='lat' dir='ltr'>scribitur</span> <span class='ocrx_word' id='word_1_270' title='bbox 1665 2171 1847 2243; x_wconf 78' lang='lat' dir='ltr'>(Nam.</span> <span class='ocrx_word' id='word_1_271' title='bbox 1879 2169 1956 2242; x_wconf 87' lang='lat' dir='ltr'>v),</span> 
     </span>
    </p>
   </div>
   <div class='ocr_carea' id='block_1_39' title="bbox 311 2258 1957 2333">
    <p class='ocr_par' dir='ltr' id='par_1_39' title="bbox 311 2258 1957 2333">
     <span class='ocr_line' id='line_1_39' title="bbox 311 2258 1957 2333; baseline -0.005 -9"><span class='ocrx_word' id='word_1_272' title='bbox 311 2269 378 2324; x_wconf 83' lang='lat' dir='ltr'>ut</span> <span class='ocrx_word' id='word_1_273' title='bbox 397 2263 486 2322; x_wconf 85' lang='lat' dir='ltr'>vir</span> <span class='ocrx_word' id='word_1_274' title='bbox 508 2279 746 2324; x_wconf 77' lang='lat' dir='ltr'>Uxorem</span> <span class='ocrx_word' id='word_1_275' title='bbox 767 2277 938 2320; x_wconf 81' lang='lat' dir='ltr'>suam</span> <span class='ocrx_word' id='word_1_276' title='bbox 959 2260 1168 2332; x_wconf 80' lang='lat' dir='ltr'>spiritu</span> <span class='ocrx_word' id='word_1_277' title='bbox 1202 2259 1497 2333; x_wconf 81' lang='lat' dir='ltr'>zelotypiae</span> <span class='ocrx_word' id='word_1_278' title='bbox 1529 2258 1856 2316; x_wconf 87' lang='lat' dir='ltr'>concitatus</span> <span class='ocrx_word' id='word_1_279' title='bbox 1884 2259 1957 2316; x_wconf 87' lang='lat' dir='ltr'>ad</span> 
     </span>
    </p>
   </div>
   <div class='ocr_carea' id='block_1_40' title="bbox 308 2347 1957 2422">
    <p class='ocr_par' dir='ltr' id='par_1_40' title="bbox 308 2347 1957 2422">
     <span class='ocr_line' id='line_1_40' title="bbox 308 2347 1957 2422; baseline -0.003 -11"><span class='ocrx_word' id='word_1_280' title='bbox 308 2353 642 2416; x_wconf 82' lang='lat' dir='ltr'>sacerdotes</span> <span class='ocrx_word' id='word_1_281' title='bbox 691 2350 870 2410; x_wconf 85' lang='lat' dir='ltr'>ducat</span> <span class='ocrx_word' id='word_1_282' title='bbox 925 2347 1394 2416; x_wconf 73' lang='lat' dir='ltr'>examinandum,</span> <span class='ocrx_word' id='word_1_283' title='bbox 1427 2347 1557 2406; x_wconf 88' lang='lat' dir='ltr'>ideo</span> <span class='ocrx_word' id='word_1_284' title='bbox 1603 2353 1957 2422; x_wconf 64' lang='lat' dir='ltr'>praeceptum</span> 
     </span>
    </p>
   </div>
   <div class='ocr_carea' id='block_1_41' title="bbox 311 2436 1957 2516">
    <p class='ocr_par' dir='ltr' id='par_1_41' title="bbox 311 2436 1957 2516">
     <span class='ocr_line' id='line_1_41' title="bbox 311 2436 1957 2516; baseline -0.002 -18"><span class='ocrx_word' id='word_1_285' title='bbox 311 2446 420 2510; x_wconf 89' lang='lat' dir='ltr'>est,</span> <span class='ocrx_word' id='word_1_286' title='bbox 449 2440 596 2516; x_wconf 78' lang='lat' dir='ltr'>quia</span> <span class='ocrx_word' id='word_1_287' title='bbox 655 2438 976 2500; x_wconf 74' lang='lat' dir='ltr'>sacerdotis</span> <span class='ocrx_word' id='word_1_288' title='bbox 1030 2436 1290 2498; x_wconf 81' lang='lat' dir='ltr'>ofﬁcium</span> <span class='ocrx_word' id='word_1_289' title='bbox 1346 2440 1455 2506; x_wconf 88' lang='lat' dir='ltr'>est,</span> <span class='ocrx_word' id='word_1_290' title='bbox 1488 2439 1554 2494; x_wconf 90' lang='lat' dir='ltr'>ut</span> <span class='ocrx_word' id='word_1_291' title='bbox 1601 2437 1957 2500; x_wconf 85' lang='lat' dir='ltr'>exorcismos</span> 
     </span>
    </p>
   </div>
   <div class='ocr_carea' id='block_1_42' title="bbox 309 2525 1954 2610">
    <p class='ocr_par' dir='ltr' id='par_1_42' title="bbox 309 2525 1954 2610">
     <span class='ocr_line' id='line_1_42' title="bbox 309 2525 1954 2610; baseline -0.005 -19"><span class='ocrx_word' id='word_1_292' title='bbox 309 2530 482 2610; x_wconf 80' lang='lat' dir='ltr'>aquis</span> <span class='ocrx_word' id='word_1_293' title='bbox 499 2529 804 2598; x_wconf 82' lang='lat' dir='ltr'>eluendos,</span> <span class='ocrx_word' id='word_1_294' title='bbox 825 2543 973 2604; x_wconf 85' lang='lat' dir='ltr'>quas</span> <span class='ocrx_word' id='word_1_295' title='bbox 1013 2525 1226 2584; x_wconf 87' lang='lat' dir='ltr'>mulier</span> <span class='ocrx_word' id='word_1_296' title='bbox 1259 2525 1430 2586; x_wconf 89' lang='lat' dir='ltr'>debet</span> <span class='ocrx_word' id='word_1_297' title='bbox 1460 2526 1680 2594; x_wconf 86' lang='lat' dir='ltr'>bibere,</span> <span class='ocrx_word' id='word_1_298' title='bbox 1711 2543 1815 2602; x_wconf 91' lang='lat' dir='ltr'>pro</span> <span class='ocrx_word' id='word_1_299' title='bbox 1847 2527 1954 2582; x_wconf 90' lang='lat' dir='ltr'>mi-</span> 
     </span>
    </p>
   </div>
   <div class='ocr_carea' id='block_1_43' title="bbox 305 2607 1955 2692">
    <p class='ocr_par' dir='ltr' id='par_1_43' title="bbox 305 2607 1955 2692">
     <span class='ocr_line' id='line_1_43' title="bbox 305 2607 1955 2692; baseline -0.001 -18"><span class='ocrx_word' id='word_1_300' title='bbox 305 2607 551 2682; x_wconf 78' lang='lat' dir='ltr'>nisterio</span> <span class='ocrx_word' id='word_1_301' title='bbox 568 2617 682 2677; x_wconf 86' lang='lat' dir='ltr'>sibi</span> <span class='ocrx_word' id='word_1_302' title='bbox 707 2615 984 2692; x_wconf 85' lang='lat' dir='ltr'>imposito</span> <span class='ocrx_word' id='word_1_303' title='bbox 1013 2615 1260 2672; x_wconf 87' lang='lat' dir='ltr'>scribat:</span> <span class='ocrx_word' id='word_1_304' title='bbox 1279 2615 1434 2672; x_wconf 86' lang='lat' dir='ltr'>unde</span> <span class='ocrx_word' id='word_1_305' title='bbox 1449 2619 1506 2670; x_wconf 89' lang='lat' dir='ltr'>et</span> <span class='ocrx_word' id='word_1_306' title='bbox 1521 2617 1670 2671; x_wconf 86' lang='lat' dir='ltr'>sacri</span> <span class='ocrx_word' id='word_1_307' title='bbox 1701 2631 1955 2672; x_wconf 86' lang='lat' dir='ltr'>canones</span> 
     </span>
    </p>
   </div>
   <div class='ocr_carea' id='block_1_44' title="bbox 310 2695 1955 2784">
    <p class='ocr_par' dir='ltr' id='par_1_44' title="bbox 310 2695 1955 2784">
     <span class='ocr_line' id='line_1_44' title="bbox 310 2695 1955 2784; baseline -0.004 -14"><span class='ocrx_word' id='word_1_308' title='bbox 310 2695 690 2770; x_wconf 74' lang='lat' dir='ltr'>decreverunt</span> <span class='ocrx_word' id='word_1_309' title='bbox 716 2709 738 2776; x_wconf 92' lang='lat'><strong>(</strong></span> <span class='ocrx_word' id='word_1_310' title='bbox 764 2722 886 2766; x_wconf 77' lang='lat' dir='ltr'>con.</span> <span class='ocrx_word' id='word_1_311' title='bbox 917 2705 1104 2784; x_wconf 72' lang='grc' dir='ltr'>Αραιιι.</span> <span class='ocrx_word' id='word_1_312' title='bbox 1134 2721 1184 2764; x_wconf 79' lang='lat' dir='ltr'>c.</span> <span class='ocrx_word' id='word_1_313' title='bbox 1216 2705 1332 2774; x_wconf 87' lang='lat'>25),</span> <span class='ocrx_word' id='word_1_314' title='bbox 1363 2708 1430 2764; x_wconf 81' lang='lat' dir='ltr'>ut</span> <span class='ocrx_word' id='word_1_315' title='bbox 1459 2703 1767 2762; x_wconf 82' lang='lat' dir='ltr'>saeculares</span> <span class='ocrx_word' id='word_1_316' title='bbox 1815 2723 1955 2764; x_wconf 85' lang='lat' dir='ltr'>suas</span> 
     </span>
    </p>
   </div>
   <div class='ocr_carea' id='block_1_45' title="bbox 306 2792 1953 2875">
    <p class='ocr_par' dir='ltr' id='par_1_45' title="bbox 306 2792 1953 2875">
     <span class='ocr_line' id='line_1_45' title="bbox 306 2792 1953 2875; baseline -0.002 -22"><span class='ocrx_word' id='word_1_317' title='bbox 306 2798 610 2875; x_wconf 53' lang='lat' dir='ltr'>coniuges,</span> <span class='ocrx_word' id='word_1_318' title='bbox 641 2799 960 2869; x_wconf 78' lang='lat' dir='ltr'>antequam</span> <span class='ocrx_word' id='word_1_319' title='bbox 1019 2794 1092 2854; x_wconf 86' lang='lat' dir='ltr'>ad</span> <span class='ocrx_word' id='word_1_320' title='bbox 1141 2792 1483 2868; x_wconf 80' lang='lat' dir='ltr'>episcopum</span> <span class='ocrx_word' id='word_1_321' title='bbox 1538 2793 1953 2868; x_wconf 83' lang='lat' dir='ltr'>provincialem</span> 
     </span>
    </p>
   </div>
   <div class='ocr_carea' id='block_1_46' title="bbox 307 2882 1954 2956">
    <p class='ocr_par' dir='ltr' id='par_1_46' title="bbox 307 2882 1954 2956">
     <span class='ocr_line' id='line_1_46' title="bbox 307 2882 1954 2956; baseline -0.004 -10"><span class='ocrx_word' id='word_1_322' title='bbox 307 2885 542 2946; x_wconf 79' lang='lat' dir='ltr'>discidii</span> <span class='ocrx_word' id='word_1_323' title='bbox 595 2901 840 2946; x_wconf 80' lang='lat' dir='ltr'>causam</span> <span class='ocrx_word' id='word_1_324' title='bbox 907 2882 1180 2952; x_wconf 81' lang='lat' dir='ltr'>dixerint,</span> <span class='ocrx_word' id='word_1_325' title='bbox 1236 2899 1351 2942; x_wconf 87' lang='lat' dir='ltr'>non</span> <span class='ocrx_word' id='word_1_326' title='bbox 1405 2883 1708 2952; x_wconf 84' lang='lat' dir='ltr'>damnent,</span> <span class='ocrx_word' id='word_1_327' title='bbox 1765 2899 1954 2956; x_wconf 80' lang='lat' dir='ltr'>neque</span> 
     </span>
    </p>
   </div>
   <div class='ocr_carea' id='block_1_47' title="bbox 306 2969 1953 3054">
    <p class='ocr_par' dir='ltr' id='par_1_47' title="bbox 306 2969 1953 3054">
     <span class='ocr_line' id='line_1_47' title="bbox 306 2969 1953 3054; baseline -0.004 -21"><span class='ocrx_word' id='word_1_328' title='bbox 306 2973 606 3054; x_wconf 71' lang='lat' dir='ltr'>objiciunt.</span> <span class='ocrx_word' id='word_1_329' title='bbox 639 2977 924 3036; x_wconf 60' lang='lat' dir='ltr'>Craterum</span> <span class='ocrx_word' id='word_1_330' title='bbox 952 2971 1137 3046; x_wconf 83' lang='lat' dir='ltr'>legale</span> <span class='ocrx_word' id='word_1_331' title='bbox 1175 2969 1469 3046; x_wconf 79' lang='lat' dir='ltr'>judicium</span> <span class='ocrx_word' id='word_1_332' title='bbox 1517 2971 1834 3030; x_wconf 85' lang='lat' dir='ltr'>auctoritas</span> <span class='ocrx_word' id='word_1_333' title='bbox 1865 2971 1953 3028; x_wconf 88' lang='lat' dir='ltr'>di-</span> 
     </span>
    </p>
   </div>
   <div class='ocr_carea' id='block_1_48' title="bbox 304 3059 1954 3128">
    <p class='ocr_par' dir='ltr' id='par_1_48' title="bbox 304 3059 1954 3128">
     <span class='ocr_line' id='line_1_48' title="bbox 304 3059 1954 3128; baseline -0.003 -8"><span class='ocrx_word' id='word_1_334' title='bbox 304 3063 438 3126; x_wconf 80' lang='lat' dir='ltr'>vina</span> <span class='ocrx_word' id='word_1_335' title='bbox 457 3061 598 3123; x_wconf 87' lang='lat' dir='ltr'>viris</span> <span class='ocrx_word' id='word_1_336' title='bbox 617 3062 690 3122; x_wconf 84' lang='lat' dir='ltr'>de</span> <span class='ocrx_word' id='word_1_337' title='bbox 707 3061 834 3124; x_wconf 85' lang='lat' dir='ltr'>suis</span> <span class='ocrx_word' id='word_1_338' title='bbox 857 3077 971 3120; x_wconf 82' lang='lat' dir='ltr'>non</span> <span class='ocrx_word' id='word_1_339' title='bbox 1003 3059 1156 3121; x_wconf 85' lang='lat' dir='ltr'>tollit</span> <span class='ocrx_word' id='word_1_340' title='bbox 1195 3059 1494 3128; x_wconf 83' lang='lat' dir='ltr'>uxoribus,</span> <span class='ocrx_word' id='word_1_341' title='bbox 1517 3060 1671 3118; x_wconf 88' lang='lat' dir='ltr'>sicut</span> <span class='ocrx_word' id='word_1_342' title='bbox 1689 3077 1759 3116; x_wconf 84' lang='lat' dir='ltr'>ex</span> <span class='ocrx_word' id='word_1_343' title='bbox 1787 3076 1954 3116; x_wconf 84' lang='lat' dir='ltr'>evan-</span> 
     </span>
    </p>
   </div>
   <div class='ocr_carea' id='block_1_49' title="bbox 2513 1937 3284 2000">
    <p class='ocr_par' dir='ltr' id='par_1_49' title="bbox 2513 1937 3284 2000">
     <span class='ocr_line' id='line_1_49' title="bbox 2513 1937 3284 2000; baseline -0.005 -1"><span class='ocrx_word' id='word_1_344' title='bbox 2513 1937 3054 2000; x_wconf 77' lang='lat' dir='ltr'>lNTERROGAT‘IO</span> <span class='ocrx_word' id='word_1_345' title='bbox 3091 1937 3284 1996; x_wconf 77' lang='lat' dir='ltr'>XXIII.</span> 
     </span>
    </p>
   </div>
   <div class='ocr_carea' id='block_1_50' title="bbox 2141 2042 3716 2119">
    <p class='ocr_par' dir='ltr' id='par_1_50' title="bbox 2141 2042 3716 2119">
     <span class='ocr_line' id='line_1_50' title="bbox 2141 2042 3716 2119; baseline 0.003 -22"><span class='ocrx_word' id='word_1_346' title='bbox 2141 2042 2222 2097; x_wconf 91' lang='lat' dir='ltr'><strong>De</strong></span> <span class='ocrx_word' id='word_1_347' title='bbox 2249 2060 2316 2099; x_wconf 92' lang='lat' dir='ltr'>eo</span> <span class='ocrx_word' id='word_1_348' title='bbox 2347 2043 2500 2116; x_wconf 88' lang='lat' dir='ltr'>quod</span> <span class='ocrx_word' id='word_1_349' title='bbox 2534 2043 2824 2116; x_wconf 85' lang='lat' dir='ltr'>scriptum</span> <span class='ocrx_word' id='word_1_350' title='bbox 2855 2049 2944 2100; x_wconf 84' lang='lat' dir='ltr'>est</span> <span class='ocrx_word' id='word_1_351' title='bbox 2973 2062 3007 2100; x_wconf 85' lang='lat' dir='ltr'>a</span> <span class='ocrx_word' id='word_1_352' title='bbox 3026 2043 3389 2119; x_wconf 84' lang='lat' dir='ltr'>quibusdam</span> <span class='ocrx_word' id='word_1_353' title='bbox 3415 2043 3556 2114; x_wconf 70' lang='lat' dir='ltr'>dici,</span> <span class='ocrx_word' id='word_1_354' title='bbox 3580 2046 3632 2102; x_wconf 84' lang='lat' dir='ltr'>si</span> <span class='ocrx_word' id='word_1_355' title='bbox 3659 2061 3716 2102; x_wconf 79' lang='lat' dir='ltr'>se</span> 
     </span>
    </p>
   </div>
   <div class='ocr_carea' id='block_1_51' title="bbox 2069 2126 3710 2206">
    <p class='ocr_par' dir='ltr' id='par_1_51' title="bbox 2069 2126 3710 2206">
     <span class='ocr_line' id='line_1_51' title="bbox 2069 2126 3710 2206; baseline 0.002 -21"><span class='ocrx_word' id='word_1_356' title='bbox 2069 2148 2186 2186; x_wconf 86' lang='lat' dir='ltr'>non</span> <span class='ocrx_word' id='word_1_357' title='bbox 2207 2126 2276 2187; x_wconf 66' lang='lat' dir='ltr'>eri</span> <span class='ocrx_word' id='word_1_358' title='bbox 2297 2149 2586 2188; x_wconf 85' lang='lat' dir='ltr'>consensu</span> <span class='ocrx_word' id='word_1_359' title='bbox 2606 2133 2694 2188; x_wconf 84' lang='lat' dir='ltr'>vir</span> <span class='ocrx_word' id='word_1_360' title='bbox 2716 2137 2774 2188; x_wconf 88' lang='lat' dir='ltr'>et</span> <span class='ocrx_word' id='word_1_361' title='bbox 2795 2133 3008 2189; x_wconf 83' lang='lat' dir='ltr'>mulier</span> <span class='ocrx_word' id='word_1_362' title='bbox 3021 2137 3258 2206; x_wconf 82' lang='lat' dir='ltr'>propter</span> <span class='ocrx_word' id='word_1_363' title='bbox 3271 2133 3710 2203; x_wconf 80' lang='lat' dir='ltr'>continentiam,</span> 
     </span>
    </p>
   </div>
   <div class='ocr_carea' id='block_1_52' title="bbox 2067 2220 3712 2296">
    <p class='ocr_par' dir='ltr' id='par_1_52' title="bbox 2067 2220 3712 2296">
     <span class='ocr_line' id='line_1_52' title="bbox 2067 2220 3712 2296; baseline 0.002 -21"><span class='ocrx_word' id='word_1_364' title='bbox 2067 2220 2169 2275; x_wconf 86' lang='lat' dir='ltr'>sed</span> <span class='ocrx_word' id='word_1_365' title='bbox 2199 2225 2436 2295; x_wconf 89' lang='lat' dir='ltr'>propter</span> <span class='ocrx_word' id='word_1_366' title='bbox 2466 2220 2782 2276; x_wconf 85' lang='lat' dir='ltr'>discidium</span> <span class='ocrx_word' id='word_1_367' title='bbox 2814 2220 3051 2294; x_wconf 80' lang='lat' dir='ltr'>aliquod</span> <span class='ocrx_word' id='word_1_368' title='bbox 3105 2238 3376 2296; x_wconf 78' lang='lat' dir='ltr'>separare</span> <span class='ocrx_word' id='word_1_369' title='bbox 3403 2221 3712 2291; x_wconf 71' lang='lat' dir='ltr'>voluerint,</span> 
     </span>
    </p>
   </div>
   <div class='ocr_carea' id='block_1_53' title="bbox 2064 2307 3713 2384">
    <p class='ocr_par' dir='ltr' id='par_1_53' title="bbox 2064 2307 3713 2384">
     <span class='ocr_line' id='line_1_53' title="bbox 2064 2307 3713 2384; baseline 0.004 -21"><span class='ocrx_word' id='word_1_370' title='bbox 2064 2307 2155 2363; x_wconf 88' lang='lat' dir='ltr'>vel</span> <span class='ocrx_word' id='word_1_371' title='bbox 2208 2325 2411 2364; x_wconf 83' lang='lat' dir='ltr'>eorum</span> <span class='ocrx_word' id='word_1_372' title='bbox 2445 2309 2793 2382; x_wconf 77' lang='lat' dir='ltr'>&#39;fragilitati,</span> <span class='ocrx_word' id='word_1_373' title='bbox 2821 2309 2873 2366; x_wconf 87' lang='lat' dir='ltr'>si</span> <span class='ocrx_word' id='word_1_374' title='bbox 2914 2310 3170 2384; x_wconf 83' lang='lat' dir='ltr'>separati</span> <span class='ocrx_word' id='word_1_375' title='bbox 3201 2327 3264 2368; x_wconf 85' lang='lat' dir='ltr'>se</span> <span class='ocrx_word' id='word_1_376' title='bbox 3290 2311 3594 2368; x_wconf 81' lang='lat' dir='ltr'>continere</span> <span class='ocrx_word' id='word_1_377' title='bbox 3621 2328 3713 2369; x_wconf 77' lang='lat' dir='ltr'>nc-</span> 
     </span>
    </p>
   </div>
   <div class='ocr_carea' id='block_1_54' title="bbox 2063 2397 3716 2471">
    <p class='ocr_par' dir='ltr' id='par_1_54' title="bbox 2063 2397 3716 2471">
     <span class='ocr_line' id='line_1_54' title="bbox 2063 2397 3716 2471; baseline 0.003 -18"><span class='ocrx_word' id='word_1_378' title='bbox 2063 2398 2376 2470; x_wconf 85' lang='lat' dir='ltr'>quiverint,</span> <span class='ocrx_word' id='word_1_379' title='bbox 2399 2397 2488 2454; x_wconf 88' lang='lat' dir='ltr'>vel</span> <span class='ocrx_word' id='word_1_380' title='bbox 2517 2399 2881 2456; x_wconf 85' lang='lat' dir='ltr'>reconciliari</span> <span class='ocrx_word' id='word_1_381' title='bbox 2905 2399 3222 2471; x_wconf 82' lang='lat' dir='ltr'>noluerint,</span> <span class='ocrx_word' id='word_1_382' title='bbox 3245 2401 3596 2458; x_wconf 75' lang='lat' dir='ltr'>auctoritate</span> <span class='ocrx_word' id='word_1_383' title='bbox 3614 2417 3716 2458; x_wconf 77' lang='lat' dir='ltr'>sua</span> 
     </span>
    </p>
   </div>
   <div class='ocr_carea' id='block_1_55' title="bbox 2062 2487 2928 2560">
    <p class='ocr_par' dir='ltr' id='par_1_55' title="bbox 2062 2487 2928 2560">
     <span class='ocr_line' id='line_1_55' title="bbox 2062 2487 2928 2560; baseline 0.002 -18"><span class='ocrx_word' id='word_1_384' title='bbox 2062 2487 2367 2560; x_wconf 85' lang='lat' dir='ltr'>episcopos</span> <span class='ocrx_word' id='word_1_385' title='bbox 2399 2504 2570 2560; x_wconf 85' lang='lat' dir='ltr'>posse</span> <span class='ocrx_word' id='word_1_386' title='bbox 2601 2487 2928 2546; x_wconf 83' lang='lat' dir='ltr'>consulere.</span> 
     </span>
    </p>
   </div>
   <div class='ocr_carea' id='block_1_56' title="bbox 2682 2595 3100 2654">
    <p class='ocr_par' dir='ltr' id='par_1_56' title="bbox 2682 2595 3100 2654">
     <span class='ocr_line' id='line_1_56' title="bbox 2682 2595 3100 2654; baseline 0.005 -3"><span class='ocrx_word' id='word_1_387' title='bbox 2682 2595 3100 2654; x_wconf 82' lang='lat' dir='ltr'>RESPONSIO.</span> 
     </span>
    </p>
   </div>
   <div class='ocr_carea' id='block_1_57' title="bbox 2133 2701 3708 2786">
    <p class='ocr_par' dir='ltr' id='par_1_57' title="bbox 2133 2701 3708 2786">
     <span class='ocr_line' id='line_1_57' title="bbox 2133 2701 3708 2786; baseline 0.006 -28"><span class='ocrx_word' id='word_1_388' title='bbox 2133 2701 2334 2758; x_wconf 87' lang='lat' dir='ltr'>Sciant</span> <span class='ocrx_word' id='word_1_389' title='bbox 2363 2701 2697 2776; x_wconf 86' lang='lat' dir='ltr'>quicunque</span> <span class='ocrx_word' id='word_1_390' title='bbox 2727 2702 2849 2760; x_wconf 68' lang='lat' dir='ltr'>haec</span> <span class='ocrx_word' id='word_1_391' title='bbox 2877 2703 3100 2774; x_wconf 86' lang='lat' dir='ltr'>dicunt,</span> <span class='ocrx_word' id='word_1_392' title='bbox 3131 2705 3462 2766; x_wconf 83' lang='lat' dir='ltr'>secundum</span> <span class='ocrx_word' id='word_1_393' title='bbox 3507 2723 3708 2786; x_wconf 60' lang='lat' dir='ltr'>quent-</span> 
     </span>
    </p>
   </div>
   <div class='ocr_carea' id='block_1_58' title="bbox 2063 2791 3713 2866">
    <p class='ocr_par' dir='ltr' id='par_1_58' title="bbox 2063 2791 3713 2866">
     <span class='ocr_line' id='line_1_58' title="bbox 2063 2791 3713 2866; baseline 0.006 -20"><span class='ocrx_word' id='word_1_394' title='bbox 2063 2791 2198 2846; x_wconf 85' lang='lat' dir='ltr'>dam</span> <span class='ocrx_word' id='word_1_395' title='bbox 2223 2791 2484 2862; x_wconf 89' lang='lat' dir='ltr'>modum,</span> <span class='ocrx_word' id='word_1_396' title='bbox 2499 2791 3182 2866; x_wconf 83' lang='lat' dir='ltr'>hujusmodicapitulum</span> <span class='ocrx_word' id='word_1_397' title='bbox 3197 2800 3476 2866; x_wconf 86' lang='lat' dir='ltr'>quartum</span> <span class='ocrx_word' id='word_1_398' title='bbox 3499 2795 3713 2860; x_wconf 69' lang='lat' dir='ltr'>armis</span> 
     </span>
    </p>
   </div>
   <div class='ocr_carea' id='block_1_59' title="bbox 2062 2878 3713 2960">
    <p class='ocr_par' dir='ltr' id='par_1_59' title="bbox 2062 2878 3713 2960">
     <span class='ocr_line' id='line_1_59' title="bbox 2062 2878 3713 2960; baseline 0.004 -26"><span class='ocrx_word' id='word_1_399' title='bbox 2062 2879 2243 2936; x_wconf 82' lang='lat' dir='ltr'>fuisse</span> <span class='ocrx_word' id='word_1_400' title='bbox 2263 2878 2631 2956; x_wconf 86' lang='lat' dir='ltr'>illorum,qui</span> <span class='ocrx_word' id='word_1_401' title='bbox 2647 2886 2861 2942; x_wconf 76' lang='lat' dir='ltr'>sanctae</span> <span class='ocrx_word' id='word_1_402' title='bbox 2881 2883 3102 2960; x_wconf 74' lang='lat' dir='ltr'>synodo</span> <span class='ocrx_word' id='word_1_403' title='bbox 3126 2883 3591 2950; x_wconf 63' lang='lat' dir='ltr'>Cimbedonensi</span> <span class='ocrx_word' id='word_1_404' title='bbox 3619 2885 3713 2944; x_wconf 82' lang='lat' dir='ltr'>de-</span> 
     </span>
    </p>
   </div>
   <div class='ocr_carea' id='block_1_60' title="bbox 2062 2970 3711 3055">
    <p class='ocr_par' dir='ltr' id='par_1_60' title="bbox 2062 2970 3711 3055">
     <span class='ocr_line' id='line_1_60' title="bbox 2062 2970 3711 3055; baseline 0.01 -33"><span class='ocrx_word' id='word_1_405' title='bbox 2062 2985 2266 3041; x_wconf 80' lang='lat' dir='ltr'>rogare</span> <span class='ocrx_word' id='word_1_406' title='bbox 2296 2974 2352 3027; x_wconf 89' lang='lat' dir='ltr'>et</span> <span class='ocrx_word' id='word_1_407' title='bbox 2381 2970 2670 3029; x_wconf 85' lang='lat' dir='ltr'>contraire</span> <span class='ocrx_word' id='word_1_408' title='bbox 2700 2973 3372 3044; x_wconf 56' lang='lat' dir='ltr'>prtesumpseruubetab</span> <span class='ocrx_word' id='word_1_409' title='bbox 3390 2973 3711 3055; x_wconf 62' lang='lat' dir='ltr'>apostolica</span> 
     </span>
    </p>
   </div>
   <div class='ocr_carea' id='block_1_61' title="bbox 2062 3058 3711 3138">
    <p class='ocr_par' dir='ltr' id='par_1_61' title="bbox 2062 3058 3711 3138">
     <span class='ocr_line' id='line_1_61' title="bbox 2062 3058 3711 3138; baseline 0.008 -26"><span class='ocrx_word' id='word_1_410' title='bbox 2062 3059 2218 3130; x_wconf 86' lang='lat' dir='ltr'>sede,</span> <span class='ocrx_word' id='word_1_411' title='bbox 2233 3062 2409 3130; x_wconf 89' lang='lat' dir='ltr'>atque</span> <span class='ocrx_word' id='word_1_412' title='bbox 2441 3058 2827 3120; x_wconf 86' lang='lat' dir='ltr'>unanimitate</span> <span class='ocrx_word' id='word_1_413' title='bbox 2855 3058 3034 3121; x_wconf 87' lang='lat' dir='ltr'>totius</span> <span class='ocrx_word' id='word_1_414' title='bbox 3067 3061 3274 3124; x_wconf 80' lang='lat' dir='ltr'>mundi</span> <span class='ocrx_word' id='word_1_415' title='bbox 3303 3060 3711 3138; x_wconf 71' lang='lat' dir='ltr'>episcoporum</span> 
     </span>
    </p>
   </div>
   <div class='ocr_carea' id='block_1_62' title="bbox 301 3121 3712 3226">
    <p class='ocr_par' dir='ltr' id='par_1_62' title="bbox 301 3121 3712 3226">
     <span class='ocr_line' id='line_1_62' title="bbox 301 3121 3712 3226; baseline 0 -15"><span class='ocrx_word' id='word_1_416' title='bbox 301 3121 491 3226; x_wconf 84' lang='lat' dir='ltr'>gelica</span> <span class='ocrx_word' id='word_1_417' title='bbox 508 3121 958 3221; x_wconf 13' lang='lat' dir='ltr'>veritatevsupra</span> <span class='ocrx_word' id='word_1_418' title='bbox 987 3121 1492 3209; x_wconf 50' lang='lat' dir='ltr'>ostendimusLSed</span> <span class='ocrx_word' id='word_1_419' title='bbox 1524 3152 1580 3204; x_wconf 88' lang='lat' dir='ltr'>et</span> <span class='ocrx_word' id='word_1_420' title='bbox 1607 3147 1950 3222; x_wconf 81' lang='lat' dir='ltr'>diligentius</span> <span class='ocrx_word' id='word_1_421' title='bbox 1981 3121 2024 3187; x_wconf 68' lang='grc' dir='ltr'>ί)</span> <span class='ocrx_word' id='word_1_422' title='bbox 2064 3121 2288 3202; x_wconf 67' lang='lat' dir='ltr'>suntut</span> <span class='ocrx_word' id='word_1_423' title='bbox 2310 3121 2534 3206; x_wconf 76' lang='lat' dir='ltr'>erronei</span> <span class='ocrx_word' id='word_1_424' title='bbox 2556 3148 2949 3219; x_wconf 87' lang='lat' dir='ltr'>condemnati,</span> <span class='ocrx_word' id='word_1_425' title='bbox 2974 3149 3128 3207; x_wconf 77' lang='lat' dir='ltr'>sicut</span> <span class='ocrx_word' id='word_1_426' title='bbox 3157 3121 3408 3210; x_wconf 20' lang='lat' dir='ltr'>sanctus.</span> <span class='ocrx_word' id='word_1_427' title='bbox 3427 3121 3548 3214; x_wconf 50' lang='lat' dir='ltr'>Le‘o</span> 
     </span>
    </p>
   </div>
   <div class='ocr_carea' id='block_1_63' title="bbox 305 3235 1952 3316">
    <p class='ocr_par' dir='ltr' id='par_1_63' title="bbox 305 3235 1952 3316">
     <span class='ocr_line' id='line_1_63' title="bbox 305 3235 1952 3316; baseline -0.004 -16"><span class='ocrx_word' id='word_1_428' title='bbox 305 3239 862 3316; x_wconf 77' lang='lat' dir='ltr'>advertamus&#39;quod</span> <span class='ocrx_word' id='word_1_429' title='bbox 895 3237 954 3294; x_wconf 88' lang='lat' dir='ltr'>in</span> <span class='ocrx_word' id='word_1_430' title='bbox 985 3253 1168 3310; x_wconf 84' lang='lat' dir='ltr'>supra</span> <span class='ocrx_word' id='word_1_431' title='bbox 1195 3237 1412 3310; x_wconf 85' lang='lat' dir='ltr'>scripto</span> <span class='ocrx_word' id='word_1_432' title='bbox 1441 3235 1734 3295; x_wconf 88' lang='lat' dir='ltr'>volumine</span> <span class='ocrx_word' id='word_1_433' title='bbox 1765 3238 1952 3296; x_wconf 87' lang='lat' dir='ltr'>conti-</span> 
     </span>
    </p>
   </div>
   <div class='ocr_carea' id='block_1_64' title="bbox 303 3325 1952 3396">
    <p class='ocr_par' dir='ltr' id='par_1_64' title="bbox 303 3325 1952 3396">
     <span class='ocr_line' id='line_1_64' title="bbox 303 3325 1952 3396; baseline -0.002 -10"><span class='ocrx_word' id='word_1_434' title='bbox 303 3331 497 3396; x_wconf 87' lang='lat' dir='ltr'>netur,</span> <span class='ocrx_word' id='word_1_435' title='bbox 545 3350 572 3377; x_wconf 83' lang='lat'><strong>«</strong></span> <span class='ocrx_word' id='word_1_436' title='bbox 609 3326 1070 3386; x_wconf 85' lang='lat' dir='ltr'>lnexnminatam</span> <span class='ocrx_word' id='word_1_437' title='bbox 1115 3341 1248 3384; x_wconf 88' lang='lat' dir='ltr'>vero</span> <span class='ocrx_word' id='word_1_438' title='bbox 1279 3325 1452 3383; x_wconf 87' lang='lat' dir='ltr'>morti</span> <span class='ocrx_word' id='word_1_439' title='bbox 1483 3325 1711 3382; x_wconf 87' lang='lat' dir='ltr'>tradere</span> <span class='ocrx_word' id='word_1_440' title='bbox 1740 3325 1815 3382; x_wconf 87' lang='lat' dir='ltr'>ad</span> <span class='ocrx_word' id='word_1_441' title='bbox 1845 3343 1952 3384; x_wconf 89' lang='lat' dir='ltr'>nos</span> 
     </span>
    </p>
   </div>
   <div class='ocr_carea' id='block_1_65' title="bbox 303 3411 1948 3494">
    <p class='ocr_par' dir='ltr' id='par_1_65' title="bbox 303 3411 1948 3494">
     <span class='ocr_line' id='line_1_65' title="bbox 303 3411 1948 3494; baseline -0.001 -22"><span class='ocrx_word' id='word_1_442' title='bbox 303 3415 758 3494; x_wconf 75' lang='lat' dir='ltr'>confugientem,</span> <span class='ocrx_word' id='word_1_443' title='bbox 793 3418 858 3476; x_wconf 87' lang='lat' dir='ltr'>ut</span> <span class='ocrx_word' id='word_1_444' title='bbox 887 3413 1184 3492; x_wconf 87' lang='lat' dir='ltr'>iniquum,</span> <span class='ocrx_word' id='word_1_445' title='bbox 1215 3417 1274 3473; x_wconf 85' lang='lat' dir='ltr'>et</span> <span class='ocrx_word' id='word_1_446' title='bbox 1300 3411 1948 3485; x_wconf 70' lang='lat' dir='ltr'>crudele,devitamus,»</span> 
     </span>
    </p>
   </div>
   <div class='ocr_carea' id='block_1_66' title="bbox 301 3501 1948 3576">
    <p class='ocr_par' dir='ltr' id='par_1_66' title="bbox 301 3501 1948 3576">
     <span class='ocr_line' id='line_1_66' title="bbox 301 3501 1948 3576; baseline 0.001 -18"><span class='ocrx_word' id='word_1_447' title='bbox 301 3503 406 3576; x_wconf 82' lang='lat' dir='ltr'>qui</span> <span class='ocrx_word' id='word_1_448' title='bbox 437 3519 626 3574; x_wconf 86' lang='lat' dir='ltr'>neque</span> <span class='ocrx_word' id='word_1_449' title='bbox 654 3502 1017 3564; x_wconf 74' lang='lat' dir='ltr'>examinatus</span> <span class='ocrx_word' id='word_1_450' title='bbox 1045 3502 1272 3563; x_wconf 75' lang='lat' dir='ltr'>tradere</span> <span class='ocrx_word' id='word_1_451' title='bbox 1297 3501 1470 3558; x_wconf 82' lang='lat' dir='ltr'>morti</span> <span class='ocrx_word' id='word_1_452' title='bbox 1499 3503 1803 3570; x_wconf 85' lang='lat' dir='ltr'>debemus,</span> <span class='ocrx_word' id='word_1_453' title='bbox 1836 3503 1948 3562; x_wconf 87' lang='lat' dir='ltr'>nisi</span> 
     </span>
    </p>
   </div>
   <div class='ocr_carea' id='block_1_67' title="bbox 304 3589 1948 3664">
    <p class='ocr_par' dir='ltr' id='par_1_67' title="bbox 304 3589 1948 3664">
     <span class='ocr_line' id='line_1_67' title="bbox 304 3589 1948 3664; baseline -0.002 -12"><span class='ocrx_word' id='word_1_454' title='bbox 304 3596 370 3652; x_wconf 80' lang='lat' dir='ltr'>ut</span> <span class='ocrx_word' id='word_1_455' title='bbox 395 3596 633 3664; x_wconf 87' lang='lat' dir='ltr'>peccato</span> <span class='ocrx_word' id='word_1_456' title='bbox 676 3590 890 3650; x_wconf 86' lang='lat' dir='ltr'>mortui</span> <span class='ocrx_word' id='word_1_457' title='bbox 931 3589 1048 3648; x_wconf 87' lang='lat' dir='ltr'>Deo</span> <span class='ocrx_word' id='word_1_458' title='bbox 1077 3591 1291 3649; x_wconf 82' lang='lat' dir='ltr'>vivant.</span> <span class='ocrx_word' id='word_1_459' title='bbox 1323 3591 1724 3648; x_wconf 83' lang='lat' dir='ltr'>Concodamus</span> <span class='ocrx_word' id='word_1_460' title='bbox 1753 3596 1948 3648; x_wconf 88' lang='lat' dir='ltr'>tamen</span> 
     </span>
    </p>
   </div>
   <div class='ocr_carea' id='block_1_68' title="bbox 303 3679 1948 3757">
    <p class='ocr_par' dir='ltr' id='par_1_68' title="bbox 303 3679 1948 3757">
     <span class='ocr_line' id='line_1_68' title="bbox 303 3679 1948 3757; baseline 0 -21"><span class='ocrx_word' id='word_1_461' title='bbox 303 3684 370 3744; x_wconf 86' lang='lat' dir='ltr'>ut</span> <span class='ocrx_word' id='word_1_462' title='bbox 398 3679 656 3757; x_wconf 84' lang='lat' dir='ltr'>episcopi</span> <span class='ocrx_word' id='word_1_463' title='bbox 699 3680 966 3740; x_wconf 84' lang='lat' dir='ltr'>eamdem</span> <span class='ocrx_word' id='word_1_464' title='bbox 995 3679 1279 3738; x_wconf 82' lang='lat' dir='ltr'>feminam</span> <span class='ocrx_word' id='word_1_465' title='bbox 1307 3679 1366 3738; x_wconf 88' lang='lat' dir='ltr'>in</span> <span class='ocrx_word' id='word_1_466' title='bbox 1399 3697 1508 3738; x_wconf 86' lang='lat' dir='ltr'>sua</span> <span class='ocrx_word' id='word_1_467' title='bbox 1537 3685 1843 3755; x_wconf 87' lang='lat' dir='ltr'>potestate,</span> <span class='ocrx_word' id='word_1_468' title='bbox 1875 3681 1948 3738; x_wconf 87' lang='lat' dir='ltr'>ad</span> 
     </span>
    </p>
   </div>
   <div class='ocr_carea' id='block_1_69' title="bbox 301 3768 1950 3848">
    <p class='ocr_par' dir='ltr' id='par_1_69' title="bbox 301 3768 1950 3848">
     <span class='ocr_line' id='line_1_69' title="bbox 301 3768 1950 3848; baseline -0.002 -16"><span class='ocrx_word' id='word_1_469' title='bbox 301 3785 450 3848; x_wconf 82' lang='lat' dir='ltr'>quos</span> <span class='ocrx_word' id='word_1_470' title='bbox 489 3769 824 3846; x_wconf 79' lang='lat' dir='ltr'>confugisse</span> <span class='ocrx_word' id='word_1_471' title='bbox 871 3769 1105 3840; x_wconf 88' lang='lat' dir='ltr'>dicitur,</span> <span class='ocrx_word' id='word_1_472' title='bbox 1141 3768 1478 3838; x_wconf 88' lang='lat' dir='ltr'>retinentes,</span> <span class='ocrx_word' id='word_1_473' title='bbox 1511 3786 1706 3826; x_wconf 87' lang='lat' dir='ltr'>coram</span> <span class='ocrx_word' id='word_1_474' title='bbox 1738 3769 1950 3828; x_wconf 81' lang='lat' dir='ltr'>marito</span> 
     </span>
    </p>
   </div>
   <div class='ocr_carea' id='block_1_70' title="bbox 301 3856 1949 3937">
    <p class='ocr_par' dir='ltr' id='par_1_70' title="bbox 301 3856 1949 3937">
     <span class='ocr_line' id='line_1_70' title="bbox 301 3856 1949 3937; baseline 0.002 -24"><span class='ocrx_word' id='word_1_475' title='bbox 301 3873 433 3925; x_wconf 87' lang='lat' dir='ltr'>suo,</span> <span class='ocrx_word' id='word_1_476' title='bbox 464 3856 514 3917; x_wconf 87' lang='lat' dir='ltr'>si</span> <span class='ocrx_word' id='word_1_477' title='bbox 545 3857 830 3937; x_wconf 84' lang='lat' dir='ltr'>quiddam</span> <span class='ocrx_word' id='word_1_478' title='bbox 860 3857 1084 3916; x_wconf 88' lang='lat' dir='ltr'>sinistri</span> <span class='ocrx_word' id='word_1_479' title='bbox 1114 3858 1164 3914; x_wconf 89' lang='lat' dir='ltr'>ei</span> <span class='ocrx_word' id='word_1_480' title='bbox 1201 3861 1449 3933; x_wconf 81' lang='lat' dir='ltr'>reputat,</span> <span class='ocrx_word' id='word_1_481' title='bbox 1471 3857 1802 3916; x_wconf 84' lang='lat' dir='ltr'>examinare</span> <span class='ocrx_word' id='word_1_482' title='bbox 1822 3875 1949 3931; x_wconf 88' lang='lat' dir='ltr'>pro-</span> 
     </span>
    </p>
   </div>
   <div class='ocr_carea' id='block_1_71' title="bbox 300 3944 1950 4022">
    <p class='ocr_par' dir='ltr' id='par_1_71' title="bbox 300 3944 1950 4022">
     <span class='ocr_line' id='line_1_71' title="bbox 300 3944 1950 4022; baseline 0.005 -22"><span class='ocrx_word' id='word_1_483' title='bbox 300 3947 526 4020; x_wconf 83' lang='lat' dir='ltr'>curent,</span> <span class='ocrx_word' id='word_1_484' title='bbox 560 3950 618 4004; x_wconf 88' lang='lat' dir='ltr'>et</span> <span class='ocrx_word' id='word_1_485' title='bbox 645 3944 789 4020; x_wconf 85' lang='lat' dir='ltr'>quid</span> <span class='ocrx_word' id='word_1_486' title='bbox 839 3945 1130 4022; x_wconf 77' lang='lat' dir='ltr'>agendum</span> <span class='ocrx_word' id='word_1_487' title='bbox 1177 3947 1306 4014; x_wconf 87' lang='lat' dir='ltr'>erit,</span> <span class='ocrx_word' id='word_1_488' title='bbox 1341 3947 1391 4005; x_wconf 86' lang='lat' dir='ltr'>si</span> <span class='ocrx_word' id='word_1_489' title='bbox 1432 3946 1491 4002; x_wconf 88' lang='lat' dir='ltr'>in</span> <span class='ocrx_word' id='word_1_490' title='bbox 1520 3947 1950 4009; x_wconf 77' lang='lat' dir='ltr'>examinatione</span> 
     </span>
    </p>
   </div>
   <div class='ocr_carea' id='block_1_72' title="bbox 299 4031 1986 4114">
    <p class='ocr_par' dir='ltr' id='par_1_72' title="bbox 299 4031 1986 4114">
     <span class='ocr_line' id='line_1_72' title="bbox 299 4031 1986 4114; baseline -0.001 -20"><span class='ocrx_word' id='word_1_491' title='bbox 299 4031 1480 4114; x_wconf 70' lang='lat' dir='ltr'>eplBGOpaliinventaculpabilistuerit?Si</span> <span class='ocrx_word' id='word_1_492' title='bbox 1493 4035 1948 4110; x_wconf 82' lang='lat' dir='ltr'>enimjudicium</span> <span class='ocrx_word' id='word_1_493' title='bbox 1976 4083 1986 4090; x_wconf 91' lang='lat'><em>.</em></span> 
     </span>
    </p>
   </div>
   <div class='ocr_carea' id='block_1_73' title="bbox 298 4112 1950 4204">
    <p class='ocr_par' dir='ltr' id='par_1_73' title="bbox 298 4112 1950 4204">
     <span class='ocr_line' id='line_1_73' title="bbox 298 4112 1950 4204; baseline -0.004 -18"><span class='ocrx_word' id='word_1_494' title='bbox 298 4119 484 4200; x_wconf 77' lang='lat' dir='ltr'>legale</span> <span class='ocrx_word' id='word_1_495' title='bbox 505 4112 576 4184; x_wconf 76' lang='lat' dir='ltr'>de</span> <span class='ocrx_word' id='word_1_496' title='bbox 596 4140 667 4182; x_wconf 86' lang='lat' dir='ltr'>ea</span> <span class='ocrx_word' id='word_1_497' title='bbox 703 4112 982 4204; x_wconf 83' lang='lat' dir='ltr'>culpabili</span> <span class='ocrx_word' id='word_1_498' title='bbox 1014 4123 1251 4186; x_wconf 84' lang='lat' dir='ltr'>inventa</span> <span class='ocrx_word' id='word_1_499' title='bbox 1279 4123 1537 4201; x_wconf 84' lang='lat' dir='ltr'>episcopi</span> <span class='ocrx_word' id='word_1_500' title='bbox 1567 4141 1677 4185; x_wconf 86' lang='lat' dir='ltr'>sua</span> <span class='ocrx_word' id='word_1_501' title='bbox 1703 4123 1950 4184; x_wconf 88' lang='lat' dir='ltr'>auctori-</span> 
     </span>
    </p>
   </div>
   <div class='ocr_carea' id='block_1_74' title="bbox 298 4211 1948 4288">
    <p class='ocr_par' dir='ltr' id='par_1_74' title="bbox 298 4211 1948 4288">
     <span class='ocr_line' id='line_1_74' title="bbox 298 4211 1948 4288; baseline -0.002 -14"><span class='ocrx_word' id='word_1_502' title='bbox 298 4215 415 4278; x_wconf 81' lang='lat' dir='ltr'>tate</span> <span class='ocrx_word' id='word_1_503' title='bbox 435 4211 726 4278; x_wconf 83' lang='lat' dir='ltr'>voluerint</span> <span class='ocrx_word' id='word_1_504' title='bbox 751 4212 977 4286; x_wconf 83' lang='lat' dir='ltr'>tollere,</span> <span class='ocrx_word' id='word_1_505' title='bbox 1009 4217 1214 4276; x_wconf 84' lang='lat' dir='ltr'>contra</span> <span class='ocrx_word' id='word_1_506' title='bbox 1241 4230 1377 4274; x_wconf 85' lang='lat' dir='ltr'>eum</span> <span class='ocrx_word' id='word_1_507' title='bbox 1405 4213 1764 4278; x_wconf 86' lang='lat' dir='ltr'>videbuntur</span> <span class='ocrx_word' id='word_1_508' title='bbox 1777 4230 1948 4288; x_wconf 82' lang='lat' dir='ltr'>agere</span> 
     </span>
    </p>
   </div>
   <div class='ocr_carea' id='block_1_75' title="bbox 296 4301 1950 4382">
    <p class='ocr_par' dir='ltr' id='par_1_75' title="bbox 296 4301 1950 4382">
     <span class='ocr_line' id='line_1_75' title="bbox 296 4301 1950 4382; baseline -0.001 -16"><span class='ocrx_word' id='word_1_509' title='bbox 296 4303 468 4382; x_wconf 77' lang='lat' dir='ltr'>cujus</span> <span class='ocrx_word' id='word_1_510' title='bbox 488 4303 639 4364; x_wconf 85' lang='lat' dir='ltr'>actio</span> <span class='ocrx_word' id='word_1_511' title='bbox 659 4305 836 4382; x_wconf 85' lang='lat' dir='ltr'>atque</span> <span class='ocrx_word' id='word_1_512' title='bbox 851 4319 1048 4362; x_wconf 86' lang='lat' dir='ltr'>sermo</span> <span class='ocrx_word' id='word_1_513' title='bbox 1065 4303 1323 4376; x_wconf 81' lang='lat' dir='ltr'>perfecta</span> <span class='ocrx_word' id='word_1_514' title='bbox 1349 4301 1670 4361; x_wconf 84' lang='lat' dir='ltr'>auctoritas</span> <span class='ocrx_word' id='word_1_515' title='bbox 1687 4301 1950 4364; x_wconf 76' lang='lat' dir='ltr'>noscitur</span> 
     </span>
    </p>
   </div>
   <div class='ocr_carea' id='block_1_76' title="bbox 296 4391 1950 4471">
    <p class='ocr_par' dir='ltr' id='par_1_76' title="bbox 296 4391 1950 4471">
     <span class='ocr_line' id='line_1_76' title="bbox 296 4391 1950 4471; baseline 0.001 -21"><span class='ocrx_word' id='word_1_516' title='bbox 296 4407 447 4462; x_wconf 84' lang='lat' dir='ltr'>esse,</span> <span class='ocrx_word' id='word_1_517' title='bbox 479 4391 634 4451; x_wconf 84' lang='lat' dir='ltr'>sicut</span> <span class='ocrx_word' id='word_1_518' title='bbox 663 4391 952 4471; x_wconf 85' lang='lat' dir='ltr'>scriptum</span> <span class='ocrx_word' id='word_1_519' title='bbox 979 4395 1072 4450; x_wconf 86' lang='lat' dir='ltr'>est</span> <span class='ocrx_word' id='word_1_520' title='bbox 1103 4408 1116 4446; x_wconf 90' lang='lat'><strong>:</strong></span> <span class='ocrx_word' id='word_1_521' title='bbox 1151 4396 1296 4468; x_wconf 72' lang='lat' dir='ltr'>Quae</span> <span class='ocrx_word' id='word_1_522' title='bbox 1321 4393 1480 4466; x_wconf 69' lang='lat' dir='ltr'>coepit</span> <span class='ocrx_word' id='word_1_523' title='bbox 1501 4395 1663 4456; x_wconf 65' lang='lat' dir='ltr'>Jecur</span> <span class='ocrx_word' id='word_1_524' title='bbox 1689 4393 1871 4464; x_wconf 80' lang='lat' dir='ltr'>facere</span> <span class='ocrx_word' id='word_1_525' title='bbox 1895 4398 1950 4452; x_wconf 71' lang='lat' dir='ltr'>et</span> 
     </span>
    </p>
   </div>
   <div class='ocr_carea' id='block_1_77' title="bbox 2059 3235 3711 3314">
    <p class='ocr_par' dir='ltr' id='par_1_77' title="bbox 2059 3235 3711 3314">
     <span class='ocr_line' id='line_1_77' title="bbox 2059 3235 3711 3314; baseline 0.007 -26"><span class='ocrx_word' id='word_1_526' title='bbox 2059 3235 2534 3304; x_wconf 87' lang='lat' dir='ltr'>toties,etbeatus</span> <span class='ocrx_word' id='word_1_527' title='bbox 2555 3236 2868 3310; x_wconf 83' lang='lat' dir='ltr'>Gregorius</span> <span class='ocrx_word' id='word_1_528' title='bbox 2879 3235 3129 3299; x_wconf 86' lang='lat' dir='ltr'>etiamin</span> <span class='ocrx_word' id='word_1_529' title='bbox 3139 3237 3385 3314; x_wconf 74' lang='lat' dir='ltr'>epistola</span> <span class='ocrx_word' id='word_1_530' title='bbox 3405 3239 3482 3304; x_wconf 76' lang='lat' dir='ltr'>ad</span> <span class='ocrx_word' id='word_1_531' title='bbox 3491 3238 3711 3300; x_wconf 62' lang='lat' dir='ltr'>Theaee</span> 
     </span>
    </p>
   </div>
   <div class='ocr_carea' id='block_1_78' title="bbox 2057 3322 3706 3401">
    <p class='ocr_par' dir='ltr' id='par_1_78' title="bbox 2057 3322 3706 3401">
     <span class='ocr_line' id='line_1_78' title="bbox 2057 3322 3706 3401; baseline 0.007 -23"><span class='ocrx_word' id='word_1_532' title='bbox 2057 3322 2260 3380; x_wconf 86' lang='lat' dir='ltr'>tistam</span> <span class='ocrx_word' id='word_1_533' title='bbox 2291 3323 2616 3401; x_wconf 75' lang='lat' dir='ltr'>patriciam,</span> <span class='ocrx_word' id='word_1_534' title='bbox 2649 3324 2786 3386; x_wconf 88' lang='lat' dir='ltr'>hinc</span> <span class='ocrx_word' id='word_1_535' title='bbox 2840 3325 2994 3388; x_wconf 88' lang='lat' dir='ltr'>inter</span> <span class='ocrx_word' id='word_1_536' title='bbox 3048 3325 3166 3388; x_wconf 84' lang='lat' dir='ltr'>alia</span> <span class='ocrx_word' id='word_1_537' title='bbox 3205 3327 3470 3400; x_wconf 77' lang='lat' dir='ltr'>scripsit,</span> <span class='ocrx_word' id='word_1_538' title='bbox 3501 3328 3706 3392; x_wconf 66' lang='lat' dir='ltr'>dicens</span> 
     </span>
    </p>
   </div>
   <div class='ocr_carea' id='block_1_79' title="bbox 2057 3413 3707 3492">
    <p class='ocr_par' dir='ltr' id='par_1_79' title="bbox 2057 3413 3707 3492">
     <span class='ocr_line' id='line_1_79' title="bbox 2057 3413 3707 3492; baseline 0.005 -24"><span class='ocrx_word' id='word_1_539' title='bbox 2057 3413 2180 3484; x_wconf 71' lang='lat' dir='ltr'>(lib.</span> <span class='ocrx_word' id='word_1_540' title='bbox 2214 3430 2292 3480; x_wconf 82' lang='lat' dir='ltr'>1x,</span> <span class='ocrx_word' id='word_1_541' title='bbox 2322 3430 2408 3487; x_wconf 83' lang='lat' dir='ltr'>ep.</span> <span class='ocrx_word' id='word_1_542' title='bbox 2439 3414 2530 3484; x_wconf 87' lang='lat'>39)</span> <span class='ocrx_word' id='word_1_543' title='bbox 2565 3430 2577 3470; x_wconf 90' lang='lat'>:</span> <span class='ocrx_word' id='word_1_544' title='bbox 2639 3437 2668 3466; x_wconf 76' lang='grc' dir='ltr'>(ι</span> <span class='ocrx_word' id='word_1_545' title='bbox 2703 3415 2809 3474; x_wconf 86' lang='lat' dir='ltr'>Per</span> <span class='ocrx_word' id='word_1_546' title='bbox 2837 3431 2948 3484; x_wconf 80' lang='lat' dir='ltr'>se,</span> <span class='ocrx_word' id='word_1_547' title='bbox 2996 3414 3212 3489; x_wconf 75' lang='lat' dir='ltr'>inquit,</span> <span class='ocrx_word' id='word_1_548' title='bbox 3269 3414 3504 3476; x_wconf 72' lang='lat' dir='ltr'>Veritas</span> <span class='ocrx_word' id='word_1_549' title='bbox 3543 3415 3707 3492; x_wconf 60' lang='lat' dir='ltr'>dicit,</span> 
     </span>
    </p>
   </div>
   <div class='ocr_carea' id='block_1_80' title="bbox 2055 3503 3703 3578">
    <p class='ocr_par' dir='ltr' id='par_1_80' title="bbox 2055 3503 3703 3578">
     <span class='ocr_line' id='line_1_80' title="bbox 2055 3503 3703 3578; baseline 0.004 -20"><span class='ocrx_word' id='word_1_550' title='bbox 2055 3503 2213 3576; x_wconf 82' lang='lat' dir='ltr'>Quod</span> <span class='ocrx_word' id='word_1_551' title='bbox 2240 3503 2379 3560; x_wconf 80' lang='lat' dir='ltr'>Deus</span> <span class='ocrx_word' id='word_1_552' title='bbox 2397 3503 2613 3575; x_wconf 73' lang='lat' dir='ltr'>junxit,</span> <span class='ocrx_word' id='word_1_553' title='bbox 2643 3504 2801 3562; x_wconf 77' lang='lat' dir='ltr'>hamo</span> <span class='ocrx_word' id='word_1_554' title='bbox 2823 3520 2936 3561; x_wconf 75' lang='lat' dir='ltr'>non</span> <span class='ocrx_word' id='word_1_555' title='bbox 2969 3511 3182 3577; x_wconf 76' lang='lat' dir='ltr'>separet</span> <span class='ocrx_word' id='word_1_556' title='bbox 3223 3503 3436 3576; x_wconf 67' lang='lat' dir='ltr'>(Matth.</span> <span class='ocrx_word' id='word_1_557' title='bbox 3469 3521 3595 3578; x_wconf 66' lang='lat' dir='ltr'>xix.</span> <span class='ocrx_word' id='word_1_558' title='bbox 3623 3505 3703 3575; x_wconf 71' lang='lat'>6,).</span> 
     </span>
    </p>
   </div>
   <div class='ocr_carea' id='block_1_81' title="bbox 2057 3591 3709 3672">
    <p class='ocr_par' dir='ltr' id='par_1_81' title="bbox 2057 3591 3709 3672">
     <span class='ocr_line' id='line_1_81' title="bbox 2057 3591 3709 3672; baseline 0.006 -27"><span class='ocrx_word' id='word_1_559' title='bbox 2057 3593 2192 3658; x_wconf 81' lang='lat' dir='ltr'>Quae</span> <span class='ocrx_word' id='word_1_560' title='bbox 2219 3592 2396 3647; x_wconf 87' lang='lat' dir='ltr'>etiam</span> <span class='ocrx_word' id='word_1_561' title='bbox 2427 3593 2509 3648; x_wconf 85' lang='lat' dir='ltr'>ait</span> <span class='ocrx_word' id='word_1_562' title='bbox 2536 3609 2549 3649; x_wconf 92' lang='lat'><strong>:</strong></span> <span class='ocrx_word' id='word_1_563' title='bbox 2582 3593 2700 3650; x_wconf 84' lang='lat' dir='ltr'>Non</span> <span class='ocrx_word' id='word_1_564' title='bbox 2730 3594 2852 3652; x_wconf 78' lang='lat' dir='ltr'>licet</span> <span class='ocrx_word' id='word_1_565' title='bbox 2879 3591 3158 3650; x_wconf 77' lang='lat' dir='ltr'>dimittere</span> <span class='ocrx_word' id='word_1_566' title='bbox 3199 3609 3448 3659; x_wconf 67' lang='lat' dir='ltr'>uxorem,</span> <span class='ocrx_word' id='word_1_567' title='bbox 3477 3601 3709 3672; x_wconf 69' lang='lat' dir='ltr'>accepta</span> 
     </span>
    </p>
   </div>
   <div class='ocr_carea' id='block_1_82' title="bbox 2054 3681 3708 3755">
    <p class='ocr_par' dir='ltr' id='par_1_82' title="bbox 2054 3681 3708 3755">
     <span class='ocr_line' id='line_1_82' title="bbox 2054 3681 3708 3755; baseline 0.007 -21"><span class='ocrx_word' id='word_1_568' title='bbox 2054 3696 2223 3736; x_wconf 83' lang='lat' dir='ltr'>causa</span> <span class='ocrx_word' id='word_1_569' title='bbox 2247 3681 2633 3752; x_wconf 75' lang='lat' dir='ltr'>fornicationis</span> <span class='ocrx_word' id='word_1_570' title='bbox 2665 3681 2868 3753; x_wconf 73' lang='lat' dir='ltr'>(Matth.</span> <span class='ocrx_word' id='word_1_571' title='bbox 2893 3681 3061 3754; x_wconf 86' lang='lat' dir='ltr'>v,32).</span> <span class='ocrx_word' id='word_1_572' title='bbox 3097 3681 3236 3750; x_wconf 84' lang='lat' dir='ltr'>Quis</span> <span class='ocrx_word' id='word_1_573' title='bbox 3267 3697 3404 3755; x_wconf 85' lang='lat' dir='ltr'>ergo</span> <span class='ocrx_word' id='word_1_574' title='bbox 3435 3682 3580 3743; x_wconf 82' lang='lat' dir='ltr'>huic</span> <span class='ocrx_word' id='word_1_575' title='bbox 3601 3699 3708 3745; x_wconf 63' lang='grc' dir='ltr'>οω-</span> 
     </span>
    </p>
   </div>
   <div class='ocr_carea' id='block_1_83' title="bbox 2056 3767 3708 3844">
    <p class='ocr_par' dir='ltr' id='par_1_83' title="bbox 2056 3767 3708 3844">
     <span class='ocr_line' id='line_1_83' title="bbox 2056 3767 3708 3844; baseline 0.003 -19"><span class='ocrx_word' id='word_1_576' title='bbox 2056 3767 2190 3825; x_wconf 90' lang='lat' dir='ltr'>lesti</span> <span class='ocrx_word' id='word_1_577' title='bbox 2219 3769 2536 3842; x_wconf 85' lang='lat' dir='ltr'>legislatori</span> <span class='ocrx_word' id='word_1_578' title='bbox 2566 3770 2964 3830; x_wconf 83' lang='lat' dir='ltr'>contradicat?</span> <span class='ocrx_word' id='word_1_579' title='bbox 2983 3770 3216 3830; x_wconf 85' lang='lat' dir='ltr'>Scimus</span> <span class='ocrx_word' id='word_1_580' title='bbox 3244 3771 3384 3844; x_wconf 83' lang='lat' dir='ltr'>quia</span> <span class='ocrx_word' id='word_1_581' title='bbox 3413 3771 3708 3844; x_wconf 80' lang='lat' dir='ltr'>scriptum</span> 
     </span>
    </p>
   </div>
   <div class='ocr_carea' id='block_1_84' title="bbox 2054 3857 3714 3940">
    <p class='ocr_par' dir='ltr' id='par_1_84' title="bbox 2054 3857 3714 3940">
     <span class='ocr_line' id='line_1_84' title="bbox 2054 3857 3714 3940; baseline 0.002 -27"><span class='ocrx_word' id='word_1_582' title='bbox 2054 3861 2165 3928; x_wconf 85' lang='lat' dir='ltr'>est,</span> <span class='ocrx_word' id='word_1_583' title='bbox 2195 3859 2373 3916; x_wconf 78' lang='lat' dir='ltr'>Erunt</span> <span class='ocrx_word' id='word_1_584' title='bbox 2397 3857 2503 3916; x_wconf 82' lang='lat' dir='ltr'>duo</span> <span class='ocrx_word' id='word_1_585' title='bbox 2535 3861 2595 3916; x_wconf 80' lang='lat' dir='ltr'>in</span> <span class='ocrx_word' id='word_1_586' title='bbox 2631 3875 2796 3917; x_wconf 80' lang='lat' dir='ltr'>carne</span> <span class='ocrx_word' id='word_1_587' title='bbox 2841 3877 2956 3922; x_wconf 79' lang='lat' dir='ltr'>una</span> <span class='ocrx_word' id='word_1_588' title='bbox 3006 3859 3158 3925; x_wconf 77' lang='lat' dir='ltr'>(Gen.</span> <span class='ocrx_word' id='word_1_589' title='bbox 3191 3877 3254 3932; x_wconf 85' lang='grc' dir='ltr'>ιι,</span> <span class='ocrx_word' id='word_1_590' title='bbox 3283 3860 3398 3928; x_wconf 83' lang='grc'>24).</span> <span class='ocrx_word' id='word_1_591' title='bbox 3433 3860 3496 3920; x_wconf 84' lang='lat' dir='ltr'>Si</span> <span class='ocrx_word' id='word_1_592' title='bbox 3525 3860 3714 3940; x_wconf 66' lang='lat' dir='ltr'>igitur</span> 
     </span>
    </p>
   </div>
   <div class='ocr_carea' id='block_1_85' title="bbox 2055 3946 3715 4022">
    <p class='ocr_par' dir='ltr' id='par_1_85' title="bbox 2055 3946 3715 4022">
     <span class='ocr_line' id='line_1_85' title="bbox 2055 3946 3715 4022; baseline 0.002 -20"><span class='ocrx_word' id='word_1_593' title='bbox 2055 3946 2144 4002; x_wconf 91' lang='lat' dir='ltr'>vir</span> <span class='ocrx_word' id='word_1_594' title='bbox 2169 3951 2228 4002; x_wconf 85' lang='lat' dir='ltr'>et</span> <span class='ocrx_word' id='word_1_595' title='bbox 2257 3964 2402 4007; x_wconf 79' lang='lat' dir='ltr'>uxor</span> <span class='ocrx_word' id='word_1_596' title='bbox 2430 3965 2548 4007; x_wconf 89' lang='lat' dir='ltr'>una</span> <span class='ocrx_word' id='word_1_597' title='bbox 2575 3965 2709 4008; x_wconf 82' lang='lat' dir='ltr'>caro</span> <span class='ocrx_word' id='word_1_598' title='bbox 2740 3953 2902 4020; x_wconf 84' lang='lat' dir='ltr'>sunt,</span> <span class='ocrx_word' id='word_1_599' title='bbox 2935 3952 2994 4004; x_wconf 90' lang='lat' dir='ltr'>et</span> <span class='ocrx_word' id='word_1_600' title='bbox 3041 3947 3340 4022; x_wconf 78' lang='lat' dir='ltr'>religionis</span> <span class='ocrx_word' id='word_1_601' title='bbox 3385 3965 3578 4012; x_wconf 77' lang='lat' dir='ltr'>causa</span> <span class='ocrx_word' id='word_1_602' title='bbox 3625 3947 3715 4010; x_wconf 74' lang='lat' dir='ltr'>vir</span> 
     </span>
    </p>
   </div>
   <div class='ocr_carea' id='block_1_86' title="bbox 2055 4035 3721 4107">
    <p class='ocr_par' dir='ltr' id='par_1_86' title="bbox 2055 4035 3721 4107">
     <span class='ocr_line' id='line_1_86' title="bbox 2055 4035 3721 4107; baseline 0.001 -15"><span class='ocrx_word' id='word_1_603' title='bbox 2055 4035 2304 4094; x_wconf 83' lang='lat' dir='ltr'>dimittit</span> <span class='ocrx_word' id='word_1_604' title='bbox 2324 4053 2588 4107; x_wconf 86' lang='lat' dir='ltr'>uxorem,</span> <span class='ocrx_word' id='word_1_605' title='bbox 2611 4036 2700 4098; x_wconf 90' lang='lat' dir='ltr'>vel</span> <span class='ocrx_word' id='word_1_606' title='bbox 2717 4036 2929 4098; x_wconf 87' lang='lat' dir='ltr'>mulier</span> <span class='ocrx_word' id='word_1_607' title='bbox 2947 4037 3138 4099; x_wconf 80' lang='lat' dir='ltr'>virum</span> <span class='ocrx_word' id='word_1_608' title='bbox 3161 4037 3220 4096; x_wconf 91' lang='lat' dir='ltr'>in</span> <span class='ocrx_word' id='word_1_609' title='bbox 3253 4037 3363 4094; x_wconf 86' lang='lat' dir='ltr'>hoc</span> <span class='ocrx_word' id='word_1_610' title='bbox 3391 4037 3721 4101; x_wconf 79' lang='lat' dir='ltr'>mundare-</span> 
     </span>
    </p>
   </div>
   <div class='ocr_carea' id='block_1_87' title="bbox 2057 4123 3718 4196">
    <p class='ocr_par' dir='ltr' id='par_1_87' title="bbox 2057 4123 3718 4196">
     <span class='ocr_line' id='line_1_87' title="bbox 2057 4123 3718 4196; baseline -0.002 -16"><span class='ocrx_word' id='word_1_611' title='bbox 2057 4129 2414 4196; x_wconf 88' lang='lat' dir='ltr'>manentem,</span> <span class='ocrx_word' id='word_1_612' title='bbox 2445 4125 2534 4186; x_wconf 89' lang='lat' dir='ltr'>vel</span> <span class='ocrx_word' id='word_1_613' title='bbox 2563 4125 2744 4189; x_wconf 86' lang='lat' dir='ltr'>etiam</span> <span class='ocrx_word' id='word_1_614' title='bbox 2793 4127 3042 4186; x_wconf 80' lang='lat' dir='ltr'>fortasse</span> <span class='ocrx_word' id='word_1_615' title='bbox 3081 4127 3158 4188; x_wconf 82' lang='lat' dir='ltr'>ad</span> <span class='ocrx_word' id='word_1_616' title='bbox 3201 4125 3411 4184; x_wconf 81' lang='lat' dir='ltr'>illicita</span> <span class='ocrx_word' id='word_1_617' title='bbox 3439 4130 3582 4186; x_wconf 76' lang='lat' dir='ltr'>vota</span> <span class='ocrx_word' id='word_1_618' title='bbox 3607 4123 3718 4186; x_wconf 53' lang='lat' dir='ltr'>mi,</span> 
     </span>
    </p>
   </div>
   <div class='ocr_carea' id='block_1_88' title="bbox 2055 4215 3722 4291">
    <p class='ocr_par' dir='ltr' id='par_1_88' title="bbox 2055 4215 3722 4291">
     <span class='ocr_line' id='line_1_88' title="bbox 2055 4215 3722 4291; baseline 0.006 -23"><span class='ocrx_word' id='word_1_619' title='bbox 2055 4219 2347 4288; x_wconf 82' lang='lat' dir='ltr'>grantem,</span> <span class='ocrx_word' id='word_1_620' title='bbox 2373 4231 2504 4288; x_wconf 80' lang='lat' dir='ltr'>quae</span> <span class='ocrx_word' id='word_1_621' title='bbox 2533 4219 2624 4278; x_wconf 85' lang='lat' dir='ltr'>est</span> <span class='ocrx_word' id='word_1_622' title='bbox 2653 4216 2768 4274; x_wconf 85' lang='lat' dir='ltr'>ista</span> <span class='ocrx_word' id='word_1_623' title='bbox 2795 4215 3184 4284; x_wconf 80' lang='lat' dir='ltr'>conversio.in</span> <span class='ocrx_word' id='word_1_624' title='bbox 3205 4232 3323 4291; x_wconf 76' lang='lat' dir='ltr'>qua</span> <span class='ocrx_word' id='word_1_625' title='bbox 3351 4215 3722 4280; x_wconf 60' lang='lat' dir='ltr'>unaunam-</span> 
     </span>
    </p>
   </div>
   <div class='ocr_carea' id='block_1_89' title="bbox 2056 4303 3718 4380">
    <p class='ocr_par' dir='ltr' id='par_1_89' title="bbox 2056 4303 3718 4380">
     <span class='ocr_line' id='line_1_89' title="bbox 2056 4303 3718 4380; baseline 0.001 -22"><span class='ocrx_word' id='word_1_626' title='bbox 2056 4319 2169 4374; x_wconf 89' lang='lat' dir='ltr'>que</span> <span class='ocrx_word' id='word_1_627' title='bbox 2197 4319 2354 4374; x_wconf 90' lang='lat' dir='ltr'>caro,</span> <span class='ocrx_word' id='word_1_628' title='bbox 2388 4308 2446 4364; x_wconf 87' lang='lat' dir='ltr'>et</span> <span class='ocrx_word' id='word_1_629' title='bbox 2487 4321 2557 4362; x_wconf 85' lang='lat' dir='ltr'>ex</span> <span class='ocrx_word' id='word_1_630' title='bbox 2614 4309 2780 4380; x_wconf 84' lang='lat' dir='ltr'>parte</span> <span class='ocrx_word' id='word_1_631' title='bbox 2836 4303 3052 4364; x_wconf 84' lang='lat' dir='ltr'>transit</span> <span class='ocrx_word' id='word_1_632' title='bbox 3081 4304 3154 4372; x_wconf 80' lang='lat' dir='ltr'>ad</span> <span class='ocrx_word' id='word_1_633' title='bbox 3185 4303 3638 4372; x_wconf 58' lang='lat' dir='ltr'>continentium</span> <span class='ocrx_word' id='word_1_634' title='bbox 3661 4305 3718 4360; x_wconf 80' lang='lat' dir='ltr'>et</span> 
     </span>
    </p>
   </div>
   <div class='ocr_carea' id='block_1_90' title="bbox 2055 4391 3719 4468">
    <p class='ocr_par' dir='ltr' id='par_1_90' title="bbox 2055 4391 3719 4468">
     <span class='ocr_line' id='line_1_90' title="bbox 2055 4391 3719 4468; baseline 0.003 -18"><span class='ocrx_word' id='word_1_635' title='bbox 2055 4409 2124 4450; x_wconf 84' lang='lat' dir='ltr'>ex</span> <span class='ocrx_word' id='word_1_636' title='bbox 2141 4396 2306 4466; x_wconf 87' lang='lat' dir='ltr'>parte</span> <span class='ocrx_word' id='word_1_637' title='bbox 2325 4398 2590 4454; x_wconf 81' lang='lat' dir='ltr'>remanet</span> <span class='ocrx_word' id='word_1_638' title='bbox 2622 4394 2682 4450; x_wconf 91' lang='lat' dir='ltr'>in</span> <span class='ocrx_word' id='word_1_639' title='bbox 2703 4393 3027 4468; x_wconf 87' lang='lat' dir='ltr'>pollutione</span> <span class='ocrx_word' id='word_1_640' title='bbox 3045 4393 3074 4450; x_wconf 74' lang='lat' dir='ltr'>‘I</span> <span class='ocrx_word' id='word_1_641' title='bbox 3093 4393 3250 4454; x_wconf 72' lang='lat'>882</span> <span class='ocrx_word' id='word_1_642' title='bbox 3278 4392 3347 4456; x_wconf 75' lang='lat' dir='ltr'>Si</span> <span class='ocrx_word' id='word_1_643' title='bbox 3373 4409 3510 4456; x_wconf 80' lang='lat' dir='ltr'>vero</span> <span class='ocrx_word' id='word_1_644' title='bbox 3537 4391 3719 4456; x_wconf 73' lang='lat' dir='ltr'>utris-</span> 
     </span>
    </p>
   </div>
   <div class='ocr_carea' id='block_1_91' title="bbox 296 4478 3717 4558">
    <p class='ocr_par' dir='ltr' id='par_1_91' title="bbox 296 4478 3717 4558">
     <span class='ocr_line' id='line_1_91' title="bbox 296 4478 3717 4558; baseline 0.001 -18"><span class='ocrx_word' id='word_1_645' title='bbox 296 4478 484 4540; x_wconf 76' lang='lat' dir='ltr'>docere</span> <span class='ocrx_word' id='word_1_646' title='bbox 510 4481 646 4550; x_wconf 71' lang='lat' dir='ltr'>(Aet.</span> <span class='ocrx_word' id='word_1_647' title='bbox 681 4497 720 4550; x_wconf 82' lang='grc' dir='ltr'>ι,</span> <span class='ocrx_word' id='word_1_648' title='bbox 756 4481 830 4552; x_wconf 79' lang='grc'>1),</span> <span class='ocrx_word' id='word_1_649' title='bbox 881 4479 1163 4556; x_wconf 84' lang='lat' dir='ltr'>quoniam</span> <span class='ocrx_word' id='word_1_650' title='bbox 1223 4479 1411 4538; x_wconf 86' lang='lat' dir='ltr'>isdem</span> <span class='ocrx_word' id='word_1_651' title='bbox 1465 4481 1539 4536; x_wconf 89' lang='lat' dir='ltr'>de</span> <span class='ocrx_word' id='word_1_652' title='bbox 1594 4479 1840 4540; x_wconf 88' lang='lat' dir='ltr'>muliere</span> <span class='ocrx_word' id='word_1_653' title='bbox 1887 4479 1950 4538; x_wconf 88' lang='lat' dir='ltr'>in</span> <span class='ocrx_word' id='word_1_654' title='bbox 1977 4489 2026 4554; x_wconf 77' lang='grc' dir='ltr'>ι)</span> <span class='ocrx_word' id='word_1_655' title='bbox 2059 4499 2173 4558; x_wconf 85' lang='lat' dir='ltr'>quo</span> <span class='ocrx_word' id='word_1_656' title='bbox 2203 4483 2509 4544; x_wconf 87' lang='lat' dir='ltr'>conveniat</span> <span class='ocrx_word' id='word_1_657' title='bbox 2536 4483 2935 4544; x_wconf 87' lang='lat' dir='ltr'>continentem</span> <span class='ocrx_word' id='word_1_658' title='bbox 2965 4482 3147 4546; x_wconf 87' lang='lat' dir='ltr'>vitam</span> <span class='ocrx_word' id='word_1_659' title='bbox 3176 4483 3412 4550; x_wconf 81' lang='lat' dir='ltr'>ducere,</span> <span class='ocrx_word' id='word_1_660' title='bbox 3435 4481 3551 4546; x_wconf 79' lang='lat' dir='ltr'>hoc</span> <span class='ocrx_word' id='word_1_661' title='bbox 3580 4480 3717 4558; x_wconf 79' lang='lat' dir='ltr'>quis</span> 
     </span>
    </p>
   </div>
   <div class='ocr_carea' id='block_1_92' title="bbox 297 4566 1948 4644">
    <p class='ocr_par' dir='ltr' id='par_1_92' title="bbox 297 4566 1948 4644">
     <span class='ocr_line' id='line_1_92' title="bbox 297 4566 1948 4644; baseline 0.002 -19"><span class='ocrx_word' id='word_1_662' title='bbox 297 4566 582 4627; x_wconf 85' lang='lat' dir='ltr'>adulterio</span> <span class='ocrx_word' id='word_1_663' title='bbox 605 4567 971 4644; x_wconf 86' lang='lat' dir='ltr'>deprehensa</span> <span class='ocrx_word' id='word_1_664' title='bbox 989 4568 1286 4644; x_wconf 78' lang='lat' dir='ltr'>judicium</span> <span class='ocrx_word' id='word_1_665' title='bbox 1309 4585 1427 4628; x_wconf 90' lang='lat' dir='ltr'>non</span> <span class='ocrx_word' id='word_1_666' title='bbox 1456 4567 1830 4641; x_wconf 85' lang='lat' dir='ltr'>abstulit,qui</span> <span class='ocrx_word' id='word_1_667' title='bbox 1845 4586 1948 4642; x_wconf 88' lang='lat' dir='ltr'>per</span> 
     </span>
    </p>
   </div>
   <div class='ocr_carea' id='block_1_93' title="bbox 297 4654 1948 4734">
    <p class='ocr_par' dir='ltr' id='par_1_93' title="bbox 297 4654 1948 4734">
     <span class='ocr_line' id='line_1_93' title="bbox 297 4654 1948 4734; baseline 0.004 -22"><span class='ocrx_word' id='word_1_668' title='bbox 297 4654 534 4734; x_wconf 75' lang='lat' dir='ltr'>Moysen</span> <span class='ocrx_word' id='word_1_669' title='bbox 575 4655 921 4734; x_wconf 82' lang='lat' dir='ltr'>hujusmodi</span> <span class='ocrx_word' id='word_1_670' title='bbox 968 4657 1216 4730; x_wconf 86' lang='lat' dir='ltr'>lapidari</span> <span class='ocrx_word' id='word_1_671' title='bbox 1261 4657 1561 4733; x_wconf 83' lang='lat' dir='ltr'>praecepit,</span> <span class='ocrx_word' id='word_1_672' title='bbox 1593 4658 1740 4715; x_wconf 71' lang='lat'>681</span> <span class='ocrx_word' id='word_1_673' title='bbox 1777 4659 1879 4714; x_wconf 82' lang='lat' dir='ltr'>sed</span> <span class='ocrx_word' id='word_1_674' title='bbox 1913 4675 1948 4719; x_wconf 64' lang='grc' dir='ltr'>δ</span> 
     </span>
    </p>
   </div>
   <div class='ocr_carea' id='block_1_94' title="bbox 287 4745 1944 4822">
    <p class='ocr_par' dir='ltr' id='par_1_94' title="bbox 287 4745 1944 4822">
     <span class='ocr_line' id='line_1_94' title="bbox 287 4745 1944 4822; baseline -0.001 -16"><span class='ocrx_word' id='word_1_675' title='bbox 287 4745 472 4818; x_wconf 83' lang='lat' dir='ltr'>justis</span> <span class='ocrx_word' id='word_1_676' title='bbox 493 4745 798 4820; x_wconf 87' lang='lat' dir='ltr'>judicibus</span> <span class='ocrx_word' id='word_1_677' title='bbox 845 4746 971 4802; x_wconf 79' lang='lat' dir='ltr'>ﬁeri</span> <span class='ocrx_word' id='word_1_678' title='bbox 1013 4747 1312 4820; x_wconf 87' lang='lat' dir='ltr'>judicium</span> <span class='ocrx_word' id='word_1_679' title='bbox 1343 4746 1526 4822; x_wconf 81' lang='lat' dir='ltr'>legale</span> <span class='ocrx_word' id='word_1_680' title='bbox 1555 4747 1828 4822; x_wconf 79' lang='lat' dir='ltr'>praecepit</span> <span class='ocrx_word' id='word_1_681' title='bbox 1857 4749 1944 4806; x_wconf 52' lang='lat' dir='ltr'>di.</span> 
     </span>
    </p>
   </div>
   <div class='ocr_carea' id='block_1_95' title="bbox 295 4837 1944 4910">
    <p class='ocr_par' dir='ltr' id='par_1_95' title="bbox 295 4837 1944 4910">
     <span class='ocr_line' id='line_1_95' title="bbox 295 4837 1944 4910; baseline 0.003 -19"><span class='ocrx_word' id='word_1_682' title='bbox 295 4851 435 4896; x_wconf 86' lang='lat' dir='ltr'>cens</span> <span class='ocrx_word' id='word_1_683' title='bbox 467 4850 481 4890; x_wconf 91' lang='lat'><strong>:</strong></span> <span class='ocrx_word' id='word_1_684' title='bbox 511 4837 738 4896; x_wconf 75' lang='lat' dir='ltr'>Primus</span> <span class='ocrx_word' id='word_1_685' title='bbox 766 4838 828 4893; x_wconf 75' lang='lat' dir='ltr'>in</span> <span class='ocrx_word' id='word_1_686' title='bbox 877 4837 1038 4896; x_wconf 80' lang='lat' dir='ltr'>illam</span> <span class='ocrx_word' id='word_1_687' title='bbox 1089 4837 1327 4910; x_wconf 80' lang='lat' dir='ltr'>lapidem</span> <span class='ocrx_word' id='word_1_688' title='bbox 1380 4839 1565 4894; x_wconf 73' lang='lat' dir='ltr'>mittat</span> <span class='ocrx_word' id='word_1_689' title='bbox 1608 4840 1792 4908; x_wconf 79' lang='lat' dir='ltr'>(Joan.</span> <span class='ocrx_word' id='word_1_690' title='bbox 1825 4855 1944 4908; x_wconf 84' lang='lat' dir='ltr'>vm,</span> 
     </span>
    </p>
   </div>
   <div class='ocr_carea' id='block_1_96' title="bbox 296 4925 1946 5000">
    <p class='ocr_par' dir='ltr' id='par_1_96' title="bbox 296 4925 1946 5000">
     <span class='ocr_line' id='line_1_96' title="bbox 296 4925 1946 5000; baseline 0.001 -18"><span class='ocrx_word' id='word_1_691' title='bbox 296 4927 374 4998; x_wconf 82' lang='lat'>7).</span> <span class='ocrx_word' id='word_1_692' title='bbox 409 4925 469 4987; x_wconf 84' lang='lat' dir='ltr'>Si</span> <span class='ocrx_word' id='word_1_693' title='bbox 498 4942 632 4986; x_wconf 89' lang='lat' dir='ltr'>vero</span> <span class='ocrx_word' id='word_1_694' title='bbox 661 4943 697 4985; x_wconf 88' lang='lat' dir='ltr'>a</span> <span class='ocrx_word' id='word_1_695' title='bbox 724 4943 788 4984; x_wconf 88' lang='lat' dir='ltr'>se</span> <span class='ocrx_word' id='word_1_696' title='bbox 833 4925 1246 4994; x_wconf 73' lang='lat' dir='ltr'>examinatum,</span> <span class='ocrx_word' id='word_1_697' title='bbox 1279 4930 1338 4982; x_wconf 91' lang='lat' dir='ltr'>et</span> <span class='ocrx_word' id='word_1_698' title='bbox 1392 4930 1683 5000; x_wconf 84' lang='lat' dir='ltr'>repertam</span> <span class='ocrx_word' id='word_1_699' title='bbox 1737 4926 1946 5000; x_wconf 83' lang='lat' dir='ltr'>culpa-</span> 
     </span>
    </p>
   </div>
   <div class='ocr_carea' id='block_1_97' title="bbox 293 5013 1945 5094">
    <p class='ocr_par' dir='ltr' id='par_1_97' title="bbox 293 5013 1945 5094">
     <span class='ocr_line' id='line_1_97' title="bbox 293 5013 1945 5094; baseline 0.002 -24"><span class='ocrx_word' id='word_1_700' title='bbox 293 5013 470 5076; x_wconf 86' lang='lat' dir='ltr'>bilem</span> <span class='ocrx_word' id='word_1_701' title='bbox 502 5015 760 5094; x_wconf 84' lang='lat' dir='ltr'>episcopi</span> <span class='ocrx_word' id='word_1_702' title='bbox 790 5015 1138 5076; x_wconf 84' lang='lat' dir='ltr'>tradiderint</span> <span class='ocrx_word' id='word_1_703' title='bbox 1179 5014 1561 5090; x_wconf 85' lang='lat' dir='ltr'>puniendam,</span> <span class='ocrx_word' id='word_1_704' title='bbox 1594 5020 1797 5075; x_wconf 85' lang='lat' dir='ltr'>contra</span> <span class='ocrx_word' id='word_1_705' title='bbox 1824 5017 1945 5090; x_wconf 87' lang='lat' dir='ltr'>pie-</span> 
     </span>
    </p>
   </div>
   <div class='ocr_carea' id='block_1_98' title="bbox 289 5103 1944 5180">
    <p class='ocr_par' dir='ltr' id='par_1_98' title="bbox 289 5103 1944 5180">
     <span class='ocr_line' id='line_1_98' title="bbox 289 5103 1944 5180; baseline 0 -14"><span class='ocrx_word' id='word_1_706' title='bbox 289 5107 470 5166; x_wconf 85' lang='lat' dir='ltr'>tatem</span> <span class='ocrx_word' id='word_1_707' title='bbox 488 5103 969 5172; x_wconf 82' lang='lat' dir='ltr'>ecclesiasticam,</span> <span class='ocrx_word' id='word_1_708' title='bbox 989 5109 1051 5162; x_wconf 86' lang='lat' dir='ltr'>et</span> <span class='ocrx_word' id='word_1_709' title='bbox 1069 5103 1266 5180; x_wconf 87' lang='lat' dir='ltr'>ipsum</span> <span class='ocrx_word' id='word_1_710' title='bbox 1287 5105 1556 5166; x_wconf 75' lang='lat' dir='ltr'>Eccleaiae</span> <span class='ocrx_word' id='word_1_711' title='bbox 1587 5109 1784 5178; x_wconf 84' lang='lat' dir='ltr'>caput,</span> <span class='ocrx_word' id='word_1_712' title='bbox 1819 5106 1944 5166; x_wconf 81' lang='lat' dir='ltr'>fon-</span> 
     </span>
    </p>
   </div>
   <div class='ocr_carea' id='block_1_99' title="bbox 290 5193 1940 5272">
    <p class='ocr_par' dir='ltr' id='par_1_99' title="bbox 290 5193 1940 5272">
     <span class='ocr_line' id='line_1_99' title="bbox 290 5193 1940 5272; baseline 0.002 -24"><span class='ocrx_word' id='word_1_713' title='bbox 290 5198 409 5254; x_wconf 86' lang='lat' dir='ltr'>tem</span> <span class='ocrx_word' id='word_1_714' title='bbox 428 5193 696 5252; x_wconf 89' lang='lat' dir='ltr'>videlicet</span> <span class='ocrx_word' id='word_1_715' title='bbox 710 5193 967 5272; x_wconf 81' lang='lat' dir='ltr'>pietatis,</span> <span class='ocrx_word' id='word_1_716' title='bbox 988 5209 1158 5268; x_wconf 80' lang='lat' dir='ltr'>agere</span> <span class='ocrx_word' id='word_1_717' title='bbox 1177 5194 1602 5268; x_wconf 82' lang='lat' dir='ltr'>probabuntur,</span> <span class='ocrx_word' id='word_1_718' title='bbox 1629 5193 1728 5267; x_wconf 90' lang='lat' dir='ltr'>qui</span> <span class='ocrx_word' id='word_1_719' title='bbox 1750 5193 1896 5250; x_wconf 87' lang='lat' dir='ltr'>dixit</span> <span class='ocrx_word' id='word_1_720' title='bbox 1927 5213 1940 5252; x_wconf 90' lang='lat'><strong>:</strong></span> 
     </span>
    </p>
   </div>
   <div class='ocr_carea' id='block_1_100' title="bbox 287 5281 1946 5356">
    <p class='ocr_par' dir='ltr' id='par_1_100' title="bbox 287 5281 1946 5356">
     <span class='ocr_line' id='line_1_100' title="bbox 287 5281 1946 5356; baseline 0.001 -16"><span class='ocrx_word' id='word_1_721' title='bbox 287 5283 396 5342; x_wconf 83' lang='lat' dir='ltr'>Nec</span> <span class='ocrx_word' id='word_1_722' title='bbox 419 5298 515 5355; x_wconf 78' lang='lat' dir='ltr'>ego</span> <span class='ocrx_word' id='word_1_723' title='bbox 541 5288 598 5342; x_wconf 83' lang='lat' dir='ltr'>te</span> <span class='ocrx_word' id='word_1_724' title='bbox 625 5283 1009 5350; x_wconf 73' lang='lat' dir='ltr'>condemnabo,</span> <span class='ocrx_word' id='word_1_725' title='bbox 1042 5281 1177 5342; x_wconf 83' lang='lat' dir='ltr'>vade</span> <span class='ocrx_word' id='word_1_726' title='bbox 1202 5292 1256 5342; x_wconf 78' lang='lat' dir='ltr'>et</span> <span class='ocrx_word' id='word_1_727' title='bbox 1279 5284 1519 5356; x_wconf 75' lang='lat' dir='ltr'>amplius</span> <span class='ocrx_word' id='word_1_728' title='bbox 1565 5285 1684 5340; x_wconf 78' lang='lat' dir='ltr'>noli</span> <span class='ocrx_word' id='word_1_729' title='bbox 1724 5300 1946 5356; x_wconf 81' lang='lat' dir='ltr'>peccare</span> 
     </span>
    </p>
   </div>
   <div class='ocr_carea' id='block_1_101' title="bbox 289 5371 1943 5448">
    <p class='ocr_par' dir='ltr' id='par_1_101' title="bbox 289 5371 1943 5448">
     <span class='ocr_line' id='line_1_101' title="bbox 289 5371 1943 5448; baseline 0.001 -19"><span class='ocrx_word' id='word_1_730' title='bbox 289 5371 476 5448; x_wconf 68' lang='lat' dir='ltr'>(10m.</span> <span class='ocrx_word' id='word_1_731' title='bbox 508 5388 629 5442; x_wconf 74' lang='lat' dir='ltr'>vni,</span> <span class='ocrx_word' id='word_1_732' title='bbox 661 5372 770 5440; x_wconf 86' lang='grc'>11).</span> <span class='ocrx_word' id='word_1_733' title='bbox 803 5371 906 5432; x_wconf 82' lang='lat' dir='ltr'>His</span> <span class='ocrx_word' id='word_1_734' title='bbox 962 5373 1044 5431; x_wconf 83' lang='lat' dir='ltr'>ita</span> <span class='ocrx_word' id='word_1_735' title='bbox 1090 5373 1389 5432; x_wconf 83' lang='lat' dir='ltr'>evidenter</span> <span class='ocrx_word' id='word_1_736' title='bbox 1441 5373 1714 5448; x_wconf 82' lang='lat' dir='ltr'>cognitis,</span> <span class='ocrx_word' id='word_1_737' title='bbox 1746 5377 1806 5430; x_wconf 87' lang='lat' dir='ltr'>et</span> <span class='ocrx_word' id='word_1_738' title='bbox 1849 5374 1943 5430; x_wconf 80' lang='lat' dir='ltr'>di-</span> 
     </span>
    </p>
   </div>
   <div class='ocr_carea' id='block_1_102' title="bbox 288 5457 1942 5539">
    <p class='ocr_par' dir='ltr' id='par_1_102' title="bbox 288 5457 1942 5539">
     <span class='ocr_line' id='line_1_102' title="bbox 288 5457 1942 5539; baseline 0.005 -25"><span class='ocrx_word' id='word_1_739' title='bbox 288 5457 676 5536; x_wconf 71' lang='lat' dir='ltr'>ligentissime</span> <span class='ocrx_word' id='word_1_740' title='bbox 703 5461 1065 5539; x_wconf 82' lang='lat' dir='ltr'>ponderatls,</span> <span class='ocrx_word' id='word_1_741' title='bbox 1099 5463 1172 5519; x_wconf 88' lang='lat' dir='ltr'>de</span> <span class='ocrx_word' id='word_1_742' title='bbox 1221 5463 1293 5523; x_wconf 84' lang='lat' dir='ltr'>ad</span> <span class='ocrx_word' id='word_1_743' title='bbox 1338 5462 1608 5518; x_wconf 65' lang='lat' dir='ltr'>Ecclesiae</span> <span class='ocrx_word' id='word_1_744' title='bbox 1663 5462 1942 5536; x_wconf 82' lang='lat' dir='ltr'>pietatem</span> 
     </span>
    </p>
   </div>
   <div class='ocr_carea' id='block_1_103' title="bbox 290 5547 1942 5630">
    <p class='ocr_par' dir='ltr' id='par_1_103' title="bbox 290 5547 1942 5630">
     <span class='ocr_line' id='line_1_103' title="bbox 290 5547 1942 5630; baseline 0.001 -22"><span class='ocrx_word' id='word_1_745' title='bbox 290 5547 764 5627; x_wconf 71' lang='lat' dir='ltr'>confugientibus</span> <span class='ocrx_word' id='word_1_746' title='bbox 789 5550 1219 5630; x_wconf 68' lang='lat' dir='ltr'>auctoritatem</span> <span class='ocrx_word' id='word_1_747' title='bbox 1272 5550 1564 5626; x_wconf 73' lang='lat' dir='ltr'>majorum</span> <span class='ocrx_word' id='word_1_748' title='bbox 1621 5567 1942 5629; x_wconf 83' lang='lat' dir='ltr'>sequamur</span> 
     </span>
    </p>
   </div>
   <div class='ocr_carea' id='block_1_104' title="bbox 2055 4569 3724 4648">
    <p class='ocr_par' dir='ltr' id='par_1_104' title="bbox 2055 4569 3724 4648">
     <span class='ocr_line' id='line_1_104' title="bbox 2055 4569 3724 4648; baseline 0.002 -20"><span class='ocrx_word' id='word_1_749' title='bbox 2055 4572 2267 4630; x_wconf 85' lang='lat' dir='ltr'>audeat</span> <span class='ocrx_word' id='word_1_750' title='bbox 2287 4588 2562 4630; x_wconf 84' lang='lat' dir='ltr'>accusare</span> <span class='ocrx_word' id='word_1_751' title='bbox 2577 4571 2853 4645; x_wconf 84' lang='lat' dir='ltr'>?quandn</span> <span class='ocrx_word' id='word_1_752' title='bbox 2886 4575 3113 4630; x_wconf 88' lang='lat' dir='ltr'>certum</span> <span class='ocrx_word' id='word_1_753' title='bbox 3141 4574 3232 4636; x_wconf 81' lang='lat' dir='ltr'>est</span> <span class='ocrx_word' id='word_1_754' title='bbox 3257 4570 3418 4648; x_wconf 76' lang='lat' dir='ltr'>quod</span> <span class='ocrx_word' id='word_1_755' title='bbox 3447 4569 3724 4648; x_wconf 73' lang='lat' dir='ltr'>omnipo-</span> 
     </span>
    </p>
   </div>
   <div class='ocr_carea' id='block_1_105' title="bbox 2054 4660 3718 4740">
    <p class='ocr_par' dir='ltr' id='par_1_105' title="bbox 2054 4660 3718 4740">
     <span class='ocr_line' id='line_1_105' title="bbox 2054 4660 3718 4740; baseline 0.001 -22"><span class='ocrx_word' id='word_1_756' title='bbox 2054 4667 2186 4718; x_wconf 87' lang='lat' dir='ltr'>tens</span> <span class='ocrx_word' id='word_1_757' title='bbox 2215 4660 2392 4732; x_wconf 90' lang='lat' dir='ltr'>Deus,</span> <span class='ocrx_word' id='word_1_758' title='bbox 2427 4661 2528 4736; x_wconf 89' lang='lat' dir='ltr'>qui</span> <span class='ocrx_word' id='word_1_759' title='bbox 2558 4661 2792 4724; x_wconf 83' lang='lat' dir='ltr'>minora</span> <span class='ocrx_word' id='word_1_760' title='bbox 2831 4661 3142 4732; x_wconf 87' lang='lat' dir='ltr'>concessit,</span> <span class='ocrx_word' id='word_1_761' title='bbox 3175 4661 3404 4736; x_wconf 71' lang='lat' dir='ltr'>majora</span> <span class='ocrx_word' id='word_1_762' title='bbox 3432 4677 3552 4722; x_wconf 85' lang='lat' dir='ltr'>non</span> <span class='ocrx_word' id='word_1_763' title='bbox 3583 4673 3718 4740; x_wconf 78' lang='lat' dir='ltr'>pro-</span> 
     </span>
    </p>
   </div>
   <div class='ocr_carea' id='block_1_106' title="bbox 2055 4748 3718 4823">
    <p class='ocr_par' dir='ltr' id='par_1_106' title="bbox 2055 4748 3718 4823">
     <span class='ocr_line' id='line_1_106' title="bbox 2055 4748 3718 4823; baseline 0.001 -15"><span class='ocrx_word' id='word_1_764' title='bbox 2055 4749 2268 4808; x_wconf 83' lang='lat' dir='ltr'>hibuit.</span> <span class='ocrx_word' id='word_1_765' title='bbox 2292 4751 2363 4806; x_wconf 89' lang='lat' dir='ltr'>Et</span> <span class='ocrx_word' id='word_1_766' title='bbox 2383 4750 2623 4823; x_wconf 89' lang='lat' dir='ltr'>quidem</span> <span class='ocrx_word' id='word_1_767' title='bbox 2645 4748 2865 4810; x_wconf 83' lang='lat' dir='ltr'>multos</span> <span class='ocrx_word' id='word_1_768' title='bbox 2895 4754 3234 4812; x_wconf 82' lang='lat' dir='ltr'>sanctorum</span> <span class='ocrx_word' id='word_1_769' title='bbox 3265 4748 3718 4822; x_wconf 38' lang='lat' dir='ltr'>novitati!ch</span> 
     </span>
    </p>
   </div>
   <div class='ocr_carea' id='block_1_107' title="bbox 2055 4837 3714 4914">
    <p class='ocr_par' dir='ltr' id='par_1_107' title="bbox 2055 4837 3714 4914">
     <span class='ocr_line' id='line_1_107' title="bbox 2055 4837 3714 4914; baseline 0.002 -18"><span class='ocrx_word' id='word_1_770' title='bbox 2055 4838 2178 4896; x_wconf 90' lang='lat' dir='ltr'>suis</span> <span class='ocrx_word' id='word_1_771' title='bbox 2199 4839 2552 4912; x_wconf 66' lang='lat' dir='ltr'>coniugibus</span> <span class='ocrx_word' id='word_1_772' title='bbox 2575 4844 2634 4896; x_wconf 88' lang='lat' dir='ltr'>et</span> <span class='ocrx_word' id='word_1_773' title='bbox 2657 4839 2824 4914; x_wconf 88' lang='lat' dir='ltr'>prius</span> <span class='ocrx_word' id='word_1_774' title='bbox 2842 4837 3237 4901; x_wconf 82' lang='lat' dir='ltr'>continentem</span> <span class='ocrx_word' id='word_1_775' title='bbox 3247 4838 3429 4902; x_wconf 69' lang='lat' dir='ltr'>vitam</span> <span class='ocrx_word' id='word_1_776' title='bbox 3445 4838 3714 4908; x_wconf 69' lang='lat' dir='ltr'>diuisae,</span> 
     </span>
    </p>
   </div>
   <div class='ocr_carea' id='block_1_108' title="bbox 2054 4918 3716 5005">
    <p class='ocr_par' dir='ltr' id='par_1_108' title="bbox 2054 4918 3716 5005">
     <span class='ocr_line' id='line_1_108' title="bbox 2054 4918 3716 5005; baseline 0.002 -21"><span class='ocrx_word' id='word_1_777' title='bbox 2054 4933 2112 4986; x_wconf 87' lang='lat' dir='ltr'>et</span> <span class='ocrx_word' id='word_1_778' title='bbox 2122 4918 2498 5002; x_wconf 82' lang='lat' dir='ltr'>postmodum</span> <span class='ocrx_word' id='word_1_779' title='bbox 2513 4927 2586 4984; x_wconf 88' lang='lat' dir='ltr'>ad</span> <span class='ocrx_word' id='word_1_780' title='bbox 2609 4934 2823 4988; x_wconf 69' lang='lat' dir='ltr'>sanctae</span> <span class='ocrx_word' id='word_1_781' title='bbox 2855 4927 3124 4986; x_wconf 62' lang='lat' dir='ltr'>Ecclesia</span> <span class='ocrx_word' id='word_1_782' title='bbox 3145 4925 3436 5005; x_wconf 78' lang='lat' dir='ltr'>regimina</span> <span class='ocrx_word' id='word_1_783' title='bbox 3451 4925 3716 5003; x_wconf 58' lang='lat' dir='ltr'>migratio</span> 
     </span>
    </p>
   </div>
   <div class='ocr_carea' id='block_1_109' title="bbox 2054 5011 3717 5081">
    <p class='ocr_par' dir='ltr' id='par_1_109' title="bbox 2054 5011 3717 5081">
     <span class='ocr_line' id='line_1_109' title="bbox 2054 5011 3717 5081; baseline -0.001 -7"><span class='ocrx_word' id='word_1_784' title='bbox 2054 5033 2138 5074; x_wconf 88' lang='lat' dir='ltr'>se.</span> <span class='ocrx_word' id='word_1_785' title='bbox 2149 5017 2384 5076; x_wconf 87' lang='lat' dir='ltr'>Duobus</span> <span class='ocrx_word' id='word_1_786' title='bbox 2395 5017 2552 5074; x_wconf 90' lang='lat' dir='ltr'>enim</span> <span class='ocrx_word' id='word_1_787' title='bbox 2565 5017 2758 5076; x_wconf 89' lang='lat' dir='ltr'>modis</span> <span class='ocrx_word' id='word_1_788' title='bbox 2771 5018 2959 5074; x_wconf 85' lang='lat' dir='ltr'>sancti</span> <span class='ocrx_word' id='word_1_789' title='bbox 2971 5017 3079 5073; x_wconf 89' lang='lat' dir='ltr'>viri</span> <span class='ocrx_word' id='word_1_790' title='bbox 3092 5016 3273 5081; x_wconf 82' lang='lat' dir='ltr'>etiam</span> <span class='ocrx_word' id='word_1_791' title='bbox 3283 5033 3318 5078; x_wconf 68' lang='grc' dir='ltr'><strong>α</strong></span> <span class='ocrx_word' id='word_1_792' title='bbox 3331 5015 3512 5078; x_wconf 78' lang='lat' dir='ltr'>licitis</span> <span class='ocrx_word' id='word_1_793' title='bbox 3529 5011 3717 5076; x_wconf 68' lang='lat' dir='ltr'>abstio</span> 
     </span>
    </p>
   </div>
   <div class='ocr_carea' id='block_1_110' title="bbox 2055 5099 3715 5180">
    <p class='ocr_par' dir='ltr' id='par_1_110' title="bbox 2055 5099 3715 5180">
     <span class='ocr_line' id='line_1_110' title="bbox 2055 5099 3715 5180; baseline 0.002 -15"><span class='ocrx_word' id='word_1_794' title='bbox 2055 5122 2192 5165; x_wconf 89' lang='lat' dir='ltr'>nere</span> <span class='ocrx_word' id='word_1_795' title='bbox 2211 5105 2433 5163; x_wconf 89' lang='lat' dir='ltr'>solent:</span> <span class='ocrx_word' id='word_1_796' title='bbox 2458 5105 2773 5178; x_wconf 84' lang='lat' dir='ltr'>aliquando</span> <span class='ocrx_word' id='word_1_797' title='bbox 2798 5111 2860 5163; x_wconf 90' lang='lat' dir='ltr'>ut</span> <span class='ocrx_word' id='word_1_798' title='bbox 2888 5106 3166 5164; x_wconf 87' lang='lat' dir='ltr'>meritum</span> <span class='ocrx_word' id='word_1_799' title='bbox 3193 5105 3310 5168; x_wconf 74' lang='lat' dir='ltr'>sibi</span> <span class='ocrx_word' id='word_1_800' title='bbox 3339 5105 3492 5180; x_wconf 80' lang='lat' dir='ltr'>apud</span> <span class='ocrx_word' id='word_1_801' title='bbox 3517 5099 3715 5168; x_wconf 49' lang='lat' dir='ltr'>omni:</span> 
     </span>
    </p>
   </div>
   <div class='ocr_carea' id='block_1_111' title="bbox 2052 5195 3712 5272">
    <p class='ocr_par' dir='ltr' id='par_1_111' title="bbox 2052 5195 3712 5272">
     <span class='ocr_line' id='line_1_111' title="bbox 2052 5195 3712 5272; baseline 0.002 -22"><span class='ocrx_word' id='word_1_802' title='bbox 2052 5198 2347 5270; x_wconf 85' lang='lat' dir='ltr'>potentem</span> <span class='ocrx_word' id='word_1_803' title='bbox 2379 5195 2565 5252; x_wconf 90' lang='lat' dir='ltr'>Deum</span> <span class='ocrx_word' id='word_1_804' title='bbox 2595 5201 2869 5272; x_wconf 86' lang='lat' dir='ltr'>augeant,</span> <span class='ocrx_word' id='word_1_805' title='bbox 2901 5195 3222 5269; x_wconf 80' lang='lat' dir='ltr'>aliquando</span> <span class='ocrx_word' id='word_1_806' title='bbox 3267 5211 3403 5256; x_wconf 82' lang='lat' dir='ltr'>vero</span> <span class='ocrx_word' id='word_1_807' title='bbox 3455 5197 3524 5252; x_wconf 80' lang='lat' dir='ltr'>ut</span> <span class='ocrx_word' id='word_1_808' title='bbox 3567 5197 3712 5256; x_wconf 61' lang='lat' dir='ltr'>ante</span> 
     </span>
    </p>
   </div>
   <div class='ocr_carea' id='block_1_112' title="bbox 2051 5281 3715 5359">
    <p class='ocr_par' dir='ltr' id='par_1_112' title="bbox 2051 5281 3715 5359">
     <span class='ocr_line' id='line_1_112' title="bbox 2051 5281 3715 5359; baseline 0.001 -18"><span class='ocrx_word' id='word_1_809' title='bbox 2051 5289 2191 5341; x_wconf 68' lang='lat' dir='ltr'>actae</span> <span class='ocrx_word' id='word_1_810' title='bbox 2210 5283 2341 5341; x_wconf 67' lang='lat' dir='ltr'>vitae</span> <span class='ocrx_word' id='word_1_811' title='bbox 2371 5283 2576 5358; x_wconf 83' lang='lat' dir='ltr'>culpas</span> <span class='ocrx_word' id='word_1_812' title='bbox 2603 5283 2928 5359; x_wconf 76' lang='lat' dir='ltr'>detergent.</span> <span class='ocrx_word' id='word_1_813' title='bbox 2957 5284 3208 5347; x_wconf 82' lang='lat' dir='ltr'>Proinde</span> <span class='ocrx_word' id='word_1_814' title='bbox 3235 5300 3374 5351; x_wconf 71' lang='lat' dir='ltr'>eum</span> <span class='ocrx_word' id='word_1_815' title='bbox 3401 5281 3546 5345; x_wconf 78' lang='lat' dir='ltr'>boni</span> <span class='ocrx_word' id='word_1_816' title='bbox 3575 5297 3715 5347; x_wconf 60' lang='lat' dir='ltr'>conv</span> 
     </span>
    </p>
   </div>
   <div class='ocr_carea' id='block_1_113' title="bbox 2042 5373 3715 5448">
    <p class='ocr_par' dir='ltr' id='par_1_113' title="bbox 2042 5373 3715 5448">
     <span class='ocr_line' id='line_1_113' title="bbox 2042 5373 3715 5448; baseline -0.001 -15"><span class='ocrx_word' id='word_1_817' title='bbox 2042 5373 2239 5448; x_wconf 79' lang='lat' dir='ltr'>jugcs,</span> <span class='ocrx_word' id='word_1_818' title='bbox 2272 5378 2376 5432; x_wconf 86' lang='lat' dir='ltr'>aut</span> <span class='ocrx_word' id='word_1_819' title='bbox 2431 5374 2710 5434; x_wconf 76' lang='lat' dir='ltr'>meritum</span> <span class='ocrx_word' id='word_1_820' title='bbox 2763 5390 2978 5448; x_wconf 82' lang='lat' dir='ltr'>angere</span> <span class='ocrx_word' id='word_1_821' title='bbox 3029 5373 3391 5445; x_wconf 78' lang='lat' dir='ltr'>desiderant,</span> <span class='ocrx_word' id='word_1_822' title='bbox 3419 5375 3526 5432; x_wconf 74' lang='lat' dir='ltr'>aut</span> <span class='ocrx_word' id='word_1_823' title='bbox 3571 5375 3715 5432; x_wconf 72' lang='grc' dir='ltr'>ωω</span> 
     </span>
    </p>
   </div>
   <div class='ocr_carea' id='block_1_114' title="bbox 2050 5460 3716 5536">
    <p class='ocr_par' dir='ltr' id='par_1_114' title="bbox 2050 5460 3716 5536">
     <span class='ocr_line' id='line_1_114' title="bbox 2050 5460 3716 5536; baseline 0.004 -18"><span class='ocrx_word' id='word_1_824' title='bbox 2050 5468 2192 5518; x_wconf 78' lang='lat' dir='ltr'>actae</span> <span class='ocrx_word' id='word_1_825' title='bbox 2223 5463 2352 5518; x_wconf 79' lang='lat' dir='ltr'>vitae</span> <span class='ocrx_word' id='word_1_826' title='bbox 2401 5461 2606 5536; x_wconf 87' lang='lat' dir='ltr'>culpas</span> <span class='ocrx_word' id='word_1_827' title='bbox 2655 5461 2868 5534; x_wconf 83' lang='lat' dir='ltr'>delere,</span> <span class='ocrx_word' id='word_1_828' title='bbox 2904 5467 2970 5524; x_wconf 86' lang='lat' dir='ltr'>ut</span> <span class='ocrx_word' id='word_1_829' title='bbox 3023 5479 3087 5523; x_wconf 81' lang='lat' dir='ltr'>se</span> <span class='ocrx_word' id='word_1_830' title='bbox 3145 5463 3222 5522; x_wconf 86' lang='lat' dir='ltr'>ad</span> <span class='ocrx_word' id='word_1_831' title='bbox 3279 5460 3716 5524; x_wconf 57' lang='lat' dir='ltr'>continuati“:</span> 
     </span>
    </p>
   </div>
   <div class='ocr_carea' id='block_1_115' title="bbox 2048 5547 3716 5632">
    <p class='ocr_par' dir='ltr' id='par_1_115' title="bbox 2048 5547 3716 5632">
     <span class='ocr_line' id='line_1_115' title="bbox 2048 5547 3716 5632; baseline -0.003 -20"><span class='ocrx_word' id='word_1_832' title='bbox 2048 5551 2400 5630; x_wconf 82' lang='lat' dir='ltr'>astringant,</span> <span class='ocrx_word' id='word_1_833' title='bbox 2431 5557 2490 5614; x_wconf 84' lang='lat' dir='ltr'>et</span> <span class='ocrx_word' id='word_1_834' title='bbox 2537 5551 2838 5614; x_wconf 85' lang='lat' dir='ltr'>meliorem</span> <span class='ocrx_word' id='word_1_835' title='bbox 2884 5552 3066 5615; x_wconf 81' lang='lat' dir='ltr'>vitam</span> <span class='ocrx_word' id='word_1_836' title='bbox 3113 5555 3414 5632; x_wconf 72' lang='lat' dir='ltr'>appetant.</span> <span class='ocrx_word' id='word_1_837' title='bbox 3437 5547 3617 5614; x_wconf 74' lang='lat' dir='ltr'>licet.</span> <span class='ocrx_word' id='word_1_838' title='bbox 3652 5549 3716 5608; x_wconf 88' lang='lat' dir='ltr'>Si</span> 
     </span>
    </p>
   </div>
  </div>
