3896 6182
1086 316 1187 377 ΠΕ
1231 316 1609 379 DIVOBTIO
1653 314 2037 380 nomen
2068 316 2168 377 ΕΤ
2210 317 2673 382 'l‘E'PBElthE.

3464 324 3585 389 ’ἱμιί

183 436 306 505 vein
338 446 779 521 continentiam,
813 463 991 519 quam
1029 447 1117 504 vir
1145 448 1386 520 appetit,
1421 465 1566 505 uxor
1592 465 1709 504 non
1738 464 1825 504 ses-
1856 449 1909 516 Α
1940 448 2292 519 prmmissas,
2326 448 2572 507 evolutis
2602 436 2962 527 sescireiter
3006 453 3328 523 mensibus,
3362 455 3433 513 ab
3465 458 3584 515 eis-

182 536 390 610 quitur,
424 540 526 591 aut
556 553 741 608 (psam.
763 552 910 591 uxor
951 537 1193 608 appetit,
1225 537 1311 591 vir
1356 545 1609 605 recusat,
1643 536 1821 593 dividi

181 624 511 699 coniugium
540 642 662 680 non
688 624 843 690 licet,
876 624 1015 696 quia
1043 624 1329 697 scriptum
1360 630 1451 681 est
1473 643 1485 682 :
1510 626 1707 682 Mulier
1730 627 1825 681 sui

180 717 410 787 corporis
436 721 749 786 potestatem
778 731 889 791 non
933 714 1111 781 habet,
1142 715 1236 770 sed
1284 717 1372 770 vir
1399 733 1418 770 :
1449 717 1709 771 similiter
1736 717 1824 771 vir

180 822 275 859 non
303 804 467 869 habet
490 811 805 877 potestatem
830 804 921 858 sui
961 806 1224 874 corporis,
1256 804 1346 859 scd
1395 805 1598 865 mulier
1624 806 1674 872 (l
1696 805 1818 861 Cor.

179 893 428 965 muni
444 892 501 947 in
519 890 768 966 epistola
786 892 856 947 ad
876 890 1197 955 Adrianum
1221 892 1486 955 Panormi
1502 893 1820 965 notarium,

182 980 447 1037 Urbicum
479 981 749 1041 abbatem
779 980 997 1055 culpat,
1033 981 1171 1059 quia
1203 981 1481 1037 maritum
1517 981 1819 1057 Agathosze

177 1075 367 1138 contra
397 1069 755 1131 voluntatem
788 1070 916 1142 ejus
948 1068 1007 1124 in
1030 1070 1386 1131 monasterio
1407 1071 1478 1125 ad
1502 1070 1823 1137 conversio-

180 1176 295 1217 nem
327 1158 675 1232 susceperit,
710 1162 766 1213 et
797 1145 1079 1227 maritum~
1106 1158 1185 1225 ei,
1212 1157 1441 1219 etiamsi
1466 1159 1591 1230 jam
1624 1161 1821 1239 tonsu-

176 1254 327 1305 ratus
364 1247 558 1319 fuerit,
592 1247 753 1315 reddi
778 1247 1555 1327 prmcepit(lib.Ix,epist.-i4)
1580 1265 1593 1302 :
1619 1271 1646 1297 ‹‹
1674 1247 1817 1317 Nisi,

175 1336 460 1409 inquiens,
493 1336 789 1411 quoddam
840 1334 1240 1393 fornicationis
1289 1337 1537 1403 crimen,
1586 1340 1822 1411 propter

175 1426 311 1497 quod
343 1426 471 1485 viro
501 1441 742 1489 uxorem
769 1423 903 1479 licet
936 1423 1284 1496 relinquere,
1320 1425 1656 1497 praedictam
1690 1442 1819 1487 mu-

172 1514 360 1570 lierem
394 1513 765 1573 commisisse
796 1513 1158 1586 cognoveris,
1191 1531 1260 1570 ne
1310 1513 1471 1572 illius
1521 1513 1820 1575 conversio

174 1602 319 1673 uxori
354 1602 572 1673 relicta:
602 1601 661 1657 in
692 1600 905 1658 saeculo
934 1600 1055 1658 fieri
1089 1602 1275 1675 possit
1298 1603 1642 1674 perditionis
1662 1620 1821 1659 occa-

171 1709 265 1763 sxo,
294 1690 576 1748 volumus
609 1695 674 1746 ut
706 1690 985 1747 maritum
1020 1708 1194 1745 suum
1230 1690 1337 1758 illi,
1372 1689 1459 1747 vel
1484 1692 1674 1765 sijam
1700 1698 1820 1747 ton-

170 1784 395 1847 suratus
454 1783 561 1851 est,
598 1780 838 1841 reddere
892 1779 1132 1835 omnino
1180 1780 1412 1848 debeas,
1446 1782 1818 1839 excusatione

169 1875 455 1937 cessante:
473 1869 611 1943 quia
627 1874 941 1948 postquam
961 1887 1063 1944 per
1078 1870 1506 1942 copulationem
1536 1870 1815 1942 conjugii,

170 1960 264 2025 viri
288 1964 469 2034 atque
493 1958 757 2025 mulieris
776 1977 960 2027 unum
980 1975 1192 2032 corpus
1210 1959 1606 2027 efficiturmon
1629 1963 1819 2033 potest

167 2066 227 2104 ex
256 2052 422 2122 parte
451 2048 727 2119 converti,
760 2053 817 2105 et
846 2065 914 2104 ex
937 2053 1099 2122 parte
1130 2049 1193 2105 in
1221 2047 1433 2111 saeculo
1456 2065 1811 2117 remanere.»

230 2137 294 2203 Et
326 2155 401 2194 ne
424 2136 594 2203 nobis
616 2135 930 2211 quisquam
954 2137 1702 2210 succenseabquiajudicia
1723 2155 1814 2211 ec-

166 2224 490 2291 clesiastica
519 2226 695 2282 etiam
727 2225 893 2285 laicis
921 2226 1212 2284 audienda
1245 2225 1816 2300 proponimus,legat

166 2315 396 2377 Patrum
422 2315 773 2371 solutionem
799 2315 1109 2393 propositae
1132 2314 1603 2388 quaestionis,eur
1622 2316 1814 2371 Domi‘

163 2422 285 2473 nus,
318 2404 426 2478 qui
460 2407 662 2470 sancta
702 2404 1097 2473 mordacibus,
1131 2408 1187 2458 et
1220 2404 1565 2477 margaritas
1598 2404 1812 2460 irreve-

160 2493 424 2557 rentibus
450 2509 772 2566 proponere
820 2493 1027 2564 vetuit,
1063 2493 1380 2565 requisitus
1420 2493 1490 2547 de
1522 2510 1812 2549 resurrec-

162 2580 307 2649 time
342 2572 713 2650 mortuorum
742 2581 948 2651 (Matth.
974 2599 1070 2647 xix
1098 2591 1149 2638 et
1180 2583 1340 2654 xxu),
1372 2599 1506 2636 cum
1545 2582 1814 2655 opposita

161 2671 306 2744 turpi
348 2668 552 2745 mbula
580 2671 653 2737 de
680 2669 927 2735 muliere
958 2670 1253 2745 septivira,
1288 2670 1813 2737 intidelibus,inv.i-

114 2794 117 2797 ν
160 2758 269 2831 dis,
297 2776 370 2821 ac
402 2759 795 2829 tentatoribus
820 2764 1043 2821 secreta
1064 2758 1208 2831 legis
1232 2757 1815 2830 aperuerit,videlicet

158 2847 436 2921 quoniam
466 2864 581 2909 non
612 2847 722 2914 eis,
753 2846 854 2933 qui
886 2863 1090 2921 capere
1123 2864 1236 2900 non
1273 2850 1562 2918 poterant,
1596 2845 1697 2900 sed
1729 2844 1813 2899 eis

158 2932 251 3008 qui
281 2941 558 3010 poterant
586 2938 643 2991 et
664 2932 844 3004 simul
865 2936 1283 3006 aderant,quos
1304 2939 1541 3007 propter
1562 2933 1812 3001 aliorum

157 3016 600 3090 immunditiam
633 3023 849 3099 negligi
876 3042 991 3081 non
1038 3022 1364 3096 oportebat,
1398 3026 1623 3087 secreta
1670 3019 1813 3096 legis

158 3114 419 3185 aperuit;
444 3119 503 3173 et
536 3130 671 3169 cum
694 3129 828 3175 eum
864 3116 1182 3181 tentatorcs
1228 3111 1685 3185 interrogabant,
1718 3126 1813 3167 re-

156 3202 600 3279 spondebatque
632 3200 770 3271 illis,
806 3201 885 3256 ita
916 3205 979 3257 ut
1010 3201 1165 3273 quod
1200 3199 1665 3256 contradicerent
1694 3215 1810 3255 non
1841 3188 1884 3254 (ἶ

156 3285 460 3359 haberent,
496 3289 764 3363 quamvis
793 3289 1034 3347 venenis
1067 3288 1191 3344 suis
1212 3288 1687 3343 contabescerent
1706 3303 1807 3360 po-

156 3378 267 3437 tius
279 3396 464 3452 quam
490 3376 649 3435 illius
672 3379 802 3435 cibo
824 3377 1811 3451 saturarentur,aliitamen,quipo-

152 3472 340 3529 terant
370 3484 602 3545 capere,
634 3484 703 3523 ex
733 3466 968 3524 illorum
999 3466 1304 3525 occasione
1352 3465 1538 3525 multa
1589 3464 1809 3531 utiliter

152 3556 494 3624 audiebant,
526 3560 582 3611 et
603 3574 637 3617 a
657 3556 826 3617 nobis
857 3554 1104 3619 tantillis
1136 3553 1483 3610 bomullulis
1509 3552 1808 3619 sufﬁcien-

297 3644 764 3707 satist'actionem
814 3642 1081 3718 accipiet.
1115 3643 1225 3699 Sed
1253 3647 1308 3698 et
1338 3643 1573 3698 beatum
1604 3644 1807 3715 Augu-

151 3733 375 3794 stinum
410 3733 471 3791 in
504 3732 653 3790 libro
684 3734 755 3794 de
784 3732 943 3795 Bono
991 3731 1431 3805 perseverantia:
1481 3748 1584 3803 pro
1636 3730 1806 3786 nobis

148 3819 492 3893 loquentem
525 3820 777 3894 benigne
825 3819 1126 3893 suscipiat.
1158 3818 1253 3875 Ait
1301 3821 1459 3876 enim
1491 3820 1631 3892 (cap.
1668 3819 1754 3892 16)
1788 3834 1801 3875 :

151 3933 177 3959 ι(
207 3910 339 3969 Alia
368 3914 486 3979 est,
520 3909 813 3983 inquiens,
848 3909 1001 3971 ratio
1032 3926 1236 3980 verum
1287 3907 1535 3976 tacendi,
1570 3907 1684 3964 alia
1712 3925 1805 3963 ve-

148 4015 276 4065 rum
308 3999 548 4059 dicendi
579 3997 921 4061 necessitas.
956 3998 1176 4055 Causas
1209 4015 1407 4054 verum
1441 3996 1667 4067 tacendi
1689 3995 1809 4053 lon-

147 4104 284 4159 gum
316 4093 415 4146 est
444 4105 650 4152 omnes
693 4103 950 4161 quierere
996 4086 1087 4157 vel
1136 4086 1408 4154 inserere,
1436 4103 1686 4159 quarum
1715 4090 1807 4140 ta-

147 4166 279 4244 men
309 4181 408 4245 est
437 4180 497 4233 et
528 4176 647 4235 bzec
680 4193 817 4244 una,
856 4192 928 4231 ne
958 4176 1185 4247 pejores
1237 4174 1522 4230 faciamus
1570 4190 1669 4229 eos
1709 4172 1809 4246 qui

149 4282 259 4327 non
292 4264 659 4341 intelligunt,
696 4264 838 4338 dum
870 4263 1140 4320 volumus
1181 4281 1278 4319 eos
1328 4263 1429 4335 qui
1478 4262 1812 4335 intelligunt

146 4354 339 4429 facere
367 4353 685 4422 doctiores,
721 4353 821 4426 qui
855 4352 1024 4413 nobis
1055 4352 1275 4425 aliquid
1320 4351 1431 4407 tale
1478 4350 1811 4407 tacentibus

148 4443 446 4514 doctiores
479 4442 720 4516 quidem
752 4458 866 4499 non
899 4442 1070 4509 fiunt,
1102 4442 1203 4505 sed
1248 4458 1353 4507 nec
1403 4442 1628 4517 pejores
1655 4440 1811 4497 888

1932 536 2068 593 dem
2096 556 2131 593 a
2158 538 2375 610 quibus
2393 544 2452 595 et
2473 539 2693 611 priores
2724 541 3031 599 solvendas
3062 543 3581 617 accepimus.Qua-

1933 643 2064 681 rum
2097 630 2318 683 textum
2351 627 2762 695 viritim,sicut
2782 634 2839 684 et
2862 631 3580 702 praecedentiumﬁolutio-

1932 715 2107 771 nibus
2142 717 2732 789 pi‘mpouemus,brevi
2766 721 2940 790 prout
2986 720 3310 791 poterinuss
3342 738 3580 794 respou—

1930 804 2137 859 dentes
2189 823 2478 877 sermone,
2506 823 2573 863 ac
2604 806 2653 863 si
2686 806 2745 863 in
2790 808 2977 865 buxea
3025 807 3420 883 designates,
3452 827 3581 881 quin

1929 891 2089 959 hinc,
2117 894 2270 949 unde
2300 911 2367 949 ea
2390 894 2621 967 plenius
2646 895 2880 969 pingere
2902 895 3109 963 valeat,
3127 896 3314 955 solere
3333 897 3582 969 quisque

1928 979 2240 1054 intelligat,
2262 985 2553 1054 quatenus
2573 988 2632 1039 et
2651 982 2901 1042 fratrum
2926 985 3311 1057 petitionibus
3327 986 3580 1045 Charita-

1930 1068 2006 1125 tis
2037 1070 2261 1128 viscera
2299 1088 2414 1127 non
2466 1071 2834 1141 claudamus,
2868 1078 2929 1131 et
2954 1074 3229 1147 sapienti,
3254 1075 3579 1136 secundum

1928 1156 2314 1229 Scripturam,
2348 1159 2734 1229 occasionem,
2769 1178 2904 1220 cum
2938 1162 3050 1221 ista
3078 1162 3310 1235 plenius
3339 1162 3581 1224 arresti-

1928 1261 2076 1318 gans
2124 1246 2449 1321 intelligere
2509 1250 2926 1322 procuraverit,
2960 1250 3381 1322 sapientiorem
3427 1251 3580 1313 el'tici

1928 1335 2313 1406 praebeamus,
2345 1342 2403 1393 et
2434 1337 2682 1407 horulis,
2710 1356 2859 1412 quas
2888 1356 2925 1396 a
2953 1339 3379 1413 multiplicibus
3408 1347 3465 1399 et
3490 1342 3577 1402 di-

1926 1424 2281 1495 versissimis
2298 1427 2785 1499 occupationibus
2811 1429 3025 1486 nostris
3045 1435 3461 1502 extorquemus
3486 1449 3581 1504 por

1927 1512 2048 1568 tius
2079 1530 2256 1585 quam
2289 1519 2654 1585 mutuamus,
2680 1517 3227 1590 quicogitatiouum
3258 1519 3430 1576 fcrim
3462 1538 3578 1596 non

1928 1599 2233 1671 habemus,
2267 1606 2681 1677 quoquomodo
2705 1606 2933 1678 possint
2960 1608 3313 1674 subicere,“
3333 1606 3576 1681 legenti-

1928 1689 2039 1746 bus
2071 1707 2189 1747 non
2208 1691 2704 1766 increscant,quia
2718 1695 2789 1753 de
2811 1696 3243 1768 propositarum
3265 1701 3398 1769 ante
3418 1715 3574 1770 quee-

1928 1779 2187 1835 stionum
2220 1783 2518 1854 responsis
2549 1784 2885 1856 compendii
2912 1801 3058 1858 pene
3087 1786 3330 1861 modum
3350 1788 3575 1844 excedit

1929 1867 2242 1931 voluminis
2274 1871 2885 1943 magnitudo.llarum
2938 1878 3139 1943 autem
3185 1874 3573 1950 quaestinnmp

1924 1956 2235 2012 exordium
2262 1956 2512 2015 habetur
2542 1958 2883 2031 bujusmodi
2917 1977 2933 2016 :

1999 2044 2322 2113 Quaesumus
2349 2047 2693 2105 dilectionem
2721 2058 2974 2117 vestram,
3006 2058 3067 2107 ut
3093 2067 3202 2107 nou
3240 2067 3337 2109 vos
3359 2052 3573 2125 crisat,

1921 2134 1971 2189 si
1998 2133 2070 2189 ad
2100 2134 2427 2207 inquirenda
2455 2138 2614 2193 nobis
2643 2137 2713 2193 ad
2740 2138 3023 2195 sciwulum
3043 2141 3351 2196 necessaria
3379 2141 3578 2211 impor-

1922 2224 2048 2277 tuni
2067 2225 2568 2297 persistimus,quae
2593 2234 2875 2299 postquam
2902 2244 3079 2299 nuper
3109 2229 3258 2284 vobis
3280 2227 3353 2285 ad
3371 2230 3579 2286 solum-

1920 2310 2052 2365 dam
2079 2314 2378 2383 qucetiones
2404 2311 2730 2382 diruimus,
2760 2316 2935 2371 anulla
2962 2320 3349 2388 comperimus,
3368 2317 3434 2374 de
3451 2319 3575 2390 qui—

1922 2399 2020 2455 bus
2048 2402 2410 2473 singumriter
2437 2404 2679 2471 singulis
2706 2406 2862 2460 nobis
2904 2422 2975 2461 ex
3023 2408 3342 2471 auctoritate
3388 2406 3574 2478 Scrip-

1920 2495 2084 2555 tura},
2115 2497 2167 2544 et
2195 2491 2421 2561 regulis,
2453 2507 2519 2546 ac
2553 2490 2803 2547 doctrina
2852 2494 3342 2551 ecclesiasticarum
3395 2494 3571 2551 docto-

1920 2594 2047 2632 rum
2076 2578 2392 2649 responderi
2408 2579 2766 2650 deposcimus.

2544 2705 2869 2772 QUIESTIO
2909 2706 2951 2761 Ι.

1993 2808 2205 2866 Dicunt
2233 2811 2473 2882 quidam
2507 2811 2786 2884 quoniam
2820 2829 2916 2871 rex
2948 2812 3256 2883 Lotharius
3305 2813 3481 2875 habet
3510 2815 3569 2891 in

1921 2916 2029 2954 suo
2062 2915 2237 2971 regno
2270 2899 2594 2973 episCOpos,
2624 2905 2680 2954 et
2721 2899 2967 2968 nobiles,
3002 2918 3069 2957 ac
3118 2901 3319 2963 fideles
3367 2901 3567 2971 laicos,

1921 3004 2170 3059 quorum
2200 2986 2469 3045 consultu
2504 2992 2677 3060 atque
2709 2987 2953 3047 consilio
2981 3006 3220 3046 causam
3249 2989 3494 3055 interea
3513 2995 3573 3055 et

1922 3092 2158 3141 uxorem
2192 3093 2362 3132 suam
2400 3075 2693 3144 diftiuivit,
2724 3082 2781 3139 et
2828 3095 2943 3141 non
2997 3078 3070 3133 ad
3117 3078 3357 3143 ulterius
3407 3078 3570 3153 regni

1923 3163 2246 3236 episcopos,
2280 3163 2367 3220 vel
2417 3165 2489 3227 ad
2540 3165 2689 3227 alios
2736 3183 3120 3241 quoscunque
3166 3167 3302 3234 inde
3350 3167 3573 3245 aliquid

1923 3252 2174 3326 pertinet
2205 3257 2537 3313 retractare.

2577 3388 2681 3428 RES
2687 3388 2797 3429 PON
2802 3388 2906 3429 δια

1987 3466 2227 3523 Talibus
2286 3469 2760 3540 respondendum
2818 3473 2908 3526 est
2938 3487 2951 3526 :
2986 3471 3219 3538 Erratis,
3271 3473 3571 3538 nescientes,

1919 3558 2253 3628 Scripturas,
2311 3573 2484 3629 uegue
2535 3558 2793 3614 virtutem
2848 3561 2953 3616 Dei
3007 3559 3213 3630 (Matth.
3263 3577 3401 3627 xm,
3451 3562 3565 3634 29).

1916 3645 2159 3711 Quando
2186 3662 2321 3717 pars
2339 3645 2593 3701 ﬁliorum
2613 3646 2791 3702 Israel
2809 3647 3242 3707 mdiﬁcaverunt
3263 3648 3563 3705 tumulum

1917 3732 2102 3797 testis,
2111 3750 2246 3805 pars
2256 3733 2439 3789 altera
2447 3734 2569 3790 zelo
2582 3735 2777 3792 divino
2789 3753 3072 3793 succensa
3084 3754 3304 3810 penene
3315 3739 3387 3794 ad
3402 3754 3566 3795 arma

1915 3819 2270 3888 cucurrit,ne
2299 3821 2454 3877 684
2483 3821 2841 3878 divideretur
2870 3823 3124 3896 populus
3152 3823 3567 3892 Domini,sicut

1917 3914 2118 3982 postea
2147 3909 2372 3966 divisus
2393 3915 2481 3967 est
2501 3909 2561 3964 in
2582 3910 2773 3966 vaccis
2793 3912 2864 3966 ab
2887 3911 3201 3969 Jeroboam
3224 3912 3566 3969 idololatria

1916 3998 2137 4070 ﬂagitio
2167 3998 2465 4054 fabricatis
2495 4001 2595 4069 (III
2622 4000 2748 4071 Reg.
2781 4000 2899 4073 xu).
2933 4002 3004 4057 Et
3024 4019 3182 4058 nunc
3200 4001 3300 4058 isti
3332 4000 3565 4069 Domini

1917 4102 2163 4157 regnum
2176 4091 2233 4141 et
2245 4084 2590 4141 catholicam
2612 4086 3087 4158 Ecclesiam,quse
3103 4105 3221 4143 una
3239 4092 3329 4143 est
3339 4087 3564 4144 coturn—

1919 4174 1991 4231 ba
2012 4179 2184 4246 atque
2205 4173 2699 4241 dilecta,volentes
2719 4174 3183 4246 scindere,quasi
3198 4192 3314 4231 non
3334 4179 3564 4230 tantum

1918 4264 2393 4329 suadent,verum
2425 4267 2483 4316 et
2501 4266 2720 4334 cogunt
2739 4262 2931 4318 dicere
2952 4263 3108 4334 quod
3131 4262 3279 4319 olim
3296 4263 3569 4319 dixerunt

1919 4351 2160 4423 quidam
2194 4366 2207 4406 :
2240 4350 2358 4406 Non
2385 4358 2465 4413 est
2490 4352 2596 4406 tibi
2620 4367 2751 4423 pars
2797 4352 2859 4406 iu
2906 4351 3102 4419 Dauid,
3129 4367 3230 4407 nec
3272 4350 3567 4408 han-amas

1921 4442 1982 4496 in
2010 4439 2128 4511 ﬁlio
2157 4441 2288 4506 Isai,
2317 4455 2458 4495 reue:
2471 4447 2581 4495 tere
2610 4441 2671 4495 in
2700 4440 3054 4497 tabernacula
3092 4448 3191 4496 tua
3214 4441 3404 4507 Israel,
3436 4444 3567 4496 ten-

146 4532 317 4597 liun-t.
349 4532 503 4595 Cum
537 4536 732 4595 autem
766 4547 857 4593 res
886 4548 1020 4597 vera
1048 4529 1131 4586 ita
1152 4547 1213 4586 se
1236 4529 1503 4598 babet,ut
1527 4531 1629 4585 ttat
1651 4529 1814 4601 pejor
1845 4553 1893 4618 υ
1924 4533 2117 4586 tantes
2137 4528 2384 4618 tempori
2408 4530 2607 4584 nostro
2629 4526 3113 4600 pestilentissimo
3138 4526 3286 4618 illud
3306 4530 3570 4618 superin-

150 4621 317 4676 nobis
349 4637 486 4677 eam
522 4619 852 4675 dicentibus
886 4618 983 4675 ille
1006 4618 1105 4691 qui
1129 4636 1333 4693 capere
1357 4635 1471 4685 non
1495 4621 1814 4690 potest,no-

150 4709 239 4765 bis
270 4713 480 4766 autem
514 4708 848 4764 tacentibus
878 4707 974 4764 ille
1005 4708 1104 4780 qui
1135 4711 1345 4779 potest,
1365 4707 1504 4780 quid
1536 4711 1814 4779 putamus

148 4814 277 4853 esse
302 4796 650 4853 faciendum
669 4796 698 4852 ‘l
715 4796 918 4852 Nonne
940 4792 1254 4857 dicendum
1275 4799 1363 4850 est
1378 4794 1572 4867 potius
1589 4811 1812 4863 verum,

150 4891 212 4953 ut
240 4884 350 4958 qui
380 4889 580 4958 potest
608 4901 816 4958 capere
846 4884 1241 4959 capiat,un
1275 4884 1677 4951 tacendum,ut
1700 4900 1813 4941 non

381 4974 443 5039 id
476 4975 655 5041 ambo
684 4991 803 5043 non
835 4973 1093 5047 capiant,
1124 4990 1323 5042 verum
1355 4971 1530 5037 etiam
1578 4972 1682 5047 qui
1726 4977 1816 5029 est

144 5062 605 5136 intelligentiar,
637 5062 763 5135 ipse
792 5063 863 5129 tit
892 5061 1097 5135 pejor?
1127 5062 1227 5135 qui
1250 5061 1300 5117 si
1323 5060 1549 5117 audiret
1569 5066 1626 5116 et
1645 5078 1812 5137 cape-

146 5156 253 5220 M,
290 5169 405 5224 per
436 5149 607 5219 illum
656 5149 835 5223 etiam
886 5150 1088 5224 plures
1135 5148 1425 5221 discerent
1458 5165 1470 5204 :
1499 5166 1615 5222 quo
1660 5149 1817 5206 enim

146 5245 237 5305 eiii:
280 5236 569 5312 capacior
616 5241 683 5301 ut
731 5238 940 5313 discat,
973 5255 1043 5305 eo
1089 5238 1278 5313 magis
1324 5241 1414 5294 est
1460 5237 1705 5307 idoneus
1756 5242 1820 5295 ut

148 5327 298 5387 alios
333 5330 571 5396 doceat.
603 5349 637 5385 η

531 5462 1063 5542 QUESTIONES
1107 5462 1449 5529 SEPTEM.

1924 4617 2397 4694 ducere,quando
2420 4633 2611 4689 neque
2630 4633 2749 4683 rex,
2773 4633 2963 4689 neque
2993 4617 3111 4673 dux
3141 4617 3200 4675 in
3232 4617 3447 4691 populo
3468 4618 3571 4679 illo

1922 4710 2065 4773 erat,
2093 4706 2199 4761 sed
2229 4705 2635 4778 unusquisque
2666 4705 2916 4763 iaciebat
2935 4707 3092 4779 quod
3113 4706 3227 4763 sibi
3245 4712 3473 4774 rectum
3495 4709 3574 4764 vi.

1923 4796 2187 4852 debetur.
2221 4795 2292 4849 Et
2319 4793 2547 4857 utinam
2578 4811 2694 4851 non
2725 4795 2885 4867 quod.
2909 4800 3153 4866 rectum,
3178 4800 3238 4857 et
3266 4814 3382 4853 non
3413 4798 3571 4869 quod

1923 4884 2266 4957 voluptuose
2296 4883 2577 4957 placitum
2606 4882 2890 4952 videatur,
2911 4889 2969 4940 et
2996 4889 3219 4941 tortum
3246 4902 3316 4942 ac
3346 4885 3571 4955 malum

1924 4974 2019 5041 sit,
2053 4973 2247 5029 sciens
2277 4977 2335 5028 et
2366 4973 2624 5045 prudens
2654 4959 2999 5037 iaciathon
3020 4978 3110 5030 est
3129 4974 3214 5030 ita
3233 4979 3299 5030 ut
3327 4974 3423 5031 isti
3446 4990 3570 5029 ma-

1922 5060 2117 5118 litiose
2141 5064 2521 5133 componunt.
2558 5061 2705 5119 Unus
2742 5062 3025 5129 Dominus,
3057 5078 3173 5118 una
3217 5062 3368 5133 fides,
3401 5076 3575 5131 unum

1928 5152 2215 5222 baptisma,
2248 5166 2393 5205 unus
2420 5150 2560 5204 Deus
2588 5158 2640 5206 et
2671 5155 2835 5206 Pater
2860 5152 3127 5218 cautium,
3147 5152 3244 5223 qui
3269 5164 3431 5221 super
3459 5164 3576 5203 omn

1926 5256 2039 5309 nes,
2072 5247 2123 5296 et
2140 5255 2240 5310 per
2266 5241 2474 5305 omnia,
2504 5246 2555 5294 et
2584 5240 2643 5293 in
2674 5239 2925 5299 omnibus
2951 5239 3109 5294 nobis
3139 5237 3353 5308 (Ephes.
3386 5253 3465 5305 ιν,
3495 5236 3572 5309 5).

1929 5328 2121 5385 Unum
2154 5343 2424 5400 regnum,
2457 5342 2576 5381 una
2603 5326 2817 5382 Christi
2847 5325 3139 5392 columba,
3160 5323 3427 5381 videlicet
3446 5341 3578 5381 san-

1927 5422 2022 5475 cta
2042 5414 2319 5483 Ecclesia,
2352 5414 2530 5471 unius
2555 5413 3014 5471 Christianitatis
3041 5412 3186 5485 lege,
3213 5413 3379 5487 regni
3399 5414 3577 5472 unius

1926 5511 1987 5565 et
2014 5506 2191 5562 unius
2218 5503 2510 5572 Ecclesiae,
2534 5519 2874 5577 quanquam
2896 5520 3000 5577 per
3018 5500 3218 5577 plures
3239 5503 3405 5577 regni
3422 5502 3581 5576 prim

213 5593 513 5669 Denique
531 5595 760 5666 septem
788 5592 1141 5669 questiones
1162 5597 1669 5669 sequuntur,quas
1688 5600 1822 5672 post
1932 5596 2092 5673 cipes
2107 5597 2165 5654 et
2177 5593 2559 5653 ecclesiarum
2578 5591 2863 5668 prasules
2876 5591 3271 5669 gubernacula
3283 5592 3583 5654 maderen-

492 5723 759 5790 PA'raon.
804 5720 1028 5787 CXXV.

3183 5723 3261 5786 24
