3896 6182
259 285 376 344 749

1178 281 1282 344 DE
1324 283 1700 346 DIVORTIO
1742 281 2114 344 LOTHARII
2157 282 2258 344 ET
2299 284 2754 346 TETBERG/E.

3482 289 3665 364 ,750

255 413 398 489 psit.
428 414 555 482 Nos,
586 413 882 486 inquiens,
911 422 963 470 et
991 413 1132 486 quod
1160 422 1348 470 contra
1375 417 1464 486 fas
1488 423 1586 482 est,
1620 415 1786 470 etiam
1822 431 1912 469 sa-
1946 415 1997 482 Α
2031 418 2093 469 ut
2123 432 2301 486 supra
2348 414 2626 481 diximus,
2660 417 3022 473 demonstrat
3061 418 3281 487 dicens,
3317 423 3664 493 Congrcgutis

250 503 494 560 cerdotcs
541 503 790 559 volumus
836 519 952 559 esse
987 512 1271 560 correctos.
1309 502 1592 576 ltelegant
1640 502 1740 574 qui
1793 503 1913 557 haec

251 591 463 648 dicunt
488 595 669 649 Actus
698 591 1189 664 apostolorum,et
1216 591 1472 657 videant,
1505 591 1645 664 quia
1663 592 1734 646 de
1765 608 1914 663 quae-

250 681 444 738 stione
475 679 942 737 circumcisionis
973 685 1030 736 et
1060 679 1463 736 observatione
1485 677 1910 752 legis,quidam

247 769 678 826 descendentes
712 769 785 824 ab
813 767 1140 825 Jerusalem
1170 768 1228 824 in
1254 767 1620 823 Antiochiam
1652 785 1910 824 commo-

254 863 472 914 verunt
499 857 848 914 seditionem
881 859 1162 914 adversus
1195 855 1436 912 Paulum
1471 861 1528 912 et
1560 857 1908 925 Barnabdm,

245 947 394 1002 adeo
428 952 496 1003 ut
525 944 839 1002 statuerint
870 962 974 1018 pro
1004 945 1126 1002 haec
1153 945 1496 1018 qumstione,
1533 944 1733 1000 missis
1772 961 1907 1000 cum

243 1035 474 1092 eisdem
497 1035 673 1092 etiam
696 1033 1172 1102 aliis,ascendere
1199 1032 1660 1106 Hierosolymam
1683 1033 1754 1088 ad
1777 1049 1908 1104 apo-

245 1123 433 1180 stolos
455 1129 514 1180 et
523 1123 917 1197 presbyteros,
933 1123 1004 1178 de
1024 1139 1142 1195 qua
1164 1121 1368 1178 itidem
1393 1121 1636 1194 quaestio
1662 1125 1793 1194 post
1813 1122 1911 1178 ad-

243 1217 492 1268 ventum
523 1229 726 1268 eorum
759 1216 920 1268 mota
945 1215 1034 1267 est
1065 1228 1098 1266 a
1128 1209 1483 1283 quibusdam
1512 1227 1582 1265 ex
1602 1209 1909 1266 Pharisaais

243 1302 303 1356 in
326 1300 665 1358 Jerusalem
700 1318 713 1358 :
747 1305 805 1357 et
828 1299 1381 1373 perpendant,quod
1411 1297 1583 1354 aliter
1609 1315 1678 1353 ex
1707 1315 1776 1353 ea
1805 1297 1910 1354 dif-

244 1389 487 1446 ﬁnitum
519 1407 554 1446 a
584 1389 771 1457 Petro,
803 1394 861 1445 et
902 1387 980 1444 sit
1021 1388 1352 1460 judicatum
1397 1405 1432 1442 a
1457 1386 1694 1455 Jacobo,
1727 1404 1906 1460 quam

242 1478 325 1534 illi
350 1478 720 1550 judicarent,
751 1482 808 1533 et
837 1476 1180 1545 difﬁnirent,
1215 1480 1271 1532 et
1324 1493 1494 1531 nemo
1545 1475 1624 1530 sit
1669 1475 1905 1532 illorum

239 1567 569 1622 damnatus
613 1565 747 1639 (Aet.
799 1569 915 1635 xv).
947 1565 1195 1621 Videant
1253 1581 1486 1637 quoque
1545 1565 1604 1620 in
1648 1563 1908 1637 Epistola

241 1655 410 1712 Pauli
445 1655 522 1712 ad
543 1654 800 1723 Galatas,
817 1655 1052 1711 Petrum
1089 1655 1160 1709 de
1190 1653 1568 1710 simulatione
1596 1653 1670 1710 ab
1701 1653 1905 1710 eodem

238 1743 426 1800 Paulo
447 1743 892 1816 reprehensum,
913 1747 1268 1814 correptum,
1295 1727 1470 1814 atque
1492 1746 1754 1798 correcta
1765 1746 1906 1809 m,et

237 1850 355 1888 non
389 1833 744 1888 damnatum
775 1849 789 1887 :
822 1835 880 1888 et
909 1831 1175 1887 eamdem
1211 1829 1638 1902 correptionem
1663 1848 1696 1886 a
1717 1830 1906 1903 primo

236 1919 648 1994 apostolorum
671 1920 814 1975 adeo
837 1923 1220 1992 acceptatam,
1237 1925 1303 1974 ut
1323 1919 1561 1974 easdem
1590 1919 1746 1976 Pauli
1770 1919 1903 1991 Epi-

235 2009 452 2074 stolas,
483 2009 543 2066 in
575 2010 792 2083 quibus
823 2025 884 2064 se
934 2008 1352 2080 reprehcmum
1402 2006 1639 2081 legerat,
1676 2007 1906 2080 magnis

236 2099 524 2156 laudibus
554 2097 866 2154 honoraret
897 2098 1038 2170 (Gal.
1070 2115 1142 2165 ης
1174 2099 1225 2153 II
1251 2099 1398 2153 Pctr.
1434 2104 1542 2166 ιιι).
1574 2097 1642 2153 Et
1669 2113 1740 2153 ne
1770 2096 1906 2170 quis

237 2189 424 2253 dicat,
457 2191 524 2243 ut
574 2187 900 2244 secundum
953 2186 1317 2258 Scripturam
1369 2185 1561 2242 minor
1607 2203 1641 2242 a
1685 2186 1905 2257 majore

236 2277 616 2334 benedieitur
637 2276 819 2349 (Hebr.
849 2293 952 2343 vn,
978 2274 1057 2348 7),
1088 2275 1168 2330 ita
1213 2293 1331 2331 non
1377 2275 1565 2347 major
1615 2293 1650 2330 a
1679 2274 1904 2330 minore

228 2365 630 2437 judicabitur,
662 2363 861 2437 legant
915 2363 1078 2421 Pauli
1127 2363 1418 2438 Epistolas
1445 2363 1517 2420 ad
1549 2362 1900 2431 Corinthios,

233 2461 290 2510 et
318 2454 632 2510 invenient
661 2453 1170 2527 archiepiscopum
1193 2457 1251 2510 et
1279 2453 1578 2510 doctorem
1601 2451 1901 2526 egregium

231 2543 620 2617 redarguisse
649 2542 1248 2614 iuobedientes,atque
1269 2542 1608 2611 correxisse,
1626 2559 1741 2596 non
1763 2558 1900 2597 con-

230 2633 563 2689 demnasse
589 2630 917 2705 episcopos,
947 2630 1088 2704 quia
1117 2629 1524 2686 t'ornicatorem
1567 2629 1694 2686 sine
1723 2630 1902 2703 digna

228 2720 571 2778 invectione
619 2720 1025 2793 permitterent
1071 2718 1224 2775 inter
1267 2735 1328 2774 se
1375 2719 1605 2792 degere.
1639 2719 1707 2774 Et
1753 2737 1897 2790 quo-

227 2809 404 2866 niam
439 2825 544 2882 pro
575 2807 916 2880 bujusmodi
945 2823 1186 2864 excessu
1216 2806 1522 2880 episcopos
1569 2806 1897 2879 increpave-

227 2897 328 2966 rit,
377 2897 677 2954 evidenter
723 2896 848 2970 ipse
897 2896 1261 2952 demonstrat
1309 2894 1552 2951 dicens:
1585 2896 1649 2950 In
1675 2896 1899 2950 nomine

226 2985 470 3042 Domini
540 2985 714 3041 nostri
765 2985 890 3044 Jesu
965 2983 1189 3049 Christi,
1239 2983 1574 3054 congregatis
1636 2983 1786 3038 vobis
1845 2991 1899 3038 et

226 3091 351 3132 meo
389 3074 595 3146 spiritu
622 3075 672 3144 (I
701 3073 822 3129 Cor.
855 3090 911 3140 ν,
939 3073 1016 3142 4).
1063 3073 1132 3128 Et
1177 3071 1238 3126 in
1283 3072 1542 3128 secunda
1588 3069 1891 3143 Epistola:

2027 505 2180 558 vobis
2323 521 2439 560 meo
2476 505 2680 576 spiritu
2711 505 2758 572 (ι
2788 506 2908 560 Cor.
2942 522 2996 571 ν,
3032 507 3104 574 4).
3149 507 3218 562 Et
3263 509 3662 580 apostolorum

2023 593 2314 667 princeps,
2347 593 2534 648 multa
2561 593 2847 648 donorum
2881 593 3065 666 gratia
3105 595 3378 666 repletus,
3413 598 3667 654 maxima

2022 681 2442 738 miraculorum
2475 685 2761 754 potestate
2783 680 3080 749 suffultus,
3097 683 3330 755 quando
3351 701 3452 756 per
3470 688 3668 743 admo-

2021 769 2302 826 nitionem
2317 770 2568 843 Spiritus
2589 769 2658 824 ad
2673 767 3005 824 Cornelium
3028 769 3302 842 gentilcm
3325 771 3435 826 fuit
3451 772 3668 846 ingres-

2020 872 2142 926 sus,
2178 864 2381 914 contra
2409 875 2544 914 eum
2594 876 2628 913 a
2675 855 2947 914 ﬁdelibus
2993 858 3312 930 quaestione
3361 859 3529 925 facta,
3562 879 3668 918 cur

2018 947 2090 1002 ad
2127 946 2376 1020 gentiles
2408 948 2706 1013 intrasset,
2738 951 2796 1002 et
2841 945 3194 1002 comedisset
3239 964 3371 1002 cum
3421 947 3526 1016 eis,
3560 966 3666 1005 cur

2017 1051 2117 1091 eos
2147 1035 2203 1090 in
2228 1035 2580 1108 baptismate
2612 1033 2944 1107 recepisset,
2979 1051 3092 1090 non
3124 1053 3192 1090 ex
3235 1039 3537 1108 potestate,
3561 1038 3663 1094 sed

2016 1141 2085 1178 ex
2115 1125 2339 1180 ratione
2369 1121 2614 1197 querela
2647 1122 2967 1196 respondit,
2998 1140 3238 1179 causam
3269 1141 3372 1197 per
3397 1125 3663 1182 ordinem

2016 1211 2524 1292 exposuit,humili
2558 1228 2656 1267 eos
2676 1210 2897 1267 ratione
2927 1210 3383 1284 placavit,atque
3405 1212 3462 1268 in
3486 1229 3664 1271 causa

2017 1299 2484 1373 reprehensionis
2515 1317 2633 1354 suae
2663 1299 2839 1355 etiam
2868 1303 3046 1356 testes
3089 1299 3378 1369 adhibuit,
3412 1301 3612 1358 dicens
3647 1319 3660 1357 :

2018 1389 2288 1446 Venerunt
2341 1397 2523 1444 autem
2569 1405 2778 1443 mecura
2819 1396 2871 1444 ct
2913 1405 3010 1444 sea:
3051 1390 3251 1461 fratres
3299 1391 3395 1446 isti
3440 1391 3572 1463 (Act.
3606 1408 3663 1459 x,

2013 1486 2066 1534 et
2093 1481 2194 1546 x1).
2251 1477 2311 1533 Si
2368 1477 2548 1550 igitur
2603 1482 2802 1549 pastor
2847 1475 3134 1542 Ecclesiae,
3165 1482 3220 1532 et
3266 1478 3664 1550 apostolorum

2015 1566 2306 1639 princeps,
2340 1565 2511 1638 signa
2567 1569 2624 1620 et
2671 1563 2956 1621 miracula
3005 1564 3382 1639 singulariter
3425 1565 3663 1633 faciens,

2017 1673 2131 1712 non
2159 1655 2510 1728 dedignatus
2563 1659 2650 1710 est
2702 1654 2760 1709 in
2805 1671 2983 1710 causa
3031 1654 3498 1728 reprehensionis
3543 1673 3663 1712 suae

2017 1744 2301 1799 rationem
2369 1741 2671 1798 humiliter
2719 1741 2978 1809 reddere,
3031 1745 3250 1814 quanto
3309 1741 3497 1816 magis
3555 1757 3664 1797 nos

2015 1836 2518 1904 peecatores,cum
2551 1831 2620 1886 de
2651 1829 2850 1902 aliqua
2868 1847 2928 1885 re
2952 1829 3454 1902 reprehendimur,
3470 1846 3661 1903 repre-

2015 1921 2293 1976 hensores
2322 1925 2554 1975 nostros
2588 1919 2808 1975 ratione
2840 1917 3048 1972 humili
3082 1917 3312 1992 placare
3356 1919 3658 1989 debemus,

2013 2009 2242 2065 etiamsi
2277 2009 2517 2080 majoris
2557 2007 2920 2064 ancteritatis
2953 2007 3010 2062 in
3062 1999 3259 2080 aliquo
3288 2006 3664 2086 judicemur‘?

2013 2099 2083 2154 Et
2113 2098 2234 2154 haec
2265 2097 2535 2168 dicimus,
2569 2113 2685 2152 non
2712 2113 2828 2168 quo
2859 2097 3068 2152 fratres
3118 2101 3176 2152 et
3220 2097 3662 2152 consacerdotes

2015 2192 2245 2242 nostros
2275 2185 2333 2241 in
2367 2185 2564 2258 aliquo
2595 2185 2920 2240 secundum
2955 2183 3186 2257 regulas
3238 2183 3664 2240 ecclesiasticas

2009 2275 2346 2348 judicantes
2378 2273 3011 2348 reprehendamus,sed
3041 2278 3103 2329 ut
3131 2291 3258 2346 qua:
3289 2273 3514 2346 agenda
3557 2289 3666 2328 no-

2013 2365 2104 2421 bis
2127 2365 2400 2438 sunt,qui
2425 2364 2647 2436 aliquid
2683 2379 2810 2419 esse
2849 2363 3262 2434 dicimur,cum
3287 2361 3433 2418 nihil
3453 2361 3665 2430 simus,

2012 2459 2078 2511 ut
2106 2453 2247 2510 dicit
2276 2452 2590 2527 Apostolus
2620 2452 2764 2522 (Gut.
2795 2451 2896 2524 vn),
2929 2470 3046 2508 non
3076 2451 3468 2524 nosmetipsos
3491 2450 3666 2507 sedu-

2010 2561 2236 2611 camus,
2254 2542 2624 2599 manifestius
2653 2543 3128 2608 demonstremus
3164 2557 3178 2596 :
3212 2544 3270 2597 et
3289 2539 3338 2596 si
3372 2541 3430 2596 in
3462 2556 3663 2608 causa,

2009 2633 2082 2688 de
2114 2649 2230 2704 qua
2251 2629 2596 2702 disceptatio
2621 2629 2904 2692 nascitur,
2937 2629 3222 2702 quiddam
3253 2629 3658 2686 emendatione

2009 2721 2254 2794 dignum
2286 2719 2591 2788 exstiterit,
2623 2719 2782 2773 salva
2812 2718 3096 2774 charitate
3126 2723 3388 2774 mutetur
3439 2719 3499 2774 in
3541 2736 3656 2775 me-

2007 2810 2145 2879 lius,
2178 2810 2334 2864 sicut
2361 2809 2432 2863 de
2463 2825 2575 2862 non
2597 2807 3088 2862 circumcidendis
3115 2805 3412 2879 gentibus,
3443 2811 3501 2862 et
3537 2824 3650 2863 non

2005 2899 2078 2954 de
2098 2900 2244 2972 jugo
2273 2895 2418 2969 legis
2447 2895 2532 2950 eis
2555 2894 2868 2966 gravandis
2891 2894 3076 2949 sensit
3097 2893 3331 2960 Paulus,
3353 2894 3654 2950 consensit

2006 2987 2231 3050 Petrus,
2265 2983 2622 3056 adjudicavit
2648 2982 2902 3038 Jacobus
2935 2982 3068 3052 (Act.
3093 2985 3208 3049 xv).
3238 2978 3310 3038 Et
3348 2982 3504 3038 sicut
3551 2999 3651 3038 sa-

2007 3092 2171 3133 crum
2204 3075 2500 3130 Nioaenum
2535 3071 2786 3128 decrevit
2805 3070 3118 3126 concilium
3141 3074 3282 3140 (can.
3315 3071 3392 3141 v(,
3414 3075 3478 3125 ut
3497 3087 3652 3127 com-

233 3145 486 3236 Propter
513 3161 652 3234 quod
707 3163 923 3220 obsecro
978 3177 1090 3227 vos,
1121 3169 1182 3216 ut
1238 3161 1567 3232 conﬁrmetis
1624 3161 1684 3216 in
1741 3160 1903 3216 illum
1931 3145 1975 3211 C
2009 3164 2268 3220 muniter
2295 3161 2570 3217 omnibus
2600 3159 2778 3216 simul
2809 3158 3100 3232 episcopis
3128 3159 3496 3232 congregatis
3525 3177 3652 3232 pro-

230 3251 728 3309 charitatedeeo
757 3252 907 3307 enim
935 3251 1054 3308 tunc
1080 3250 1281 3321 scripsi
1311 3250 1480 3315 vobis,
1492 3257 1552 3305 ut
1587 3265 1900 3320 cognoscam

229 3342 390 3398 081
429 3341 864 3412 experimentum
894 3339 1077 3406 vestri,
1109 3355 1184 3394 an
1215 3341 1277 3393 in
1305 3339 1558 3393 omnibus
1599 3338 1898 3393 obedimtes

225 3432 384 3488 sitis.
421 3428 530 3485 Cui
557 3427 770 3501 aliquid
797 3427 1036 3496 donatis,
1069 3435 1122 3483 et
1165 3442 1248 3482 eo.
1303 3426 1439 3480 Nam
1465 3442 1582 3496 ego,
1615 3425 1755 3498 quod
1801 3425 1898 3481 do-

226 3521 394 3588 navi,
426 3519 482 3574 si
510 3518 641 3591 quid
669 3516 891 3586 donavi,
913 3525 1138 3590 propter
1170 3532 1262 3572 vos
1312 3517 1373 3571 in
1406 3532 1640 3587 persona
1693 3515 1900 3570 Christi

227 3607 304 3679 (II
335 3607 470 3662 Cor.
507 3621 568 3672 ιι,
601 3605 656 3676 8,
685 3603 740 3674 9,
777 3605 886 3677 10).
936 3605 1158 3660 Donavi
1211 3601 1369 3658 enim
1427 3601 1590 3668 dixit,
1637 3596 1895 3670 indulsi;

227 3695 399 3768 quod
430 3710 552 3750 non
583 3691 834 3750 aliorum
862 3697 951 3749 est
983 3709 996 3749 :
1022 3692 1095 3748 de
1123 3690 1360 3765 publico
1401 3690 1632 3762 publice
1672 3690 1897 3762 abjecto

225 3783 512 3854 crimine,
540 3799 719 3856 quam
749 3782 1178 3855 episcoporum,
1203 3781 1377 3837 sicuti
1411 3786 1626 3837 norunt
1673 3781 1772 3854 qui
1807 3797 1896 3836 re-

225 3871 412 3947 gulas
455 3871 885 3929 ecclesiasticas
917 3888 1030 3927 non
1063 3870 1353 3944 ignorant.
1387 3869 1548 3925 Unde
1577 3875 1634 3925 et
1669 3869 1728 3924 in
1760 3869 1896 3925 Car-

223 3960 580 4035 thagineusi
611 3958 858 4017 concilio
889 3959 1168 4015 scribitur
1197 3962 1341 4031 (can.
1381 3959 1464 4027 15)
1501 3974 1512 4014 :
1553 3959 1666 4014 [loc
1695 3957 1896 4028 etiam,

223 4049 460 4122 inquit,
491 4045 732 4120 placuit,
759 4053 824 4104 ut
853 4065 888 4104 a
917 4047 1370 4120 quibuscunque
1391 4045 1694 4118 judicibus
1715 4045 1896 4103 eccle-

224 4137 504 4195 siasticis
562 4137 636 4193 ad
675 4136 909 4208 judices
955 4135 1404 4205 ecclesiasticos,
1437 4135 1538 4191 ubi
1584 4139 1675 4192 est
1711 4137 1900 4208 major

225 4225 587 4293 auctoritas,
603 4226 777 4283 fuerit
799 4231 1198 4299 provocatum,
1215 4243 1330 4280 non
1351 4225 1436 4280 eis
1453 4223 1626 4293 obsit,
1647 4241 1898 4298 quorum

226 4313 422 4371 fuerit
451 4313 648 4371 soluta
677 4315 992 4384 sententia,
1023 4313 1072 4369 si
1104 4313 1350 4370 convicti
1401 4331 1516 4368 non
1569 4313 1784 4368 fuerint
1811 4311 1898 4369 vel

225 4402 487 4460 inimico
518 4401 716 4458 animo
738 4401 1066 4476 judicasse,
1093 4401 1182 4458 vel
1207 4400 1412 4474 aliqua
1439 4401 1756 4474 cupiditate
1799 4403 1902 4456 aut

2005 3252 2206 3308 vincite
2236 3250 2631 3307 discutiantur
2660 3247 3007 3319 hujusmodi‘
3031 3247 3404 3320 quaestiones,
3423 3253 3481 3304 et
3501 3249 3652 3306 facta

2007 3339 2392 3406 discussione,
2427 3343 2526 3394 aut
2556 3336 2638 3392 ita
2671 3341 2734 3392 ut
2762 3341 2891 3392 acta
2937 3341 3078 3392 sunt
3127 3339 3424 3404 maneant,
3454 3341 3556 3392 aut
3589 3336 3651 3392 in

2007 3429 2218 3487 melius
2251 3433 2514 3486 mutetur
2544 3426 2831 3484 sententia
2861 3426 3004 3498 (can.
3037 3426 3114 3498 6).
3147 3427 3216 3481 Et
3257 3425 3307 3482 si
3352 3425 3653 3482 communi

2007 3523 2353 3576 cunctorum
2385 3518 2615 3574 decreto
2644 3514 3004 3582 rationabili,
3035 3520 3093 3571 et
3116 3514 3441 3592 secundum
3482 3532 3652 3589 regu-

2006 3607 2125 3664 lam
2155 3608 2308 3665 888
2329 3605 2781 3662 ecclesiasticam
2815 3604 3342 3677 comprobato,duo
3381 3607 3482 3660 aut
3509 3608 3650 3673 tres,

2007 3715 2120 3753 non
2143 3701 2379 3770 propter
2409 3695 2540 3751 fidei
2571 3694 2896 3760 veritatem,
2918 3692 3005 3748 vel
3051 3693 3415 3749 auctoritatis
3463 3693 3652 3748 since-

2007 3786 2263 3851 ritatem,
2291 3785 2394 3840 sed
2425 3789 2662 3856 propter
2689 3781 3088 3838 contentiones
3118 3781 3385 3854 proprias
3415 3787 3651 3838 contra-

2007 3873 2231 3942 dicunt,
2270 3873 2532 3930 obtineat
2577 3871 2868 3928 sententia
2923 3869 3314 3944 plurimorum
3367 3875 3515 3940 (can.
3571 3869 3650 3944 9).

2007 3963 2068 4020 Si
2117 3967 2313 4018 autem
2339 3979 2410 4018 ex
2439 3960 2755 4034 superfluo,
2789 3964 2854 4016 ut
2886 3959 3036 4016 solet
3081 3959 3366 4027 accidere,
3399 3960 3654 4016 fraterna

2006 4050 2279 4107 difﬁnitio
2305 4050 2674 4105 retractanda
2719 4049 2845 4104 visa
2883 4047 3241 4120 quibusdam
3281 4049 3473 4116 fuerit,
3499 4048 3653 4105 sicut

2007 4139 2078 4194 de
2098 4137 2487 4210 suscipiendis
2502 4137 2776 4210 gentibus
2797 4153 2978 4208 supra
2998 4135 3463 4203 meminimus,et
3481 4136 3654 4207 plena

2009 4227 2122 4284 [ide
2151 4213 2325 4298 atque
2355 4225 2696 4281 auctoritate
2729 4225 2878 4280 ratio
2908 4223 3137 4280 reddita
3164 4223 3358 4291 fuerit,
3400 4227 3650 4280 Actuum

2008 4313 2404 4387 apostolorum
2438 4311 2728 4368 sententia
2755 4311 2814 4367 in
2850 4311 3108 4368 medium
3137 4311 3350 4378 veniat,
3381 4327 3499 4384 qua
3519 4328 3652 4384 pro-

2010 4406 2289 4475 sequente
2315 4403 2477 4458 Petro
2496 4401 2566 4456 de
2589 4399 2866 4473 gentibus
2901 4399 3119 4455 dicitur
3141 4415 3155 4456 :
3179 4398 3242 4454 Si
3263 4414 3392 4468 ergo
3411 4399 3654 4456 eamdem

225 4491 437 4566 gratia
465 4489 786 4562 depravati.
817 4490 897 4578 De
926 4489 1034 4546 hoc
1063 4495 1282 4558 autem,
1315 4489 1454 4563 quia
1493 4507 1608 4546 non
1657 4487 1779 4578 alii?
1803 4507 1900 4544 ar-
1933 4513 1979 4578 Β
2007 4492 2248 4560 gratiam
2283 4489 2430 4546 dedit
2459 4489 2574 4544 illis
2617 4489 2779 4556 Deus,
2809 4489 2952 4544 sicut
2977 4495 3028 4543 et
3062 4487 3241 4559 nobis,
3271 4489 3370 4559 qui
3419 4488 3656 4545 credidi-

223 4578 602 4652 chiepiscopi
635 4577 877 4651 majoris
909 4578 1274 4635 auctoritatis
1305 4583 1446 4634 sunt
1479 4594 1656 4650 quam
1691 4577 1808 4650 isti,
1841 4581 1904 4632 ut

227 4673 379 4724 ante
411 4683 515 4724 eos
547 4665 669 4723 haec
699 4683 880 4724 causa
905 4667 1120 4723 iterum
1149 4667 1221 4722 ad
1243 4667 1536 4739 judicium
1566 4665 1778 4737 veniat,
1803 4683 1902 4722 su-

225 4773 348 4830 pra
378 4755 776 4830 ostendimus,
807 4755 947 4830 quia
971 4756 1113 4830 quod
1158 4757 1521 4828 singularitas
1568 4771 1680 4812 non
1723 4756 1901 4823 habet,

226 4845 548 4918 pluralitas
603 4846 828 4903 obtinet.
887 4845 1050 4912 Quod
1107 4849 1166 4902 et
1214 4843 1533 4900 auctoritas
1590 4843 1904 4917 Scriptura:

234 4934 624 4990 demonstrat
643 4932 846 4990 dicens
879 4949 894 4988 :
926 4933 991 4990 Si
1017 4932 1124 4990 duo
1153 4950 1222 4988 ea:
1250 4933 1402 4988 vobis
1431 4934 1800 4989 consenserint
1841 4932 1906 4988 de

242 5024 415 5080 omni
443 5038 506 5078 re
531 5038 696 5094 super
724 5030 948 5089 terram,
977 5023 1070 5094 ﬁet
1097 5022 1243 5090 illis;
1274 5025 1332 5076 et
1363 5037 1378 5075 :
1413 5020 1514 5077 Ubi
1540 5020 1644 5076 duo
1672 5021 1756 5076 vel
1800 5029 1908 5076 tres

231 5111 581 5180 congregati
624 5111 840 5183 fuerint
882 5112 944 5168 in
991 5112 1215 5168 nomine
1238 5126 1376 5176 meo,
1405 5111 1464 5165 in
1509 5109 1688 5166 medio
1723 5126 1911 5165 eorum

227 5213 370 5254 sum
397 5196 610 5268 (Matth.
641 5215 815 5268 xvm,
855 5198 942 5272 19,
963 5201 1076 5268 20).
1099 5199 1170 5255 Et
1217 5198 1454 5270 quando
1481 5196 1750 5271 apostoli,
1775 5214 1910 5254 cum

231 5285 477 5344 ceteris
506 5284 784 5344 ﬁdelibus
829 5289 888 5344 et
918 5286 1102 5344 Maria
1130 5291 1314 5342 matre
1361 5286 1502 5344 Jesu
1552 5287 1908 5360 congregati,

231 5370 436 5432 simul
463 5379 798 5446 oraverunt,
825 5382 1020 5432 motus
1051 5379 1141 5433 est
1169 5375 1352 5444 locus,
1383 5379 1440 5432 et
1467 5391 1645 5448 super
1673 5379 1910 5432 centum

229 5461 465 5538 viginti
492 5461 554 5519 in
583 5461 676 5519 die
709 5463 1076 5524 Pentecostes
1101 5469 1483 5538 congregatos
1506 5463 1762 5537 Spiritus
1782 5481 1914 5521 san-

231 5557 386 5615 ctus
413 5550 478 5612 in
504 5549 695 5630 igneis
725 5551 945 5631 linguis
977 5553 1250 5632 apparuit
1280 5553 1417 5629 (Act.
1447 5552 1534 5628 ιι).
1571 5553 1641 5614 Et
1672 5553 1909 5623 Paulus,

2012 4597 2136 4636 mus
2185 4582 2247 4636 iu
2276 4580 2572 4636 Dominum
2599 4581 2795 4634 Jesum
2844 4577 3147 4646 Christum,
3196 4592 3291 4650 ego
3337 4579 3460 4650 quis
3482 4595 3654 4645 eram,

2011 4671 2110 4742 qui
2134 4684 2344 4740 possem
2367 4667 2655 4738 prohibere
2684 4666 2894 4722 Deum?
2917 4667 3012 4722 His
3038 4665 3264 4734 auditis,
3277 4674 3584 4736 tacuerunt,
3607 4675 3659 4724 et

2011 4758 2454 4828 gloriﬁcaverunt
2471 4756 2641 4812 Deum
2659 4754 2892 4811 dicentes
2912 4773 2932 4810 :
2951 4755 3092 4824 Ergo
3119 4763 3172 4812 et
3199 4755 3450 4828 gentibus
3472 4760 3660 4830 paeni-

2013 4847 2239 4904 tentiam
2284 4844 2429 4900 dedit
2478 4844 2618 4899 Deus
2671 4843 2740 4900 ad
2794 4845 2964 4900 vitam
3011 4845 3146 4915 (Act.
3203 4860 3283 4915 x1,
3336 4847 3564 4918 17,18).
3598 4847 3659 4903 Si

2014 4935 2190 4991 etiam
2223 4932 2422 4988 minus
2471 4930 2801 4988 necessaria
2847 4933 2992 4988 forte
3038 4933 3344 4990 emerserit
3391 4935 3656 5006 quaestio,

2015 5021 2256 5080 fraterni
2287 5025 2483 5077 motus
2513 5019 2694 5076 animi
2726 5021 2800 5076 ad
2833 5019 2994 5092 pacis
3015 5021 3434 5094 eharitatisque
3462 5026 3661 5078 custo-

2017 5111 2175 5167 diam
2223 5113 2668 5182 componantur,
2721 5108 2874 5166 sicut
2926 5110 3293 5166 demonstrat
3341 5109 3662 5168 auctoritas

2017 5198 2371 5272 evangelica,
2401 5198 2636 5270 quando
2667 5197 2818 5254 facta
2846 5202 2937 5254 est
2963 5197 3207 5270 quaestio
3229 5197 3382 5254 inter
3411 5197 3666 5272 discipu-

2017 5288 2105 5346 los
2137 5288 2272 5362 quis
2291 5305 2491 5344 eoxum
2522 5287 2816 5345 videretur
2847 5303 2976 5344 esse
3005 5287 3196 5359 major
3213 5287 3366 5357 (Luc.
3389 5303 3528 5355 xxn,
3547 5289 3662 5364 24).

2018 5379 2088 5434 Et
2115 5378 2165 5434 si
2195 5376 2410 5450 aliquis
2431 5380 2633 5434 contra
2653 5376 2950 5449 subjectos
2968 5374 3252 5432 violenter
3277 5391 3343 5431 ac
3366 5375 3667 5452 negligen-

2019 5470 2126 5536 ter,
2156 5463 2274 5522 sive
2321 5465 2382 5522 in
2433 5481 2600 5523 sacro
2649 5463 2974 5520 ministerio
3023 5479 3194 5522 secus
3239 5481 3421 5540 quam
3461 5466 3672 5526 debeat

2020 5554 2222 5632 egerit,
2255 5555 2582 5615 secundum
2612 5553 2844 5631 regulas
2895 5557 3099 5614 sancto
3148 5553 3372 5632 Spiritu
3409 5556 3671 5632 promul-
