3896 6182
261 302 371 368 751

1187 303 1571 369 amoma!
1614 248 2062 367 unanimem
2104 295 2721 365 ARCHIEPISCOPI.

3539 304 3644 366 752

255 444 442 514 gates,
475 440 548 497 ab
579 440 672 498 his
702 457 952 513 quorum
983 440 1224 496 interest
1253 441 1580 513 corrigatur
1619 443 1676 494 et
1705 455 1900 494 emen-
1929 435 1985 504 Α
2011 435 2152 492 item
2183 435 2418 504 Paulus,
2453 453 2926 494 commemorans
2956 438 3026 494 de
3047 453 3112 494 eo
3141 455 3244 512 per
3261 447 3438 512 quem
3459 448 3650 495 recon-

255 531 443 598 detur,
478 527 631 584 sicut
659 533 716 584 et
744 529 1042 584 Nicarnnm
1075 528 1385 584 concilium
1421 528 1561 599 (cun.
1597 529 1655 597 5)
1687 527 1758 582 de
1802 543 1896 581 ex-

253 617 728 684 communicatis,
760 622 818 672 et
847 619 1192 673 Sardieenee
1221 622 1366 686 (can.
1401 618 1488 689 17)
1509 618 1579 672 de
1621 616 1898 672 iracundo

254 706 546 779 episcopo,
573 707 726 778 quod
780 723 908 761 esse
957 723 1071 761 non
1119 707 1310 772 debet,
1343 706 1442 778 qui
1493 707 1896 778 presbyterum

253 793 340 850 vel
374 795 678 850 diaconem
711 811 884 850 suum
917 795 1302 850 exterminare
1343 793 1608 862 voluerit,
1639 798 1696 849 et
1733 791 1898 849 Chal-

255 883 580 938 cedonense
609 887 755 952 (can.
786 883 876 955 25)
901 883 972 938 de
994 883 1254 956 neglecta
1283 883 1648 938 ordinatione
1677 881 1900 954 episco-

256 987 486 1046 porum,
518 975 576 1026 et
603 975 809 1027 caetera
837 989 1080 1044 quisque
1127 971 1393 1039 concilia,
1427 976 1600 1044 alque
1645 968 1902 1043 epistolae

260 1057 468 1114 Leonis
522 1059 641 1114 sive
695 1059 956 1131 Gregorii
1014 1059 1322 1114 manifeste
1367 1059 1790 1114 demonstrant.
1842 1056 1903 1112 Si

256 1146 512 1220 denique
541 1147 867 1219 fidei,quod
891 1147 1062 1215 absit,
1079 1152 1180 1202 aut
1207 1146 1597 1202 ecclesiastico
1619 1146 1904 1216 dogmati,

256 1235 344 1292 vel
374 1253 552 1292 sacrae
591 1236 954 1291 auctoritatis
1003 1237 1261 1302 statutis,
1295 1235 1542 1308 quilibet
1596 1233 1906 1292 temerario

261 1342 408 1380 ausu
439 1323 694 1396 obloqui,
727 1325 816 1379 vel
841 1324 1183 1381 conculcare
1214 1325 1584 1396 tcutavcrint,
1616 1331 1673 1380 et
1715 1324 1774 1379 hi
1825 1339 1911 1382 sc-

261 1413 520 1469 cundum
551 1417 904 1486 pra-ceptum
940 1414 1308 1470 Dominicum
1349 1419 1716 1482 moneantur,
1749 1417 1806 1468 et
1834 1413 1904 1481 si,

263 1502 414 1574 quod
446 1501 616 1574 longe
649 1501 824 1557 faciat
852 1502 1136 1559 Dominus
1169 1503 1431 1570 rebelles,
1465 1519 1529 1559 ac
1561 1503 1908 1558 contentiosi

261 1593 808 1662 contemptoresque
837 1591 1468 1662 prestiterint,necessc
1499 1598 1587 1647 est
1624 1595 1688 1646 ut
1717 1591 1909 1664 dignis

263 1677 714 1746 invectionibus,
747 1680 1073 1736 secundum
1103 1697 1300 1736 sacros
1331 1698 1604 1747 canones,
1630 1685 1686 1736 et
1717 1697 1908 1736 exem-

263 1765 361 1846 pla
408 1771 582 1841 atque
626 1771 846 1822 statuta
895 1770 1208 1842 majorum,
1244 1771 1528 1825 feriantur
1556 1775 1612 1824 et
1657 1769 1908 1840 compri-

264 1855 690 1922 mantur,sicut
719 1859 960 1912 sanctus
995 1857 1104 1912 Leo
1137 1857 1196 1912 in
1227 1857 1474 1931 epistola
1503 1857 1574 1912 ad
1609 1857 1910 1913 universas

263 1941 516 1998 decrevit
570 1945 898 2016 provincias
954 1949 1132 2018 (epist.
1181 1947 1251 2002 ad
1297 1949 1462 2019 epz'sc.
1495 1947 1684 2016 Ital.):
1725 1971 1746 1994 υ
1782 1945 1912 2001 0m-

267 2029 384 2098 nia,
419 2031 711 2104 inquiens,
745 2051 872 2106 qua:
922 2037 992 2090 de
1040 2035 1454 2092 ecclesiasticis
1497 2034 1822 2102 ordinibus,
1855 2038 1914 2092 et

263 2136 552 2176 canonum
583 2123 952 2196 promulgata
982 2129 1122 2180 sunt
1153 2123 1502 2198 disciplinis,
1537 2125 1616 2180 ita
1643 2143 1678 2180 a
1721 2127 1913 2180 vestra

263 2207 571 2265 dilectione
602 2203 882 2268 custodiri
919 2214 1131 2268 debere
1179 2215 1554 2282 mandamus,
1590 2218 1654 2268 ut
1683 2212 1733 2268 si
1777 2212 1910 2285 quis

263 2295 321 2350 in
357 2296 456 2352 illa
505 2299 881 2370 commiserit,
914 2301 1142 2358 veniam
1195 2303 1306 2358 sibi
1357 2303 1631 2374 deinceps
1689 2301 1912 2373 noverit

263 2387 537 2460 denegari
565 2405 578 2444 :
613 2393 670 2444 et
691 2390 790 2461 qui
823 2395 1024 2446 contra
1053 2391 1372 2446 constituta
1420 2391 1617 2448 venire
1659 2395 1912 2446 tentave-

265 2475 359 2544 rit,
393 2481 450 2531 et
479 2477 774 2548 prohibita
821 2479 995 2534 fuerit
1043 2497 1224 2536 ausus
1275 2481 1603 2546 admittere,
1635 2498 1670 2536 a
1717 2496 1824 2535 suo
1851 2497 1912 2535 se

265 2563 490 2623 noverit
546 2566 738 2622 ofﬁcio
791 2568 1278 2638 submovendum,
1320 2587 1424 2626 nec
1481 2568 1914 2626 communionis

269 2659 478 2710 nostra:
527 2655 794 2711 futurum
839 2673 966 2713 esse
1012 2663 1361 2724 consortem,
1394 2659 1492 2731 qui
1543 2658 1739 2715 socius
1785 2674 1914 2714 esse

269 2741 459 2798 noluit
489 2744 833 2818 disciplinae.
862 2769 888 2796 »
920 2747 989 2802 Et
1019 2747 1225 2804 beatus
1254 2747 1519 2804 Gelasius
1555 2765 1568 2803 :
1603 2771 1630 2798 ‹‹
1665 2748 1778 2804 Nec
1796 2765 1916 2803 am-

267 2829 472 2904 bigunt
499 2831 599 2906 qui
629 2833 753 2890 hate
784 2851 1047 2892 exercere
1099 2842 1238 2894 sunt
1281 2836 1428 2902 ausi,
1458 2853 1561 2894 seu
1605 2837 1780 2892 etiam
1813 2835 1914 2910 qui

270 2917 554 2980 hactenus
612 2923 848 2996 cognita
904 2923 1212 2992 siluerunt,
1248 2925 1359 2982 sub
1408 2925 1647 2982 honoris
1695 2925 1914 2998 proprii
1968 2921 1977 2931 ’

259 3011 455 3084 jacere
485 3011 810 3084 dispendio,
835 3011 884 3068 si
917 3031 1030 3070 non
1063 3019 1284 3088 quanta
1331 3019 1577 3088 possunt
1623 3014 1914 3071 celeritate

264 3100 544 3156 festinent
565 3106 628 3156 ut
648 3101 887 3158 lethalia
904 3102 1142 3159 vulnera
1159 3102 1511 3176 competenti
1525 3103 1912 3158 medieatione

2005 524 2182 580 eiliati
2214 543 2422 580 sumus
2453 531 2590 594 Deo,
2621 535 2677 582 et
2723 527 3124 583 ministerium
3171 525 3654 583 reconciliationis

2003 615 2336 686 accepimus
2369 631 2382 670 :
2419 615 2787 682 Obsecremus,
2822 617 3040 688 inquit,
3074 633 3174 688 pro
3221 617 3452 686 Chi-ise),
3483 626 3656 672 recon-

2003 703 2282 758 ciliamini
2309 705 2412 759 Deo
2443 705 2515 775 (II
2544 705 2664 760 Cor.
2697 723 2751 772 v,
2811 705 2922 776 18).
2977 705 3111 770 Quae
3165 701 3555 760 reconciliatio
3599 705 3657 760 ﬁt

2007 791 2194 862 gratia
2223 792 2482 848 vocantis
2515 809 2630 848 non
2660 793 2920 866 cogentis
2953 791 3152 864 Dei,et
3181 791 3362 848 libero
3406 809 3520 848 non
3571 809 3658 848 co-

2009 881 2136 935 acto
2157 879 2396 935 arbitrio
2419 880 2694 936 hominis.
2710 881 2780 936 Et
2800 881 2870 936 de
2883 881 3052 953 justo
3079 881 3200 936 viro
3223 879 3507 956 scriptum
3531 884 3622 936 est
3643 899 3656 937 :

2009 969 2070 1024 In
2101 976 2334 1040 tempore
2383 970 2691 1025 iracundia:
2733 972 2913 1042 factus
2940 979 3020 1026 est
3070 971 3440 1026 reconciliatio
3476 970 3658 1043 (Ereti.

2011 1073 2163 1124 xuv,
2199 1059 2309 1129 17),
2345 1057 2616 1113 videlicet
2647 1063 2712 1113 ut
2741 1075 2856 1114 non
2905 1063 3250 1130 reputentur
3294 1057 3524 1114 delicta.
3557 1057 3662 1124 Qui

2015 1145 2172 1200 enim
2205 1145 2364 1201 novit
2394 1147 2550 1201 unde
2579 1147 2810 1202 concilio
2838 1152 2894 1202 et
2931 1148 3224 1202 reconcilio
3273 1147 3661 1219 componitur,

2016 1233 2507 1290 reconciliationis
2537 1236 2776 1290 modum
2801 1240 2857 1290 et
2880 1235 3145 1291 ordinem
3169 1253 3283 1292 non
3315 1237 3563 1310 ignorat.
3587 1236 3668 1292 Di-

2013 1339 2180 1377 versa
2212 1323 2503 1394 siquidem
2537 1325 2875 1380 morborum
2899 1340 3113 1396 genera
3153 1325 3382 1382 diversa
3414 1325 3664 1382 medica-

2017 1415 2346 1466 mentorum
2365 1413 3139 1485 quaeruntexperimentaEt
3161 1413 3413 1487 legimus
3430 1414 3492 1470 in
3507 1429 3666 1470 sacra

2017 1498 2380 1568 auctoritate,
2405 1501 2696 1572 quosdam
2719 1501 2902 1574 redigi
2924 1506 2980 1558 et
3003 1503 3128 1576 cogi
3153 1503 3224 1558 ad
3243 1503 3664 1576 paenitentiam,

2017 1587 2307 1660 quosdam
2335 1605 2466 1643 vero
2498 1590 2993 1645 exeommunieari
3029 1591 3214 1646 donec
3243 1592 3312 1646 ad
3347 1607 3558 1665 pacem
3589 1605 3666 1648 re-

2019 1677 2214 1743 deant,
2241 1679 2528 1750 quosdam
2547 1695 2680 1734 vero
2703 1680 2914 1752 partim
2940 1697 3057 1735 sua":
3079 1679 3398 1738 voluntatis
3419 1676 3669 1738 libertati

2019 1763 2542 1837 relinquere,sicuti
2561 1783 2740 1839 supra
2761 1769 3126 1824 ostendimus
3139 1784 3207 1824 ex
3229 1769 3476 1842 epistola
3490 1769 3669 1826 sancti

2019 1851 2278 1925 Gregorii
2309 1854 2378 1908 de
2412 1855 2618 1911 Leonis
2669 1855 3011 1913 cbartularii
3061 1856 3330 1928 muliere,
3365 1875 3495 1931 qua
3543 1873 3670 1916 eum

2020 1957 2122 2014 pro
2153 1942 2554 1998 fornicationis
2585 1944 2850 2015 crimine,
2877 1945 3087 2002 induta
3118 1945 3392 2020 religiosa
3419 1951 3585 2004 veste
3604 1943 3668 2004 ad

2019 2035 2252 2103 tempus
2269 2030 2710 2103 reliquerat,sed
2725 2037 2856 2106 post
2873 2034 3198 2106 praestitum
3213 2040 3670 2104 sacramentum,

2019 2119 2218 2192 agnita
2237 2121 2434 2175 mariti
2455 2120 2890 2189 innocentia,ad
2915 2139 3050 2178 eum
3074 2129 3284 2196 sponte
3307 2141 3542 2181 reversa
3570 2131 3668 2182 est.

2021 2207 2100 2262 De
2130 2225 2248 2280 qua
2275 2208 2416 2282 quid
2447 2227 2586 2283 erga
2615 2226 2743 2266 eam
2767 2211 2976 2267 debeat
3004 2211 3317 2280 observari,
3343 2213 3670 2270 Secundino

2020 2295 2501 2352 Taurorninitano
2533 2297 2736 2354 scribit
2765 2299 3059 2374 episcopo.
3081 2301 3144 2356 In
3176 2302 3537 2374 quibusdam
3551 2319 3672 2360 vero

2021 2401 2090 2441 ex
2113 2389 2231 2441 toto
2262 2385 2552 2441 libertatis
2575 2393 2664 2443 est
2683 2390 3142 2460 exspectandum
3175 2390 3511 2460 arbitrium,
3532 2391 3675 2448 sicut

2021 2479 2078 2530 et
2109 2474 2168 2528 in
2201 2474 2308 2530 hac
2329 2491 2530 2542 causa,
2545 2475 2684 2547 quia
2703 2477 3045 2532 conceditur
3064 2483 3128 2534 ut
3146 2495 3323 2534 causa
3344 2480 3675 2546 fornicatio-

2023 2562 2114 2618 nis
2145 2563 2230 2618 vir
2257 2569 2315 2620 et
2344 2563 2558 2620 mulier
2585 2570 2952 2638 separentur,
2978 2566 3064 2623 vel
3115 2569 3374 2640 separati
3429 2568 3676 2626 reconci-

2023 2653 2256 2710 lientur.
2271 2654 2510 2728 Cogitur
2539 2661 2758 2724 autem,
2774 2655 2966 2712 ablato
2988 2657 3223 2730 penitus
3250 2657 3574 2716 voluntatis
3595 2675 3677 2715 ar-

2023 2741 2216 2809 bitrio,
2249 2748 2306 2799 et
2336 2761 2452 2798 non
2485 2743 2844 2812 conceditur,
2875 2749 2942 2801 ut
2961 2743 3049 2802 vir
3077 2750 3134 2802 et
3171 2746 3404 2819 mulier,
3437 2753 3672 2822 excepta

2023 2848 2202 2888 causa
2229 2831 2648 2900 fornicationis,
2684 2838 3048 2906 separentur,
3081 2839 3222 2890 etut
3257 2837 3519 2908 separati
3549 2825 3674 2893 aliis

2024 2919 2183 2977 nullo
2215 2921 2389 2976 modo
2419 2921 2870 2994 conjungantur.
2888 2922 3032 2978 lline
3052 2927 3290 2979 sanctus
3306 2925 3673 2997 Augustinus

2022 3008 2082 3064 in
2102 3009 2358 3066 secundo
2381 3008 2528 3065 libro
2549 3009 2620 3065 de
2641 3009 2986 3067 adulterinis
3024 3011 3314 3085 conjugiis
3355 3008 3504 3069 dicit
3536 3013 3671 3089 (cap.

2027 3099 2114 3168 13)
2130 3115 2142 3154 :
2161 3123 2186 3148 ‹‹
2202 3099 2326 3154 Non
2349 3097 2759 3171 est,inquiens,
2776 3099 2848 3154 ad
2871 3100 3028 3171 quod
3051 3099 3427 3157 exhortemur
3441 3117 3546 3158 eos
3575 3102 3672 3174 qui

262 3194 593 3248 curentur.»
609 3191 678 3245 Et
689 3196 928 3246 sanctus
941 3173 1373 3248 Cwlestinusad
1387 3192 1716 3248 Nestorium
1728 3191 1800 3268 (ει

2137 3186 2377 3242 meiliari
2408 3187 2616 3242 timent
2644 3187 2998 3260 conjugibus
3027 3188 3308 3245 adulteris
3337 3173 3675 3262 pwnitendo

258 3273 314 3344 5)
341 3295 353 3332 :
382 3301 403 3331 ι
433 3279 658 3344 Quibus
688 3280 990 3351 praemissa
1021 3281 1400 3336 conventione
1430 3279 1817 3349 consulimus,
1846 3281 1905 3338 in

259 3365 365 3420 bos
397 3382 633 3421 necesse
663 3375 751 3423 est
780 3368 1176 3425 damnationis
1205 3368 1494 3426 sententia
1510 3369 1642 3439 n,si
1666 3369 1908 3426 abutan.

257 3452 354 3506 tur
381 3456 582 3509 nostra
611 3454 832 3510 salubri
862 3457 1278 3526 admonitione,
1313 3459 1636 3514 ﬁrmemus.
1673 3480 1703 3508 ››
1734 3458 1804 3514 Et
1831 3459 1904 3514 ad

257 3539 534 3615 Cyrillum
556 3541 1015 3602 Alexandrinum
1039 3563 1052 3602 :
1074 3571 1101 3597 «
1123 3547 1253 3604 Haec
1276 3547 1404 3603 ideo
1427 3547 1702 3621 dicimus,
1716 3566 1788 3604 ne
1812 3565 1906 3605 vo-

257 3629 398 3686 lenti
427 3631 716 3706 corrigere
740 3633 982 3690 forsitan
1015 3636 1216 3692 deesse
1247 3637 1566 3693 videamur.
1591 3637 1737 3692 Nam
1765 3640 1822 3692 et
1852 3635 1900 3692 si

258 3719 427 3776 nobis
457 3723 890 3780 sustinentibus
919 3725 1330 3798 uvam,spinas
1351 3727 1462 3782 sibi
1485 3725 1906 3794 addiderit,im-

255 3807 505 3880 plcatur,
537 3816 596 3866 et
625 3813 1000 3870 manentibus
1027 3815 1262 3870 statutis
1291 3816 1443 3871 689
1474 3815 1787 3887 prioribus,
1807 3815 1900 3872 sui

255 3894 450 3953 fructu
473 3899 684 3970 judieii
718 3899 952 3974 colligat
979 3903 1136 3976 quod
1159 3902 1322 3960 sulco
1343 3903 1630 3960 diabolico
1652 3905 1900 3960 semina-

255 3985 356 4056 vit,
389 4004 506 4044 non
539 3993 736 4046 nostro
768 3989 1011 4048 consilio
1041 3993 1142 4048 sed
1173 4010 1236 4050 se
1266 3993 1562 4066 periturus
1592 3999 1848 4052 auctore.
1872 4019 1894 4048 ι

848 4109 1171 4175 ΟΗΕΒΤΙΟ
1211 4111 1306 4168 1V.

324 4211 538 4269 Dicunt
567 4213 950 4272 nihilominus
981 4217 1120 4288 quia
1149 4217 1198 4274 si
1241 4217 1338 4274 isti
1370 4219 1490 4292 regi
1523 4236 1637 4276 non
1669 4219 1898 4276 licuerit

253 4299 428 4358 aliam
451 4319 690 4364 uxorem
722 4304 1002 4378 accipere,
1019 4311 1121 4362 aut
1141 4323 1309 4362 suam
1331 4308 1720 4364 concubinam
1743 4309 1898 4366 sicut

253 4407 410 4446 nunc
441 4391 618 4449 habet
639 4398 854 4463 tenere,
889 4396 1046 4467 quod
1077 4396 1214 4452 velit
1261 4397 1405 4452 nolit
1451 4395 1552 4451 illa
1595 4414 1705 4453 sua
1753 4414 1896 4454 uxor

241 4477 609 4548 judicabitur
637 4481 900 4538 adillum
933 4485 1240 4540 redirezet
1287 4483 1383 4541 ille
1431 4484 1545 4541 tale
1591 4483 1895 4558 ingenium

250 4566 322 4620 de
352 4565 453 4623 illa
472 4567 853 4636 inveniret,ut
883 4573 954 4628 ab
987 4573 1086 4628 illa
1107 4573 1403 4643 liberetur,
1419 4578 1476 4632 et
1502 4575 1751 4630 ulterius
1775 4592 1891 4632 non

247 4655 456 4712 debeat
485 4658 557 4712 ad
578 4657 873 4728 judicium
893 4661 1030 4718 inde
1059 4663 1271 4720 venire.

897 4795 1228 4835 RESPONSIO.

315 4879 440 4937 Non
463 4880 802 4954 hujusmodi
816 4886 1109 4958 judicium
1135 4904 1203 4943 ex
1218 4887 1549 4961 evangelica
1564 4889 1889 4956 voritate,et

243 4970 562 5042 apostolica
591 4975 951 5043 auctoritate,
973 4976 1062 5032 vel
1093 4993 1392 5033 sacrorum
1423 4994 1715 5033 canonum
1755 4994 1886 5050 pro-

241 5057 598 5134 mulgatione
629 5063 944 5122 didicimus
977 5083 989 5120 :
1023 5067 1124 5121 sed
1157 5066 1311 5122 sicut
1337 5067 1607 5123 Africana
1627 5067 1886 5140 synodus

239 5143 511 5206 difﬁnivit
541 5156 685 5220 (can,
715 5152 846 5222 69):
876 5153 1121 5226 Placuit,
1157 5154 1527 5226 inquiens,ut
1557 5156 1882 5212 secundum

235 5237 627 5312 evangelicam
658 5245 716 5296 et
746 5241 1128 5314 apostolicam
1159 5243 1554 5317 disciplinam,
1589 5262 1774 5318 neque
1802 5243 1884 5299 di-

235 5324 454 5398 missus
475 5328 548 5384 ab
574 5345 769 5398 uxore,
784 5347 972 5404 neque
992 5331 1236 5389 dimissa
1267 5352 1302 5389 a
1319 5332 1720 5402 marito,alteri
1743 5350 1878 5388 con-

225 5411 680 5498 jungantur,sed
701 5419 783 5474 ita
803 5427 1096 5490 maneant,
1115 5427 1216 5477 aut
1243 5422 1477 5478 sibimet
1498 5422 1878 5479 reconcilien-

229 5506 346 5558 tur.
369 5503 837 5566 Reconcilientur
865 5511 1020 5566 enim
1039 5511 1202 5579 dixit,
1219 5528 1333 5567 non
1355 5515 1640 5584 cogantur
1663 5528 1676 5566 ε
1701 5516 1757 5568 et
1777 5512 1876 5585 qui

229 5604 442 5651 sanum
466 5593 640 5670 sapit,
667 5597 920 5671 qualiter
949 5600 1342 5660 reconciliatio
1371 5602 1473 5660 ﬁat
1501 5601 1878 5676 intelligit.Et

2015 3275 2257 3344 sanatis,
2283 3273 2396 3330 nisi
2435 3275 2505 3330 ad
2538 3273 2986 3330 custodiendam
3020 3275 3444 3332 continentiam
3480 3294 3498 3334 :
3527 3295 3676 3351 quo-

1993 3363 2174 3431 ,niam
2191 3362 2404 3420 mulier
2425 3362 2666 3436 alligata
2685 3363 3066 3436 est,quandiu
3089 3365 3244 3420 090
3263 3365 3383 3420 sive
3406 3366 3674 3433 mmehus

2013 3452 2132 3510 sive
2153 3457 2356 3509 custus
2368 3452 2455 3508 vir
2464 3453 2592 3524 ejus
2603 3451 2760 3522 vivit,
2771 3451 3098 3508 mcechatur
3116 3453 3166 3508 si
3191 3451 3358 3508 alteri
3373 3455 3670 3529 nupserit;

2012 3545 2069 3597 et
2093 3541 2180 3597 vir
2200 3541 2494 3614 alligatus,
2520 3539 2781 3614 quandiu
2803 3541 2924 3598 sive
2941 3541 3166 3598 moecha
3189 3541 3308 3598 sive
3331 3549 3497 3600 casta
3530 3559 3673 3605 uxor

2011 3631 2138 3702 ejus
2168 3630 2326 3700 vivit,
2351 3629 2678 3686 mazcbatur
2708 3630 2756 3685 si
2787 3629 3032 3707 alteram
3083 3631 3314 3688 duxerit
3341 3633 3387 3702 (ι
3416 3634 3544 3689 Cor.
3568 3647 3665 3700 vn,

2009 3721 2044 3774 3
2080 3719 2120 3792 ).
2154 3719 2284 3774 Haec
2316 3735 2568 3791 namque
2597 3717 2856 3792 alligatio
2887 3719 3366 3792 quandoquidem
3398 3738 3518 3778 non
3552 3719 3666 3782 soi-

2007 3807 2180 3876 vitur,
2195 3807 2424 3864 etiamsi
2457 3825 2559 3880 per
2588 3808 2899 3880 repudium
2927 3809 3140 3881 conjux
3169 3826 3202 3865 a
3232 3814 3396 3866 casta
3415 3811 3668 3884 conjuge

2007 3896 2518 3970 separetur,multo
2547 3896 2746 3953 minus
2757 3897 3020 3965 solvitur,
3041 3897 3090 3954 si
3109 3915 3222 3954 non
3247 3903 3519 3971 separata
3531 3915 3669 3955 ma:-

2006 3986 2247 4044 chetur:
2272 4003 2340 4042 ac
2357 4002 2460 4058 per
2489 3986 2597 4042 hoc
2629 4003 2744 4042 non
2775 4001 2905 4042 eam
2945 3985 3118 4042 solvit
3139 3987 3253 4042 nisi
3277 4004 3437 4044 mors
3459 3987 3666 4060 conju-

2004 4076 2116 4150 gis,
2150 4092 2265 4131 non
2295 4074 2357 4130 in
2382 4073 2738 4130 adulterium
2768 4075 3116 4144 corruentis,
3149 4075 3249 4132 sed
3296 4076 3368 4132 de
3421 4091 3666 4150 corpore

2004 4165 2290 4221 exeuntis.
2323 4165 2690 4236 Quapropter
2719 4163 2768 4220 si
2799 4165 3106 4222 recesserit
3135 4165 3350 4221 mulier
3377 4165 3450 4222 ab
3501 4164 3668 4222 adul-

2003 4254 2345 4322 teroviro,et
2364 4253 2416 4308 ei
2440 4253 2804 4309 reconciliari
2827 4270 2943 4310 non
2961 4253 3102 4322 vult,
3119 4257 3356 4310 maneat
3379 4253 3662 4333 innupta;

2001 4347 2058 4401 et
2087 4342 2133 4399 si
2166 4341 2454 4398 dimiserit
2473 4341 2562 4397 vir
2597 4341 2920 4398 adulteram
2944 4341 3271 4410 mulierem,
3295 4347 3353 4398 et
3381 4357 3516 4400 eam
3545 4357 3665 4404 non

2001 4430 2123 4487 vult
2152 4431 2406 4504 recipere
2428 4448 2532 4487 nec
2555 4429 2686 4503 post
2707 4430 3136 4503 pmnitentiam,
3161 4431 3459 4490 custodiat
3476 4430 3666 4487 conti-

1923 4539 1969 4606 D
2002 4519 2282 4586 nentiam,
2313 4524 2370 4574 et
2400 4519 2449 4574 si
2483 4536 2598 4574 non
2650 4536 2720 4574 ex
2762 4518 3058 4576 voluntate
3105 4517 3361 4592 eligendi
3409 4519 3662 4606 potioris

2001 4607 2159 4676 boni,
2191 4611 2342 4664 certe
2373 4625 2442 4663 ex
2469 4608 2815 4664 necessitate
2861 4607 3083 4664 vitandi
3132 4608 3446 4682 perniciosi
3486 4605 3657 4672 mali.

1993 4700 2073 4754 Ac
2105 4715 2209 4771 per
2235 4697 2344 4753 hoc
2373 4697 2445 4753 ad
2476 4695 2585 4752 hoc
2615 4696 3202 4764 exhortarer,etiamsi
3224 4714 3372 4754 uxor
3399 4703 3562 4754 esset
3591 4696 3653 4752 in

1995 4787 2273 4860 languore
2304 4785 2615 4841 insanabili
2645 4790 2820 4858 atque
2848 4785 3268 4854 diuturno,aut
3295 4785 3533 4844 etiamsi
3557 4785 3660 4847 8.5-

1996 4878 2130 4934 cubi
2161 4880 2317 4933 esset
2339 4891 2578 4948 corpore
2600 4879 2888 4947 separata,
2903 4891 3020 4947 quo
3043 4874 3296 4932 maritus
3313 4892 3424 4931 non
3449 4877 3658 4950 posset

1947 4993 1951 4997 -
1996 4966 2266 5022 accedere
2290 4981 2302 5019 :
2329 4968 2622 5036 postremo
2653 4963 2726 5018 ad
2747 4963 2858 5020 hoc
2878 4963 3481 5034 exhortarer,etiamsi
3518 4982 3655 5018 mu-

1995 5054 2106 5121 tier
2117 5053 2318 5110 volens
2339 5052 2525 5107 vivere
2547 5052 3202 5125 eontinenter,quandiu
3243 5057 3445 5113 contra
3462 5051 3652 5107 disci-

1993 5143 2238 5217 plinam,
2266 5141 2406 5214 quia
2433 5157 2549 5196 non
2570 5158 2639 5196 ex
2669 5145 3192 5209 consensu,tamen
3229 5140 3516 5216 pudicum
3547 5157 3656 5214 pu-

1993 5227 2468 5285 dicadimitterct.
2485 5225 2628 5282 Puto
2649 5227 2806 5283 enim
2818 5227 3220 5285 Christianum
3243 5229 3544 5290 neminem
3567 5243 3654 5284 re-

1989 5315 2218 5385 luctari,
2237 5313 2405 5369 illum
2428 5312 2758 5370 adulterum
2790 5314 3159 5390 esse,qui,vel
3181 5315 3284 5373 diu
3306 5315 3648 5390 languente,

1985 5405 2075 5463 vel
2130 5405 2232 5460 diu
2277 5403 2538 5472 absente,
2570 5403 2662 5459 vel
2707 5405 3076 5461 continenter
3127 5405 3317 5484 vivere
3364 5403 3653 5478 cupiente

1986 5511 2098 5552 sua
2127 5509 2324 5564 uxore,
2355 5490 2521 5548 alteri
2570 5493 2916 5550 commistus
2964 5497 3054 5550 est
3086 5493 3332 5552 feminae.
3359 5493 3452 5552 Sic
3498 5505 3652 5570 ergo

1985 5590 2043 5645 et
2073 5583 2321 5642 dimissa
2355 5579 2618 5640 adultera
2647 5582 2878 5643 adulter
2903 5587 2993 5643 est
3022 5597 3158 5644 cum
3189 5582 3468 5652 adultera,
3498 5595 3656 5660 quo-
