3896 6182
189 374 291 443 161

1101 379 1206 444 nn
1246 374 1621 444 DIVORTIO
1662 340 2037 440 Lernan“
2080 369 2181 436 ET
2210 370 2684 439 'TE'I‘BERGE.

3471 377 3590 443 762

189 513 538 571 cet-dotalem
560 513 1092 571 reconciliationem
1118 513 1387 571 Ecclesiae
1406 515 1717 569 mercatur.
1737 512 1834 566 At-
1862 508 1919 576 Α
1946 514 2188 565 sanctus
2243 509 2607 583 Augustinus
2667 509 2835 567 nobis
2864 511 2965 568 dat
2992 512 3193 571 dicens
3216 514 3406 586 '(se'rm.
3438 514 3507 571 18
3524 513 3594 571 de

189 604 550 660 tendendum
571 608 663 661 est
680 604 858 660 etiam
892 604 1120 660 cunctis
1150 603 1387 677 regibus
1400 607 1459 657 et
1475 601 1838 674 principibus

191 692 407 759 seculi,
435 693 576 765 quia
605 692 876 765 princeps
904 697 964 748 et
992 708 1091 748 rex
1122 707 1354 765 pravus,
1388 690 1626 763 quantis
1658 690 1715 744 in
1746 705 1839 744 re-

190 781 409 855 gimine
447 785 660 854 praeest
687 781 747 836 in
780 780 1012 847 saeculo,
1049 782 1160 836 sub
1181 779 1363 836 tantis
1412 780 1586 835 modo
1627 776 1839 850 plagali

190 867 260 927 ad
290 870 612 927 vindictam
634 870 754 926 erit
784 869 843 925 in
876 868 1253 925 ﬂammarum
1273 865 1841 923 damnatione.Undc

190 970 429 1016 necesse
450 963 561 1027 est,
587 964 653 1015 ut
669 960 1038 1017 incessanter
1058 976 1198 1015 suos
1220 962 1387 1014 actus
1418 957 1764 1023 consideret,
1785 958 1844 1010 et

191 1058 325 1105 eum
347 1048 495 1105 alios
515 1060 622 1105 suo
644 1047 912 1122 exemplo
936 1049 1149 1122 perdit,
1172 1050 1417 1113 metuat,
1442 1045 1581 1118 quia
1608 1062 1723 1101 non
1758 1062 1845 1101 so-

190 1139 284 1194 lus
307 1138 481 1210 perit,
503 1137 603 1209 qui
630 1135 916 1210 plurimos
936 1136 1202 1209 exemplo
1225 1152 1343 1192 suae
1376 1134 1677 1207 pravitatis
1699 1134 1845 1189 occi-

192 1227 298 1293 dit,
318 1236 431 1298 pro
453 1225 670 1299 quibus
691 1226 819 1282 sine
839 1226 1019 1282 dubio
1043 1226 1327 1282 rationem
1341 1223 1588 1280 Domino
1616 1223 1839 1278 reddet.

190 1316 260 1372 Et
283 1289 401 1371 non
422 1289 614 1370 solum
646 1330 749 1386 per
778 1330 862 1382 se,
887 1315 987 1370 sed
1006 1318 1066 1371 ct
1084 1330 1190 1386 per
1207 1330 1306 1370 eos
1333 1313 1433 1385 qui
1464 1326 1598 1368 eum
1632 1310 1845 1366 imitati

193 1403 671 1475 fuerintwelejus‘
687 1402 952 1476 exemplo
975 1418 1078 1459 seu
1100 1402 1449 1459 auctoritate
1471 1400 1843 1473 delinquunt,

190 1481 584 1565 multiplicius
605 1492 731 1564 ipse
749 1485 1070 1565 delinquit:
1096 1491 1349 1548 maxime
1367 1506 1501 1547 cum
1520 1488 1845 1562 ipsc,quasl

191 1581 350 1638 li‘oite
382 1580 757 1653 delinquens,
789 1580 921 1637 aliis
968 1579 1348 1653 delinquendi
1396 1581 1583 1635 fomes
1630 1578 1844 1635 existit.

187 1670 360 1728 {inde
384 1675 443 1727 et
468 1669 687 1726 dealia
717 1686 778 1725 re
810 1669 1057 1742 loquens
1089 1668 1231 1725 dicit
1276 1667 1592 1741 Apostolus
1625 1683 1637 1723 :
1675 1666 1850 1725 Videte

190 1774 257 1816 ne
316 1762 457 1832 forte
514 1760 738 1816 licentia
784 1766 962 1815 vestra
1012 1758 1405 1831 oﬂ‘endiculum
1459 1759 1558 1828 ﬁat
1613 1758 1849 1827 inﬁrmis

191 1849 237 1918 (1
262 1850 393 1905 σον.
426 1854 551 1915 v‘m,
582 1845 657 1917 9).
690 1840 766 1904 Et
796 1864 1002 1904 rursus
1033 1863 1047 1904 :
1081 1847 1291 1903 Peribit
1350 1847 1605 1917 inﬁrmus
1664 1849 1725 1900 in
1754 1854 1851 1901 tua

189 1940 428 1995 scientia
451 1934 645 2010 frater,
676 1945 897 2010 propter
947 1950 1106 2009 quem
1161 1936 1410 1992 Christus
1459 1942 1705 1991 mortuus
1750 1942 1848 1991 est.

188 2028 276 2085 Sic
311 2034 498 2084 autem
522 2034 800 2099 peccantes
830 2028 892 2081 in
909 2020 1110 2096 fratres
1127 2032 1180 2082 et
1193 2025 1554 2097 percutientes
1582 2027 1852 2083 conscien-

191 2119 334 2174 tia'm
388 2124 601 2182 eorum,
654 2117 719 2171 in
771 2115 1052 2173 Christum
1102 2116 1335 2186 peccatis
1388 2112 1570 2185 (ibid.,
1619 2114 1848 2185 11,12).

192 2207 261 2262 Et
291 2205 587 2262 Dominus
615 2203 759 2260 dicit
792 2220 806 2260 :
839 2205 952 2274 Qui
975 2203 1439 2260 scandalizaverit
1462 2218 1637 2257 unum
1666 2202 1731 2258 de
1754 2220 1853 2275 pu-

192 2296 342 2352 sillis
376 2296 519 2362 istis,
552 2295 651 2368 qui
678 2295 740 2350 in
766 2310 854 2350 me
880 2289 1128 2361 credunt,
1160 2293 1378 2366 expedit
1402 2293 1459 2375 ei
1476 2298 1536 2347 ut
1561 2292 1853 2363 suspenda-

193 2390 281 2441 tur
307 2385 464 2440 mola
483 2384 743 2440 asinaria
771 2385 830 2439 in
858 2384 999 2439 collo
1026 2385 1164 2456 ejus,
1195 2390 1248 2439 et
1270 2381 1614 2452 demergatur
1646 2384 1705 2437 in
1731 2397 1854 2454 pro-

193 2472 440 2547 fundum
458 2475 635 2528 nutris
665 2472 870 2539 (Matth.
905 2486 1066 2541 xvm,
1096 2474 1156 2540 6)
1187 2489 1201 2527 :
1235 2471 1375 2543 quia
1418 2472 1629 2529 melius
1659 2472 1851 2545 profe-

192 2565 283 2618 cto
314 2560 428 2617 tali
460 2562 667 2629 fuerat,
702 2566 766 2617 ut
804 2561 865 2616 in
897 2560 1122 2634 privata
1150 2559 1266 2616 vita
1294 2561 1551 2635 degeret,
1585 2579 1760 2635 quam
1791 2562 1851 2617 in

191 2650 531 2723 principatu
553 2649 760 2722 positis
779 2664 844 2706 se
864 2649 1215 2705 imitabilem
1239 2650 1297 2705 in
1318 2650 1492 2723 culpa
1510 2651 1732 2707 caeteris
1753 2651 1855 2707 de-

192 2740 640 2806 monstramt,et
655 2753 760 2810 pro
780 2737 963 2793 tantis
986 2752 1188 2809 pcenas
1208 2737 1659 2811 lueret,quantis
1682 2737 1852 2810 quasi

194 2827 355 2885 licita
384 2834 659 2901 peccans,
690 2842 800 2883 suo
831 2826 1094 2899 exemplo
1125 2827 1197 2882 ad
1230 2826 1369 2882 vitia
1414 2828 1536 2883 dux
1564 2831 1624 2883 et
1653 2830 1855 2883 auctor

193 2917 413 2974 erroris
444 2915 657 2973 existit.
692 2916 876 2988 Cujus
932 2918 1094 2972 tanto
1153 2920 1243 2970 est
1299 2914 1473 2986 culpa
1519 2914 1764 2989 gravior,
1796 2920 1855 2971 et

194 3005 304 3062 erit
332 3005 622 3062 cruciatio
651 3005 872 3071 durior,
906 3007 1126 3076 quanto
1157 3003 1455 3059 excedenti
1487 3008 1577 3059 est
1607 3003 1854 3059 facultas

192 3094 462 3152 liberior.
504 3093 651 3161 Quia
700 3108 874 3149 nemo
922 3092 1176 3164 amplius
1219 3091 1508 3164 delinquit
1557 3091 1616 3146 in
1664 3108 1854 3164 popu-

195 3174 292 3252 lis,
352 3199 541 3256 quam
600 3182 702 3255 qui
769 3198 1037 3254 perverse
1107 3194 1285 3253 agens
1353 3180 1620 3235 ordinem
1695 3180 1852 3253 prin-

190 3273 435 3346 cipatus
462 3274 732 3344 usurpat.
763 3264 1211 3342 Delinquentem
1266 3286 1522 3342 namque
1566 3270 1724 3325 hunc
1764 3287 1855 3326 re-

196 3362 498 3436 darguere
541 3359 741 3416 nullus
791 3358 1112 3431 praesumit,
1146 3358 1291 3414 etin
1323 3358 1654 3431 exemplum
1685 3359 1858 3431 culpa

194 3452 354 3507 πυ
386 3448 767 3505 Vehementer
813 3447 1165 3513 extenditur,
1197 3448 1432 3519 quando
1466 3465 1568 3520 pro
1600 3463 1858 3504 reveren-

192 3538 272 3595 tia
304 3537 682 3611 principatus
725 3541 995 3609 peccator
1038 3536 1382 3592 honoratur.
1415 3538 1481 3592 Et
1514 3542 1577 3592 ut
1608 3537 1857 3593 honores

188 3631 249 3682 et.
276 3625 574 3682 beneﬁcia
604 3622 982 3681 adulantibus
1012 3625 1254 3688 tribuat,
1287 3624 1563 3682 laudatur
1590 3630 1858 3698 peccator

189 3716 252 3770 in
278 3713 603 3771 desideriis
634 3713 841 3770 animai
871 3717 1088 3778 suae,et
1114 3712 1218 3785 qui
1248 3712 1450 3786 iniqua
1479 3714 1599 3786 agit
1629 3714 1859 3770 benedi-

191 3798 458 3870 situmst
472 3807 749 3860 mortuus
769 3821 803 3858 a
821 3801 1073 3858 mortuis
1104 3802 1163 3856 in
1194 3807 1382 3857 morte
1412 3802 1668 3875 pessima
1700 3818 1859 3875 sepe-

192 3880 357 3961 litur,
396 3892 541 3965 quia
569 3893 854 3964 scriptum
880 3895 1003 3947 est:
1040 3889 1262 3947 Videbas
1291 3893 1490 3961 furem,
1521 3899 1571 3947 et
1600 3893 1857 3948 currebas

188 3986 319 4037 eum
347 3994 440 4047 eo,
466 3987 524 4037 et
547 3990 699 4036 ’cu’m
748 3979 1013 4036 adulteris
1061 3982 1367 4051 portionem
1419 3987 1571 4035 tuam
1622 3981 1859 4052 ponebas

188 4070 650 4138 (Ῥεαιεκιλπλϐ).
680 4067 879 4123 Currit
907 4067 1066 4124 enim
1093 4084 1230 4123 cum
1264 4068 1411 4139 fure,
1444 4071 1504 4123 et
1532 4068 1857 4139 portionem

189 4162 365 4215 suam
408 4156 576 4229 ponit
594 4167 739 4212 cum
766 4157 1099 4228 eo,quando
1130 4156 1180 4212 ei
1203 4156 1452 4228 quis,vel
1482 4157 1541 4211 in
1574 4156 1858 4213 adulteris

186 4246 505 4313 laudibus,
534 4244 627 4301 Vel
657 4244 718 4300 in
750 4245 1163 4301 consentaneis
1216 4244 1616 4317 voluptatibus
1673 4236 1756 4301 illi
1795 4262 1859 4303 se

179 4335 420 4408 jungit,
449 4338 509 4390 et
532 4334 864 4406 portionem
911 4346 1101 4402 suam,
1136 4349 1316 4405 quam
1342 4349 1484 4389 cum
1515 4324 1632 4389 Deo
1661 4338 1719 4390 et
1749 4351 1858 4391 an-

185 4411 346 4495 gelis.
385 4421 612 4479 habere
661 4422 960 4488 debuerat,
995 4421 1055 4477 in
1082 4422 1313 4478 inferno
1363 4430 1498 4478 cum
1542 4422 1641 4478 illo
1672 4423 1856 4496 ponit»,

184 4513 363 4585 cuius
394 4527 464 4567 os
488 4510 798 4566 abundavit
844 4512 1089 4578 malitia,
1144 4519 1196 4567 et
1244 4512 1448 4584 lingua
1500 4514 1863 4568 concinnabat

1948 599 2355 670 Verb.Dom.):«
2371 599 2613 655 Duobus
2646 599 2834 656 modis
2866 616 2982 657 non
3013 607 3069 658 to
3098 602 3357 659 maculat
3378 603 3592 670 maius,

1948 688 1996 742 si
2038 705 2153 743 non
2206 687 2558 757 consentias,
2591 693 2649 744 et
2705 689 2754 744 si
2813 691 3167 762 redarguas;
3198 691 3309 747 hoc
3335 696 3442 758 est,
3476 708 3594 748 non

1947 776 2527 843 communicare,non
2560 777 3396 835 consentire.Communieatur
3424 781 3594 852 quip-

1950 881 2039 937 pe,
2074 867 2308 938 quando
2365 867 2514 921 facto
2571 867 2700 937 ejus
2752 866 3113 923 consortium
3162 867 3480 923 voluntatis
3508 867 3599 923 vel

1951 956 2390 1027 approbationis
2433 957 2793 1030 adjungitur.
2829 957 2946 1012 Hoc
2976 973 3113 1030 ergo
3142 972 3252 1013 nos
3279 958 3601 1013 admonens

1949 1045 2260 1117 Apostolus
2291 1046 2374 1101 ait
2404 1063 2417 1100 :
2452 1047 2627 1101 Nolite
2669 1048 3069 1102 communicare
3118 1046 3371 1118 operibus
3419 1048 3601 1118 infrita

1950 1136 2148 1189 ctuosis
2206 1135 2551 1190 tenebrarum
2607 1134 2822 1206 (Ephes.
2855 1152 2911 1202 v,
2948 1136 3058 1203 11).
3093 1135 3164 1190 Et
3203 1133 3345 1207 quia
3392 1151 3603 1207 parum

1951 1227 2076 1278 erat
2106 1240 2221 1279 non
2250 1223 2602 1291 consentire,
2629 1223 2676 1277 si
2701 1226 3041 1294 sequeretur
3063 1223 3419 1297 negligentia
3438 1223 3607 1280 disci-

1954 1312 2145 1385 plinae,
2191 1313 2361 1381 Magis
2407 1321 2608 1383 autem,
2656 1311 2869 1385 inquit,
2921 1316 2980 1368 et
3029 1312 3346 1386 redarguite
3395 1314 3601 1382 (ibid.).

1953 1402 2156 1457 Videte
2202 1404 2701 1473 quemadmodum
2743 1407 3059 1474 utrumque
3108 1402 3449 1475 complexus
3492 1407 3603 1470 est,

1954 1491 2141 1547 Nolite
2171 1492 2628 1560 communicare,
2662 1491 2851 1565 magis
2908 1496 3106 1548 autem
3159 1496 3218 1547 et
3253 1492 3603 1564 redarguit».

1955 1579 2105 1646 Quid
2132 1584 2224 1636 est
2253 1585 2473 1648 autem,
2506 1580 2685 1637 nolite
2732 1579 3168 1637 communicare
3186 1581 3215 1635 ?
3245 1579 3426 1635 nolite
3460 1584 3606 1635 'cona

1958 1669 2195 1740 sentire,
2225 1667 2405 1725 nolite
2463 1669 2722 1737 laudare,
2757 1668 2936 1726 nolite
2965 1669 3308 1743 approbare.
3339 1668 3490 1736 Quid
3512 1672 3609 1725 est

1957 1762 2179 1830 autem,
2210 1758 2402 1832 magis
2450 1762 2508 1814 et
2559 1758 2938 1831 redarguite?
2968 1755 3397 1832 reprehendite,
3428 1757 3608 1813 corri-

1877 1876 1928 1946 Β
1959 1848 2101 1946 pits,
2121 1851 2400 1946 coerccte.
2441 1847 2661 1903 Deinde
2692 1847 2752 1903 in
2782 1847 2914 1920 ipsa
2944 1846 3306 1946 correptione
3332 1845 3420 1902 vel
3451 1849 3608 1903 coer-

1959 1935 2171 1991 citione
2201 1934 2525 1991 alienorum
2558 1940 2931 2008 peccatorum
2962 1936 3287 1992 cavendum
3320 1940 3429 2003 est,
3446 1952 3518 1991 ne
3546 1952 3611 1991 se

1960 2023 2200 2080 extollat
2230 2024 2330 2097 qui
2363 2023 2612 2080 alterum
2645 2025 2905 2098 corripit,
2930 2028 2987 2081 et
3017 2024 3117 2097 qui
3151 2041 3213 2080 se
3239 2028 3406 2097 putat
3434 2028 3609 2089 stam,

1957 2108 2154 2169 videat
2186 2130 2256 2170 ne
2287 2116 2478 2170 cadat.
2514 2113 2676 2171 Foris
2733 2113 3069 2170 terribiliter
3109 2118 3382 2186 personet
3423 2112 3611 2169 incre-

1960 2202 2139 2275 patio,
2177 2194 2339 2259 intus
2370 2203 2632 2259 lenitatis
2663 2207 2931 2260 teneatur
2959 2202 3214 2259 dilectio.
3249 2203 3448 2274 Neque
3475 2218 3612 2274 ergo

1958 2292 2390 2348 consentientes
2412 2292 2544 2349 sitis
2566 2292 2835 2358 malis,ut
2851 2291 3206 2365 approbatis,
3232 2292 3420 2364 neque
3439 2289 3616 2364 negli-

1960 2378 2184 2454 gentes,
2219 2385 2284 2435 ut
2313 2397 2428 2437 non
2457 2382 2737 2454 arguatis,
2772 2396 2961 2453 neque
2989 2380 3489 2453 snperbientes,ut
3516 2379 3614 2435 ine-

1962 2469 2251 2525 sultanter
2279 2470 2561 2543 arguatis.
2599 2491 2627 2519 ››
2660 2470 2730 2525 Et
2774 2474 3016 2526 sanctus
3060 2468 3375 2542 Gregorius
3402 2468 3464 2524 in
3493 2467 3612 2540 epid-

1961 2558 2111 2614 stola
2140 2559 2213 2614 ad
2246 2554 2495 2614 Felicem
2536 2557 2901 2614 Siciliensem
2950 2557 3290 2630 episcopum
3338 2556 3614 2613 Omnibus

1962 2649 2142 2703 donat
2164 2647 2479 2720 episcopis,
2512 2646 2714 2702 dicens
2743 2648 2865 2715 (lib.
2898 2663 2995 2713 xu,
3027 2649 3187 2719 epist.
3219 2646 3309 2718 32)
3343 2662 3357 2702 :
3400 2670 3428 2697 ι(
3463 2647 3615 2703 Sunt

1962 2734 2119 2791 enim
2150 2734 2289 2790 mali
2321 2734 2667 2807 segregandi
2699 2752 2733 2790 a
2762 2733 2952 2799 bonis,
2976 2739 3035 2790 et
3058 2733 3249 2806 iniqui
3280 2752 3315 2790 a
3337 2734 3614 2807 justis,ut

1961 2823 2171 2880 saltem
2204 2824 2413 2879 rubore
2442 2839 2551 2879 suo
2581 2822 2968 2879 conscientias
2997 2839 3139 2878 suas
3174 2828 3611 2895 recognoscant,

1962 2916 2021 2967 et
2050 2915 2463 2967 convertantur
2491 2929 2524 2967 a
2553 2909 2943 2984 pravitatibus
2972 2909 3117 2977 suis,
3148 2914 3206 2966 et
3235 2910 3284 2965 si
3315 2909 3617 2983 incorrigi-

1962 3000 2110 3056 biles
2138 3001 2534 3073 apparuerint,
2551 3003 2932 3073 segregantur
2961 3015 2997 3056 a
3024 2998 3301 3055 fidelibus
3331 3014 3519 3072 usque
3540 3000 3612 3055 ad

1962 3089 2615 3162 satisfactionem.juxta
2639 3089 2869 3147 Domini
2892 3088 3211 3146 Salvatoris
3240 3088 3611 3157 sententiam,

1965 3195 2083 3250 qua
2103 3179 2256 3235 inter
2274 3184 2483 3236 caetera
2500 3181 2571 3236 de
2594 3184 2865 3253 peccante
2878 3179 2938 3234 in
2953 3193 3015 3234 se
3030 3180 3207 3235 fratre
3229 3177 3613 3261 praecipiendo

1883 3244 1931 3318 Β
1961 3244 2047 3324 ait
2078 3284 2091 3323 :
2126 3268 2189 3324 Si
2214 3272 2513 3340 peccaverit
2540 3244 2677 3325 irite
2705 3272 2881 3341 frater
2908 3276 3056 3335 tuus,
3084 3244 3297 3339 con-ipe
3318 3244 3616 3324 emn'inter

1960 3366 2015 3413 te
2041 3366 2091 3414 et
2120 3360 2299 3430 ipsum
2328 3359 2522 3414 solum.
2555 3358 2616 3414 Si
2645 3366 2694 3414 te
2717 3357 2976 3423 audierit,
3024 3358 3268 3413 lucratus
3325 3358 3438 3413 eris
3490 3357 3613 3427 fra-

1965 3453 2101 3502 trem
2126 3456 2300 3503 tuum.
2334 3448 2397 3503 Si
2435 3456 2617 3503 autem.
2666 3454 2714 3502 te
2759 3462 2872 3502 non
2927 3445 3184 3511 audierit,
3219 3445 3416 3501 adhibe
3442 3442 3617 3501 tecum

1962 3552 2156 3604 unum,
2191 3545 2288 3592 aut
2321 3537 2473 3600 duos,
2504 3543 2564 3591 ut
2612 3538 2671 3591 in
2700 3552 2793 3591 ore
2817 3535 3054 3591 duorum
3084 3536 3164 3590 vel
3196 3535 3370 3590 trium
3399 3536 3617 3590 testium

1963 3631 2064 3680 stet
2088 3641 2245 3680 omne
2272 3626 2514 3680 verbum.
2532 3623 2683 3692 Quod
2713 3626 2762 3679 si
2789 3640 2902 3679 non
2930 3623 3174 3679 audient
3198 3636 3310 3686 eos,
3348 3622 3500 3679 100
3527 3622 3617 3677 die

1965 3713 2239 3771 Ecclesiae.
2271 3713 2334 3769 Si
2390 3722 2575 3769 autem
2631 3720 2683 3768 et
2736 3712 3036 3768 Ecclesium
3089 3727 3203 3767 non
3255 3710 3514 3779 audierit,
3545 3711 3620 3766 sit

1964 3801 2066 3857 tibi
2093 3803 2237 3857 sicut
2262 3803 2507 3858 ethnicus
2535 3809 2587 3857 et
2610 3801 2941 3873 publicanus
2971 3796 3175 3869 (Matth.
3209 3816 3370 3868 xvm,
3402 3800 3612 3868 15-17).

1967 3890 2068 3945 His
2098 3906 2234 3963 ergo
2264 3894 2320 3945 et
2349 3890 2551 3946 multis
2579 3889 2711 3946 aliis
2740 3897 3076 3946 sanctorum
3099 3887 3340 3945 Patrum
3372 3888 3620 3945 auctori-

1966 3978 2189 4034 tatibus
2234 3979 2582 4051 segregandi
2631 3983 2771 4034 sunt
2818 3977 2957 4033 mali
2989 3994 3024 4033 a
3054 3976 3247 4043 bonis,
3282 3995 3352 4034 ne
3380 3981 3620 4051 pereant

1958 4068 2229 4139 justipro
2247 4067 2507 4138 injustis,
2536 4067 2689 4122 sicut
2709 4067 2997 4139 scriptum
3026 4068 3313 4122 estzl’erit
3326 4068 3619 4139 justuspro

1968 4158 2137 4228 impio
2158 4156 2355 4228 '(Eccle.
2392 4166 2491 4222 vn,
2524 4155 2635 4226 16).
2669 4154 2850 4211 Debet
2878 4155 3036 4210 enim
3069 4169 3304 4226 semper
3342 4153 3619 4210 discretio

1960 4245 2092 4300 fieri
2124 4245 2274 4301 inter
2302 4245 2488 4299 bonos
2516 4248 2576 4299 et
2606 4243 2819 4314 malos,
2852 4244 3007 4299 sicut
3032 4247 3124 4298 est
3152 4243 3307 4298 inter
3336 4242 3534 4298 battles
3560 4245 3622 4298 et

1966 4350 2121 4390 oves.
2154 4333 2464 4389 Manifesta
2506 4346 2740 4405 quoque
2788 4336 3026 4405 peccata
3068 4346 3188 4387 non
3218 4334 3360 4386 sunt
3392 4331 3622 4387 occulta

1965 4422 2320 4480 correctione
2351 4422 2792 4495 purganda,sed
2827 4420 3019 4493 palam
3052 4424 3192 4476 sunt
3220 4420 3501 4493 arguendi
3516 4421 3621 4493 qui

1966 4513 2162 4586 palam
2186 4512 2639 4579 nocent,utdum
2654 4514 2867 4583 aperta
2885 4508 3293 4582 objurgatione
3312 4513 3619 4579 sanantur,

186 4599 617 4686 dolitm‘lPsal.’
642 4616 792 4668 xux,
828 4599 916 4667 19)
952 4617 966 4685 ς
1019 4601 1256 4671 quando
1304 4599 1403 4656 illo
1454 4600 1607 4657 male
1654 4606 1859 4675 agente
1886 4613 1937 4686 ς)
1964 4602 2028 4658 hi
2059 4603 2159 4675 qui
2188 4619 2289 4658 eos
2319 4601 2607 4657 imitando
2646 4598 3020 4672 deliquerant
3046 4597 3434 4671 corrigantur.
3470 4599 3621 4656 Dum

184 4690 474 4762 acquiter
494 4694 565 4744 ac
593 4675 796 4744 dolose
840 4680 1139 4755 laudabat,
1171 4688 1261 4743 vel
1292 4689 1417 4745 suis
1448 4690 1642 4761 pravis
1673 4690 1854 4746 actio-

187 4779 374 4835 nibus
420 4782 741 4833 assensum
801 4777 1113 4849 praebebat,
1145 4779 1277 4849 quia
1305 4794 1411 4834 non
1441 4779 1617 4834 solum
1649 4781 1744 4850 qui
1769 4781 1857 4849 fa-

186 4870 369 4933 ciunt,
392 4866 501 4923 sed
534 4874 585 4921 et
613 4868 713 4938 qui
762 4868 1106 4922 consentiunt
1156 4868 1503 4937 ﬂieientibus,
1534 4866 1692 4939 digni
1731 4876 1861 4923 sunt

187 4961 364 5013 morte
396 4954 742 5027 (Ruina-32).
777 4943 940 5010 Uade
964 4958 1212 5010 sanctus
1237 4955 1588 5011 Ambrosius
1615 4973 1629 5011 :
1662 4978 1690 5006 «
1714 4959 1857 5012 Cum

184 5046 376 5109 enim,
406 5036 633 5115 mea,
660 5044 821 5098 videt
862 5044 1137 5099 honorari
1186 5060 1250 5099 se
1301 5043 1467 5116 (quin
1498 5044 1550 5101 is
1582 5045 1688 5117 qui
1711 5044 1860 5100 talia

187 5133 455 5208 agitytib’
482 5128 583 5188 bis
610 5132 713 5204 qui
747 5149 862 5187 non
895 5136 1035 5187 sunt
1060 5131 1231 5200 tales,
1264 5132 1473 5188 crescit
1500 5133 1559 5188 in
1591 5134 1767 5197 mala,
1800 5138 1860 5190 et

182 5222 487 5296 gini-im
508 5221 655 5277 forte
674 5224 740 5278 se
757 5221 955 5287 talem,
976 5220 1194 5278 idcirco
1214 5220 1459 5295 dignum
1491 5227 1579 5278 est
1608 5240 1725 5278 una
1750 5223 1870 5279 hos-

182 5312 363 5383 p’e'ena
795 5310 907 5366 sed
938 5314 997 5365 et
1024 5309 1079 5364 is
1101 5310 1208 5382 qui
1258 5310 1396 5366 talia
1423 5312 1671 5383 judicat,
1702 5312 1859 5368 sicut

176 5398 343 5455 idem
372 5397 598 5454 Huius
618 5398 855 5466 dicit,et
887 5399 1023 5453 facit
1051 5406 1271 5465 ea,n'en
1302 5400 1539 5470 eﬂ‘ugiet
1563 5400 1852 5471 judicium

179 5487 307 5543 Dei.
326 5487 462 5543 ‘Per
491 5494 552 5542 Ue
574 5486 735 5542 enim
760 5488 1140 5556 judicatu-rus
1178 5494 1289 5554 est,
1317 5488 1470 5561 apud
1503 5504 1676 5559 quem
1706 5490 1854 5545 adu-

176 5573 325 5630 latio
382 5578 588 5629 cessat
640 5577 706 5628 ‘et
759 5582 1141 5645 personarum
1202 5576 1456 5646 acceptio
1495 5577 1667 5647 (Rom.
1705 5582 1850 5646 11).»

176 5659 754 5719 consiliumnam
785 5662 1128 5732 h‘ujusmo‘di
1180 5663 1507 5734 periculum
1559 5666 1854 5726 dcvitandi

1965 4693 2120 4748 enim
2143 4706 2297 4746 unus
2308 4690 2455 4745 corri
2465 4687 2886 4762 pitur,plurimi
2908 4686 3398 4743 emendantuhEt
3410 4687 3621 4745 melius

1967 4784 2074 4847 est,
2092 4784 2157 4834 ut
2178 4794 2281 4851 pro
2301 4774 2626 4833 multorum
2652 4776 2975 4834 saivatione
2995 4787 3152 4833 unus
3170 4778 3617 4845 condemnetur,

1962 4884 2142 4941 quam
2176 4884 2280 4941 per
2308 4867 2485 4922 unius
2514 4866 2813 4922 licentiam
2847 4855 3471 4938 multi'periclitentur.
3506 4868 3619 4923 Nec

1966 4958 2183 5013 mirum
2215 4955 2263 5012 si
2297 4956 2448 5011 inter
2476 4954 2744 5010 homines
2775 4955 2898 5010 hinc
2926 4954 3076 5010 ratio
3109 4956 3460 5021 custoditur,
3482 4970 3619 5009 cum

1967 5051 2026 5102 et
2054 5046 2206 5101 inter
2226 5046 2505 5116 jumenta
2534 5042 2655 5099 hinc
2680 5043 2809 5099 ﬁeri
2845 5058 3100 5117 persaepe
3131 5040 3531 5115 cognovimus,
3564 5045 3621 5095 et

1966 5153 2035 5192 ea
2065 5144 2190 5207 quae
2223 5131 2479 5189 scabiem
2512 5125 2613 5187 aut
2644 5132 3296 5207 impetiginem'habere
3326 5130 3616 5195 videntur,

1968 5226 2316 5295 separantur
2342 5240 2380 5277 a
2410 5219 2592 5291 sanis,
2620 5238 2700 5275 nc
2724 5220 2960 5283 illorum
2992 5220 3199 5275 morbo
3230 5218 3434 5273 caetera
3459 5217 3616 5273 dam-

1968 5316 2180 5368 nentur
2207 5311 2295 5366 vel
2326 5314 2581 5382 pereant.
2615 5309 2812 5365 Satius
2840 5313 2930 5365 est
2960 5307 3139 5377 enim,
3174 5308 3238 5361 ut
3266 5304 3404 5359 mali
3425 5304 3619 5361 mani-

1967 5402 2110 5457 feste
2145 5400 2717 5472 corrigantur,quam
2746 5415 2850 5470 pro
2872 5395 2990 5450 illis
3012 5396 3145 5450 boni
3170 5397 3428 5467 pereant.
3454 5393 3617 5451 Unde

1964 5490 2237 5547 volumus
2256 5505 2356 5543 vos
2378 5504 2584 5542 omnes
2607 5487 2665 5540 in
2686 5498 2872 5541 unum
2891 5484 3197 5539 convenire
3218 5483 3617 5555 episcopos,ut

1966 5581 2036 5636 de
2057 5578 2450 5634 incidentibus
2475 5574 2670 5630 causis
2692 5576 2793 5629 ﬁat
2810 5571 3173 5642 disceptatio,
3189 5576 3245 5627 et
3260 5571 3520 5629 salubris
3542 5573 3616 5631 de

1965 5667 2356 5726 ecclesiastica
2394 5663 2801 5721 observatione
2845 5659 3096 5729 cotlatio,
3119 5664 3435 5736 quatenus,
3469 5662 3613 5723 dum
