3934 6182
334 355 454 420 ’163
1277 357 1658 421 HINCMARI
1709 359 2152 426 RHEMENSIS
2197 365 2782 440 ARCHIEPISCOPI

3603 372 3710 436 ’164

333 508 436 566 per
454 492 564 550 hoc
582 495 640 549 et
659 489 949 566 praeterita
975 487 1368 566 corriguntur,
1399 494 1458 546 et
1485 490 1746 564 regulam
1779 492 1976 548 futura
2001 491 2058 562 Α
2088 499 2144 552 te
2173 496 2302 554 sine
2330 515 2459 555 meo
2498 505 2802 574 acceptum
2833 500 2952 560 Deo
2981 517 3110 560 esse
3137 507 3200 560 et
3223 502 3549 578 gloriosum
3577 503 3709 578 peri-

331 581 680 655 suscipiunt,
714 581 1086 652 omnipotens
1129 580 1345 653 ubique
1391 580 1673 636 Dominus
1729 581 1974 637 fratrum
2083 584 2235 642 culo.
2269 586 2371 642 Sin
2417 605 2644 656 ausam,
2678 589 2895 647 silentii
2952 591 3064 648 mei
3122 591 3712 666 dissimulationisque

329 669 640 728 concordia
668 669 1050 735 collaudetur,
1081 670 1252 739 cujus
1281 669 1446 725 vobis
1495 669 1700 724 adesse
1730 687 1974 742 praisen-
2082 673 2254 747 culpa
2284 680 2342 730 et
2371 693 2463 732 me
2494 677 2774 750 ingravat,
2809 697 2916 736 nec
2960 685 3017 736 te
3059 680 3285 747 liberat,
3317 681 3474 738 malo
3506 681 3713 755 impor-

328 761 472 818 tiam
501 761 550 816 si
580 760 703 816 haec
731 760 1114 816 observabitis
1144 758 1513 832 scitote,quia
1541 758 1826 830 scriptum
1849 763 1971 814 est:
2080 763 2370 820 tuniorem
2395 761 2507 832 me,
2531 783 2706 839 quam
2730 767 3086 826 inutiliorem
3107 774 3210 826 aut
3237 771 3566 844 turpiorem
3579 771 3714 842 judi-

332 853 434 909 Ubi
459 852 672 924 fuerint
722 849 830 905 duo
876 849 960 904 vel
1007 855 1114 903 tres
1154 850 1466 918 congregati
1493 849 1554 902 in
1582 849 1802 903 nomine
1831 864 1967 915 meo,
2079 851 2511 925 ces.Siquidem
2542 855 2826 928 scriptum
2857 858 3200 925 est,dicente
3229 864 3434 916 sancto
3464 858 3714 931 apostolo

328 941 410 997 ibi
452 957 576 996 sum
627 941 688 994 in
737 939 914 994 medio
969 954 1158 992 eorum
1185 936 1386 1007 (Matth.
1409 952 1563 1003 xvm,
1594 938 1706 1002 20).
1741 936 1799 992 Si
1833 953 1970 1008 ergo
2079 939 2279 1011 Paulo,
2310 943 2481 1016 cujus
2511 961 2626 1000 non
2659 949 2822 1018 potes
2851 945 3182 1004 doctrinam
3239 945 3504 1004 refellere
3539 964 3556 1003 :
3586 950 3716 1004 Iusta

325 1030 531 1086 adesse
561 1029 837 1101 dignatur
867 1027 962 1082 ubi
999 1026 1214 1082 duovel
1238 1030 1357 1080 tres
1377 1029 1759 1097 sunt,quanto
1780 1027 1968 1097 magis
2075 1038 2395 1100 opportune,
2456 1035 2782 1104 importune,
2837 1051 3030 1104 argue,
3087 1038 3328 1102 obsecra,
3386 1039 3615 1108 iiwrepa
3665 1040 3716 1092 in

325 1135 441 1174 non
473 1117 656 1172 deerit
685 1116 783 1172 ubi
826 1115 1024 1188 plures
1081 1113 1436 1170 conveniunt
1492 1115 1822 1170 sacerdotes
1843 1115 1869 1168 ?
1902 1117 1970 1170 Et

323 1206 582 1280 quidem,
617 1223 735 1278 qua
763 1203 1162 1260 adhibendum
1196 1203 1286 1259 bis
1337 1203 1394 1257 in
1444 1220 1597 1258 anno
1652 1202 1964 1259 concilium

324 1297 558 1352 Patrum
612 1295 692 1350 sit
734 1293 950 1365 regulis
1006 1293 1364 1356 institutum,
1399 1309 1513 1347 non
1554 1291 1715 1346 latet.
1749 1293 1858 1347 Sed
1894 1311 1966 1348 ne

321 1386 468 1442 forte
497 1383 696 1456 aliqua
725 1383 1020 1439 excusatio
1051 1382 1148 1449 sit,
1183 1381 1362 1438 semel
1407 1381 1780 1438 decernimus
1826 1400 1964 1438 eon-

320 1491 581 1550 gregare,
614 1477 682 1528 ut
726 1471 1154 1545 exspectatione
1211 1470 1440 1527 concilii
1499 1471 1643 1527 nihil
1696 1489 1962 1545 pravum,

319 1563 466 1622 nihil
489 1565 882 1636 praesumetur
900 1559 1188 1616 illicitum.
1213 1561 1359 1616 Nam
1384 1559 1670 1633 plerique,
1691 1565 1750 1617 et
1767 1561 1817 1618 si
1847 1579 1963 1618 non

319 1669 516 1710 amore
546 1650 806 1724 iustitia},
828 1655 988 1705 metu
1016 1649 1466 1705 examinationis
1494 1649 1862 1706 abstineatur
1890 1652 1962 1706 ab

316 1741 425 1799 hoc
449 1740 603 1813 quod
626 1737 892 1795 omnium
915 1742 1118 1793 notum
1151 1741 1242 1794 est
1271 1754 1442 1810 posse
1471 1727 1780 1810 displicere
1809 1739 1962 1810 iudi-

315 1830 423 1887 cio.
438 1831 786 1885 nEtsanctus
798 1826 1210 1882 Ambrosiusin
1223 1825 1472 1898 epistola
1482 1827 1554 1881 ad
1569 1827 1960 1884 Theodosium

314 1920 728 1992 imperatorem
761 1915 941 1971 dicit:
976 1938 1002 1965 «
1027 1915 1332 1971 Exercitiis
1361 1931 1614 1988 semper,
1635 1919 1694 1970 et
1712 1915 1961 1989 jugibus

315 2009 432 2066 fere
452 2007 612 2063 curis
633 2023 788 2073 sum,
812 2005 1133 2078 imperator
1170 2003 1528 2072 beatissime,
1561 2005 1811 2061 deditus.
1847 2006 1958 2061 Sed

291 2101 618 2171 -nunquam
640 2099 803 2152 tanto
825 2095 883 2150 in
906 2099 1049 2151 aestu
1073 2094 1176 2164 fui,
1203 2098 1424 2166 quanto
1446 2113 1622 2161 nunc,
1639 2112 1773 2150 cum
1795 2095 1960 2152 video

314 2187 636 2245 cavendum
659 2201 732 2241 ne
752 2184 892 2258 quid
917 2184 995 2239 sit
1011 2184 1167 2256 quod
1187 2182 1514 2240 ascribatur
1536 2183 1680 2238 mihi
1702 2183 1874 2239 etiam
1889 2185 1960 2240 de

313 2274 602 2350 sacrilegii
632 2273 910 2348 periculo.
943 2273 1145 2344 Itaque
1175 2276 1308 2346 peto
1340 2277 1405 2328 ut
1435 2271 1721 2344 patienter
1747 2290 1962 2329 sermo-

313 2383 448 2424 nem
507 2380 704 2420 meum
763 2362 989 2418 audias.
1033 2363 1177 2418 Nam
1239 2361 1288 2417 si
1342 2361 1620 2434 indignus
1668 2379 1800 2417 sum
1859 2361 1960 2434 qui

313 2473 350 2512 a
372 2459 428 2511 te
457 2453 684 2520 audiar,
717 2451 998 2526 indignus
1046 2468 1178 2506 sum
1227 2450 1324 2524 qui
1358 2467 1462 2524 pro
1492 2455 1549 2507 te
1577 2451 1838 2518 offeram,
1865 2449 1958 2506 cui

313 2550 419 2602 tua
473 2547 629 2612 vota,
665 2540 761 2598 cui
815 2545 950 2598 tuas
1007 2541 1343 2596 committas
1400 2557 1619 2613 preces.
1654 2541 1782 2613 Ipse
1823 2557 1960 2614 ergo

251 2687 261 2699 ,
314 2651 431 2691 non
463 2631 670 2688 audies
711 2646 867 2699 eum,
901 2646 1076 2702 quem
1133 2645 1238 2702 pro
1282 2633 1340 2686 te
1385 2627 1574 2685 audiri
1615 2627 1806 2686 velis?
1834 2629 1958 2685 Non

312 2722 518 2780 audies
559 2737 664 2794 pro
705 2737 768 2777 se
795 2722 1086 2793 agentem,
1121 2735 1296 2791 quem
1350 2735 1456 2792 pro
1511 2717 1644 2775 aliis
1699 2717 1963 2774 audisti?

313 2812 428 2869 Nec
456 2809 672 2867 vereris
693 2807 989 2882 judicium
1020 2812 1210 2876 tuum,
1245 2825 1315 2864 ne
1345 2824 1481 2863 cum
1507 2807 1816 2880 indignum
1847 2823 1960 2880 pu-

312 2899 459 2957 taris
491 2915 667 2972 quem
699 2897 926 2966 audias,
962 2897 1242 2971 indignus
1273 2895 1475 2952 feceris
1503 2895 1604 2968 qui
1635 2913 1738 2968 pro
1767 2901 1825 2952 te
1854 2915 1960 2952 au-

312 2988 547 3046 diatur?
563 2987 674 3044 Sed
706 2985 1228 3060 nequeimperiale
1256 2989 1346 3041 est
1374 2984 1698 3041 libertatem
1729 2984 1960 3040 dicendi

313 3094 547 3151 negare.
570 3092 760 3150 neque
798 3074 1158 3132 sacerdotale
1181 3075 1338 3148 quod
1359 3073 1578 3130 sentias
1599 3091 1714 3129 non
1745 3073 1956 3130 dicere.

311 3165 467 3224 Nihil
495 3165 652 3224 enim
685 3165 744 3220 in
772 3163 938 3220 vobis
965 3161 1418 3235 imperatoribus
1442 3165 1564 3216 tam
1595 3160 1874 3234 populare
1903 3164 1962 3218 et

313 3259 436 3312 tam
459 3251 712 3310 amabile
733 3255 842 3318 est,
875 3231 1412 3324 quam'libertatem
1433 3231 1615 3306 etiam
1631 3231 1692 3303 in
1713 3249 1806 3304 bis
1827 3249 1957 3304 dili-
1988 3231 2033 3303 .G

311 3341 575 3416 gere,qui
597 3339 879 3411 obsequio
901 3337 1125 3394 militiae
1146 3337 1309 3394 vobis
1330 3337 1546 3393 subditi
1571 3341 1730 3392 sunt.
1765 3337 1956 3410 Siqui-

309 3429 444 3485 dem
461 3427 570 3484 hoc
589 3426 830 3482 interest
851 3425 1001 3481 inter
1020 3425 1205 3481 bonos
1215 3423 1470 3481 etmalos
1485 3424 1958 3498 principes,quod

311 3516 450 3573 boni
497 3515 828 3571 libertatem
877 3518 1098 3581 amant,
1128 3511 1463 3568 servitutem
1497 3513 1768 3586 improbi.
1801 3513 1956 3570 Nihil

309 3604 558 3662 etiamin
573 3604 998 3660 sacerdotetam
1015 3601 1406 3674 periculosum
1432 3603 1584 3674 apud
1609 3603 1814 3668 Deum,
1836 3608 1956 3660 tam

308 3696 480 3767 turpe
509 3693 662 3766 apud
694 3692 1170 3764 homines,quam
1200 3691 1355 3762 quod
1387 3691 1601 3748 sentiat
1632 3709 1745 3748 non
1777 3691 1956 3750 libere

313 3785 457 3840 τυι
489 3779 1162 3854 denuntiare.Siquidem
1195 3779 1478 3852 scriptum
1509 3784 1600 3836 est
1631 3797 1644 3835 :
1677 3783 1742 3837 Et
1772 3783 1954 3854 loque-

309 3874 411 3928 bar
429 3873 493 3928 tle
515 3872 839 3928 testimoniis
868 3872 977 3926 tuis
1009 3871 1070 3926 in
1095 3879 1381 3942 conspectu
1401 3887 1608 3942 regam,
1627 3879 1678 3926 ct
1705 3888 1814 3926 non
1833 3888 1956 3927 con»

305 3960 577 4032 fundebar
603 3961 780 4030 (Psal.
812 3975 1005 4026 cxvm,
1040 3960 1148 4026 46).
1211 3959 1283 4014 Et
1335 3958 1472 4014 alibi
1508 3976 1522 4014 :
1556 3960 1666 4015 Fili
1694 3960 1950 4026 hominis,

307 4049 699 4122 speculatorem
725 4055 775 4104 te
799 4049 962 4120 posui
987 4047 1175 4104 domui
1202 4047 1392 4113 Israel,
1426 4049 1488 4102 in
1513 4064 1592 4114 eo,
1613 4047 1887 4130 inquit,ut
1904 4050 1958 4104 si

304 4146 586 4196 avertatur
619 4137 802 4210 justus
829 4153 863 4192 a
901 4137 1139 4209 justiliis
1181 4137 1318 4202 suis,
1348 4143 1400 4192 et
1437 4139 1628 4208 fecerit
1671 4136 1949 4204 delictum,

305 4231 436 4302 quia
479 4243 592 4284 non
637 4225 946 4282 distinxisti
989 4227 1063 4294 ei,
1095 4227 1194 4282 hoc
1239 4234 1316 4281 est
1357 4241 1469 4280 non
1497 4225 1696 4281 diristi
1722 4225 1854 4297 quid
1881 4227 1955 4282 sit

303 4316 620 4382 cavendum,
648 4331 759 4372 non
806 4316 1132 4370 retinebitur
1178 4316 1445 4371 memoria
1473 4315 1711 4386 justitiae
1737 4315 1878 4386 ejus,
1903 4323 1956 4370 et

303 4407 632 4476 sanguinem
659 4405 778 4478 ejus
806 4403 872 4460 de
895 4419 1069 4459 manu
1113 4411 1208 4458 tua
1247 4403 1558 4474 exquiram.
1597 4405 1672 4458 Tu
1697 4411 1876 4458 autem
1898 4405 1954 4460 si

304 4495 516 4551 dixeris
553 4495 702 4566 justo
746 4500 808 4550 ut
849 4509 962 4549 non
1008 4500 1205 4564 peccet,
1252 4499 1306 4547 et
1350 4494 1464 4562 ipse
1493 4507 1603 4548 non
1627 4495 1947 4563 peccaverit,

2072 1119 2228 1173 omni
2259 1121 2526 1190 patientia
2555 1131 2606 1177 et
2633 1122 2882 1178 doctrina
2925 1125 3000 1192 (II
3033 1125 3166 1180 Tim.
3201 1141 3275 1191 ιν,
3307 1128 3384 1193 2).
3429 1124 3717 1181 Habemus

2074 1223 2212 1278 ergo
2231 1212 2288 1262 et
2309 1227 2414 1264 nos
2437 1211 2530 1265 cui
2558 1209 2862 1283 displicere
2879 1211 3012 1284 plus
3027 1212 3266 1284 periculi
3284 1213 3386 1269 sit:
3403 1215 3714 1286 praesertim

2073 1310 2204 1350 cum
2220 1297 2396 1352 etiam
2410 1297 2858 1370 imperatoribus
2869 1318 2986 1356 non
2997 1287 3422 1373 displiceatsu’o
3433 1319 3718 1375 quemque

2074 1383 2234 1456 fungi
2268 1401 2532 1453 munere,
2555 1391 2612 1443 et
2639 1387 2926 1460 patienter
2955 1389 3212 1446 audiatis
3241 1405 3718 1462 unumquemque

2071 1489 2177 1544 pro
2191 1491 2298 1530 suo
2320 1480 2730 1548 suggerentem
2753 1477 2964 1544 ofﬁcio,
2987 1476 3108 1534 imo
3125 1477 3274 1535 corri
3281 1477 3457 1550 piatis
3469 1477 3525 1534 si
3542 1495 3654 1534 non
3667 1495 3720 1533 u-

2072 1565 2232 1618 tatur
2245 1553 2466 1620 militize
2481 1582 2598 1621 suae
2619 1565 2841 1623 ordine.
2857 1567 3020 1634 Quod
3037 1567 3245 1640 ergoin
3258 1565 3622 1623 hislibenter
3634 1583 3714 1622 ac-

2071 1651 2266 1724 cipitis
2277 1653 2376 1726 qui
2393 1653 2558 1709 vobis
2571 1653 2996 1724 militant,num
3013 1655 3122 1712 hoc
3139 1654 3198 1711 in
3217 1655 3720 1728 sacerdotibuspo-

2073 1745 2182 1796 test
2197 1740 2507 1798 molestum
2525 1741 2726 1810 videri,
2740 1760 2876 1800 cum
2893 1742 2950 1798 id
2965 1743 3296 1816 loquamur,
3311 1761 3426 1804 non
3449 1745 3616 1816 quod
3629 1761 3716 1800 vo-

2070 1827 2397 1897 lumus,sed
2413 1832 2566 1902 quod
2573 1832 2896 1903 jubemur?
2909 1831 3036 1889 Scis
3047 1831 3202 1889 enim
3219 1832 3716 1891 lectum:Cumsta-

2071 1921 2201 1975 bitis
2213 1927 2340 1976 ante
2350 1935 2498 1990 reges
2507 1929 2560 1976 et
2563 1921 2825 1993 prwsides
2833 1966 2846 1988 ,
2858 1923 3027 1978 nolite
3041 1923 3280 1992 rogitare
3297 1921 3431 1994 quid
3445 1923 3710 1995 loquami-

2068 2009 2151 2064 ni.
2176 2008 2288 2064 Non
2308 2009 2459 2064 enim
2477 2025 2566 2066 vos
2587 2011 2714 2066 estis
2735 2011 2833 2083 qui
2851 2011 3054 2082 loquim
3063 2012 3150 2067 ini
3155 2010 3266 2077 ,sed
3279 2012 3517 2082 spiritus
3537 2013 3710 2068 Patris

2070 2099 2235 2153 vestri
2252 2099 2349 2170 qui
2367 2098 2607 2170 loquitur
2628 2101 2690 2154 in
2709 2099 2858 2154 vobis
2877 2097 3346 2169 (Mattb.x,19).Et
3365 2103 3569 2156 tamen
3595 2099 3709 2156 siin

2068 2185 2263 2241 causis
2283 2185 2614 2258 reipublicae
2634 2185 3140 2260 loquar,quamvis
3157 2186 3334 2244 etiam
3350 2186 3470 2244 illic
3483 2187 3713 2260 justitia

2070 2275 2351 2330 servanda
2381 2275 2478 2341 sit,
2510 2291 2624 2331 non
2655 2279 2820 2332 tanto
2849 2275 3144 2350 astringar
3172 2280 3353 2347 metu,-
3384 2277 3435 2332 si
3465 2293 3591 2333 non
3622 2294 3713 2333 au-

2069 2362 2287 2419 diar.In
2318 2380 2496 2420 causa
2523 2381 2657 2421 vero
2689 2363 3004 2437 Dei,quem
3034 2364 3315 2433 audies,si
3355 2367 3712 2424 sacerdotem

2069 2469 2184 2507 non
2217 2451 2440 2520 audies,
2472 2453 2644 2524 cujus
2691 2453 2912 2525 majore
2941 2459 3216 2526 peccatur
3244 2453 3506 2527 periculo
3527 2455 3558 2510 ?
3582 2455 3714 2521 Quis

2068 2539 2174 2596 tibi
2207 2557 2406 2596 verum
2434 2539 2677 2596 audebit
2703 2541 2916 2610 dicere,
2949 2542 2997 2598 si
3033 2543 3307 2598 sacerdos
3335 2559 3450 2599 non
3479 2543 3715 2600 audeat?

2068 2629 2209 2685 Novi
2233 2633 2288 2685 te
2317 2628 3087 2702 pium,clementcm,mitem
3109 2634 3284 2703 atque
3305 2631 3713 2704 tranquillum,

2069 2717 2247 2776 fidem
2277 2734 2344 2774 ac
2375 2717 2646 2774 timorem
2678 2717 2908 2776 Domini
2940 2718 3098 2776 cordi
3129 2719 3574 2788 habentem,sed
3601 2719 3712 2793 ple-

2069 2823 2319 2880 rumque
2349 2806 2548 2879 aliqua
2565 2823 2671 2863 nos
2693 2807 3160 2864 fallunt.Habent
3181 2807 3364 2882 aliqui
3384 2808 3576 2865 zelum
3594 2810 3712 2879 Dei,

2070 2897 2172 2954 sed
2196 2913 2312 2952 non
2337 2897 2664 2952 secundum
2697 2887 3025 2954 scientiam.
3059 2897 3141 2953 Ne
3169 2897 3352 2970 igitur
3397 2897 3511 2954 hoc
3539 2899 3711 2954 etiam

2069 2985 2342 3042 fidelibus
2371 2983 2586 3041 animis
2615 2985 2876 3056 obrepat,
2909 2987 3234 3042 cavendum
3272 2986 3543 3044 arbitror.
3576 2987 3708 3043 Novi

2069 3074 2344 3146 pietatem
2378 3078 2536 3130 tuam
2569 3090 2708 3146 erga
2736 3073 2942 3142 Deum,
2977 3072 3277 3130 lenitatem
3306 3073 3366 3133 in
3399 3075 3666 3133 homines
3695 3092 3708 3131 :

2069 3162 2363 3237 obligatus
2383 3179 2517 3219 sum
2541 3160 2840 3218 beneﬁciis
2865 3166 3102 3218 tuarum
3132 3161 3711 3236 indulgentiarum,et

2067 3249 2197 3307 ideo
2229 3250 2361 3324 plus
2391 3255 2607 3307 metuo.
2639 3249 2909 3324 Amplius
2947 3249 3227 3318 sollicitor
3273 3269 3346 3309 ne
3385 3251 3560 3310 etiam
3593 3253 3709 3326 ipse

2065 3345 2166 3396 tuo
2201 3357 2294 3396 me
2341 3345 2544 3412 postea
2579 3339 2806 3412 judicio
2851 3341 3228 3411 condemnes,
3259 3341 3416 3413 quod
3455 3357 3587 3398 mea
3612 3345 3712 3398 aut

2067 3428 2561 3494 dissimulatione,
2593 3432 2697 3484 aut
2745 3424 3102 3495 adulatione,
3136 3427 3568 3502 prolapsionem
3597 3447 3706 3487 non

2065 3517 2387 3574 evitaveris.
2423 3516 2482 3572 Si
2515 3516 2572 3572 in
2601 3533 2694 3574 me
2725 3517 2951 3589 peccari
2981 3517 3262 3586 viderem,
3295 3535 3410 3574 non
3443 3518 3703 3575 deberem

2065 3609 2275 3662 tacere.
2309 3605 2606 3678 Scriptum
2636 3609 2728 3662 est
2755 3604 2912 3662 enim
2945 3622 2958 3660 :
2992 3605 3054 3662 Si
3079 3607 3254 3678 frater
3279 3615 3404 3663 tuus
3436 3609 3500 3663 in
3525 3617 3574 3664 te
3593 3624 3708 3680 pec-

2063 3697 2282 3762 caverit,
2315 3697 2526 3766 corripe
2564 3695 2728 3750 illum
2768 3696 2970 3767 primo,
3001 3693 3198 3752 deinde
3253 3697 3476 3768 increpa
3527 3712 3703 3753 coram

2061 3786 2274 3855 duobus
2323 3791 2422 3838 aut
2465 3783 2642 3839 trib-us
2687 3785 2933 3839 testibus.
2964 3783 3028 3840 Si
3051 3791 3101 3840 te
3127 3800 3240 3840 non
3265 3783 3524 3854 audierit,
3558 3785 3700 3841 τοι

2061 3873 2151 3928 die
2177 3873 2434 3928 Ecclesiae
2459 3871 2663 3942 (Matth.
2697 3889 2856 3939 xvm,
2897 3873 2977 3937 l6,
3015 3873 3121 3941 17).
3153 3872 3400 3928 Causam
3442 3890 3576 3946 ergo
3601 3873 3697 3928 Dei

2064 3961 2351 4017 tacebo?»
2377 3961 2448 4015 Et
2477 3960 2615 4016 item
2649 3960 2722 4016 ad
2755 3959 2948 4016 locum
2975 3977 2988 4014 :
3022 3985 3050 4010 «
3075 3961 3194 4034 Ego
3235 3965 3390 4017 certe
3417 3962 3567 4034 quod
3599 3960 3697 4016 bo-

2062 4047 2464 4104 noriﬁcentius
2487 4047 2608 4104 ﬁeri
2638 4047 2822 4120 potui,
2846 4047 3050 4114 feci,ut
3067 4065 3159 4104 me
3181 4049 3372 4122 magis
3392 4049 3618 4106 audires
3635 4047 3697 4102 in

2062 4137 2318 4210 regia,ne
2331 4135 2378 4192 si
2399 4152 2635 4192 necesse
2655 4140 2810 4192 esset
2828 4135 3062 4192 audires
3081 4135 3140 4192 in
3167 4137 3546 4194 ecclesia.»Et
3562 4137 3693 4192 item

2063 4225 2122 4281 in
2145 4225 2328 4281 altera
2347 4223 2598 4298 epistola
2617 4225 2688 4280 ad
2712 4225 2984 4282 eumdem
3007 4225 3152 4281 dicit
3170 4227 3243 4282 ad
3270 4226 3464 4283 locum
3493 4243 3508 4281 :
3541 4248 3567 4276 «
3587 4226 3692 4281 Ta-

2061 4331 2272 4382 cerem,
2298 4313 2398 4369 sed
2421 4313 2577 4386 quod
2601 4311 2998 4370 miserrimum
3021 4313 3287 4370 omnium
3309 4316 3475 4384 foret,
3503 4313 3692 4387 alliga-

2061 4408 2222 4459 retur
2249 4401 2628 4468 conscientia,
2659 4419 2768 4458 vox
2823 4401 3164 4474 eriperetur.
3198 4404 3275 4459 Et
3295 4403 3394 4460 ubi
3421 4407 3508 4460 est
3534 4401 3690 4467 illud,

2061 4492 2121 4550 Si
2144 4493 2416 4550 sacerdos
2438 4509 2552 4546 non
2573 4490 2784 4548 dixerit
2803 4495 3053 4560 erratas,
3076 4492 3176 4565 qui
3207 4493 3486 4550 erraverit
3512 4493 3566 4549 in
3591 4507 3690 4546 sua

295 4584 478 4654 justus
508 4585 616 4638 vita
647 4584 808 4648 vivet,
843 4583 974 4654 quia
1018 4581 1216 4636 dixisti
1259 4583 1332 4646 ei,
1362 4587 1414 4636 et
1441 4587 1500 4636 tu
1527 4582 1774 4636 aninuzm
1803 4589 1952 4636 tuam
1979 4597 2028 4664 ι)
2059 4581 2234 4654 culpa
2261 4581 2564 4648 morietur,
2589 4583 2649 4636 et
2696 4581 2968 4636 sacerdos
3019 4596 3156 4637 reus
3198 4581 3310 4636 erit
3335 4599 3537 4656 pinna,
3563 4579 3690 4652 quia

247 4739 254 4742 ν
307 4672 566 4726 liberabis
595 4669 807 4740 (Bacch.
841 4686 925 4736 III,
960 4669 1156 4740 17-19).
1191 4667 1342 4725 Malo
1382 4668 1580 4742 igitur,
1615 4669 1950 4742 imperator,

305 4761 590 4816 bonorum
627 4757 771 4814 mihi
801 4775 932 4833 esse
963 4761 1152 4814 tecum
1185 4773 1364 4830 quam
1396 4756 1684 4813 malorum
1716 4775 1948 4814 consor-

305 4847 452 4904 tium
488 4864 502 4904 :
535 4851 594 4902 et
622 4846 750 4902 ideo
797 4845 1119 4902 clementiae
1167 4849 1280 4902 tuae
1327 4845 1832 4918 displiceredebet
1861 4863 1952 4902 sa-

305 4936 557 4994 cerdotis
603 4933 924 5000 silentium,
959 4933 1196 4991 libertas
1255 4937 1498 5007 placere.
1536 4936 1680 4991 Nam
1729 4935 1944 4991 silentii

305 5027 418 5083 mei
443 5023 699 5098 periculo
720 5021 1048 5090 involveris,
1073 5022 1358 5080 libertatis
1379 5025 1529 5080 bono
1540 5025 1788 5095 juvaris.
1821 5025 1945 5080 Non

304 5132 442 5190 ergo
471 5113 848 5188 importunus
878 5109 1159 5168 indebitis
1191 5129 1283 5168 me
1312 5112 1828 5179 intersero,alienis
1857 5115 1944 5168 in-

303 5221 477 5278 gere:
511 5203 610 5260 sed
642 5199 856 5258 debitis
887 5200 1246 5272 obtempero,
1280 5200 1571 5258 mandatis
1617 5201 1716 5257 Dei
1764 5202 1947 5257 nostri

303 5293 526 5350 obedio.
562 5291 726 5358 Quod
760 5289 907 5348 facio
958 5290 1214 5363 primum
1266 5286 1348 5346 tui
1381 5308 1596 5356 amore,
1633 5290 1715 5347 tui
1737 5292 1944 5364 gratia,

301 5385 415 5438 tuae
435 5380 630 5438 studio
658 5379 1067 5436 conservanda:
1097 5377 1338 5435 salutis:
1373 5379 1420 5436 si
1454 5379 1510 5434 id
1536 5378 1678 5433 mihi
1713 5381 1796 5435 vel
1833 5399 1946 5436 non

303 5471 578 5539 creditur,
609 5470 697 5527 vel
731 5468 1118 5536 interdicitur,
1152 5467 1281 5524 dico
1309 5485 1448 5524 sane
1477 5467 1684 5524 divinae
1715 5470 1946 5527 oﬂ'cnsae

303 5563 484 5614 metu.
509 5559 655 5614 Nam
687 5558 738 5614 si
768 5575 966 5615 meum
1001 5556 1324 5629 periculum
1361 5561 1415 5612 te
1446 5563 1698 5626 exueret,
1723 5560 1946 5630 patien-

304 5648 394 5702 ter
422 5663 515 5702 me
544 5662 648 5717 pro
678 5652 734 5702 te
758 5647 1046 5712 offerrem,
1069 5645 1170 5702 sed
1204 5661 1317 5702 non
1345 5645 1768 5703 libenter.Malo
1789 5648 1946 5704 enim

2063 4687 2176 4726 non
2200 4669 2506 4725 admonuit
2525 4672 2814 4725 amntem
2839 4669 2866 4724 ?
2887 4691 2916 4719 ››
2939 4670 3010 4725 Et
3030 4669 3170 4725 item
3193 4671 3265 4726 ad
3289 4669 3483 4726 locum
3507 4687 3521 4726 :
3555 4691 3581 4719 α
3599 4668 3688 4724 Fa-

2059 4762 2221 4814 ctum
2243 4761 2332 4812 est
2352 4757 2410 4813 in
2435 4757 2577 4814 urbe
2602 4755 3393 4831 Thessalonicensiuquuod
3411 4758 3567 4814 nulla
3585 4771 3683 4812 me-

2060 4845 2248 4903 moria
2265 4845 2462 4911 habet,
2487 4845 2643 4918 quod
2665 4863 2931 4902 revocare
2960 4863 3074 4902 non
3099 4847 3258 4920 potui
3285 4864 3358 4902 ne
3379 4848 3557 4916 fieret,
3581 4847 3680 4900 imo

2057 4935 2212 5007 quod
2233 4937 2369 4990 ante
2389 4933 2824 4990 atrocissimum
2846 4934 2968 4991 fore
2994 4935 3132 4990 duxi
3163 4952 3300 4991 cum
3331 4936 3506 4993 toties
3533 4949 3676 5006 roga-

2057 5041 2204 5094 rem,
2235 5027 2292 5080 et
2320 5022 2475 5095 quod
2507 5022 2632 5095 ipse
2663 5023 2984 5078 revocando
3012 5039 3185 5096 grave
3219 5023 3442 5080 factum
3463 5019 3674 5098 putasti.

2058 5113 2175 5168 Hoc
2190 5113 2406 5168 factum
2429 5115 2738 5166 extenuare
2760 5128 2874 5166 non
2897 5112 3427 5184 poteram,quando
3448 5111 3674 5186 primum

2058 5199 2324 5258 auditum
2354 5202 2464 5268 est,
2489 5197 2624 5271 quia
2655 5203 2892 5272 propter
2919 5201 3235 5256 adventum
3267 5199 3564 5257 Gallorum
3582 5196 3678 5270 epi-

2058 5305 2368 5361 scoporum
2389 5287 2646 5360 synodus
2677 5291 3054 5344 convenerat:
3076 5305 3248 5344 nemo
3265 5306 3380 5345 non
3393 5285 3674 5362 ingemuit,

2059 5377 2259 5434 nullus
2289 5375 2660 5430 mediocriter
2687 5375 2929 5448 accepit.
2949 5377 3074 5432 Non
3106 5382 3230 5432 erat
3257 5377 3397 5433 facti
3427 5376 3508 5432 tui
3537 5375 3679 5431 abso-

2057 5466 2202 5523 lutio
2233 5467 2292 5520 in
2324 5463 2616 5520 Ambrosii
2648 5465 3212 5531 communione,imo
3239 5465 3416 5521 etiam
3448 5460 3675 5534 amplius

2059 5555 2360 5613 commissi
2397 5557 2778 5628 exaggeratur
2806 5551 3044 5620 invidia,
3077 5553 3124 5608 si
3158 5569 3330 5609 nemo
3359 5553 3563 5608 diceret
3588 5543 3674 5604 Dei

2059 5645 2240 5702 nostri
2272 5641 2802 5700 reconciliationem
2831 5641 2953 5698 fore
2985 5641 3481 5700 necessariam.An
3509 5636 3668 5712 pudet
