3934 6182
161 365 262 427 765

1049 364 1152 426 os
1193 365 1568 427 DlVOll'l‘IO
1611 317 1988 427 ‘Lo'rnaau
2037 364 2135 425 ΕΤ
2179 362 2645 428 TETBERG/E.

3434 371 3550 436 766

159 505 226 572 te,
253 499 582 570 imperator,
605 496 715 554 hac
746 455 932 555 facere
961 499 1117 572 quod
1141 515 1238 555 rex
1268 503 1326 555 et
1347 497 1628 572 propheta
1659 516 1791 556 auc-
1819 497 1877 566 Α
1907 495 2005 553 illa
2032 497 2412 555 offensionem
2436 516 2448 555 :
2473 499 2615 572 quia
2642 498 2764 557 haec
2792 499 2970 560 habet
3009 500 3427 574 humilitatem,
3448 505 3552 564 illa

159 595 239 646 tor
254 585 456 644 Christi
483 587 812 644 secundum
837 604 1071 644 carnem
1105 587 1388 660 prosapiae
1411 589 1546 644 fecit
1566 588 1742 644 David
1760 588 1790 644 Ἰ

161 677 379 752 Cognito
400 677 557 748 quod
581 676 708 748 ipse
729 677 789 732 in
812 677 1092 750 parabole
1127 683 1486 750 argueretur,
1511 679 1630 734 ait:
1655 685 1786 735 Pec-

160 769 264 824 cavi
286 766 510 822 Domino
541 767 614 838 (11
644 766 768 837 Reg.
800 783 902 830 xu,
940 767 1050 836 13).
1074 767 1203 822 Noli
1249 783 1386 839 ergo
1417 763 1790 840 impatienter

159 857 309 917 ferre,
347 855 682 926 imperator,
718 853 766 908 si
799 853 1030 910 dicatur
1058 855 1165 910 tibi
1201 871 1214 910 :
1249 857 1336 912 Tu
1370 855 1556 911 fecisti
1602 855 1784 923 istud,

161 945 294 1018 quod
320 943 490 1000 David
525 943 645 1016 regi
671 944 891 1000 dictum
917 949 1006 1000 est-
1027 961 1060 998 a
1089 943 1391 1016 prepheta.
1415 944 1474 1001 Si
1497 945 1653 1000 enim
1678 945 1788 1000 hoc

159 1031 339 1090 sedulo
370 1031 628 1088 audieris
658 1036 716 1088 et
737 1033 954 1089 dixeris
976 1050 990 1088 :
1013 1035 1242 1089 Peccavi
1261 1035 1516 1101 Domino,-
1549 1033 1596 1089 si
1628 1035 1787 1091 dixe-

158 1123 228 1177 ris
251 1124 304 1176 et
335 1119 478 1176 illud
513 1115 920 1193 propheticum
947 1139 960 1176 :
989 1123 1169 1178 Venite
1203 1122 1510 1188 adoremus,
1531 1131 1584 1178 et
1609 1127 1788 1194 proci-

155 1212 324 1266 damus
347 1217 474 1266 ante
505 1225 655 1276 eum,
683 1219 734 1266 et
758 1211 1034 1283 ploremus
1063 1219 1190 1266 ante
1215 1212 1509 1267 Dominum
1539 1215 1635 1285 qui
1662 1215 1793 1284 fecit

154 1317 233 1356 nos
259 1299 423 1367 (Psal.
459 1316 612 1364 xcrv,
631 1301 710 1369 6),
737 1299 953 1356 dicitur
979 1303 1038 1356 et
1067 1299 1196 1365 tibi,
1220 1301 1498 1373 quoniam
1549 1301 1792 1374 paenitet

153 1395 222 1454 te,
250 1388 498 1444 dimittet
537 1387 644 1444 tibi
693 1389 979 1444 Dominus
1010 1393 1314 1462 peccatum
1347 1394 1518 1446 tuum
1567 1395 1625 1446 et
1673 1408 1788 1446 non

151 1475 450 1534 morieris.»
489 1477 561 1533 Et
589 1477 727 1534 item
760 1477 829 1534 ad
863 1477 1056 1534 locum
1079 1493 1128 1535 τα
1153 1477 1358 1550 Itaque
1387 1479 1660 1551 pmnitu’it
1684 1480 1792 1535 Do-

153 1565 372 1630 minum,
394 1569 454 1621 et
509 1566 698 1638 jussit
725 1566 930 1640 angelo
962 1571 1024 1622 ut
1051 1572 1314 1638 parceret
1359 1567 1536 1640 plebi,
1567 1569 1788 1624 sacriﬁ-

151 1653 284 1710 cium
311 1660 516 1711 autem
547 1655 780 1712 offerret
803 1655 1007 1711 David.
1033 1656 1214 1712 Erant
1232 1659 1387 1712 enim
1411 1661 1552 1713 tunc
1573 1657 1793 1714 sacriﬁ-

165 1743 242 1800 cia
266 1761 362 1816 pro
391 1743 644 1811 delictis,
665 1748 722 1800 et
751 1762 906 1800 nunc
929 1749 1071 1801 sunt
1095 1744 1384 1801 sacriﬁcia
1413 1745 1787 1817 paenitentiae.

1903 581 2306 661 contemptum
2331 604 2344 642 :
2379 588 2479 644 Dei
2521 589 2676 645 enim
2706 605 2813 645 vox
2841 595 2951 658 est,
2971 593 3126 664 quod
3157 594 3326 652 malit
3354 600 3420 652 ut
3448 597 3552 654 fiat

1898 679 2240 734 mandatum
2275 679 2424 750 ejus,
2439 695 2620 750 quam
2642 679 2939 736 deferatur
2959 681 3332 738 sacriﬁcium.
3347 683 3550 740 Clama

1897 765 2056 822 istud
2070 767 2225 824 Deus
2242 768 2312 822 ad
2335 767 2638 840 populum,
2656 767 2884 840 Moyses
2901 770 3235 835 annuntiat,
3249 772 3549 843 apostolus

1899 855 2112 912 Paulus
2133 855 2426 928 praedicat.
2448 857 2507 912 Id
2532 857 2706 912 facito
2727 857 2882 929 quod
2904 855 3185 931 intelligis
3207 857 3266 913 in
3288 863 3551 932 tempore

1898 944 2032 1018 plus
2053 944 2297 1018 placere.
2325 945 2772 1010 Misericordiam,
2797 946 3010 1018 inquit,
3033 947 3178 1004 malo
3199 963 3365 1020 quam
3383 950 3552 1004 sacri-

1895 1035 2082 1105 ﬁcium
2103 1034 2306 1104 (Matth.
2330 1051 2406 1098 ix,
2434 1035 2542 1102 13).
2569 1035 2742 1100 Quasi
2778 1051 2894 1088 non
2926 1034 3009 1089 illi
3042 1035 3231 1109 magis
3253 1035 3372 1091 sint
3393 1036 3551 1092 Chri-

1897 1122 2096 1190 stiani,
2119 1123 2218 1194 qui
2254 1126 2556 1194 peccatum
2589 1123 2984 1178 condemnant
3014 1140 3212 1190 suum,
3236 1141 3417 1196 quam
3448 1126 3550 1198 qui

1897 1211 2327 1268 defendendum
2353 1215 2580 1283 putant.
2601 1215 2636 1268 J
2642 1219 2823 1267 ustum
2843 1211 2999 1266 enim
3034 1215 3094 1268 in
3109 1212 3335 1268 exordio
3353 1231 3553 1270 sermo-

1899 1303 1985 1356 nis
2013 1309 2294 1357 accusator
2323 1308 2404 1355 est
2427 1302 2522 1356 sui
2545 1301 2728 1368 (Prov.
2757 1317 2917 1366 xvm,
2945 1301 3052 1370 17).
3081 1302 3189 1368 Qui
3221 1319 3283 1357 se
3314 1307 3552 1359 accusat

1897 1405 2032 1445 cum
2076 1390 2419 1461 peccaverit,
2443 1389 2649 1460 justus
2686 1393 2795 1452 est,
2821 1405 2936 1444 non
2969 1387 3067 1446 ille
3096 1391 3198 1462 qui
3239 1408 3303 1446 se
3345 1391 3551 1450 lauda-

1897 1478 2060 1535 verit.
2084 1479 2152 1534 Et
2176 1483 2242 1534 tu
2269 1482 2594 1552 praeventus
2623 1495 2706 1544 es,
2733 1480 2792 1533 et
2819 1494 2926 1550 ego
2953 1495 3068 1534 non
3100 1477 3406 1536 declinavi.
3433 1498 3549 1538 non

1899 1569 2054 1641 quod
2085 1583 2286 1624 cavere
2325 1567 2662 1623 debueram.
2699 1567 2812 1623 Sed
2849 1568 3071 1640 gratias
3111 1568 3378 1636 Domino,
3411 1569 3552 1642 quia

1895 1655 2021 1712 vult
2049 1655 2310 1712 servulos
2341 1673 2481 1712 suos
2507 1656 2816 1728 castigare,
2849 1673 2921 1712 ne
2952 1657 3175 1729 perdat.
3205 1655 3368 1712 Istud
3401 1657 3548 1713 mihi

1897 1762 2211 1802 commune
2239 1750 2328 1801 est
2359 1763 2493 1802 cum
2525 1744 2848 1818 prophetis,
2873 1749 2930 1802 et
2958 1743 3065 1802 tibi
3097 1744 3210 1802 erit
3233 1762 3549 1804 commune

159 1831 337 1902 itaque
363 1848 466 1887 rex
495 1848 566 1888 ea
596 1831 931 1890 humilitate
978 1833 1270 1906 acceptior
1298 1833 1414 1890 Deo
1445 1835 1632 1889 factus
1676 1840 1786 1890 est.
1817 1865 1867 1933 Β
1899 1852 2034 1891 cum
2066 1835 2308 1891 sanctis.
2333 1857 2362 1884 »ι

155 1919 261 1975 Non
287 1918 435 1975 enim
485 1919 827 1976 mirandum
862 1937 1102 1994 peccare
1139 1921 1462 1991 hominem,
1485 1923 1585 1978 sed
1637 1921 1780 1980 illud

155 2007 602 2081 reprehensibile,
635 2009 685 2065 si
717 2027 832 2066 non
865 2027 928 2067 se
956 2014 1270 2086 cognoscat
1301 2029 1548 2078 errasse,
1583 2011 1629 2068 si
1664 2029 1780 2068 non

154 2113 205 2154 se
223 2095 476 2152 humilict
499 2097 639 2154 Deo.
653 2099 764 2156 Job
785 2103 1025 2156 sanctus
1043 2103 1101 2156 et
1122 2100 1246 2173 ipse
1266 2105 1472 2172 potens
1493 2100 1552 2155 in
1569 2100 1781 2156 saeculo

151 2186 251 2241 ait:
274 2191 552 2243 Peccatum
589 2205 772 2244 meum
807 2205 918 2244 non
966 2190 1240 2257 abscondi,
1263 2189 1358 2245 sed
1401 2205 1586 2246 coram
1630 2191 1784 2263 plebe

151 2276 282 2331 omni
307 2278 640 2333 annuntiavi
664 2277 801 2345 (Job.
823 2293 977 2343 xxxi,
1003 2277 1154 2347 33).»
1175 2278 1246 2334 Et
1275 2275 1415 2334 item
1443 2279 1513 2334 ad
1543 2277 1736 2335 locum
1763 2295 1776 2334 :

149 2386 172 2413 α
196 2363 313 2420 Haec
345 2365 472 2420 ideo
523 2365 753 2438 scripsi,
786 2371 853 2422 ut
901 2383 1015 2422 non
1067 2370 1123 2423 te
1171 2367 1549 2432 confundam,
1581 2368 1684 2424 sed
1716 2371 1783 2424 ut

148 2469 324 2526 regum
355 2455 621 2528 exempla
648 2460 980 2528 provocent,
1008 2461 1072 2512 ut
1102 2455 1276 2513 tollas
1319 2456 1428 2514 hoc
1473 2461 1777 2530 peccatum

149 2541 208 2596 de
226 2559 391 2616 regno
414 2547 535 2599 tuo.
550 2542 746 2600 Tolles
766 2549 962 2600 autem
986 2544 1360 2601 humiliando
1381 2546 1496 2602 Deo
1518 2547 1775 2602 animam

149 2634 308 2686 tuam.
333 2631 516 2688 Homo
558 2649 642 2701 es,
666 2637 724 2689 et
770 2631 876 2688 tibi
923 2633 1082 2688 venit
1125 2633 1391 2705 tentatio,
1413 2634 1578 2691 vince
1625 2653 1775 2692 eam.

154 2717 436 2776 Peccatum
466 2738 584 2776 non
617 2719 844 2799 tollitur
871 2721 984 2778 nisi
1013 2720 1290 2796 lacrymis
1318 2727 1376 2780 et
1415 2723 1776 2796 pmnitentia,

153 2823 241 2862 nec
259 2808 496 2882 angelus
521 2813 734 2883 potest,
749 2827 855 2866 nec
876 2809 1263 2884 archangelus
1285 2829 1297 2868 :
1323 2811 1610 2868 Dominus
1631 2812 1776 2884 ipse,

156 2895 238 2967 qui
259 2897 412 2953 solus
445 2902 638 2970 potest
664 2898 856 2955 dicere
881 2915 894 2955 :
919 2900 1034 2969 Ego
1063 2917 1181 2955 sum
1210 2901 1307 2972 qui
1334 2900 1484 2957 deleo
1511 2902 1778 2974 iniquita-

157 2991 216 3040 tes
248 2992 358 3042 tuas
388 2985 511 3057 (lsa.
534 3004 694 3054 xuu,
719 2989 831 3059 25),
857 2987 904 3044 si
946 2987 1401 3061 peecaverimus,
1440 2989 1552 3046 nisi
1593 2990 1776 3062 pumi-

153 3074 373 3130 tentiam
401 3075 802 3132 deferentibus
841 3094 954 3134 non
987 3076 1226 3134 relaxat.
1249 3100 1277 3128 »
1300 3079 1370 3134 Et
1415 3077 1554 3134 item
1584 3079 1656 3134 ad
1687 3079 1777 3135 lo-

153 3177 266 3218 cum
297 3179 311 3216 :
337 3159 366 3212 ἱσ
395 3163 576 3220 Vince
623 3163 945 3235 diabolum,
979 3167 1120 3222 dum
1151 3166 1334 3224 habes
1380 3166 1572 3223 adhuc
1619 3169 1776 3224 unde

157 3251 325 3321 possis
351 3252 599 3309 vincere.
633 3253 762 3310 Noli
812 3231 1116 3328 peccatum
1149 3255 1381 3322 addere,
1413 3259 1479 3311 ut
1528 3273 1776 3328 usurpes
1805 3231 1853 3302 (ἶ

153 3339 288 3409 quod
333 3357 654 3414 usurpasse
699 3341 902 3398 multis
954 3343 1162 3399 obfuit.
1192 3367 1220 3393 ››
1249 3345 1320 3399 Et
1366 3347 1498 3416 post
1543 3361 1776 3417 pauca:

153 3426 327 3500 «Ego,
375 3427 641 3502 inquam,
675 3445 915 3488 causam
974 3431 1033 3486 in
1089 3435 1147 3487 te
1205 3433 1587 3490 contumaciae
1647 3434 1778 3489 nul-

152 3512 250 3570 lam
280 3515 481 3584 habeo,
515 3519 615 3574 sed
669 3519 856 3576 habeo
885 3519 1116 3576 timoris
1147 3537 1160 3576 :
1195 3522 1400 3578 otl'erre
1445 3539 1560 3578 non
1592 3523 1778 3579 audeo

152 3604 500 3674 sacriﬁcium,
535 3607 586 3663 si
615 3606 867 3664 volueris
911 3609 1204 3666 assistere.
1243 3611 1536 3668 Postremo
1586 3611 1778 3668 scribo

154 3707 306 3748 manu
337 3710 467 3750 mea
494 3695 650 3768 quod
683 3695 845 3752 solus
895 3696 1078 3770 legas.
1114 3698 1198 3754 Ita
1245 3716 1340 3755 me
1387 3698 1674 3756 Dominus
1703 3701 1776 3757 ab

153 3782 402 3865 omnibus
445 3783 929 3840 tribulationibus
977 3785 1202 3854 liberet,
1236 3787 1377 3858 quia
1422 3805 1538 3844 non
1571 3789 1643 3845 ab
1673 3787 1774 3844 ho-

153 3869 309 3936 mine,
331 3889 517 3944 neque
546 3890 652 3946 per
697 3873 1020 3942 hominem,
1053 3877 1152 3930 sed
1185 3880 1380 3948 aperte
1411 3877 1554 3933 mihi
1597 3877 1775 3934 inter-

153 3955 347 4015 dictum
387 3962 538 4018 70³
585 3961 997 4019 adverti.Cum
1043 3964 1201 4020 enim
1251 3981 1442 4020 essem
1491 3965 1777 4024 sollicitus

151 4042 259 4116 ipsa
281 4054 462 4114 nocte,
485 4067 603 4124 qua
623 4053 694 4107 ad
720 4057 798 4120 te,
825 4053 978 4108 sicut
997 4053 1268 4126 petieras,
1297 4053 1585 4126 proﬁcisci
1612 4072 1774 4128 para-

152 4133 286 4202 bam,
303 4139 528 4195 venisse
549 4139 788 4212 quidem
807 4141 968 4197 visus
987 4158 1050 4198 es
1071 4141 1141 4197 ad
1165 4141 1494 4215 ecclesiam,
1509 4143 1609 4200 sed
1628 4143 1772 4200 mihi

152 4225 476 4282 sacriﬁcium
506 4229 712 4285 olferre
757 4247 874 4286 non
924 4229 1110 4286 licuit.
1141 4229 1270 4286 Alia
1316 4237 1614 4304 praetereo,
1646 4249 1775 4305 qua:

151 4313 285 4382 potui
337 4319 546 4382 tacere,
569 4317 671 4372 sed
723 4318 935 4390 pertuli
984 4335 1182 4376 amore
1230 4323 1354 4388 tuo,
1389 4324 1455 4376 ut
1501 4321 1771 4377 arbitror.

150 4399 405 4460 Dominus
426 4404 604 4460 faciat
625 4410 690 4462 ut
708 4406 909 4462 omnia
927 4423 1061 4462 cum
1085 4407 1511 4480 tranquillitate
1541 4409 1771 4464 cedant.

151 4486 432 4547 Multil‘arie
462 4493 534 4548 de
564 4492 660 4550 his
709 4511 818 4550 nos
858 4495 1134 4552 admonet
1179 4497 1367 4569 signis
1416 4497 1771 4573 cmlestibus,

1967 1923 2267 1990 Quomodo
2289 1926 2486 1979 autem
2517 1923 2703 1981 isdem
2736 1923 2942 1979 beatus
2971 1922 3288 1996 imperator
3311 1923 3546 1997 publice

1889 2011 2178 2086 pcenitens
2199 2011 2322 2068 haec
2343 2011 2672 2068 obaudierit
2697 2009 2941 2078 monita,
2962 2010 3150 2067 isdem
3171 2012 3378 2078 beatus
3399 2015 3542 2090 Am:

1890 2101 2123 2159 brosius
2153 2101 2306 2157 inter
2341 2100 2456 2156 alia
2505 2100 2565 2155 in
2615 2101 2896 2156 Sermone
2942 2099 3379 2172 quadragesimi
3427 2101 3542 2157 diei

1889 2189 2285 2247 defunctionis
2302 2189 2490 2261 ipsius
2505 2205 2701 2244 coram
2727 2187 2974 2244 Honorio
2993 2190 3258 2261 Augusto
3278 2188 3396 2244 ﬁlio
3417 2192 3544 2258 ejus

1887 2281 2274 2336 demonstrat.
2299 2277 2560 2345 Qualiter
2585 2277 2762 2333 etiam
2793 2275 2983 2332 caeteri
3005 2275 3325 2332 Christiani
3365 2280 3543 2348 atque

1888 2369 2087 2426 ﬁdeles
2110 2370 2209 2426 Dei
2253 2370 2324 2426 de
2361 2367 2892 2424 communicatione
2931 2365 3274 2436 hujusmodi
3311 2365 3542 2438 pericu-

1888 2459 2010 2516 lum
2031 2460 2273 2515 evadere
2291 2457 2545 2522 valeant,
2566 2461 2626 2513 et
2645 2455 2934 2512 Dominus
2965 2453 3022 2508 in
3049 2453 3360 2526 Evangelia
3383 2454 3456 2510 de
3477 2471 3544 2511 eo

1887 2549 1986 2622 qui
2031 2564 2132 2620 pro
2181 2551 2418 2619 peccato
2447 2549 2750 2617 correptus
2792 2547 3107 2600 emendare
3155 2541 3414 2599 noluerit
3442 2543 3542 2599 de-

1887 2641 2182 2694 monstrat
2218 2635 2423 2704 (Hatth.
2462 2637 2647 2701 xvm),
2679 2636 2738 2689 et
2785 2629 2998 2688 Paulus
3048 2631 3108 2686 in
3160 2630 3419 2704 Epistula
3469 2631 3543 2688 ad

1885 2724 2218 2782 Corinthios
2263 2723 2452 2780 dicit:
2487 2723 2662 2779 Nolite
2713 2737 2940 2779 errare:
2993 2735 3169 2792 neque
3219 2721 3540 2792 fornicarii,

1883 2831 2058 2888 neque
2085 2814 2246 2871 idolis
2275 2815 2589 2879 servientes,
2621 2825 2796 2883 neque
2835 2808 3100 2878 adulteri,
3131 2825 3304 2880 neque
3331 2809 3542 2874 molles,

1883 2919 2056 2976 neque
2100 2904 2468 2960 masculorum
2515 2899 2904 2968 concubitores,
2948 2913 3124 2970 neque
3161 2899 3340 2965 avari,
3371 2914 3545 2970 neque

1885 2993 2104 3058 ebriosi,
2135 3009 2310 3066 neque
2356 2990 2628 3056 maledici,
2667 3003 2842 3060 neque
2886 3002 3122 3059 rapaces
3167 3001 3395 3055 regnum
3445 2986 3545 3042 Dei

1884 3081 2229 3154 possidebunt
2258 3082 2307 3148 (1
2335 3082 2465 3136 For.
2496 3096 2576 3146 vi,
2615 3079 2671 3146 9,
2715 3077 2822 3148 10).
2854 3077 2924 3132 Et
2977 3074 3119 3130 item
3169 3090 3183 3129 :
3233 3073 3392 3129 Nunc
3439 3089 3531 3129 au-

1887 3178 1992 3228 tem
2019 3173 2219 3243 scripsi
2255 3170 2424 3236 vobis,
2454 3185 2527 3225 ne
2574 3165 3058 3224 commisceamini.
3089 3161 3154 3218 Si
3201 3163 3324 3235 quis
3369 3163 3544 3234 frater

1886 3262 2206 3318 nominatur
2241 3267 2294 3316 ct
2335 3265 2414 3315 est
2465 3258 2784 3329 fornicator,
2816 3261 2914 3310 aut
2968 3268 3189 3318 avarus,
3221 3258 3320 3306 aut
3372 3252 3539 3308 idolis

1886 3351 2146 3417 serviens,
2169 3355 2267 3404 aut
2289 3346 2609 3413 maledicus,
2639 3351 2736 3400 aut
2771 3342 3036 3408 ebriosus,
3061 3347 3158 3410 aut
3185 3357 3382 3413 rapax,
3416 3357 3542 3397 cum

1887 3437 2201 3510 hujusmodi
2228 3453 2327 3494 nec
2353 3436 2536 3492 cibum
2561 3449 2794 3490 sumere.
2817 3431 3038 3503 Auferte
3053 3430 3263 3486 malum
3289 3446 3360 3486 ex
3389 3429 3540 3490 vobis

1887 3529 1935 3596 (1
1964 3529 2084 3584 Cor.
2106 3544 2161 3591 v,
2184 3525 2243 3581 11
2279 3529 2338 3580 et
2370 3525 2478 3590 13).
2513 3523 2584 3578 Et
2610 3526 2852 3577 sanctus
2881 3522 3133 3576 Joannes
3175 3517 3538 3592 evangelista

1886 3622 1945 3672 et
1962 3613 2273 3688 Apostolus
2293 3631 2306 3668 :
2330 3614 2394 3668 Et
2413 3627 2562 3667 nunc
2578 3609 2890 3666 antichristi
2905 3607 3070 3662 multi
3087 3615 3217 3662 sunt
3233 3608 3278 3678 (ι
3297 3610 3534 3673 Joan.u,

1888 3704 1997 3776 18).
2023 3705 2093 3758 Et
2121 3701 2261 3758 item
2291 3719 2306 3757 :
2340 3700 2525 3757 Omnis
2565 3699 2664 3772 qui
2700 3696 2918 3764 recedit,
2949 3703 3001 3752 et
3027 3711 3140 3751 non
3162 3699 3445 3766 permanet
3476 3695 3537 3762 in

1883 3793 2132 3850 doctrina
2153 3792 2381 3856 Christi,
2418 3792 2590 3846 Deum
2614 3804 2728 3843 non
2781 3786 2958 3843 habet.
2995 3784 3100 3853 Qui
3149 3788 3431 3854 permanet
3475 3783 3536 3838 in

1883 3884 2150 3947 doctrina,
2175 3881 2264 3936 hic
2283 3879 2486 3935 Filium
2514 3885 2567 3933 et
2595 3883 2814 3934 Patrem
2841 3874 3016 3930 habet.
3047 3872 3112 3928 Si
3140 3872 3261 3944 quis
3291 3873 3438 3927 venit
3466 3872 3538 3928 ad

1885 3989 1994 4040 vos,
2017 3977 2069 4027 et
2093 3971 2237 4024 hanc
2269 3967 2576 4024 doctrinam
2603 3981 2716 4022 non
2751 3964 2928 4036 affert,
2951 3961 3123 4017 nolite
3149 3961 3388 4032 recipere
3411 3977 3538 4016 eum

1885 4061 1946 4115 in
1972 4058 2214 4124 domum,
2241 4071 2341 4112 nec
2371 4055 2475 4110 Ave
2511 4055 2566 4110 ei
2609 4053 2867 4109 dixeritis
2899 4069 2918 4105 :
2949 4051 3046 4122 qui
3089 4051 3240 4104 enim
3283 4049 3420 4106 dicit
3446 4050 3538 4106 illi

1882 4149 2008 4209 Ave,
2045 4147 2408 4202 communicat
2451 4143 2703 4215 aperibus
2743 4141 2901 4196 illius
2944 4138 3211 4208 malignis
3240 4137 3314 4208 (ll
3335 4142 3529 4206 Joan.,

1880 4235 2050 4306 9-11).
2075 4236 2146 4290 Et
2165 4250 2238 4288 ne
2259 4231 2394 4304 quis
2428 4231 2606 4296 dicat,
2631 4230 2784 4285 704
2809 4229 2928 4284 Rex
2973 4225 3395 4296 est,quomodo
3439 4241 3534 4282 me

1882 4325 1956 4381 ab
1985 4322 2146 4378 illius
2177 4324 2374 4393 potero
2413 4315 2941 4375 communicatione
2970 4311 3358 4370 subtrahere?
3387 4313 3534 4368 sciat

1883 4415 2150 4469 sanctum
2181 4409 2466 4466 Joannem
2489 4404 2814 4476 Baptistam
2845 4403 2974 4457 ideo
2997 4399 3277 4473 martyrio
3297 4415 3532 4455 corona-

1883 4507 2032 4569 tum,
2057 4497 2195 4572 quia
2225 4495 2454 4552 dicebat
2478 4492 2687 4549 Herodi
2718 4510 2732 4560 ;
2768 4491 2882 4546 Non
2907 4491 3032 4546 licet
3058 4488 3160 4545 tibi
3186 4489 3382 4543 habere
3409 4503 3531 4544 eam

150 4579 535 4666 {mphetamm
565 4583 888 4655 prmceptis,
904 4583 1229 4640 visionibus
1248 4585 1423 4640 etiam
1445 4589 1766 4658 pectorum.
1797 4597 1848 4666 ι)
1874 4593 2058 4666 (.liarc.
2081 4605 2159 4654 vr,
2189 4586 2300 4658 18),
2317 4583 2459 4656 quin
2493 4581 2817 4638 adulteram
2843 4578 3169 4666 mulierem.
3191 4577 3262 4634 Et
3291 4574 3526 4643 Paulus,

147 4661 263 4720 Vult
289 4684 392 4724 nos
422 4669 770 4743 intelligere,
797 4688 912 4744 quo
952 4689 1227 4745 rogemus
1257 4689 1414 4741 eum,
1437 4678 1505 4729 ut
1541 4679 1768 4746 pertur-

148 4751 381 4812 bationes
410 4757 659 4828 auferat,
685 4775 887 4832 pacem
917 4760 1081 4816 vobis
1113 4761 1537 4834 imperantibus
1559 4767 1769 4833 servet,

149 4840 270 4898 ﬁdes
297 4845 562 4903 Ecclesia:
593 4851 652 4904 et
697 4847 1091 4922 tranquillitas
1137 4855 1480 4922 perseveret,
1513 4852 1604 4908 cui
1636 4870 1768 4924 pro-

146 4927 254 4986 dest
275 4931 640 4992 Christianos
666 4940 726 4993 et
751 4936 879 5010 pios
909 4955 1038 4994 esse
1063 4937 1466 5012 imperatores.
1490 4941 1654 4997 Certe
1681 4943 1770 4999 vis

146 5019 352 5087 probari
383 5023 521 5080 Deo.
555 5025 728 5081 Omni
780 5025 861 5082 rei
909 5030 1163 5098 tempus,
1195 5031 1261 5082 ut
1299 5027 1585 5102 scriptum
1631 5035 1722 5088 cst
1752 5049 1766 5088 :

149 5105 366 5180 Tempus,
395 5111 610 5186 inquit,
641 5115 906 5186 faciendi,
939 5117 1166 5173 Domine
1202 5117 1398 5186 (Eccle.
1431 5135 1514 5186 ιιι,
1551 5119 1631 5191 1);
1663 5123 1720 5174 et
1751 5137 1764 5175 :

150 5193 345 5268 Tempus
391 5199 737 5274 beneplacili,
784 5204 924 5260 Deus
969 5205 1140 5273 (Psat.
1181 5220 1374 5271 cxvm,
1424 5206 1567 5274 126).
1601 5207 1765 5263 Tunc

145 5282 354 5355 ollares,
413 5305 549 5344 cum
609 5290 978 5347 sacriﬁcandi
1046 5292 1340 5364 acceperis
1405 5293 1762 5362 facultatem,

144 5374 349 5441 quando
381 5375 574 5434 hostia
604 5383 706 5434 tua
732 5384 970 5452 accepta
998 5380 1075 5435 sit
1103 5381 1239 5436 Deo.
1263 5380 1513 5436 Omnino
1543 5400 1635 5437 me
1665 5385 1762 5439 de-

143 5454 352 5518 lectaret
381 5464 596 5523 habere
631 5469 884 5542 gratiam
921 5468 1314 5542 imperatoris,
1345 5474 1410 5524 ut
1437 5473 1762 5528 secundum

142 5545 472 5610 voluntatem
522 5560 686 5613 tuam
738 5574 992 5630 agerem,
1026 5559 1075 5614 si
1119 5575 1298 5614 causa
1349 5563 1661 5630 pateretur.
1695 5563 1764 5617 Et

145 5634 362 5711 simplex
400 5643 586 5700 oratio
627 5645 983 5702 sacriﬁcium
1013 5649 1139 5702 est:
1163 5645 1285 5701 haec
1311 5647 1538 5704 veniam
1590 5650 1762 5706 refert

1877 4665 1946 4738 ut
1969 4673 2385 4752 praemisimus,
2409 4687 2543 4727 cum
2576 4669 2918 4741 hujusmodi
2951 4684 3058 4724 nec
3077 4665 3276 4722 cibum
3297 4681 3531 4721 sumere

1872 4767 2080 4833 vetuit,
2111 4763 2210 4837 qui
2242 4766 2302 4817 et
2329 4759 2468 4817 alibi
2497 4757 2673 4814 dicit:
2698 4757 2781 4812 An
2803 4758 3250 4829 experimnntum
3277 4754 3529 4826 quaeritis

1877 4861 1992 4931 ejus
2048 4855 2143 4928 qui
2197 4853 2259 4907 in
2311 4865 2398 4905 me
2439 4849 2684 4920 loquitur
2727 4844 3117 4916 Christus?(ll
3145 4842 3265 4899 Cor.
3291 4858 3417 4908 xm,
3447 4841 3528 4913 3.)

1876 4947 1949 5003 Et
1977 4945 2102 5016 ipse
2134 4938 2413 4996 Dominus
2461 4935 2520 4991 in
2567 4933 2877 5007 Evangelio
2925 4932 3142 4990 clamat
3173 4948 3188 4987 :
3223 4931 3330 5000 Qui
3355 4937 3431 4986 est
3458 4946 3529 4986 ea:

1877 5039 2014 5104 Deo,
2044 5030 2202 5087 verba
2237 5029 2338 5084 Dei
2361 5025 2553 5082 audit:
2573 5031 2855 5096 propterea
2878 5040 2969 5079 vos
2996 5039 3108 5078 non
3137 5021 3365 5084 auditis,
3396 5020 3526 5090 quia

1873 5141 1946 5180 ea:
1972 5123 2078 5179 Deo
2105 5135 2213 5175 non
2239 5118 2369 5172 estis
2413 5115 2592 5187 (Joan.
2613 5131 2734 5178 νιιι,
2759 5113 2870 5184 47).
2893 5112 2966 5168 Et
3014 5111 3156 5166 item
3187 5125 3200 5164 :
3232 5107 3296 5162 Si
3338 5105 3527 5172 diligi-

1872 5213 1942 5268 tis
1988 5227 2096 5278 me,
2125 5205 2386 5263 mandata
2411 5219 2530 5258 mea
2577 5211 2786 5258 servate
2814 5221 2832 5257 :
2863 5203 2960 5272 qui
3011 5216 3124 5254 non
3177 5195 3366 5264 diligit
3415 5209 3521 5259 me,

1871 5299 2128 5356 mandata
2182 5311 2304 5350 mea
2353 5309 2460 5348 non
2516 5299 2696 5347 servat
2746 5291 2925 5358 (Joan.
2955 5305 3070 5354 xw,
3102 5287 3172 5340 15
3215 5287 3273 5339 et
3308 5281 3422 5352 24).
3455 5281 3526 5336 Et

1873 5385 2175 5460 apostolus
2204 5383 2460 5439 Joannes
2493 5397 2506 5436 :
2542 5381 2648 5449 Qui
2680 5380 2814 5434 dicit
2857 5377 2990 5450 quia
3033 5374 3206 5442 diligo
3253 5371 3444 5440 Deum,
3474 5376 3528 5425 et

1871 5476 2128 5533 mandata
2177 5473 2294 5545 ejus
2340 5486 2452 5526 non
2497 5469 2742 5534 custodit,
2774 5466 3014 5521 mendax
3059 5468 3140 5518 est
3165 5463 3215 5533 (l
3239 5460 3396 5516 Joan.
3443 5475 3520 5526 1v,

1869 5568 1982 5634 20).
2007 5565 2078 5620 Et
2111 5561 2377 5618 Psalmus
2423 5557 2494 5612 de
2544 5553 2808 5611 Domino.
2841 5552 3037 5608 Perdes
3068 5565 3252 5607 omnes
3297 5548 3395 5619 qui
3441 5547 3523 5602 lo-

1871 5661 2116 5726 quuntur
2156 5647 2503 5706 mendacium
2531 5642 2702 5712 (Psal.
2735 5657 2791 5707 ν,
2819 5643 2896 5708 7).
2929 5639 3001 5696 Et
3039 5639 3178 5696 item
3219 5634 3522 5711 apostolus
