3934 6182
421 367 538 430 767

1347 361 1736 425 IllNCMAlll
1783 358 2236 426 RREMENBIS
2280 357 2901 426 ARCHIEPISCOPI.

3651 361 3750 424 768

419 504 676 562 Icannes
711 501 772 558 in
815 497 1159 574 Apocalypsi
1194 515 1208 554 :
1241 497 1346 556 Nec
1393 495 1624 554 intrabit
1673 497 1735 553 in
1772 513 1859 564 ea,
1888 494 1946 552 id
1977 499 2068 552 est
2094 495 2151 564 Α
2179 512 2379 552 secum
2409 495 2798 553 incorrectum
2824 463 3232 562 convenit-emt
3259 508 3577 551 omnesuno
3593 495 3750 552 consi-

420 593 479 650 ln
511 591 728 651 caelesti
760 589 1110 658 Jerusalem,
1143 588 1357 660 aliquid
1390 587 1826 660 coinquinatum,
1858 587 2070 655 faciens

421 685 911 750 abominationem,
971 687 1024 736 et
1075 677 1424 734 mendacium
1478 676 1659 747 (Apoc.
1699 691 1814 738 xxi,
1853 676 1966 742 27).
2000 673 2072 729 Et

421 777 560 833 item
593 790 607 829 :
646 772 871 830 Timidis
913 776 1112 834 autem,
1141 775 1192 822 et
1235 765 1552 830 incredulis,
1585 772 1636 820 et
1670 764 1986 827 exsecratis,
2017 773 2068 819 et

422 865 728 931 homicidas,
751 870 802 918 et
821 855 1266 932 fornicatoribus,
1291 863 1342 910 et
1370 853 1636 923 veneﬁcis,
1659 860 1711 907 et
1735 851 2062 916 idololatris,

420 967 472 1014 et
501 955 752 1013 omnibus
789 947 1162 1012 mendacibus,
1193 961 1321 1016 pars
1371 943 1595 998 illorum
1621 943 1729 996 erit
1775 942 1836 996 in
1879 947 2072 1006 stagno

421 1046 642 1102 ardenti
664 1045 790 1111 igne
808 1048 860 1095 et
876 1036 1156 1108 sulphure,
1179 1033 1318 1106 quod
1346 1041 1424 1088 est
1451 1047 1596 1086 mors
1623 1029 1862 1086 secunda.
1882 1027 2066 1095 (‘ib£d.,

421 1123 497 1204 8).
521 1133 632 1189 Sed
661 1147 763 1186 eos
788 1124 1071 1184 terribilis
1113 1121 1433 1192 increpatio
1463 1118 1794 1190 evangelica
1832 1117 2073 1182 invehit,

418 1227 520 1298 qui
560 1223 874 1277 dilexerunt
924 1215 1163 1284 gloriam
1216 1211 1502 1266 hominum
1543 1208 1721 1276 magis
1769 1223 1933 1278 quam
1977 1207 2076 1261 Dei

418 1318 606 1381 (lacn.
656 1325 757 1376 xu,
793 1305 902 1378 43),
935 1307 993 1360 et
1030 1318 1130 1358 eos
1179 1300 1482 1370 increpant
1527 1314 1596 1352 ac
1639 1298 2075 1368 persequuntur

419 1403 520 1477 qui
553 1418 617 1456 sc
647 1394 994 1454 subtrahere
1022 1389 1228 1448 volunt
1247 1388 1319 1444 ab
1338 1385 1498 1442 omni
1529 1386 1704 1441 fratre
1733 1384 2074 1440 ambulante

421 1472 772 1551 inordinate.
799 1484 878 1539 De
907 1480 1127 1554 quibus
1144 1475 1413 1533 videlicet
1432 1473 1903 1548 persecutoribus
1933 1472 2076 1529 dici.

421 1585 520 1639 tur
545 1579 607 1635 in
636 1569 986 1649 Apocalypsi
1019 1585 1032 1624 :
1063 1567 1239 1624 Habeo
1269 1567 1524 1622 adversus
1553 1573 1624 1630 te,
1645 1566 1778 1635 quia
1800 1565 2076 1635 permittis

419 1671 711 1730 mulierem
738 1655 974 1729 Iezabel,
1006 1673 1134 1732 quae
1171 1673 1228 1712 se
1277 1656 1412 1711 dicit
1450 1653 1742 1726 prephetas
1787 1653 1992 1719 docere,
2024 1665 2076 1713 et

423 1761 674 1822 selucere
701 1768 882 1812 servos
921 1764 1086 1816 meos,
1116 1747 1392 1818 fornicari
1417 1752 1470 1801 et
1502 1742 1837 1798 manducare
1863 1743 1930 1798 de
1959 1743 2077 1798 ido-

423 1849 666 1922 lothytis.
700 1846 765 1900 Et
793 1841 921 1898 dedi
954 1839 1044 1894 illi
1091 1845 1299 1907 tempus
1346 1841 1406 1889 ut
1449 1833 1827 1922 pamileptiam
1871 1839 2074 1901 ageret,

417 1947 471 1999 et
497 1921 610 1994 non
632 1934 750 1991 uult
775 1931 1036 2004 pamitere
1055 1943 1090 1982 α
1105 1925 1470 1998 fornicatione
1497 1937 1618 1976 sua.
1641 1921 1775 1976 Ecce
1803 1936 1900 1989 ego
1917 1923 2074 1976 mitto

419 2043 543 2088 eam
573 2027 634 2082 in
663 2025 881 2088 lectum,
913 2027 963 2075 et
1008 2017 1104 2089 qui
1149 2012 1488 2070 masc/tantur
1514 2027 1638 2066 cum
1663 2027 1728 2066 ea
1757 2011 1819 2065 in
1847 2009 2076 2066 tribula-

421 2121 624 2178 tionem
637 2113 964 2176 maximam,
979 2107 1096 2162 nisi
1113 2103 1492 2176 pmnitentiam
1505 2103 1718 2170 egerint
1734 2099 1802 2155 ab
1821 2099 2072 2172 aperibus

418 2209 555 2273 Suis,
586 2211 638 2260 et
657 2201 810 2274 ﬁlios
846 2198 962 2270 ejus
1011 2193 1350 2264 interficiant
1402 2191 1463 2246 in
1517 2197 1765 2256 mortem,
1795 2196 1847 2244 et
1899 2189 2076 2244 scient

419 2310 604 2354 omnes
633 2289 906 2354 Ecclesiae,
919 2285 1062 2358 quia,
1080 2297 1176 2351 ego
1202 2297 1325 2336 sum
1353 2287 1602 2336 seruiens
1625 2293 1782 2332 renes
1809 2285 1860 2332 et
1882 2277 2064 2343 corda,

419 2393 472 2443 et
524 2383 661 2439 dabo
715 2377 1016 2448 unicuique
1067 2369 1364 2427 secundum
1415 2384 1578 2440 opera
1630 2383 1732 2422 sua
1777 2365 1959 2438 (Apoc.
2002 2379 2064 2432 ιι,

419 2471 625 2544 20-23).
648 2469 760 2526 Eos
790 2468 987 2522 autem
1009 2459 1109 2534 qui
1141 2459 1503 2530 redarguunt
1529 2455 2067 2528 iniquitatem,quia

420 2543 762 2634 hujuSmodi
799 2567 918 2610 non
955 2547 1350 2615 consentiunt,
1375 2545 1585 2602 blande
1613 2543 1950 2600 consolatur
1979 2543 2066 2598 di-

422 2666 560 2710 cens
584 2667 598 2704 :
623 2647 746 2704 Scio
773 2641 1184 2700 tribulationem
1219 2642 1373 2695 tuam
1399 2643 1450 2691 et
1481 2641 1858 2708 paupertatem
1892 2641 2063 2698 tuam,

419 2740 510 2800 sed
545 2738 724 2803 dives,-
752 2741 804 2790 et
853 2727 1246 2802 blasphemaris
1274 2727 1343 2780 ab
1371 2725 1456 2780 his
1485 2726 1582 2796 qui
1623 2739 1680 2778 se
1729 2723 1920 2778 dicunt
1963 2725 2066 2778 Ju-

421 2829 560 2887 daeos
597 2841 726 2893 esse,
761 2830 812 2880 et
867 2835 978 2877 non
1023 2824 1170 2884 sunt,
1202 2815 1294 2872 sed
1333 2821 1464 2870 sunt
1502 2829 1785 2886 synagoga
1823 2812 2065 2867 Satanaz.

421 2916 576 2978 Nihil
608 2917 804 2972 horum
831 2913 1021 2968 timeas
1052 2920 1178 2980 qum
1210 2920 1475 2977 passurus
1519 2918 1592 2959 es.
1625 2903 1756 2957 Ecce
1799 2903 2070 2957 missurus

421 3016 497 3068 est
526 3005 776 3064 diabolus
820 3001 1034 3072 aliqu-os
1061 3013 1132 3052 ea:
1181 2995 1333 3050 vobis
1363 2995 1422 3048 in
1471 3007 1761 3058 carcerem,
1794 2999 1856 3046 ut
1901 2999 2070 3046 tente-

421 3099 599 3163 mini;
627 3103 680 3151 et
706 3089 974 3148 habebitis
1018 3084 1431 3141 tribulationem
1477 3081 1666 3136 diebus
1715 3081 1914 3136 decem.
1945 3081 2070 3134 Esto

424 3185 610 3260 fidelis
638 3195 804 3256 usque
831 3178 900 3234 ad
927 3183 1176 3238 mortem,
1209 3181 1262 3227 et
1288 3172 1424 3226 dabo
1467 3171 1573 3224 tibi
1608 3185 1865 3224 coronam
1891 3170 2022 3224 vita?
2051 3185 2069 3222 :

2179 584 2257 640 lio
2278 585 2598 658 abjicerent
2617 603 2752 640 cum
2775 583 2824 642 si
2847 587 3086 657 negaret
3107 583 3408 640 emendare
3437 599 3512 638 se.
3554 585 3750 656 (bgnito

2181 673 2335 729 enim
2382 691 2552 745 opere
2599 673 2732 740 isto,
2757 671 3094 745 pellendum
3139 668 3304 724 illum
3348 668 3520 724 fuisse
3547 669 3610 724 de
3632 675 3752 726 cmtu

2181 761 2562 819 fraternitatis
2593 761 2735 817 dicit
2768 759 3110 833 Apostolus;
3139 775 3338 814 omnes
3381 757 3527 813 enim
3572 758 3751 814 crimen

2179 851 2307 923 ejus
2338 850 2618 917 sciebant,
2641 855 2702 906 et
2732 867 2846 906 non
2877 849 3200 921 arguebant
3226 863 3240 902 :
3273 843 3494 919 publice
3521 846 3658 902 enim
3681 865 3756 903 no-

2180 955 2410 998 vercam
2441 957 2610 997 suam
2640 941 2767 998 loco
2797 938 2994 996 uxoris
3023 937 3292 993 habebat.
3313 937 3374 991 ln
3403 952 3512 1008 qua
3535 953 3756 1008 reusque

2181 1029 2431 1087 testibus
2457 1047 2608 1104 opus
2639 1034 2784 1096 erat,
2806 1045 2993 1101 neque
3011 1025 3474 1099 tergiversatione
3492 1023 3665 1097 aliqua
3685 1042 3757 1097 p0-

2185 1123 2331 1176 tcrat
2358 1119 2473 1193 tegi
2505 1119 2747 1176 crimen.
2775 1120 2886 1188 Ego
2913 1117 3132 1190 quidem
3169 1115 3322 1171 sicut
3359 1113 3538 1170 absens
3563 1129 3756 1186 corpore,

2181 1223 2424 1282 praesens
2455 1217 2637 1266 autem
2672 1211 2894 1282 spiritu,
2925 1205 2981 1262 id
3011 1209 3102 1262 est
3130 1205 3340 1261 absens
3371 1203 3523 1270 facie,
3551 1219 3756 1274 presens

2184 1303 2379 1354 autem
2427 1297 2775 1354 auctoritate
2817 1293 3082 1368 spiritus,
3131 1291 3236 1364 qui
3286 1307 3563 1362 nusquam
3609 1291 3756 1357 abest,

2173 1390 2297 1461 jam
2316 1388 2587 1460 judicavi,
2609 1395 2671 1443 ut
2707 1401 2973 1459 praesens,
2993 1399 3120 1440 eum
3148 1383 3246 1454 qui
3271 1379 3368 1436 hoc
3394 1378 3757 1448 admisit(ibid.,

2181 1475 2297 1544 3).»
2320 1475 2424 1532 Hic
2453 1475 2873 1532 advertendum
2897 1475 3006 1540 est,
3029 1469 3170 1542 quia
3199 1467 3522 1540 quicunque
3545 1465 3759 1523 crimina-

2183 1565 2264 1622 lia
2293 1564 2534 1621 admisit
2563 1565 2818 1636 peccata,
2845 1561 3000 1618 unde
3021 1561 3148 1632 jam
3175 1560 3315 1614 sunt
3343 1554 3628 1612 terminata
3643 1551 3760 1626 judi-

2183 1655 2276 1710 cia
2323 1655 2394 1712 ab
2442 1653 2562 1710 illis
2591 1651 2808 1708 Christi
2855 1649 3114 1723 organis,
3135 1645 3236 1720 qui
3265 1662 3402 1702 cum
3447 1643 3537 1700 illo
3574 1643 3628 1698 in
3651 1641 3758 1698 calo

2184 1747 2452 1818 regnant,
2473 1746 2532 1798 et
2557 1741 2618 1797 in
2647 1740 2819 1797 terris
2841 1737 3146 1794 miraculis
3167 1738 3488 1801 coruscant,
3508 1731 3640 1804 apud
3655 1747 3758 1802 quo-

2187 1849 2318 1889 rum
2341 1835 2603 1888 mortuos
2633 1833 2847 1886 natura
2863 1827 3108 1894 cineres,
3127 1826 3231 1882 sed
3263 1829 3374 1880 Deo
3393 1822 3556 1887 vivos,
3574 1818 3757 1876 morito-

2185 1939 2316 1978 rum
2348 1919 2648 1976 miraculis
2679 1919 3118 1975 demonstratur
3153 1913 3296 1986 quia
3331 1911 3497 1967 etiam
3541 1909 3594 1964 in
3629 1905 3757 1964 dictis

2181 2017 2240 2070 ct
2267 2011 2394 2068 suis
2424 2005 2994 2082 promulgationibus
3021 2003 3246 2069 vivunt,
3265 2003 3390 2074 jam
3411 1995 3634 2072 judicati
3658 1999 3759 2054 sunt

2181 2107 2240 2158 et
2267 2101 2382 2157 nisi
2414 2097 2817 2172 pmnitentiam
2845 2093 3091 2168 egerint,
3117 2089 3491 2166 praedamnati
3515 2105 3528 2142 ς
3549 2082 3758 2159 quamvis

2181 2189 2392 2247 inertia
2417 2193 2636 2256 nostra,
2659 2204 2747 2255 ea,
2773 2185 2846 2241 ad
2871 2201 3000 2256 qua:
3030 2179 3286 2238 ordinati
3317 2184 3374 2238 ct
3401 2175 3662 2235 constituti
3685 2189 3757 2228 sn-

2180 2297 2332 2348 mus,
2359 2279 2419 2334 in
2451 2281 2650 2334 nostro
2679 2279 2740 2330 'et
2768 2273 2940 2330 nobis
2971 2270 3425 2328 commissorum
3453 2261 3671 2339 periculo
3688 2277 3759 2316 ex-

2178 2369 2342 2442 sequi
2373 2367 2764 2440 negliaamus.
2788 2362 2954 2419 Unde
2975 2376 3233 2432 magnus
3263 2359 3374 2414 Leo
3405 2372 3543 2429 papa
3565 2352 3628 2408 ad
3651 2352 3762 2442 Ana-

2174 2439 2383 2516 tolium
2396 2439 2649 2513 Genetan
2659 2451 3108 2526 tinopolitanum
3124 2449 3462 2522 episcopum
3481 2444 3688 2516 loquens
3699 2439 3752 2494 de

2174 2551 2374 2605 sancto
2402 2546 2634 2602 Niceno
2665 2541 2930 2611 concilio,
2960 2537 3116 2612 quod
3146 2541 3211 2594 et
3239 2537 3310 2592 de
3337 2533 3461 2591 aliis
3487 2528 3752 2600 intelligen-

2175 2639 2316 2695 dum
2340 2637 2486 2692 ﬁdes
2505 2635 2666 2690 tenet
2684 2625 3224 2694 Catholica,scribit
3237 2625 3412 2698 (epist.
3427 2621 3510 2694 56)
3525 2637 3568 2674 :«
3585 2613 3754 2678 Sancti,

2174 2725 2468 2798 inquiens,
2502 2720 2588 2776 illi
2619 2723 2678 2776 et
2703 2713 3065 2774 venerabiles
3093 2713 3319 2780 Patres,
3337 2710 3440 2782 qui
3467 2709 3522 2764 in
3549 2705 3667 2760 urbe
3688 2701 3754 2758 Nic

2177 2795 2356 2880 creua,
2387 2809 2674 2881 sacrilego
2699 2805 2835 2864 Ario
2866 2819 3002 2861 cum
3039 2819 3151 2860 sua
3204 2799 3496 2873 impietate
3519 2795 3756 2881 damnato,

2178 2917 2492 2960 mansuras
2514 2914 2703 2970 usque
2732 2897 2794 2951 in
2825 2895 3000 2950 linem
3043 2889 3260 2946 mundi
3297 2888 3449 2960 leges
3475 2876 3755 2942 ecclesiasti-

2179 3009 2381 3050 corum
2402 3001 2695 3046 eanonum
2715 2983 3126 3047 condiderunt,
3141 2984 3205 3035 et
3223 2979 3376 3052 apud
3399 2993 3518 3046 nos,
3540 2976 3592 3030 et
3605 2971 3655 3026 in
3669 2971 3756 3024 toto

2179 3083 2319 3140 orbe
2347 3084 2658 3141 terrarum,
2681 3075 2743 3130 in
2773 3072 2900 3129 suis
2921 3065 3442 3128 constitutionibus
3459 3061 3650 3130 vivunt,
3666 3055 3755 3113 etsi

2183 3169 2325 3242 quid
2357 3182 2606 3240 usquam
2637 3161 2807 3219 aliter
2828 3175 3007 3233 quam
3037 3157 3126 3214 illi
3149 3160 3410 3212 statuere
3437 3145 3756 3242 praesumitur.

427 3237 780 3350 νίὶέέίίι,
809 3283 922 3324 non
973 3263 1205 3320 ιωάειιιν
1251 3277 1286 3314 α
1330 3266 1516 3350 morte-
1545 3257 1781 3350 δροαηίίίι
1809 3257 1992 3328 (ibat,
2015 3256 2070 3323 9,
2103 3239 2148 3308 θ
2185 3237 2312 3316 sine
2359 3237 2731 3312 cunctatione
2777 3253 3066 3316 cessatur,
3109 3250 3174 3302 ut
3224 3262 3352 3317 qua;
3402 3243 3472 3298 ad
3515 3237 3756 3296 utilitatem

563 3360 666 3416 His
695 3328 850 3426 vero,
876 3352 976 3424 qui
1009 3349 1361 3434 auctoritate
1393 3344 1636 3434 ordinis,
1661 3345 2079 3434 autﬁdignitate
2187 3351 2524 3422 perpetuam
2549 3338 2898 3415 generaliter
2921 3337 3197 3394 instituta
3220 3336 3378 3400 sunt,
3399 3328 3550 3388 nulla
3564 3335 3760 3382 commn-

427 3421 758 3523 potestatis,
788 3421 1266 3498 vel—fortitudine
1313 3432 1571 3523 virtutis,
1614 3432 1716 3488 tali
1763 3433 1912 3488 facto
1963 3447 2077 3488 non
2186 3421 2406 3495 latione
2433 3433 2751 3497 varientur,
2775 3446 2880 3485 nec
2911 3427 2983 3483 ad
3025 3425 3318 3499 privatam
3347 3421 3626 3477 trahantur
3647 3427 3760 3468 com-

429 3539 680 3612 possunt
708 3532 1000 3595 resistere,
1021 3524 1278 3583 consulit
1302 3523 1499 3578 divina
1527 3521 1855 3590 clementia,
1879 3522 2080 3577 dicens
2189 3529 2431 3584 modum
2463 3542 2590 3596 qua;
2620 3523 2692 3579 ad
2723 3521 2943 3575 bonum
2985 3519 3124 3573 sunt
3151 3527 3465 3571 commune
3493 3506 3700 3581 pretim,
3719 3519 3738 3546 ι)

429 3631 493 3688 in
523 3627 728 3684 eadem
757 3615 1101 3694 Apocalypsi
1136 3631 1150 3672 :
1187 3615 1340 3670 Vobis
1372 3620 1554 3668 autem
1592 3613 1712 3668 dico
1748 3614 1961 3668 caeteris
1986 3614 2082 3684 qui

437 3719 720 3792 Thyatira:
766 3714 893 3770 estis
925 3729 942 3764 :
984 3709 1302 3776 Quicunque
1354 3719 1466 3758 non
1521 3703 1722 3757 habent
1777 3701 2084 3756 doctrinam

433 3791 594 3876 hanc,
619 3807 716 3878 qui
733 3819 845 3859 non
873 3802 1239 3868 cognoverunt
1263 3791 1615 3848 altitudinem
1639 3792 1882 3854 Satanae,
1905 3806 2085 3861 quem-

435 3877 726 3954 admodum
747 3891 960 3953 dicunt,
977 3900 1093 3940 non
1110 3884 1328 3958 mittam
1352 3895 1516 3951 super
1533 3895 1623 3934 vos
1653 3878 1810 3933 aliud
1831 3877 2042 3949 pondus
2065 3897 2084 3932 :

437 3996 618 4043 tamen
649 3982 706 4038 id
735 3978 875 4052 quod
918 3975 1126 4030 habetis
1176 3979 1367 4036 tenete,
1399 3969 1565 4024 donec
1609 3969 1846 4022 veniam.
1879 3967 1942 4022 Et
1991 3968 2088 4038 qui

435 4075 650 4144 vicerit,
681 4079 734 4126 et
767 4069 864 4142 qui
907 4063 1222 4120 custsd'ierit
1248 4075 1417 4130 usque
1447 4060 1508 4113 in
1533 4058 1710 4128 finem
1753 4073 1918 4126 opera
1943 4071 2084 4121 mea,

431 4164 576 4220 'dabo
601 4162 701 4217 illi
725 4157 1044 4231 potestatem
1071 4165 1236 4222 super
1260 4156 1464 4218 gentes,
1490 4155 1541 4202 et
1571 4154 1718 4214 reget
1742 4145 1873 4200 illas
1899 4147 1961 4199 in
1980 4145 2088 4199 vir-

438 4271 510 4325 ga
537 4253 750 4324 ferrea,-
781 4255 1046 4317 tanquam
1081 4257 1176 4296 vas
1205 4239 1376 4308 figuli
1401 4237 1840 4306 confringentur,
1872 4236 2014 4288 sicut
2040 4241 2091 4289 et

439 4324 536 4412 ego
561 4339 749 4410 accepi
775 4353 809 4390 a
827 4335 992 4390 Patre
1018 4346 1156 4397 nico,
1189 4336 1240 4384 et
1263 4327 1404 4382 dabo
1423 4326 1514 4380 illi
1531 4325 1744 4380 stellam
1762 4324 2092 4378 matutinum

441 4411 625 4502 (ibid.,
647 4424 861 4496 24-28).
884 4423 956 4479 Et
1002 4423 1240 4476 sanctus
1269 4413 1615 4471 Ambrosius
1659 4411 1724 4467 in
1769 4411 2090 4483 Epistulam

444 4499 515 4574 ad
539 4511 880 4572 Corinthios
905 4509 1048 4566 dicit
1077 4525 1126 4563 τα
1151 4505 1208 4562 Si
1242 4503 1374 4577 quis
1394 4504 1740 4574 potestatem
1773 4516 1887 4554 non
1922 4499 2096 4554 habet

2263 3615 2364 3671 His
2393 3611 2644 3684 denique
2675 3605 2998 3682 perpensis,
3021 3609 3079 3662 et
3108 3602 3266 3670 aliis,
3289 3618 3415 3673 qua;
3445 3599 3650 3684 propter
3670 3603 3762 3662 pro.

2192 3705 2475 3760 lixitatem
2506 3683 2818 3757 omisimus
2849 3710 3061 3769 ponere
3080 3736 3094 3758 ,
3123 3696 3465 3748 sanctarum
3505 3683 3762 3769 Scriptura-

2189 3811 2258 3850 ru
2269 3810 2348 3864 m,
2369 3795 2427 3848 et
2455 3787 2792 3864 regularum
2811 3768 3349 3842 ecclesiasticarum
3375 3768 3764 3864 auctoritatibus.

2191 3880 2558 3939 considerato
2587 3876 2762 3932 etiam
2795 3871 3054 3946 periculo
3075 3871 3334 3943 quisque
3353 3883 3478 3935 suo,
3498 3861 3587 3920 sed
3603 3862 3653 3914 et
3665 3852 3766 3946 isqde

2195 3988 2310 4044 quo
2326 3969 2540 4041 agitur,
2555 3967 2625 4022 ad
2647 3983 2708 4021 sc
2726 3942 2942 4031 redeat,
2957 3965 3016 4017 et
3030 3942 3132 4015 aut
3151 3963 3358 4013 actum
3373 3969 3538 4011 suum
3552 3942 3769 4040 rationi“

2189 4032 2528 4126 auctoritati
2549 4053 2846 4110 evidenter
2859 4047 3217 4108 concordare
3230 4042 3592 4104 demonstret,
3609 4050 3666 4090 ne

2197 4163 2467 4221 peccans,
2488 4143 2641 4200 sicut
2669 4143 2740 4196 de
2768 4138 3080 4197 Jeroboam
3111 4135 3419 4207 Scriptura
3437 4124 3665 4221 dicit(ll_l

2199 4206 2320 4306 im),
2335 4206 2490 4291 unde
2509 4229 2746 4305 gravius
2769 4232 2948 4283 Deum
2964 4224 3210 4281 offendit
3226 4206 3374 4280 alios
3395 4230 3612 4306 peccare
3627 4206 3768 4306 faciti.

2199 4293 2570 4381 aut'salutari
2589 4317 2832 4376 consilio
2851 4320 2909 4372 et
2937 4313 3272 4370 auctoritati
3292 4300 3639 4378 divinae,quia
3651 4293 3773 4354 aliter

2201 4412 2411 4469 salvari
2443 4427 2560 4466 non
2604 4410 2814 4480 potest,
2845 4421 2909 4461 se
2945 4403 3180 4470 subdat,
3213 4405 3274 4457 et
3301 4396 3772 4480 consideransquo:

2204 4502 2363 4558 niam
2393 4473 2872 4556 adolescentiam.
2898 4491 3167 4564 voluptas
3195 4506 3347 4546 vana
3373 4487 3526 4551 sunt,
3553 4493 3642 4554 pro
3661 4473 3774 4564 bro"

445 4617 621 4679 quem
651 4603 766 4658 scit
813 4615 980 4656 reum
1029 4595 1302 4666 abjicere,
1334 4595 1438 4646 aut
1467 4590 1711 4662 probare
1755 4606 1874 4644 non
1921 4586 2096 4659 valet,
2114 4603 2174 4671 (ι)
2203 4595 2263 4648 et
2289 4588 2506 4645 misera
2533 4583 2936 4649 delectatione,
2959 4560 3100 4653 quia
3113 4581 3357 4651 pretimn
3378 4573 3536 4632 scorti
3551 4570 3634 4624 vix
3651 4560 3775 4617 τιμίω

1617 4677 1623 4679 Α
2573 4677 2594 4679 _
2865 4672 2946 4679 μ.
3189 4669 3204 4679 .
3251 4671 3262 4679 .
3357 4665 3392 4679 ..
3475 4661 3484 4673 .
3561 4658 3774 4679 tum...

446 4658 732 4751 immunis
779 4693 870 4746 est
901 4705 914 4742 :
947 4691 1007 4744 et
1037 4683 1258 4758 judicia
1290 4697 1404 4736 non
1435 4658 1526 4734 est
1579 4677 1706 4734 sine
1760 4658 2170 4733 accusatore"
2193 4688 2284 4738 ωε
2324 4680 2487 4750 panis
2539 4677 2722 4745 (Prov.
2753 4689 2834 4740 γι,
2860 4672 2975 4743 26),
3007 4687 3122 4724 non
3171 4669 3273 4724 det
3319 4661 3520 4722 alienis
3560 4658 3774 4714 honorem

452 4781 601 4840 7'05
628 4781 935 4845 damnare,
970 4775 1107 4848 quia
1145 4775 1204 4827 et
1257 4767 1538 4825 Dominus
1565 4765 1801 4832 ludam,
1835 4781 1972 4820 cum
2000 4765 2099 4819 fur

449 4875 624 4939 esset,
668 4869 806 4940 quia
865 4882 978 4920 non
1038 4866 1128 4918 est
1185 4859 1517 4922 accusatus,
1563 4853 1806 4908 minime
1863 4853 2094 4923 ahjeeit.

449 4960 611 5016 Hanc
640 4959 835 5012 autem
864 4951 1295 5010 excusationem
1323 4950 1457 5002 ante
1477 4943 1662 4998 Deum
1688 4943 2022 4998 sacerdotes
2041 4945 2102 4998 et

453 5047 748 5126 principes
767 5060 834 5100 ac
856 5041 1143 5115 primores
1164 5042 1328 5092 terrae
1359 5033 1574 5090 habere
1605 5047 1720 5086 non
1751 5036 2043 5104 poterunt.
2069 5052 2099 5080 ››

453 5118 618 5195 llnde
645 5118 702 5192 et
743 5133 934 5190 isdem
982 5131 1188 5185 beatus
1223 5120 1567 5179 Ambrosius
1617 5120 1677 5174 in
1725 5119 1928 5175 eodem
1975 5118 2102 5175 loco

453 5223 723 5300 EpiStOltB
763 5221 906 5278 dicit
930 5236 943 5275 :
966 5219 1029 5274 Et
1059 5232 1148 5272 vos
1177 5213 1358 5283 inﬂati
1385 5212 1535 5274 estis,
1565 5215 1617 5263 et
1654 5225 1766 5264 non
1801 5195 1988 5278 magis
2016 5209 2104 5264 lu-

457 5296 601 5374 ctum
626 5312 916 5376 habuistis,
957 5315 1017 5364 ut
1063 5305 1340 5362 tolleretur
1384 5299 1450 5354 de
1501 5296 1681 5352 medio
1725 5304 1966 5353 vestrum
2010 5299 2108 5370 qui

461 5400 560 5462 liae
605 5419 737 5476 opus
773 5400 902 5472 fecit
929 5398 976 5466 (l
1008 5396 1126 5451 Cor.
1150 5410 1206 5459 v,
1237 5393 1312 5456 2).
1339 5412 1364 5437 α
1400 5385 1770 5457 Superbiam,
1801 5384 2096 5456 inquiens,

459 5474 692 5549 illorum
725 5491 785 5544 in
815 5492 1045 5544 tantum
1096 5478 1388 5543 bumiliat,
1423 5479 1489 5530 ut
1535 5490 1650 5528 non
1681 5474 1958 5545 querulos
1979 5476 2105 5546 jam

461 5581 561 5637 sed
590 5577 784 5650 magis
805 5575 1101 5648 supplices
1123 5569 1314 5626 faciat.
1335 5566 1515 5620 Erant
1533 5561 1689 5616 enim
1710 5567 1770 5616 et
1792 5560 1904 5635 ipsi
1927 5565 2108 5635 parti-

465 5662 643 5740 cipes,
665 5667 808 5723 dum
838 5665 1174 5737 paterentur
1197 5671 1366 5716 reum
1398 5657 1520 5710 tam
1552 5650 1806 5722 ingentis
1836 5653 2110 5710 facinoris

2191 4749 2403 4836 suum,
2423 4769 2484 4822 et
2511 4781 2698 4820 annos
2726 4778 2868 4818 suos
2887 4758 3130 4825 crudeli,
3155 4774 3264 4813 nec
3292 4756 3392 4812 det
3418 4761 3632 4809 carnem
3655 4749 3776 4836 simil

2208 4862 2274 4913 ut
2303 4871 2541 4929 peccare
2589 4853 2765 4908 faciat
2819 4851 3078 4906 animam
3128 4864 3322 4916 suam,
3354 4856 3536 4914 neque
3574 4826 3776 4929 exhibe“

2212 4919 2363 5004 ἰώ
2395 4944 2660 5000 membra
2685 4959 2794 4998 sua
2837 4956 3002 4995 arma
3047 4933 3382 5009 iniquitatis
3423 4919 3775 5005 ρωοειιουίοαι·

2209 5055 2287 5106 va,
2315 5035 2426 5106 l3),
2448 5037 2507 5089 et
2524 5034 2722 5104 gemat
2741 5029 2802 5085 in
2824 5025 3183 5099 novissimis,
3197 5022 3432 5097 quando
3459 5014 3778 5106 ccultum“?

2211 5102 2288 5184 rit
2315 5102 2605 5182 carnes—et
2641 5135 2853 5192 corpus
2892 5133 3093 5184 suum,
3117 5113 3355 5188 quando
3399 5102 3778 5192 emendat”?

2213 5180 2443 5289 poterit,
2475 5227 2612 5266 cum
2659 5180 2860 5264 anima
2885 5220 3012 5280 quae
3191 5215 3405 5275 camus
3432 5193 3602 5289 gestit
3620 5180 3780 5289 eunti“?

2483 5297 2884 5372 compelletur.
2903 5265 3128 5368 ‘Sicque
3169 5265 3572 5365 cogitansvvins

2216 5393 2556 5447 convertens
2587 5386 2764 5458 pedes
2791 5401 2930 5439 suos
2953 5383 3012 5438 in
3033 5379 3372 5439 testimonia
3387 5362 3697 5458 Domini,_d0

2217 5498 2344 5554 quis
2376 5449 2679 5552 perperam
2710 5472 2848 5545 egit,
2882 5489 2986 5544 per
3013 5471 3222 5544 dignos
3251 5459 3589 5542 ρωιιὶιθηιίω
3613 5449 3782 5554 truce

2218 5543 2464 5626 liomino
2482 5543 2542 5622 et
2561 5543 2827 5620 Ecclesiae
2857 5543 3197 5628 satisfaciat,
3219 5563 3278 5614 et
3293 5557 3369 5613 de
3387 5557 3578 5610 eastern
3603 5543 3783 5634 si???

2220 5675 2360 5716 suos
2379 5655 2595 5728 dirigat
2623 5650 2950 5710 secundum
2971 5649 3202 5722 eloquia
3221 5642 3453 5704 Domini
3480 5629 3783 5712 ροτθηίὶιιι
