3934 6182
145 320 251 382 769
1021 313 1124 380 ΠΒ
1165 315 1537 380 DWORTIO
1577 315 1698 376 LO'.

1999 313 2096 374 ET
2136 314 2604 378 TE'I‘HBRGAZ.
3424 319 3552 390 ’ΠΟ

147 457 279 528 ejus,
313 458 380 510 ut
406 466 525 510 non
557 453 892 510 dominetur
919 451 1004 508 illi
1049 453 1244 509 omnis
1293 448 1774 523 iujustitia(Psal.
1807 446 1865 514 ι
1889 451 1948 501 et
1972 453 2204 518 quanto
2231 453 2322 504 est
2369 449 2628 522 dignitas
2681 453 3022 526 spiritaliur,
3053 459 3216 512 tanto
3263 471 3548 515 ascensus

150 559 326 610 cxvru,
353 543 478 612 133)
511 559 526 600 :
559 543 798 598 imitans
829 556 1175 598 conversum
1199 539 1466 605 Paulum,
1487 538 1585 612 qui
1616 539 1687 593 de
1717 553 1782 592 se
1887 536 2214 592 sublimior.
2248 563 2268 586 κ
2305 537 2526 602 Non-us,
2578 539 2770 610 inquit
2818 543 2964 613 (cap.
3000 543 3078 612 9),
3112 544 3422 602 abusionis
3455 547 3550 602 est

152 631 278 688 dicit
307 647 322 686 :
355 631 427 686 Et
454 630 516 686 in
545 647 640 686 me
668 629 1074 704 gloriﬁcebant
1117 631 1302 686 Deum
1334 631 1468 698 (Act.
1492 628 1598 699 ix);
1631 627 1785 682 sicut
1887 625 2126 696 gradus,
2159 643 2256 680 rex
2282 625 2544 698 iniquus.
2573 628 2802 688 Etenim
2838 647 3035 704 regem
3091 648 3209 687 non
3251 633 3547 705 iniquum,

153 719 418 778 Dominus
441 721 613 792 jubet
645 736 659 774 :
694 721 1010 776 Lucretium
1033 727 1212 776 vestra
1239 733 1422 774 comm
1450 717 1780 780 hominibus,
1889 713 1988 767 sed
2020 719 2401 770 correctorem
2436 716 2772 789 iniquorum
2811 735 2942 774 esse
2995 725 3223 792 oportet
3253 738 3266 775 :
3301 721 3453 778 unde
3485 721 3549 780 in

151 809 446 865 «(videant
488 822 654 881 opera
697 815 882 864 vestra
928 807 1086 875 bona,
1121 816 1174 864 et
1219 808 1522 880 gloriﬁcent
1565 797 1787 860 Putrem
1891 803 2206 874 semetipso
2233 802 2490 860 nominis
2523 805 2612 860 sui
2642 805 2994 879 dignitatem
3030 807 3324 864 custodire
3351 809 3546 872 debet.

151 903 370 954 eam
401 898 502 970 qui
533 899 594 953 θη
618 897 770 953 catis
798 901 880 952 est
906 894 1116 970 (Matth.
1145 915 1204 968 v,
1235 898 1346 965 16),
1896 891 2117 946 Numen
2145 891 2304 947 enim
2353 893 2510 964 regis
2561 894 3039 952 intellectualiter
3061 897 3176 953 hac
3225 897 3453 963 relict,
3489 900 3553 968 ut

213 987 470 1044 Tandem
501 985 573 1042 de
599 985 717 1056 his,
734 1002 863 1058 quae
884 986 946 1042 in
967 985 1078 1042 hac
1097 985 1344 1058 epistola
1365 983 1693 1058 pervenisse
1713 983 1789 1038 ad

153 1093 251 1132 nos
266 1074 742 1142 memoravimus,
765 1079 1056 1148 quantum
1091 1075 1339 1130 Domino
1372 1073 1694 1146 inspirante
1722 1087 1790 1127 ex

154 1169 481 1222 sanctarum
523 1164 960 1236 Scripturarum
1006 1168 1180 1236 atque
1228 1161 1645 1219 catholicorum
1687 1162 1790 1217 Pa-

153 1257 297 1310 trum
326 1253 610 1322 doctrina,
643 1269 752 1325 pro
782 1260 982 1308 nostra
1022 1252 1426 1308 mediocritate
1473 1251 1790 1317 sensimus,

156 1341 530 1417 compelleute
569 1340 812 1396 veritate
862 1346 919 1396 et
965 1341 1427 1413 superimposito
1470 1337 1795 1395 ministerio

155 1431 421 1498 diximus,
442 1429 668 1486 nullius
691 1445 846 1486 sane“:
869 1429 1316 1503 praejudicantes
1345 1429 1665 1496 sententiae,
1691 1443 1796 1483 nec

156 1519 573 1576 dehonorantes
593 1519 1066 1574 auctoritatem.«
1085 1519 1284 1590 Neque
1304 1517 1459 1574 enim
1481 1516 1797 1590 quisquam

158 1611 436 1676 nostrum,
470 1611 535 1662 ut
565 1607 708 1662 olim
741 1612 984 1663 sanctus
1013 1605 1338 1680 Cyprianus
1375 1607 1599 1662 dixerat
1627 1608 1795 1678 (conc.

158 1697 399 1768 Cat-0mg.
433 1701 496 1765 ι),
530 1695 872 1770 epise0pum
904 1713 966 1752 se
995 1713 1122 1752 esse
1151 1695 1558 1769 episcoporum
1591 1694 1802 1752 consti-

1898 980 2182 1050 subjectis
2210 983 2486 1038 onmibus
2517 984 2758 1040 rectoris
2807 985 3066 1041 ofﬁcium
3114 990 3405 1058 procuret.
3438 985 3554 1044 Sed

1899 1067 2154 1140 qualiter
2180 1069 2328 1126 alios
2357 1070 2642 1143 corrigere
2673 1073 3023 1146 poterit,qui
3040 1075 3310 1147 proprios
3337 1091 3553 1148 meres,

1902 1176 1974 1213 ne
2007 1159 2206 1232 iniqui
2227 1161 2502 1225 sint,non
2535 1161 3371 1240 cerrigit?quoniamjustitiu
3399 1165 3555 1237 regis

1901 1247 2190 1304 cxaltatur
2235 1249 2474 1318 solium,
2505 1253 2562 1304 et
2607 1250 2852 1306 veritate
2893 1251 3222 1311 solidantur

1903 1337 2036 1392 cula
2066 1337 2438 1410 populorum.
2470 1338 2711 1394 Justitia
2739 1353 2872 1394 vero
2922 1341 3076 1413 regis
3123 1347 3232 1410 est,
3259 1342 3558 1398 nemiuem

1903 1424 2122 1496 injuste
2152 1443 2255 1498 per
2292 1426 2612 1498 potentiam
2663 1427 3010 1500 opprimere,
3047 1429 3176 1485 sine
3221 1430 3558 1502 acceptione

1906 1531 2290 1588 personarum
2337 1514 2492 1571 inter
2521 1516 2710 1571 virum
2742 1521 2800 1572 et
2829 1517 3161 1590 proximum
3193 1535 3379 1574 suum
3393 1518 3557 1590 judi-

1908 1620 2039 1659 care
2067 1620 2080 1658 :
2105 1605 2176 1658 ad
2186 1603 2365 1671 venis,
2380 1610 2438 1660 ct
2457 1604 2719 1678 pupillis,
2741 1609 2797 1660 et
2817 1606 3010 1663 viduis
3023 1607 3387 1664 defensorem
3405 1624 3554 1676 esse,

1909 1694 2064 1746 furta
2087 1693 2378 1761 cohibere,
2393 1693 2681 1750 adulteria
2722 1694 2947 1766 punire,
2972 1697 3052 1752 ini
3073 1713 3208 1769 iuos
3255 1713 3372 1752 non
3401 1695 3558 1755 exat-

155 1786 276 1853 tnit',
312 1790 414 1840 aut
443 1785 747 1859 tyrannica
771 1790 991 1841 terrore
1013 1786 1082 1840 ad
1107 1784 1468 1858 obsequendi
1493 1783 1802 1840 necessita—
1831 1813 1882 1882 ι
1910 1786 2051 1848 tare,
2067 1781 2397 1853 impudicos
2417 1788 2473 1837 et
2495 1782 2810 1838 histriones
2831 1801 2945 1839 non
2987 1785 3463 1858 nutrire,impios
3489 1785 3561 1841 d'e

157 1881 264 1930 tem
295 1873 550 1948 collegas
577 1891 719 1931 suos
741 1873 942 1948 adigit,
959 1875 1193 1946 quando
1223 1873 1436 1929 habent
1463 1873 1658 1929 omnis
1675 1872 1796 1946 epi-

159 1981 362 2036 scapus
385 1963 566 2034 (salvo
597 1979 702 2036 per
729 1963 929 2018 omnia
966 1961 1266 2035 privilegio
1294 1966 1508 2018 sanctae
1538 1964 1595 2016 et
1623 1979 1800 2034 apos-

156 2053 331 2108 tolicae
355 2050 557 2125 prima:
578 2051 638 2106 in
669 2055 790 2108 toto
812 2051 949 2108 orbe
987 2055 1278 2107 terrarum
1315 2050 1590 2106 Romamn
1620 2049 1798 2116 sedis,

159 2145 322 2212 atque
353 2139 539 2212 ipsius
569 2139 862 2211 pontificis
893 2139 1092 2194 domui
1125 2137 1348 2194 Nicolai
1389 2155 1572 2210 papae,
1605 2143 1663 2193 et
1710 2138 1803 2193 de-

158 2233 304 2284 Creto
353 2231 690 2284 sanctorum
722 2244 1016 2283 canonum
1048 2232 1252 2283 sancto
1293 2227 1516 2300 Spiritu
1549 2227 1806 2284 condito-

161 2317 324 2389 rum),
358 2333 462 2388 pro
494 2316 731 2372 licentia
758 2315 1050 2372 libertatis
1073 2321 1130 2372 et
1161 2316 1464 2389 potestatis
1492 2334 1612 2372 suae
1643 2315 1802 2371 arbi-

161 2407 330 2460 trium
356 2407 680 2479 proprium,
699 2409 819 2461 tam
839 2405 938 2477 qui
954 2405 1208 2477 judicari
1233 2407 1307 2461 ab
1327 2405 1440 2461 alio
1461 2423 1575 2461 non
1599 2405 1806 2477 possit,

162 2511 326 2566 quam
355 2511 458 2550 nec
481 2495 606 2566 ipse
629 2499 819 2566 potest
839 2493 1088 2550 alterum
1113 2495 1491 2567 singulariter
1499 2495 1766 2566 judicare
1790 2512 1804 2550 :

164 2583 254 2638 sed
277 2583 432 2638 sicut
456 2582 598 2638 dicit
619 2583 937 2655 Apostolus
958 2585 1131 2654 (Rem.
1157 2588 1296 2652 xiv),
1318 2584 1728 2656 unusquisque
1748 2584 1809 2638 iu

165 2689 262 2728 suo
273 2689 454 2729 sensu
477 2672 808 2738 abundans,
826 2677 1230 2745 exspectemus
1251 2672 1502 2728 universi
1515 2673 1808 2745 judicium

165 2759 390 2816 Domini
423 2759 606 2816 nostri
633 2759 776 2816 Jesu
795 2759 1032 2828 Christi,
1051 2760 1153 2832 qui
1177 2776 1332 2815 unus
1359 2765 1416 2814 et
1445 2759 1605 2815 solus
1636 2759 1813 2814 habet

166 2852 604 2920 potestatem,et
632 2847 1006 2921 praeponendi
1035 2865 1144 2904 nos
1175 2847 1234 2903 in
1265 2847 1534 2904 Ecclesiae
1563 2864 1682 2904 suae
1704 2865 1810 2920 gu-

171 2935 520 3006 bernatione,
555 2940 613 2994 et
631 2937 702 2992 de
725 2941 852 2992 acte
879 2940 1077 2992 nostro
1099 2935 1430 3008 judicaudi.
1463 2957 1494 2986 ››

234 3025 352 3082 Hoc
379 3030 612 3082 tantum
643 3041 848 3082 omnes
879 3025 1150 3081 dominos
1165 3029 1224 3080 et
1241 3025 1686 3081 consacerdotes
1718 3043 1816 3080 no-

169 3119 338 3186 stros,
359 3119 418 3170 et
445 3131 555 3171 nos
585 3131 721 3170 cum
741 3113 858 3169 illis
880 3113 1096 3186 pariter
1115 3113 1596 3184 admonemus,ut
1614 3130 1816 3170 secun-

1906 1874 2064 1925 terra
2091 1871 2349 1942 perdere,
2383 1870 2710 1942 parricidas
2741 1877 2798 1927 et
2827 1873 3195 1943 periurantes
3227 1873 3412 1929 vivere
3442 1888 3560 1930 non

1909 1958 2120 2024 sinere,
2156 1958 2440 2014 ecclesias
2485 1959 2816 2027 defendere,
2848 1977 3133 2033 pauperes
3179 1961 3562 2035 eleemosyais

1910 2046 2084 2113 alere,
2118 2047 2316 2118 justos
2346 2065 2524 2120 super
2552 2047 2713 2120 regni
2745 2050 2976 2122 negotia
2995 2051 3369 2118 constituere,
3391 2066 3562 2114 senes

1910 2140 1968 2190 et
1986 2135 2280 2208 sapientes
2301 2140 2357 2191 et
2378 2136 2604 2192 sobrios
2616 2137 2982 2194 consiliarios
2993 2137 3561 2212 habere,magorum,

1912 2230 1970 2280 et
2000 2223 2379 2292 hariolorum,
2415 2225 3010 2298 pythonissarumque
3044 2226 3564 2300 superstitionibus

1916 2330 2030 2368 non
2063 2313 2767 2379 intendere,iracundium
2795 2314 3046 2370 dill‘erre.
3070 2315 3320 2387 patriam
3345 2315 3569 2381 fortiter
3659 2347 3670 2359 ο

1913 2407 1971 2456 et
1983 2403 2146 2473 justo
2175 2407 2378 2457 contra
2409 2402 2772 2457 adversarios
2801 2403 3128 2472 defendere,
3146 2419 3250 2476 per
3277 2403 3478 2459 omnia
3505 2403 3566 2464 in

1917 2493 2033 2546 Deo
2081 2491 2286 2558 vivere,
2320 2491 2779 2562 proprietatibus
2825 2509 2940 2547 non
2997 2491 3225 2550 elevare
3277 2493 3563 2562 animum,

1917 2585 2128 2636 cuncta
2158 2579 2402 2634 adversa
2430 2579 2720 2651 patienter
2742 2581 2906 2647 ferre,
2925 2581 3102 2636 {idem
3128 2581 3480 2638 catholicam
3505 2579 3566 2637 in

1919 2670 2101 2724 Deum
2137 2669 2370 2735 habere,
2407 2667 2559 2723 filios
2608 2685 2746 2723 suos
2797 2686 2912 2724 non
2945 2669 3136 2725 sinere
3168 2670 3346 2743 impie
3375 2685 3566 2744 agere,

1919 2757 2096 2812 certis
2128 2757 2288 2812 horis
2313 2755 2676 2812 orationibus
2707 2757 2996 2828 insistere,
3028 2762 3164 2813 ante
3212 2758 3390 2818 horas
3421 2755 3567 2814 conp

1921 2862 2101 2918 gruas
2139 2861 2254 2900 non
2287 2849 2523 2916 gustare
2552 2845 2770 2900 cibum.
2809 2846 2892 2902 Var
2921 2845 3072 2902 enim
3097 2848 3448 2918 terrw,cujua
3469 2847 3570 2904 uti:

1919 2943 2001 2990 est
2023 2949 2178 3006 puer,
2207 2940 2260 2988 et
2283 2933 2441 3004 cujus
2464 2933 2742 3004 principes
2771 2949 2932 2988 mane
2974 2933 3262 2991 comedunt
3286 2935 3480 3004 (Recte.
3507 2934 3564 3004 3',

1925 3025 2034 3091 10).
2068 3021 2198 3076 ΙΙωο
2225 3021 2389 3093 regni
2420 3020 2868 3094 prosperitatem
2915 3020 2982 3076 in.
3022 3021 3300 3095 presenti.
3323 3021 3564 3092 faciunt,

1923 3117 1981 3166 et
2003 3126 2196 3183 regem
2227 3110 2300 3165 ad
2331 3109 2588 3165 coelestia
2618 3125 2796 3182 regna
2825 3109 3068 3166 meliora
3086 3110 3436 3184 perducunt.
3457 3112 3567 3178 Qui

169 3179 788 3276 dum'przeceptiouem
823 3179 1022 3275 magni
1057 3201 1268 3258 Leonis
1299 3191 1460 3274 papae
1509 3179 1586 3258 ad
1617 3203 1813 3258 Rusti-
1846 3179 1888 3246 (ἶ
1925 3179 2412 3256 vero'secundum
2444 3198 2596 3253 hanc
2626 3179 2816 3271 legem
2845 3215 2961 3254 non
2983 3179 3317 3272 dispensat,
3352 3199 3569 3258 multas

169 3308 294 3348 cum
327 3292 775 3348 Narbonensem
799 3291 1145 3364 episcopum
1176 3293 1355 3363 (epist.
1385 3291 1479 3360 95)
1511 3308 1525 3347 :
1562 3314 1590 3342 ‹‹
1627 3293 1690 3348 In
1720 3292 1814 3348 his

171 3395 288 3450 quae
309 3377 492 3434 dubia
519 3377 738 3434 fuerint
789 3379 876 3432 vel
929 3377 1199 3446 obscura,
1233 3378 1292 3432 id
1342 3377 1677 3439 noverimus
1717 3396 1811 3436 se-

169 3467 482 3538 quendum,
516 3467 673 3539 quod
707 3481 812 3522 nec
851 3466 1160 3539 praeceptis
1189 3466 1538 3539 evangelicis
1576 3472 1812 3524 eontra-

170 3553 334 3624 rium,
385 3571 497 3610 nec
545 3553 794 3611 decretis
842 3560 1180 3610 sanctorum
1239 3553 1569 3610 inveniatur
1619 3555 1814 3610 adver-

169 3657 312 3698 sum.
349 3663 380 3693 η

240 3731 414 3788 Porro
436 3732 579 3806 quia
600 3731 954 3804 Redemptor
972 3735 1190 3800 noster,
1210 3731 1313 3803 qui
1336 3747 1434 3786 rex
1466 3731 1635 3788 nobis
1655 3733 1810 3805 pari-

172 3823 255 3874 ter
269 3825 328 3876 et
349 3821 628 3877 sacerdos
651 3820 772 3876 ﬁeri
797 3819 1076 3892 dignatus
1095 3824 1202 3887 est,
1227 3821 1499 3876 sacerdos
1526 3818 1812 3890 videlicet,

169 3911 227 3964 ut
247 3925 352 3966 aes
367 3925 403 3966 α
419 3909 681 3983 peccatis
700 3908 894 3965 hostia
915 3925 1034 3964 suae
1055 3907 1348 3982 passionis
1365 3909 1668 3977 emundet,
1692 3927 1809 3978 rex,

168 4001 226 4052 ut
253 4011 500 4072 regnum
531 3997 704 4054 nobis
739 4013 993 4070 perenne
1024 3997 1268 4068 tribuat,
1301 4011 1666 4070 regnumque
1702 4015 1811 4055 nos

168 4085 274 4142 Deo
294 4092 352 4143 et
367 4087 703 4143 sacerdotes
729 4087 996 4155 facial,ac
1014 4084 1176 4142 solus
1196 4086 1812 4160 utrumqucdiguitate

166 4179 220 4230 et
238 4177 494 4245 nomine,
513 4193 611 4232 rex
634 4175 878 4244 scilicet,
899 4181 957 4231 et
975 4176 1248 4233 sacerdos
1269 4175 1659 4232 essentialiter
1686 4176 1810 4233 ﬁeri

167 4265 369 4334 potuit,
394 4267 514 4322 duo
544 4265 912 4338 providentia
961 4281 1068 4320 sua
1116 4263 1442 4333 constituit,
1479 4269 1544 4320 ut
1571 4270 1808 4322 sanctus

165 4341 425 4412 Helusius
455 4355 530 4410 ad
554 4353 933 4410 Anastasium
967 4354 1376 4426 imperatorem
1409 4353 1664 4426 scripsit,
1687 4353 1810 4428 qui-

165 4441 267 4498 bus
294 4441 699 4516 principaliter
725 4443 985 4498 mundus
1027 4441 1120 4498 hic
1144 4441 1385 4514 regitur,
1409 4441 1468 4497 id
1490 4448 1578 4498 est
1607 4449 1807 4500 aucto-

1925 3287 2206 3344 uimirum
2237 3286 2621 3343 odvcrsitates
2645 3286 2876 3360 imperii
2917 3287 3142 3343 tolerat.
3168 3287 3388 3346 Idcirco
3408 3289 3566 3346 enim

1922 3395 2074 3450 scapo
2103 3393 2214 3448 pax
2245 3375 2592 3449 populorum
2616 3375 2928 3448 rumpitur,
2943 3380 3004 3432 et
3018 3375 3368 3434 olteudicuin
3387 3377 3567 3434 etiam

1920 3467 1992 3523 de
2024 3481 2200 3538 regno
2231 3464 2616 3532 suscitantur,
2648 3469 2938 3520 terrarum
2968 3481 3204 3538 quoque
3226 3466 3455 3528 fruetus
3478 3466 3567 3522 ἀί-

1922 3556 2291 3622 minuuntur,
2325 3557 2382 3608 et
2411 3552 2646 3609 servitia
2687 3553 3035 3626 populorum
3083 3555 3564 3628 prie-peditatum“

1918 3645 2092 3701 multi
2119 3644 2296 3700 etiam
2327 3641 2558 3698 dolores
2584 3643 3030 3716 prosperitatem
3063 3638 3226 3717 regni
3273 3643 3564 3713 inficiunt,

1919 3735 2232 3789 charorum
2259 3737 2318 3788 ct
2337 3731 2655 3788 liberorum.
2679 3735 2896 3787 mortes
2917 3731 3215 3790 tristitiam
3235 3733 3563 3802 conferunt,

1921 3821 2180 3878 hostium
2210 3821 2484 3877 incursus
2531 3819 2861 3894 provincias
2902 3819 3164 3891 undique
3181 3825 3432 3890 vastant,
3465 3822 3566 3877 be-

1917 3911 2042 3968 stize
2099 3915 2497 3966 armentorum
2541 3915 2599 3964 ct
2656 3925 2930 3982 pecorum
2979 3923 3184 3982 greges
3223 3907 3566 3980 dilacerant,

1919 4005 2298 4072 tempestates
2321 3997 2472 4054 veris
2491 4003 2550 4053 et
2583 3997 2808 4070 hyemis
2830 4001 3120 4052 terrarum
3151 3997 3568 4055 fecunditatem

1917 4093 1977 4146 et
2007 4087 2187 4142 maris
2215 4085 2539 4143 ministeria
2569 4085 2900 4156 prohibent,
2933 4089 2992 4140 et
3020 4084 3334 4157 aliquando
3359 4086 3567 4148 tutari»

1918 4193 2062 4232 nam
2091 4175 2243 4231 ictus
2273 4177 2498 4246 segetes
2525 4177 2583 4227 et
2611 4174 2886 4228 arborum
2927 4174 3102 4230 flores
3149 4177 3207 4229 et
3251 4175 3566 4247 pampinos

1917 4267 2188 4320 exurunt.
2223 4263 2410 4332 Super
2429 4259 2626 4316 omnia
2643 4277 2778 4316 vero
2801 4261 2957 4333 regis
2976 4260 3286 4334 injustitia,
3321 4277 3435 4316 non
3469 4277 3564 4318 svo-

1917 4353 2040 4410 lum
2064 4350 2366 4427 praesentis
2385 4348 2616 4422 imperii
2631 4349 2839 4404 faciem
2863 4349 3072 4418 fuscat,
3089 4350 3188 4405 sed
3210 4350 3389 4405 etiam
3409 4349 3566 4408 ﬁlios

1915 4460 2055 4500 suos
2085 4448 2142 4498 et
2170 4443 2431 4513 nepotes,
2463 4454 2536 4494 ne
2570 4440 2704 4510 post
2750 4453 2813 4493 se
2859 4437 3022 4509 regni
3043 4437 3452 4494 hereditatem
3484 4443 3565 4494 te-

172 4529 398 4590 ﬁtatem
429 4545 661 4589 sacram
690 4532 1054 4604 pontificum,
1089 4537 1146 4586 et
1177 4531 1395 4604 regiam
1439 4535 1809 4608 potestatem,
1843 4546 1889 4612 υ
1922 4531 2421 4598 necnt,obscurat.
2454 4527 2692 4598 Propter
2719 4523 3014 4598 piaculum
3044 4525 3202 4580 enim
3233 4525 3564 4584 Salomonis

163 4618 216 4674 in
262 4621 483 4693 quibus
530 4624 695 4678 tanto
725 4621 960 4694 gravius
1003 4621 1234 4694 pondus
1285 4626 1376 4676 est
1415 4624 1806 4698 sacerdotum,

171 4716 385 4779 quanto
423 4710 602 4766 etiam
635 4727 740 4782 pro
771 4708 914 4783 ipsis
945 4709 1180 4783 regibus
1203 4708 1512 4766 hominum
1535 4711 1593 4767 in
1614 4713 1808 4773 divino

163 4797 442 4854 reddituri
485 4804 628 4854 sunt
672 4799 939 4854 examine
987 4797 1292 4867 rationem,
1325 4799 1396 4854 de
1445 4798 1538 4856 his
1577 4803 1806 4860 duabus

166 4885 306 4942 ηπ
367 4886 881 4944 excellentissimis
938 4885 1243 4960 dignatum
1304 4887 1591 4958 personis,
1651 4891 1808 4948 beati

161 4972 427 5046 Cypriani
461 4975 758 5048 pontiﬁcis
784 4979 843 5032 et
873 4975 1146 5048 martyris
1196 4973 1434 5048 gloriosi
1487 4979 1808 5036 sententias

160 5060 293 5117 huic
313 5063 598 5136 opusculo
619 5063 964 5120 subnectere
977 5063 1222 5135 dignum
1235 5063 1606 5133 duximus,ut
1627 5071 1813 5124 atten-

161 5149 360 5208 dentes
380 5152 452 5208 ad
476 5153 726 5209 formam
751 5153 842 5208 sui
863 5151 1138 5218 nominis,
1159 5156 1446 5224 quantum
1467 5153 1688 5226 patitur
1707 5155 1811 5214 hu-

161 5254 334 5296 mana
353 5241 738 5314 fragilitas,in
767 5239 929 5296 nullo
957 5239 1282 5296 exorbitent
1311 5257 1346 5296 a
1375 5240 1576 5314 regula
1607 5243 1717 5300 sibi
1736 5247 1809 5302 ab

159 5327 360 5385 eodem
395 5330 673 5402 pontiﬁce
711 5329 1154 5404 poutiﬁcum,et
1186 5344 1319 5401 rege
1350 5345 1553 5402 regum
1585 5333 1808 5390 traditas

158 5415 480 5489 dignitatis.
510 5417 606 5474 Ait
642 5419 799 5474 enim
831 5419 891 5474 in
936 5416 1086 5473 libro
1135 5417 1209 5473 de
1256 5417 1565 5474 duodecim
1609 5422 1810 5479 seaculi

158 5503 438 5575 abusivis,
457 5506 649 5580 primo
673 5507 746 5564 de
779 5523 938 5581 rege,
959 5509 1018 5564 et
1046 5509 1248 5580 postea
1269 5507 1340 5564 de
1359 5505 1652 5582 episcopo,
1671 5512 1812 5582 quia

156 5599 377 5670 quanto
407 5595 629 5672 gradus
655 5601 746 5658 est
783 5595 1011 5668 celsior,
1042 5598 1206 5656 tento
1237 5611 1410 5656 casus
1439 5600 1530 5656 est
1557 5599 1805 5676 gravior,

1922 4637 2167 4696 regnum
2189 4620 2401 4674 domus
2424 4613 2598 4672 Israel
2619 4615 2900 4670 Dominus
2920 4615 2993 4670 de
3013 4614 3286 4670 manibus
3307 4613 3564 4672 ﬁliorum

1917 4714 2048 4784 ejus
2072 4707 2365 4782 dispersit,
2399 4710 2457 4762 et
2486 4720 2726 4778 prosper
2736 4702 3032 4776 justitiam
3062 4702 3244 4762 David
3274 4704 3448 4778 regis,
3474 4705 3564 4761 tu-

1917 4815 2150 4858 cernam
2168 4799 2239 4854 de
2261 4795 2482 4852 semine
2505 4796 2631 4866 ejus
2656 4809 2888 4866 semper
2907 4793 2966 4848 in
2978 4791 3304 4850 Jerusalem
3331 4793 3568 4867 reliquit

1917 4893 2015 4961 (III
2045 4891 2166 4960 Reg.
2200 4904 2277 4951 x1,
2307 4885 2410 4954 l5).
2436 4884 2578 4938 Ecce
2599 4889 2885 4954 quantum
2903 4882 3138 4956 justitia
3169 4883 3324 4957 regis
3351 4883 3563 4940 saeculo

1915 4978 2086 5045 valet,
2117 4971 2483 5030 intuentibus
2511 4971 2816 5044 perspicue
2846 4977 3022 5044 patet.
3057 4972 3172 5029 Pax
3212 4971 3560 5046 pepulerum

1919 5072 2008 5123 est
2055 5065 2448 5121 tutamentum
2497 5059 2718 5132 patriae,
2744 5060 3088 5117 immunitas
3125 5060 3330 5134 plebis,
3365 5059 3560 5114 muni-
3605 5081 3610 5089 ·

1919 5147 2180 5215 mentum
2194 5147 3218 5226 gentis,curalanguorum,gaudium
3231 5146 3558 5218 hominum,

1919 5234 2228 5317 temperies
2259 5241 2428 5308 aeris,
2461 5238 2746 5296 serenitas
2785 5239 2984 5305 maris,
3015 5243 3178 5293 terra:
3209 5237 3556 5303 fecunditas,

1919 5334 2194 5392 solatium
2219 5346 2563 5405 pauperum,
2594 5327 2901 5384 hmreditas
2931 5324 3205 5393 ﬁliorum,
3225 5329 3283 5380 et
3303 5325 3562 5382 sibimet-

1919 5423 2064 5498 ipsis
2085 5438 2218 5494 spes
2250 5421 2454 5476 luturaa
2485 5413 2884 5473 beatitudinis.
2922 5413 3072 5469 108
3101 5415 3370 5468 Attamen
3414 5414 3562 5471 sciat

1920 5529 2020 5569 rex
2049 5507 2390 5584 quod,sicut
2428 5507 2488 5562 in
2519 5506 2731 5562 throno
2751 5501 3055 5560 hominum
3087 5501 3315 5574 primus
3345 5502 3562 5560 consti-

1919 5605 2084 5663 tutus
2113 5601 2223 5674 est,
2256 5596 2340 5657 sic
2359 5600 2416 5660 et
2444 5596 2506 5658 in
2533 5593 2742 5674 poenis,
2775 5592 2824 5650 si
2846 5589 3146 5665 justitiam
3175 5606 3292 5652 non
3339 5590 3559 5668 fecerit,
