3934 6182
409 291 520 352 ’171

1343 288 1724 350 HINCMAIlI
1772 281 2242 348 RHEMENSES
2292 283 2882 350 ARClllEPISCOPI

3684 287 3785 346 772

404 422 600 478 locum
645 419 935 493 primatus
984 419 1296 477 habiturus
1345 425 1454 477 est.
1509 421 1726 478 Omnes
1777 435 2054 489 namque,
2085 416 2142 484 Α
2170 415 2268 487 qui
2300 415 2440 472 foris
2469 423 2633 484 sunt,
2657 418 2967 489 proferens
2994 416 3392 474 doctrinarum
3425 414 3654 472 ﬁdelem
3683 433 3786 473 ser-

403 525 788 582 quoscunque
811 511 1143 580 peccatores
1173 509 1284 564 sub
1317 527 1380 566 se
1410 509 1469 565 in
1519 509 1789 582 praesenti
1828 507 2058 575 habuit,

289 597 306 604 ’
402 614 586 671 upra
630 614 694 654 se
739 597 913 653 modo
964 595 1204 670 plagali,
1247 597 1305 652 in
1359 597 1460 654 illa
1508 598 1708 653 futura
1756 614 1927 668 pcena
1955 597 2060 652 ba-

403 686 589 742 bebit.

471 775 626 848 (Cap.
652 773 1100 844 t0.)«Decimus
1133 775 1437 831 abusionis
1475 776 1694 847 gradus
1715 780 1804 831 est
1832 775 2058 846 episco-

402 879 516 936 pus
542 861 969 936 negligens,qui
985 864 1204 936 gradus
1215 863 1604 920 suibonorem
1625 863 1777 919 inter
1787 863 2058 919 homines

403 950 670 1024 requirit,
695 951 793 1007 sed
829 950 1141 1007 ministerii
1172 952 1266 1008 sui
1311 952 1658 1026 dignitatem
1687 969 1886 1009 coram
1917 953 2056 1009 Deo:

402 1057 508 1114 pro
539 1056 655 1112 quo
693 1039 982 1113 legatione
1014 1040 1298 1114 fungitur,
1334 1057 1450 1096 non
1481 1041 1758 1098 custodit.
1793 1041 2055 1098 Primum

404 1141 662 1198 namque
713 1126 786 1182 ab
835 1125 1130 1200 episcopo,
1164 1128 1304 1200 quid
1361 1127 1454 1184 sui
1503 1128 1759 1186 nominis
1796 1129 2056 1202 dignitas

399 1217 578 1282 tenet,
603 1213 765 1286 inqui
774 1218 954 1270 ratur.
969 1215 1256 1281 Quoniam
1276 1215 1608 1290 episcopus,
1633 1234 1768 1274 cum
1786 1219 2053 1275 Graecum

399 1319 612 1359 nomen
643 1302 1058 1374 sit,speculator
1093 1303 1738 1376 interpretatur.Quare
1763 1323 1898 1363 vero
1927 1324 2054 1381 spe-

397 1389 624 1448 culator
653 1389 911 1463 ponitur,
940 1395 998 1448 et
1029 1391 1170 1464 quid
1220 1409 1255 1448 a
1298 1393 1662 1465 speculatore
1707 1396 2050 1467 requiritur,

397 1478 682 1534 Dominus
705 1479 830 1550 ipse
850 1479 1272 1546 denudat,cum
1293 1482 1406 1537 sub
1420 1481 1736 1539 Ezechielis
1758 1483 2052 1556 prophetis

398 1583 644 1640 persona
664 1567 938 1640 episcopo
969 1567 1146 1624 ofﬁcii
1170 1568 1262 1624 sui
1294 1571 1580 1626 rationem
1614 1571 1942 1639 denuntiat,
1971 1571 2054 1627 ita

395 1654 713 1726 inquiens:
747 1655 1152 1726 Speculatorem
1201 1657 1328 1714 dedi
1377 1665 1427 1715 te
1479 1659 1670 1716 domui
1726 1661 1914 1717 Israel.
1939 1661 2050 1716 Au-

2170 522 2435 568 moncm;
2467 511 2602 561 ante
2631 505 3033 578 episcOpatum
3065 523 3178 562 non
3211 505 3410 578 plures
3439 504 3663 561 habens
3680 523 3790 561 uxo-

2169 609 2265 649 res
2280 609 2457 666 quam
2483 611 2697 662 unam;
2731 610 2847 649 non
2887 611 3216 667 percussor,
3235 611 3350 649 non
3383 591 3787 665 bilinguis,non

2167 682 2458 749 ebriosus,
2490 700 2605 739 non
2661 683 3009 754 neophytus,
3043 687 3108 738 ut
3156 699 3259 756 per
3302 681 3424 737 haec
3473 682 3600 754 ipse
3654 683 3788 754 prius

2167 773 2437 828 ostendat
2459 773 2516 828 in
2535 789 2728 845 opere,
2751 773 2907 845 quod
2945 771 3092 828 alios
3122 773 3290 829 docet
3319 771 3378 826 in
3411 787 3678 827 sermone
3705 773 3785 828 do-

2166 859 2366 915 ctrinze
2397 861 2446 932 (Ι
2494 862 2629 916 Tim.
2676 877 2762 929 ιη,
2793 863 2930 930 2-7).
2973 860 3226 917 Caveant
3269 875 3407 932 ergo
3456 859 3787 932 negligentes

2165 948 2447 1022 episcopi,
2477 949 2632 1021 quod
2665 949 2725 1004 in
2757 953 3018 1024 tempore
3064 949 3334 1005 vindictae
3385 948 3670 1004 Dominus
3707 967 3788 1022 per

2166 1037 2514 1111 prophetam
2529 1038 2908 1110 conqueritur
2929 1055 2943 1094 :
2968 1043 3217 1095 Pastores
3243 1037 3410 1094 multi
3427 1036 3673 1093 demoliti
3685 1047 3785 1094 sunt

2160 1127 2425 1199 populum
2452 1143 2636 1182 mm
2664 1127 2793 1196 (Jer.
2825 1127 2952 1199 xu),
2977 1130 3034 1182 et
3063 1143 3180 1183 non
3201 1125 3521 1199 pascebant
3549 1131 3784 1198 pastores

2162 1232 2376 1286 gregem
2421 1232 2624 1284 meum,
2684 1215 2780 1272 sed
2835 1215 3132 1287 pascebant
3198 1222 3441 1288 pastores
3505 1216 3784 1286 semetipsos

2163 1306 2377 1376 (Ezech.
2407 1308 2620 1372 xxxxv).
2653 1305 2764 1360 Sed
2792 1304 2989 1377 potius
3027 1308 3349 1377 procurent
3371 1302 3454 1373 bi,
3481 1319 3636 1376 quos
3671 1319 3782 1359 con-

2162 1393 2355 1450 stituit
2387 1392 2674 1448 Dominus
2693 1409 2875 1466 supra
2896 1391 3179 1448 familiam
3212 1407 3404 1458 suam,
3422 1391 3566 1450 dare
3594 1389 3702 1448 illi;
3724 1391 3783 1446 ci-

2160 1483 2304 1539 bum
2355 1482 2414 1537 in
2463 1487 2726 1555 tempore
2773 1499 2881 1538 sne
2927 1496 3263 1538 mensuram
3297 1479 3474 1536 tritici
3507 1480 3659 1552 (Luc.
3684 1480 3780 1551 xu).

2161 1588 2364 1643 purrm
2386 1570 2628 1636 scilicet,
2646 1574 2703 1626 et
2726 1571 3029 1644 probatam
3048 1569 3785 1641 doctrinam,quatenus,ve—

2161 1659 2354 1716 niente
2376 1659 2644 1727 Domino,
2670 1664 3007 1714 mereantur
3043 1656 3246 1713 audire
3267 1673 3282 1713 :
3307 1657 3473 1728 Euge,
3496 1671 3652 1710 serve
3677 1657 3784 1711 bone

391 1743 548 1800 diem
576 1759 704 1812 ergo
811 1760 906 1799 ore
942 1759 1060 1800 meo
1097 1747 1720 1814 semonem,nuntiabis
1739 1749 1819 1804 eis
1844 1764 1914 1802 ex
1939 1763 2045 1803 me.
2079 1783 2128 1849 Β
2157 1756 2210 1805 et
2235 1748 2432 1820 ﬁdelis,
2447 1750 2581 1820 quia
2601 1765 2772 1820 supra
2793 1763 2968 1818 pauca
2993 1748 3155 1819 fuisti
3171 1745 3369 1816 ﬁdelis,
3380 1760 3549 1816 supra
3565 1743 3726 1799 multa
3743 1752 3783 1799 te

392 1831 457 1888 Si
483 1839 668 1888 autem
696 1830 899 1887 videris
925 1831 1172 1904 gladium
1199 1834 1586 1900 venientem,et
1603 1843 1666 1890 tu
1688 1852 1798 1891 non
1829 1852 2046 1891 annun-

393 1923 616 1978 tiavcris
644 1929 706 1978 ut
731 1929 1034 1978 revertatur
1063 1924 1266 1995 impius
1307 1941 1342 1977 a
1390 1925 1480 1979 via
1520 1941 1645 1985 sua.
1678 1927 1792 1996 ipse
1823 1926 2044 1997 quidem

392 2012 595 2082 impius
623 2011 683 2066 in
713 2011 984 2082 impietate
1023 2027 1126 2066 sua
1169 2013 1454 2078 morietur,
1487 2015 1816 2083 sanguinem
1861 2023 2042 2070 autem

391 2100 507 2170 ejus
555 2097 621 2153 de
663 2115 836 2154 manu
881 2106 974 2154 tua
1021 2100 1319 2171 requiram.
1350 2101 1415 2155 Si
1441 2110 1620 2156 autem
1649 2111 1708 2157 tu
1737 2105 2040 2158 annuntia-

395 2189 560 2254 veris,
589 2197 642 2243 et
679 2187 777 2242 ille
802 2203 913 2243 non
939 2190 1112 2258 fuerit
1141 2205 1408 2257 reversus,
1429 2191 1542 2261 ipse
1569 2191 1788 2262 quidem
1827 2193 1887 2246 in
1928 2193 2041 2247 ini-

279 2311 292 2324 .
389 2278 594 2348 quitate
621 2292 724 2331 sua
740 2278 1024 2344 morietur,
1053 2277 1147 2333 sed
1185 2285 1245 2333 tu
1301 2279 1548 2334 animam
1593 2286 1747 2336 tuam
1793 2279 2042 2338 liberasti

387 2363 600 2433 (Ezech.
627 2381 817 2431 χχχιχ,
853 2365 1066 2433 17-19).
1095 2364 1288 2421 Decet'
1317 2381 1456 2438 ergo
1513 2367 1877 2440 episcopum,
1919 2385 2038 2425 om-

389 2453 556 2510 nium
579 2453 734 2509 enim
755 2451 1090 2526 speculator
1109 2454 1336 2526 positus
1355 2461 1710 2526 est,peccata
1729 2455 2040 2529 diligenter

387 2541 707 2598 intendere.
737 2541 994 2598 Audiens
1043 2557 1202 2614 ergo,
1233 2547 1292 2598 et
1339 2546 1650 2616 postquam
1701 2546 2034 2614 attenderit,

386 2645 654 2686 sermone
675 2629 724 2694 si
747 2629 999 2702 potuerit
1021 2635 1080 2685 et
1107 2635 1238 2685 actu
1280 2631 1664 2705 corrigere,et
1693 2633 1742 2689 si
1778 2651 1893 2689 non
1935 2652 2036 2706 po-

384 2717 584 2790 tuerit,
597 2719 770 2791 juxta
807 2718 1102 2792 Evangelii
1134 2719 1719 2794 regulam,scelcrum
1741 2723 2036 2795 operarios

384 2805 698 2863 declinare.
728 2807 791 2864 Si
839 2810 1015 2879 enim,
1038 2807 1229 2881 inquit
1275 2809 1334 2864 in
1379 2810 1708 2882 Evangelio,
1739 2815 2038 2883 peccaverit

382 2897 445 2952 in
473 2903 522 2953 te
547 2899 722 2970 frater
751 2905 898 2966 tuus,
931 2899 1147 2970 corripe
1176 2898 1338 2954 illum
1368 2900 1513 2954 inter
1556 2907 1607 2956 te
1652 2908 1704 2956 et
1734 2902 1914 2972 ipsum
1941 2919 2035 2959 so-

383 2985 518 3041 lum.
551 2985 614 3042 Si
641 2993 691 3043 te
718 2986 977 3054 audierit,
1011 2987 1254 3043 lucratus
1299 3003 1356 3043 es
1401 2988 1634 3060 fratrem
1679 2997 1853 3045 tuum.
1877 2989 1941 3046 Si
1984 2998 2034 3046 te

382 3090 494 3129 non
511 3074 773 3141 audierit,
796 3076 994 3132 adhibe
1021 3084 1198 3132 tecum
1227 3075 1406 3132 adhuc
1432 3093 1608 3132 unum
1655 3077 1740 3132 vel
1783 3077 1937 3144 duos,
1970 3087 2032 3134 ut

317 3204 323 3212 .
383 3163 443 3216 in
472 3178 566 3218 ore
591 3163 827 3219 duorum
857 3164 942 3219 vel
971 3171 1143 3219 trium
1171 3166 1392 3220 testium
1435 3173 1538 3220 stet
1583 3181 1742 3219 omne
1780 3168 2026 3222 verbum.
2059 3149 2103 3215 (ἶ

379 3248 444 3305 Si
472 3249 599 3305 illos
626 3267 738 3306 non
767 3251 1032 3314 audierit,
1065 3250 1156 3306 die
1181 3251 1439 3308 Ecclesiae
1468 3271 1487 3306 :
1514 3253 1567 3307 si
1595 3253 1890 3309 Ecclesium
1922 3271 2032 3310 non

378 3335 640 3403 audierit,
660 3340 735 3393 sit
762 3339 867 3394 tibi
898 3339 1042 3394 sicut
1084 3339 1334 3394 ethnicus
1371 3347 1424 3395 et
1463 3339 1792 3410 publicanus
1821 3342 2028 3411 (Matth.

379 3439 540 3494 xvm,
573 3425 782 3493 15-17).
816 3425 942 3481 Tali
971 3426 1176 3482 ordine
1200 3425 1580 3498 expellendus
1609 3433 1719 3496 est,
1754 3429 1853 3502 qui
1905 3431 2028 3488 cui-

378 3527 610 3584 cunque
639 3511 864 3568 doctori
883 3511 970 3570 vel
993 3513 1268 3586 episcopo
1289 3514 1583 3572 adhaerere
1603 3520 1944 3576 contemnit.
1960 3521 2030 3578 Et

377 3597 481 3673 qui
508 3599 608 3656 tali
641 3601 844 3658 ordine
872 3601 1153 3674 expulsus
1185 3603 1378 3669 fuerit,
1412 3605 1484 3660 ab
1515 3604 1629 3660 alio
1674 3605 1870 3680 aliquo
1899 3610 2033 3665 doc-

375 3692 500 3746 tore
521 3689 642 3746 sive
661 3689 936 3763 episcopo
959 3690 1137 3762 recipi
1183 3707 1298 3746 non
1341 3691 1532 3748 debet.
1552 3693 1658 3759 Qui
1691 3712 1828 3768 ergo
1859 3697 2026 3754 illum

375 3777 946 3834 excommunicatum
977 3795 1012 3833 a
1041 3778 1345 3846 catholico,
1365 3779 1466 3834 illo
1496 3797 1609 3836 non
1637 3785 2024 3855 permittente,

374 3861 487 3920 sibi
507 3864 728 3936 jungit,
753 3867 893 3937 jura
922 3866 1229 3922 sacerdotii
1256 3867 1466 3935 sancti,
1488 3870 1645 3942 quod
1673 3871 2029 3932 Christiano-

373 3966 508 4007 rum
535 3967 723 4025 genus
750 3953 998 4010 electum
1027 3960 1136 4022 est,
1171 3957 1415 4012 excedit.
1447 3958 1563 4014 Hac
1605 3959 1828 4018 ratione
1871 3965 2025 4036 epis-

374 4055 589 4113 copum
620 4043 694 4098 ad
722 4043 1077 4114 eos,quibus
1099 4044 1156 4099 in
1180 4045 1637 4117 speculationem
1661 4049 1889 4120 positus
1913 4057 2022 4122 est,

373 4143 502 4184 esse
521 4133 769 4202 oportet.
785 4129 1069 4188 Caeterum
1091 4150 1246 4198 vero,
1268 4133 1463 4206 qualis
1485 4135 1543 4190 in
1566 4139 1881 4211 semetipso
1895 4157 2025 4198 esse

373 4215 598 4283 debeat,
613 4217 674 4272 in
704 4217 832 4291 lege
861 4219 935 4275 de
963 4221 1264 4278 sacerdote
1285 4223 1565 4280 scribitur
1596 4242 1610 4280 :
1646 4225 1884 4284 Viduam
1929 4239 2027 4288 aut

370 4305 718 4378 repudiatum
753 4323 862 4364 non
911 4311 1149 4381 accipiat
1193 4326 1422 4367 uxorem
1463 4313 1656 4379 (Levit.
1697 4331 1812 4383 xxi,
1843 4319 1920 4387 7).
1954 4319 2024 4375 Et

372 4393 588 4451 Paulus
617 4395 920 4467 apostolus
960 4398 1217 4470 exponit,
1252 4403 1317 4454 ut
1359 4400 1433 4456 ad
1482 4401 1733 4472 gradum
1761 4406 2020 4480 episcOpi

2156 1839 2514 1904 constituam;
2543 1838 2694 1892 intra
2724 1836 2782 1890 in
2814 1835 3081 1904 gaudium
3102 1834 3326 1890 Domini
3352 1835 3438 1889 tui
3456 1832 3779 1905 (Νικαιαν,

2151 1930 2302 1997 23).»
2336 1928 2464 1983 Haec
2494 1926 2748 1997 denique
2768 1927 2886 1981 duo
2907 1925 3023 1980 alia
3051 1924 3293 1980 abusiva
3315 1927 3776 1995 sequunturque

2153 2018 2225 2072 ab
2257 2017 2502 2072 istorum
2530 2017 2680 2071 που
2703 2013 3142 2086 negligentia,et
3160 2011 3416 2085 periculo
3436 2015 3775 2066 secretaesse

2153 2123 2267 2160 non
2302 2110 2566 2178 possunt.
2598 2104 2766 2160 Plebs
2791 2102 3061 2158 videlicet
3079 2101 3204 2157 sine
3219 2098 3704 2172 disciplina,quod
3716 2097 3775 2152 ad

2152 2193 2501 2269 negligentis
2519 2192 2774 2266 episcopi
2797 2198 3020 2248 reatum
3041 2209 3054 2260 ;
3082 2189 3334 2263 Populus
3344 2189 3471 2244 sine
3491 2185 3770 2259 lege,un

2149 2285 2222 2341 ad
2247 2283 2401 2357 regis
2420 2281 2605 2354 iniqui
2629 2280 2972 2354 pravitatem
2987 2297 3101 2336 non
3119 2279 3364 2334 dubium
3379 2281 3470 2333 est
3490 2275 3770 2350 pertinere.

2147 2374 2256 2431 Sed
2281 2378 2338 2429 et
2357 2378 2485 2428 octo
2510 2385 2918 2442 numero,quas
2946 2368 3067 2425 haec
3095 2368 3400 2440 capitanea
3439 2365 3557 2422 duo
3579 2378 3768 2437 prece-

2146 2463 2316 2527 dunt,
2349 2461 2407 2516 id
2439 2465 2548 2526 est,
2575 2458 2809 2531 sapiens
2837 2461 2896 2514 et
2924 2456 3268 2530 praedicator
3319 2454 3447 2510 sine
3493 2452 3767 2526 operibus,

2146 2567 2320 2608 senex
2361 2548 2488 2606 sine
2536 2547 2835 2620 religione,
2866 2545 3206 2602 adolescens
3260 2544 3387 2600 sine
3441 2541 3767 2604 obedientia,

2145 2639 2306 2695 dives
2334 2639 2462 2694 sine
2483 2637 2871 2708 eleemosyna,
2896 2634 3114 2690 femina
3141 2633 3266 2689 sine
3291 2627 3773 2706 pudicitia,domi-

2144 2745 2252 2784 nos
2283 2728 2410 2783 sine
2446 2727 2678 2791 virtute,
2713 2723 3085 2780 Christianus
3132 2720 3551 2784 coutentiosus,
3573 2732 3773 2790 pauper

2143 2815 2540 2889 superbus,ad
2570 2813 2685 2870 ista
2711 2812 2828 2868 duo
2857 2810 3368 2884 capitula,quibus
3397 2805 3770 2881 principaliter

2143 2906 2404 2962 mundus
2434 2903 2528 2959 hic
2560 2903 2800 2975 regitur,
2833 2899 2952 2957 sive
2983 2918 3118 2956 cum
3151 2899 3322 2955 laude
3349 2903 3408 2954 et
3435 2896 3640 2983 gloria,
3669 2893 3769 2950 sive

2139 3011 2276 3050 cum
2307 2991 2730 3065 vituperatione
2756 2989 3079 3060 etjudicio.
3118 2986 3404 3061 respicere
3433 2986 3765 3059 dignoscan-

2139 3084 2255 3137 tur.
2274 3079 2559 3146 Quoniam
2573 3077 2924 3150 episcopulis
2945 3076 3263 3132 auctoritas
3281 3073 3650 3148 praedicando
3667 3070 3767 3125 vita

2140 3174 2198 3224 et
2235 3168 2431 3234 verbo,
2452 3171 2510 3223 et
2540 3166 2698 3239 regia
2727 3165 2986 3238 dignitas
3033 3165 3286 3238 regendo
3315 3168 3374 3220 et
3419 3158 3762 3234 corrigendo,

2141 3273 2388 3328 praeesse
2417 3273 2482 3311 ac
2515 3271 2784 3328 proeesse
2812 3253 3090 3310 omnibus
3119 3253 3353 3320 debent,
3384 3252 3489 3324 qui
3525 3246 3764 3322 discipli-

2139 3363 2299 3412 nam,
2331 3345 2389 3400 id
2417 3349 2507 3400 est
2534 3343 2862 3400 ordinatam
2911 3343 3347 3412 correctionem,
3390 3346 3451 3396 et
3493 3340 3760 3411 majorum

2138 3433 2589 3506 praecedentium
2639 3431 2961 3505 regularem
3009 3431 3475 3488 observationem
3526 3427 3684 3500 sequi
3712 3427 3759 3482 et

2136 3523 2442 3579 abservare
2471 3521 2737 3594 cupiunt.
2770 3520 2882 3576 Eos
2927 3525 3125 3576 autem
3175 3519 3275 3592 qui
3323 3518 3524 3574 divina
3550 3517 3696 3572 dicta
3714 3517 3760 3568 et

2138 3611 2335 3683 legum
2369 3611 2516 3666 scita
2535 3609 3265 3682 contemnunt,episc0pns
3293 3605 3626 3664 medicinali
3654 3619 3762 3659 mu-

2135 3717 2330 3767 crone,
2351 3705 2415 3755 ut
2446 3698 2776 3754 membrum
2813 3698 3112 3771 putridum
3145 3714 3178 3752 a
3202 3695 3365 3752 sanis
3393 3694 3760 3754 abscidere.et

2135 3805 2235 3844 rex
2255 3787 2523 3859 judiciali
2555 3787 2749 3859 gladio
2779 3786 2992 3859 impios
3011 3786 3184 3842 debet
3217 3785 3290 3842 de
3335 3789 3492 3840 terra
3519 3781 3758 3856 perdere.

2133 3881 2426 3949 quatenus
2455 3893 2490 3931 a
2519 3891 2754 3932 summo
2766 3875 3001 3931 Pastore
3029 3879 3088 3930 et
3117 3875 3272 3946 Rege
3284 3889 3488 3946 regum
3509 3887 3638 3928 cum
3658 3865 3756 3924 sibi

2133 3963 2371 4022 creditis
2400 3964 2607 4020 ovibus
2628 3969 2687 4020 et
2717 3963 3000 4034 subjectis
3029 3961 3090 4019 in
3135 3965 3333 4020 futuro
3379 3978 3448 4017 ac
3477 3955 3757 4018 tremendo

2125 4054 2351 4125 judicio
2382 4057 2717 4110 mereantur
2745 4051 2968 4118 audire,
2984 4057 3049 4107 ut
3079 4051 3214 4108 boni
3245 4057 3305 4108 et
3325 4049 3528 4106 ﬁdeles
3548 4045 3685 4103 servi
3705 4044 3756 4097 in

2133 4142 2460 4198 ministerio
2488 4141 2548 4196 in
2571 4157 2688 4213 quo
2708 4142 2939 4196 fuerant
2958 4139 3373 4206 constituti,ab
3397 4137 3525 4210 ipso
3553 4134 3648 4208 qui
3667 4147 3756 4187 eos

2131 4230 2438 4287 constituit
2482 4229 2730 4286 Domino
2779 4226 2980 4285 ﬁdeles
3021 4227 3260 4296 inventi,
3296 4221 3758 4295 Venite,beaedicti

2131 4321 2316 4375 Patris
2342 4321 2474 4385 mei,
2502 4319 2767 4390 percipite
2794 4334 3026 4386 regnum
3055 4317 3200 4390 quod
3225 4319 3380 4374 vobis
3413 4322 3661 4390 paratum
3685 4315 3754 4365 est

2129 4411 2198 4464 ab
2227 4410 2442 4478 origine
2469 4406 2664 4463 mundi
2684 4406 2893 4475 (Matth.
2916 4424 3046 4475 xxv,
3067 4408 3180 4477 34),
3197 4406 3354 4479 quod
3385 4401 3644 4479 promisit
3662 4398 3755 4472 qui

370 4483 630 4580 veniens,
657 4483 751 4580 sit.
777 4484 1033 4580 sobrius,
1056 4487 1335 4580 prudens,
1367 4494 1568 4580 castus
1607 4492 1864 4580 sapiens,
1895 4512 2018 4552 mo-
2055 4515 2100 4580 η
2131 4514 2245 4553 non
2278 4496 2562 4552 mentitur
2586 4495 2740 4551 Deus
2790 4495 3172 4569 diligentibus
3202 4512 3288 4561 se,
3317 4499 3379 4552 et
3422 4493 3555 4552 vivit
3591 4495 3648 4546 et
3674 4504 3753 4580 re-

371 4569 596 4661 destus,
623 4575 702 4661 et?
737 4571 1063 4646 hospitalis,
1092 4574 1246 4632 ﬁlios
1303 4575 1528 4634 habens
1575 4579 1844 4639 subditos
1885 4601 2022 4643 cum
2055 4569 2095 4580 ”
2130 4593 2271 4661 gnat
2301 4589 2436 4646 ante
2462 4584 2682 4650 omnia,
2709 4589 2767 4642 et
2795 4601 2899 4658 per
2926 4585 3144 4657 omnia,
3161 4590 3220 4642 et
3246 4585 3307 4640 in
3337 4582 3533 4641 omnia
3558 4577 3758 4637 secula

371 4658 531 4715 omni
562 4660 848 4756 cas’titate,
883 4663 1286 4721 testimonium
1318 4663 1540 4724 habens
1573 4667 1792 4729 bonum
1822 4673 1897 4729 ab
1928 4674 2021 4733 his

2131 4675 2498 4734 seculorum.
2529 4677 2734 4731 Amen.
