3934 6182
209 311 322 368 773

1289 305 1674 367 CAPITULA
1719 303 2252 366 PRESBYTERIS
2298 305 2528 366 DATA.

3495 313 3614 372 774

1468 645 2361 746 HINGMARI

1318 812 1964 872 ARCHIEPISCOPI
2021 814 2507 872 RHEMENSIS

751 989 1832 1150 CAPITULA

1999 985 3078 1145 SYNODICA

971 1451 1136 1506 uno
1178 1441 1563 1505 CAPI'I‘ULA
1615 1438 2152 1500 PRESBYTERIS
2201 1441 2414 1500 DATA
2458 1442 2677 1502 ANNO
2721 1444 2865 1504 852.

270 1621 444 1674 Anno
473 1614 580 1669 852
627 1607 900 1666 Kalendis
930 1603 1272 1660 Novembris
1313 1603 1600 1656 conventu
1651 1596 1850 1652 habito
1881 1597 1936 1664 Α
1963 1596 2244 1654 Similiter
2263 1599 2529 1656 ordinem
2551 1604 2609 1656 et
2630 1617 2832 1674 preces
2854 1601 2911 1657 in
2936 1602 3230 1675 exsequiis
3253 1607 3427 1675 atque
3446 1621 3594 1677 agen

211 1708 684 1784 presbyterorum
732 1697 788 1752 in
841 1692 1148 1766 metropoli
1199 1689 1430 1746 civitate
1477 1687 1856 1784 Rhemorum,

208 1775 364 1853 inter
389 1775 601 1849 cetera
639 1787 863 1844 monita
909 1781 1318 1848 saluberrima,
1351 1779 1495 1834 dum
1528 1777 1598 1831 de
1631 1775 1858 1848 legibus

211 1889 390 1957 atque
415 1882 594 1937 rebus
619 1872 1032 1934 ecclesiasticis
1055 1871 1129 1927 ab
1153 1869 1462 1926 llincmaro
1486 1864 1729 1938 praesule
1749 1868 1861 1918 tra-

154 1996 157 1999 ·
211 1956 492 2037 ctaretur,
515 1969 635 2024 haec
667 1967 724 2020 in
759 1963 962 2020 ultimo
985 1959 1206 2033 prolata
1229 1961 1368 2014 sunt
1391 1956 1683 2011 memorize
1707 1968 1860 2007 com-

209 2059 570 2122 mendanda,
601 2060 658 2112 et
685 2066 1060 2124 summepere
1090 2046 1471 2103 observanda.

207 2189 344 2244 CAP.
378 2186 422 2241 Ι.
456 2215 525 2224 -
561 2182 624 2239 Ut
649 2177 952 2252 presbyteri
996 2173 1209 2252 disaint
1253 2171 1646 2252 expositionem
1695 2167 1856 2252 ᾑρη-

274 2240 394 2314 ὖόιί
419 2263 473 2312 et
496 2240 759 2310 orationis
791 2240 1106 2314 Dominicw,
1130 2240 1406 2309 etc.,cam
1423 2241 1679 2312 Symboto
1701 2240 1857 2295 Atha-

270 2345 448 2386 πωιι.

269 2427 314 2483 U
327 2431 352 2482 t
364 2421 773 2494 unusquisque
786 2417 1259 2490 presbyterorum
1271 2408 1858 2482 expositionemSym-

204 2516 344 2581 boli,
379 2517 560 2585 atque
589 2507 870 2566 orationis
899 2503 1236 2567 Dominicis,
1261 2501 1436 2572 juxta
1479 2497 1854 2554 traditionem

203 2604 660 2662 orthodoxorum
694 2597 929 2651 Patrum
962 2592 1193 2666 plenius
1231 2591 1437 2656 discat,
1470 2588 1676 2644 exinde
1708 2603 1856 2659 prie-

205 2693 460 2750 dicaudo
491 2685 775 2762 populum
809 2684 919 2739 sibi
951 2681 1337 2738 commissum
1357 2677 1559 2734 sedulo
1583 2677 1854 2731 instruat.

209 2781 616 2838 Praefationem
649 2789 884 2848 quoque
911 2769 1172 2835 canonis,
1195 2774 1254 2824 et
1271 2767 1544 2823 eumdem
1571 2779 1856 2820 canonem

208 2869 523 2942 intelligat,
557 2869 613 2921 et
643 2862 980 2920 memoriter
1018 2875 1086 2915 ac
1135 2856 1408 2942 distincte
1456 2854 1712 2927 proferre
1761 2869 1857 2908 va-

209 2960 343 3022 leat,
375 2936 440 3014 et
471 2953 764 3011 orationes
794 2950 1133 3011 missarum,
1161 2936 1490 3018 apostolum
1539 2959 1773 3015 quoque
1801 2945 1858 2996 et

209 3043 594 3120 Evangelium
624 3042 772 3097 bene
801 3039 990 3110 legere
1021 3035 1246 3108 possit:
1281 3033 1646 3120 Psalmorum
1685 3031 1863 3086 etiam

209 3119 390 3191 verba,
415 3137 478 3190 et
506 3128 911 3187 distinctiones
938 3123 1305 3198 regulariter,
1325 3127 1385 3177 et
1412 3137 1480 3176 ex
1509 3119 1700 3184 corde,
1727 3133 1863 3173 cum

209 3222 463 3280 canticis
496 3212 1054 3275 .consnetudinariis
1111 3208 1488 3284 pronuntiare
1543 3207 1712 3262 sciat.
1748 3206 1864 3262 Nec

209 3331 320 3368 non
352 3317 414 3368 et
446 3322 779 3365 sermonem
809 3300 1111 3359 Athanasii
1143 3301 1214 3356 de
1243 3299 1377 3366 fide,
1411 3297 1582 3368 cujus
1629 3295 1864 3351 initium

205 3405 332 3458 est:
369 3400 708 3473 Quicunque
733 3395 852 3451 vult
877 3393 1060 3448 salvus
1107 3405 1240 3454 esse,
1273 3385 1567 3443 memorias
1616 3385 1866 3473 quisque

206 3471 605 3554 commendet,
633 3488 692 3540 et
737 3497 980 3538 sensum
1027 3478 1190 3534 illius
1238 3475 1554 3548 intelligat,
1585 3480 1644 3530 et
1672 3471 1864 3529 verbis

205 3575 634 3635 communibus
664 3571 970 3630 eduntiare
1001 3571 1195 3642 queat.

242 3704 394 3760 111
432 3701 572 3756 CAP.
605 3713 666 3754 ιι.
699 3727 764 3739 -
798 3695 874 3752 De
901 3693 1167 3750 scrutinio
1195 3699 1245 3747 ct
1273 3689 1463 3746 ordine
1493 3686 1824 3760 baptizandi.

276 3819 352 3876 Ut
383 3813 765 3880 scrutinium,
799 3815 856 3868 et
903 3825 1139 3865 omnem
1187 3806 1452 3864 ordinem
1503 3802 1862 3876 baptizandi,

209 3908 351 3964 nulli
385 3905 626 3979 penitus
656 3901 827 3957 liceat
856 3899 1144 3972 ignorare.

207 4032 342 4089 CAP.
383 4031 482 4087 Ill.
521 4060 592 4070 —
637 4029 712 4084 De
755 4017 1076 4082 exorcismis
1131 4019 1656 4081 cutechumenorum,
1705 4027 1759 4074 et
1803 4018 1868 4074 de

275 4105 560 4175 baptismo
582 4097 1114 4175 inﬁrmorum._ttem
1135 4093 1207 4175 με
1233 4091 1499 4164 fontibus,
1529 4106 1594 4146 ae
1621 4092 1768 4146 vasis
1796 4089 1868 4146 ad

273 4165 600 4247 corporalia
625 4165 678 4226 et
703 4171 880 4243 ραιιαε
911 4165 1232 4222 ablue/idae.

274 4279 656 4336 Exorcismos
685 4281 744 4333 et
772 4274 1064 4331 orationes
1085 4273 1156 4327 ad
1187 4269 1637 4327 catechumenos
1660 4268 1867 4324 iacien-

201 4329 395 4434 dum:
409 4329 974 4436 quoque
1017 4360 1504 4428 consecrandum,
1538 4362 1596 4414 et
1624 4362 1863 4414 caeteras
1893 4329 1938 4398 C

201 4475 416 4531 preces
444 4472 624 4529 super
651 4453 948 4509 masculos
975 4456 1034 4508 et
1064 4449 1332 4514 feminas,
1355 4446 1660 4521 pluraliter
1687 4451 1863 4518 atque

202 4545 616 4620 singulariter,
663 4539 938 4598 distincte
987 4545 1046 4596 et
1093 4537 1515 4594 rationabiliter
1569 4535 1862 4590 memorias

201 4630 898 4690 commendet.Similiter
915 4632 971 4685 et
992 4628 1256 4684 ordinem
1287 4625 1622 4699 baptizandi
1647 4625 1717 4680 ad
1739 4640 1867 4679 suc-

203 4722 576 4778 currendum
609 4718 881 4775 inﬁrmis.
915 4717 985 4772 Et
1013 4717 1115 4788 qui
1149 4718 1336 4772 fontes
1367 4713 1630 4787 lapideos
1653 4711 1868 4768 habere

205 4810 563 4884 nequiverit,
585 4823 688 4864 vas
717 4806 1068 4863 conveniens
1098 4804 1170 4860 ad
1203 4803 1312 4858 hoc
1343 4801 1712 4859 solummodo
1733 4801 1870 4872 bap-

203 4899 435 4955 tizandi
465 4895 730 4953 officium
759 4895 990 4960 habeat,
1024 4896 1082 4948 et
1127 4891 1401 4948 similiter
1450 4891 1522 4946 ad
1571 4887 1870 4962 corporale

203 4986 556 5053 lavandum,
583 4990 642 5041 et
666 4985 738 5041 ad
759 4982 948 5058 pallas
969 4981 1192 5049 altaris,
1207 4979 1442 5054 propria
1461 4995 1600 5036 vasa
1620 4979 1872 5034 habean-

205 5081 325 5145 tur,
360 5075 429 5131 in
461 5073 680 5148 quibus
709 5072 856 5128 nihil
887 5071 1048 5128 aliud
1080 5071 1202 5126 ﬁat.

202 5191 346 5248 CAP.
383 5189 483 5247 IV.
516 5221 586 5230 —
617 5189 691 5246 De
720 5187 912 5245 ordine
937 5184 1412 5254 reconciliandi,et
1438 5183 1682 5255 ungendi
1709 5183 1869 5255 inﬁr-

273 5279 400 5319 mos
424 5280 446 5316 :
465 5261 637 5334 deque
654 5263 925 5334 exsequiis
947 5259 1403 5331 defunctorum,et
1420 5256 1485 5312 de
1505 5255 1872 5313 benedictione

271 5334 426 5392 satis
456 5341 509 5390 et
535 5347 717 5406 aqua.
837 5371 843 5376 .
1115 5373 1120 5375 -

269 5430 567 5488 Ordinem
589 5428 1048 5501 reconciliandij
1058 5431 1197 5485 uxta
1209 5426 1450 5484 modum
1465 5424 1576 5481 sibi
1590 5424 1872 5482 canonice

195 5522 601 5590 reservatum,
631 5521 806 5590 atque
839 5518 1095 5592 ungendi
1123 5513 1713 5583 inﬂrmosprationes
1732 5531 1875 5587 quo-

1970 1685 2062 1741 dis
2093 1687 2523 1757 defunctorum,
2549 1707 2652 1746 nec
2684 1691 2882 1746 minus
2911 1692 3268 1748 exorcismos
3297 1698 3354 1748 et
3385 1693 3621 1749 benedi-

1969 1775 2191 1832 ctiones
2220 1794 2384 1850 aquae
2415 1783 2473 1833 et
2503 1779 2669 1834 satis.

1967 1908 2102 1964 CAP.
2129 1909 2194 1965 V.
2230 1943 2298 1951 —-—
2328 1913 2402 1967 De
2429 1929 2574 1984 aqua
2778 1913 2868 1997 die
2889 1914 3176 2040 ίςαοηιίηίσο
3222 1922 3348 1970 ante
3392 1917 3620 1972 missam

2629 2000 2728 2039 ene
2769 2001 2882 2039 zren
2966 2026 2978 2039 .

2629 2000 2762 2039 enea
2769 2000 2957 2039 zcenaa
2966 2026 2978 2039 .

2038 2076 2109 2132 Ut
2139 2080 2297 2133 omni
2332 2079 2636 2136 Dominico
2669 2081 2762 2136 die
2793 2081 3044 2154 quisque
3088 2081 3390 2156 presbyter
3420 2083 3478 2138 in
3513 2101 3621 2140 sua

1964 2164 2210 2220 ecclesia
2231 2171 2363 2221 ante
2386 2167 2701 2222 missarum
2717 2167 3004 2223 solemnia
3016 2185 3230 2240 aquam
3247 2169 3619 2225 benedictum

1965 2253 2140 2309 faciat
2167 2254 2225 2310 in
2257 2273 2390 2311 vase
2415 2255 2596 2311 nitido
2617 2261 2674 2312 et
2695 2261 2855 2312 tanto
2879 2257 3203 2312 ministerio
3226 2258 3616 2326 convenienti,

1965 2343 2037 2396 de
2057 2360 2173 2416 qua
2191 2345 2444 2417 populus
2463 2345 2691 2401 intrans
2709 2345 3014 2401 ecclesiam
3035 2351 3380 2419 aspergatur
3405 2363 3416 2402 :
3441 2351 3499 2402 et
3519 2362 3623 2422 qui

1961 2433 2211 2488 voluerit
2242 2435 2300 2490 in
2331 2434 2585 2492 vasculis
2615 2435 2740 2490 suis
2773 2434 2977 2491 nitidis
3007 2451 3076 2491 ex
3106 2433 3207 2490 illa
3238 2435 3624 2508 accipiant,et

1965 2538 2068 2594 per
2117 2523 2472 2588 mansiones,
2500 2528 2558 2580 et
2603 2541 2798 2598 agros,
2823 2529 2880 2580 et
2925 2524 3147 2592 vineas,
3180 2541 3360 2598 super
3407 2541 3622 2597 pecora
3671 2540 3676 2545 '

1965 2627 2197 2683 quoque
2229 2628 2358 2676 sua,
2390 2616 2568 2684 atque
2600 2629 2780 2684 super
2808 2611 3028 2684 pabula
3049 2629 3274 2680 eorum,
3300 2629 3404 2670 nec
3427 2629 3543 2668 non
3564 2615 3623 2668 et

1965 2715 2143 2771 super
2170 2699 2332 2754 cibos
2361 2705 2418 2754 et
2451 2705 2650 2772 potum
2684 2717 2861 2755 suum
2893 2706 3304 2773 conspergunt.

2223 2815 2358 2870 CAP.
2395 2815 2486 2870 VI.
2521 2846 2590 2856 ——
2619 2815 2694 2871 De
2721 2815 3003 2872 thuribulo
3030 2823 3083 2872 et
3112 2817 3351 2872 incenso.

2041 2930 2116 2985 Ut
2143 2930 2334 2985 omnis
2365 2930 2667 3002 presbyter
2695 2927 3064 2984 thuribulum
3093 2933 3150 2985 et
3177 2929 3483 2986 incensum
3515 2930 3618 2986 ha-

1973 3021 2122 3088 beat,
2157 3023 2222 3074 ut
2249 3023 2510 3090 tempore
2538 3035 2655 3091 quo
2684 3017 3062 3091 Evangelium
3100 3017 3334 3090 legitur,
3369 3024 3428 3075 et
3455 3019 3619 3074 finito

1972 3107 2280 3175 offertorio,
2316 3124 2492 3179 super
2519 3107 2874 3162 oblationem
2905 3107 3234 3175 incensum,
3262 3107 3404 3162 utin
3434 3109 3620 3162 morte

1971 3197 2239 3254 videlicet
2270 3196 2695 3268 Redemptoris,
2731 3200 2932 3268 ponat.

2078 3312 2215 3368 CAP.
2247 3298 2368 3368 VII‘.
2395 3344 2459 3354 —
2490 3317 2569 3368 De
2591 3329 2734 3384 pane
2762 3311 2833 3366 ad
2861 3313 3104 3381 eulogias
3135 3310 3508 3368 benedicendo.

2045 3427 2118 3483 Ut
2149 3428 2220 3482 de
2249 3427 2481 3495 oblatis,
2510 3443 2637 3500 qua:
2669 3428 2998 3483 oﬂ‘eruntur
3026 3443 3059 3482 a
3087 3425 3324 3499 populo,
3347 3430 3406 3482 et
3425 3441 3622 3480 conse-

1973 3515 2216 3572 crationi
2251 3521 2588 3589 supersunt,
2625 3516 2774 3572 712
2803 3515 2891 3571 vel
2921 3515 2992 3570 de
3021 3515 3452 3589 panibus,quos
3471 3513 3622 3570 defe-

1974 3609 2112 3662 runt
2141 3605 2340 3662 ﬁdeles
2366 3605 2436 3660 ad
2459 3603 2878 3670 ecclesiam,vel
2901 3608 3054 3660 certe
3074 3604 3148 3660 de
3169 3603 3623 3677 suis,presbyter

1975 3693 2380 3750 convenienter
2408 3698 2605 3767 partes
2635 3692 2851 3749 incisas
2880 3693 3094 3750 habent
3117 3693 3175 3749 in
3194 3710 3329 3749 vase
3358 3691 3542 3748 nitido
3563 3694 3623 3748 et
3684 3739 3694 3744 _

1974 3783 2360 3850 convenienti,
2396 3788 2461 3838 ut
2489 3787 2622 3856 post
2648 3781 2967 3838 missarum
2997 3781 3305 3848 solemnia,
3329 3779 3429 3854 qui
3460 3796 3619 3836 com-

1977 3873 2275 3928 municare
2313 3889 2428 3928 non
2479 3873 2714 3928 fuerunt
2763 3869 2970 3944 parati,
3005 3869 3268 3944 eulogias
3317 3868 3478 3926 omni
3527 3869 3622 3926 die

1975 3959 2298 4032 Dominico,
2329 3966 2388 4017 et
2419 3961 2477 4016 in
2507 3961 2714 4016 diebus
2747 3959 2930 4028 festis,
2962 3961 3170 4016 exinde
3210 3957 3518 4032 accipiant.
3552 3958 3623 4014 Et

1973 4049 2094 4120 illa,
2129 4051 2282 4106 unde
2313 4049 2574 4123 eulogias
2613 4049 2914 4122 presbyter
2961 4049 3210 4104 daturus
3253 4052 3361 4116 est,
3395 4051 3528 4102 ante
3561 4045 3620 4101 in

1974 4138 2095 4194 haec
2125 4139 2300 4194 verba
2330 4138 2717 4206 benedicat,et
2747 4138 2832 4193 sic
2862 4137 3188 4209 accepturis
3214 4135 3623 4200 distribuat,et

1975 4227 2158 4284 micas
2182 4245 2251 4284 ne
2272 4227 2502 4283 incaute
2524 4227 2783 4282 defluant
2802 4225 3094 4282 custodiat
3116 4241 3128 4278 :
3157 4223 3402 4279 Domine
3422 4226 3622 4278 sancte

1979 4320 2166 4384 Pater,
2197 4316 2568 4390 omnipotens
2587 4319 2800 4370 aeterne
2823 4311 3342 4384 Deus,benedicere
3363 4308 3622 4384 digneris

1975 4409 2130 4464 hunc
2161 4423 2373 4480 panem
2402 4409 2502 4461 tua
2533 4407 2736 4460 sancta
2765 4407 2823 4458 et
2851 4400 3098 4476 spiritali
3130 4399 3624 4466 benedictione,ut

1971 4497 2047 4554 sit
2075 4496 2354 4553 omnibus
2383 4511 2517 4550 cum
2549 4495 2681 4562 ﬁde,
2713 4498 2772 4548 et
2803 4489 3142 4562 reverentia,
3175 4506 3241 4546 ac
3291 4487 3617 4562 gratiarum

1971 4591 2207 4642 tuarum
2227 4583 2450 4640 actione
2467 4581 2838 4638 sumentibus
2857 4579 3018 4636 salus
3037 4577 3249 4634 mentis
3267 4581 3324 4633 et
3338 4575 3623 4650 corporis,

1973 4681 2149 4747 atque
2177 4677 2382 4730 contra
2408 4687 2614 4728 omnes
2662 4670 2918 4738 morbos,
2949 4671 3006 4724 et
3034 4667 3336 4723 universas
3385 4669 3626 4722 cuncto-

1975 4781 2107 4819 rum
2138 4762 2514 4819 inimicorum
2545 4759 2792 4815 insidias
2824 4760 3242 4814 tutamentum.
3274 4755 3382 4812 Per
3427 4753 3626 4811 Domi-

1979 4870 2122 4908 num
2142 4857 2411 4908 nostrum
2431 4851 2635 4907 Jesum
2657 4848 2958 4905 Christum
2987 4846 3195 4903 Filium
3213 4850 3626 4918 tuum,panem

1977 4941 2132 5010 vitis,
2162 4941 2261 5026 qui
2292 4941 2363 4998 de
2393 4938 2535 4996 caelo
2563 4937 2886 5006 descendit,
2918 4941 2977 4993 et
3006 4937 3108 4993 dat
3134 4936 3312 4992 vitam
3361 4951 3426 4990 ac
3467 4932 3626 5020 salu-

1977 5035 2094 5086 tem
2124 5019 2365 5098 mundo,
2395 5033 2453 5085 et
2479 5032 2675 5085 tecum
2704 5027 2862 5096 vivit,
2895 5029 2953 5084 et
2982 5030 3188 5101 regnat
3219 5029 3368 5081 Deus
3403 5023 3464 5078 in
3495 5019 3626 5075 uni-

1978 5123 2094 5176 tate
2124 5119 2378 5192 Spiritus
2407 5118 2617 5187 sancti,
2649 5134 2755 5190 per
2782 5115 2981 5174 omnia
3009 5113 3222 5172 sazcula
3254 5108 3624 5169 saeculorum.

1977 5210 2183 5265 Amen.

2049 5342 2184 5398 CAP.
2218 5341 2366 5400 Vlll.
2390 5373 2460 5382 —
2487 5342 2562 5397 De
2589 5342 2834 5397 homitiis
2853 5339 2910 5395 S.
2935 5331 3341 5408 Gregorii,etde
3357 5337 3623 5404 computo,

2467 5421 2736 5484 cantuque
2762 5409 3141 5470 ecclesiastico.

2053 5511 2331 5568 llomilias
2351 5509 2747 5585 quadraginta
2765 5504 3026 5578 Gregorii
3047 5503 3302 5576 quisque
3326 5500 3631 5574 presbyter

197 5625 320 5688 que
333 5589 1297 5682 eidemnecessitaticompetentes
1311 5603 1867 5664 memoriterdiscat.
1895 5591 1948 5664 Β
1979 5604 2242 5662 studiose
2270 5602 2448 5676 legat,
2479 5603 2538 5658 et
2566 5595 2891 5672 intelligat;
2923 5597 2981 5650 et
3013 5597 3078 5650 ut
3113 5595 3431 5668 cognoscat
3458 5607 3523 5650 se
3553 5589 3629 5650 ad
