  <div class='ocr_page' id='page_1' title='image "/cluster/home/n/w/nwhite01/storage/ocr_20150623/125/hvd.32044054759873/393.png"; bbox 0 0 3934 6182; ppageno 0'>
   <div class='ocr_carea' id='block_1_1' title="bbox 366 227 482 286">
    <p class='ocr_par' dir='ltr' id='par_1_1' title="bbox 366 227 482 286">
     <span class='ocr_line' id='line_1_1' title="bbox 366 227 482 286; baseline 0 0"><span class='ocrx_word' id='word_1_1' title='bbox 366 227 482 286; x_wconf 71' lang='grc' dir='ltr'><strong>ἰτῦ</strong></span> 
     </span>
    </p>
   </div>
   <div class='ocr_carea' id='block_1_2' title="bbox 1297 199 2844 294">
    <p class='ocr_par' dir='ltr' id='par_1_2' title="bbox 1297 199 2844 294">
     <span class='ocr_line' id='line_1_2' title="bbox 1297 199 2844 294; baseline 0.004 -8"><span class='ocrx_word' id='word_1_2' title='bbox 1297 223 1683 288; x_wconf 73' lang='lat' dir='ltr'><strong>HINCMARI</strong></span> <span class='ocrx_word' id='word_1_3' title='bbox 1731 222 2179 288; x_wconf 77' lang='lat' dir='ltr'><strong>RBEMENSIS</strong></span> <span class='ocrx_word' id='word_1_4' title='bbox 2226 199 2844 294; x_wconf 58' lang='lat' dir='ltr'><strong>ancnlnrlscoml</strong></span> 
     </span>
    </p>
   </div>
   <div class='ocr_carea' id='block_1_3' title="bbox 3605 244 3703 306">
    <p class='ocr_par' dir='ltr' id='par_1_3' title="bbox 3605 244 3703 306">
     <span class='ocr_line' id='line_1_3' title="bbox 3605 244 3703 306; baseline 0 0"><span class='ocrx_word' id='word_1_5' title='bbox 3605 244 3703 306; x_wconf 67' lang='grc' dir='ltr'><strong>πθ</strong></span> 
     </span>
    </p>
   </div>
   <div class='ocr_carea' id='block_1_4' title="bbox 364 356 3707 442">
    <p class='ocr_par' dir='ltr' id='par_1_4' title="bbox 364 356 3707 442">
     <span class='ocr_line' id='line_1_4' title="bbox 364 356 3707 442; baseline 0.003 -30"><span class='ocrx_word' id='word_1_6' title='bbox 364 359 615 423; x_wconf 83' lang='lat' dir='ltr'><strong>formam</strong></span> <span class='ocrx_word' id='word_1_7' title='bbox 637 356 1009 430; x_wconf 83' lang='lat' dir='ltr'><strong>septuaginta</strong></span> <span class='ocrx_word' id='word_1_8' title='bbox 1037 357 1291 414; x_wconf 89' lang='lat' dir='ltr'><strong>duorum</strong></span> <span class='ocrx_word' id='word_1_9' title='bbox 1322 358 1745 430; x_wconf 86' lang='lat' dir='ltr'><strong>discipulorum</strong></span> <span class='ocrx_word' id='word_1_10' title='bbox 1766 359 1826 415; x_wconf 93' lang='lat' dir='ltr'><strong>in</strong></span> <span class='ocrx_word' id='word_1_11' title='bbox 1851 359 2020 416; x_wconf 85' lang='lat' dir='ltr'><strong>mini-</strong></span> <span class='ocrx_word' id='word_1_12' title='bbox 2045 360 2264 430; x_wconf 63' lang='lat' dir='ltr'><strong>ACAP.</strong></span> <span class='ocrx_word' id='word_1_13' title='bbox 2291 359 2438 442; x_wconf 74' lang='lat' dir='ltr'><strong>Xlll.</strong></span> <span class='ocrx_word' id='word_1_14' title='bbox 2469 365 2632 442; x_wconf 85' lang='lat' dir='ltr'><strong>—__Ut</strong></span> <span class='ocrx_word' id='word_1_15' title='bbox 2659 365 2967 442; x_wconf 52' lang='lat' dir='ltr'><strong>presbyteri</strong></span> <span class='ocrx_word' id='word_1_16' title='bbox 2989 383 3024 424; x_wconf 90' lang='lat' dir='ltr'><strong>a</strong></span> <span class='ocrx_word' id='word_1_17' title='bbox 3047 369 3257 438; x_wconf 78' lang='lat' dir='ltr'><strong>publice</strong></span> <span class='ocrx_word' id='word_1_18' title='bbox 3281 373 3616 442; x_wconf 49' lang='lat' dir='ltr'><strong>parantibus,</strong></span> <span class='ocrx_word' id='word_1_19' title='bbox 3637 377 3707 440; x_wconf 59' lang='grc' dir='ltr'><strong>νει</strong></span> 
     </span>
    </p>
   </div>
   <div class='ocr_carea' id='block_1_5' title="bbox 363 445 2020 520">
    <p class='ocr_par' dir='ltr' id='par_1_5' title="bbox 363 445 2020 520">
     <span class='ocr_line' id='line_1_5' title="bbox 363 445 2020 520; baseline 0.001 -20"><span class='ocrx_word' id='word_1_20' title='bbox 363 445 538 501; x_wconf 84' lang='lat' dir='ltr'><strong>sterio</strong></span> <span class='ocrx_word' id='word_1_21' title='bbox 568 445 964 502; x_wconf 86' lang='lat' dir='ltr'><strong>ecclesiastico</strong></span> <span class='ocrx_word' id='word_1_22' title='bbox 995 463 1126 502; x_wconf 90' lang='lat' dir='ltr'><strong>esse</strong></span> <span class='ocrx_word' id='word_1_23' title='bbox 1157 451 1857 518; x_wconf 86' lang='lat' dir='ltr'><strong>promotum,sermonem</strong></span> <span class='ocrx_word' id='word_1_24' title='bbox 1880 464 2020 520; x_wconf 76' lang='lat' dir='ltr'><strong>prae-</strong></span> 
     </span>
    </p>
   </div>
   <div class='ocr_carea' id='block_1_6' title="bbox 360 533 2017 608">
    <p class='ocr_par' dir='ltr' id='par_1_6' title="bbox 360 533 2017 608">
     <span class='ocr_line' id='line_1_6' title="bbox 360 533 2017 608; baseline 0.001 -19"><span class='ocrx_word' id='word_1_25' title='bbox 360 533 500 590; x_wconf 88' lang='lat' dir='ltr'><strong>dicti</strong></span> <span class='ocrx_word' id='word_1_26' title='bbox 531 533 786 591; x_wconf 89' lang='lat' dir='ltr'><strong>doctoris</strong></span> <span class='ocrx_word' id='word_1_27' title='bbox 826 535 898 590; x_wconf 91' lang='lat' dir='ltr'><strong>de</strong></span> <span class='ocrx_word' id='word_1_28' title='bbox 946 533 1322 608; x_wconf 81' lang='lat' dir='ltr'><strong>septuaginta</strong></span> <span class='ocrx_word' id='word_1_29' title='bbox 1369 535 1602 591; x_wconf 91' lang='lat' dir='ltr'><strong>duobus</strong></span> <span class='ocrx_word' id='word_1_30' title='bbox 1648 535 1954 607; x_wconf 76' lang='lat' dir='ltr'><strong>discipulis</strong></span> <span class='ocrx_word' id='word_1_31' title='bbox 1983 553 2017 590; x_wconf 90' lang='lat' dir='ltr'><strong>a</strong></span> 
     </span>
    </p>
   </div>
   <div class='ocr_carea' id='block_1_7' title="bbox 359 621 2014 696">
    <p class='ocr_par' dir='ltr' id='par_1_7' title="bbox 359 621 2014 696">
     <span class='ocr_line' id='line_1_7' title="bbox 359 621 2014 696; baseline -0.001 -17"><span class='ocrx_word' id='word_1_32' title='bbox 359 623 608 680; x_wconf 90' lang='lat' dir='ltr'><strong>Domino</strong></span> <span class='ocrx_word' id='word_1_33' title='bbox 639 625 710 680; x_wconf 89' lang='lat' dir='ltr'><strong>ad</strong></span> <span class='ocrx_word' id='word_1_34' title='bbox 743 624 1183 696; x_wconf 68' lang='lat' dir='ltr'><strong>prtedicandum</strong></span> <span class='ocrx_word' id='word_1_35' title='bbox 1218 621 1420 679; x_wconf 84' lang='lat' dir='ltr'>missis</span> <span class='ocrx_word' id='word_1_36' title='bbox 1444 623 1784 696; x_wconf 84' lang='lat' dir='ltr'><strong>plenissime</strong></span> <span class='ocrx_word' id='word_1_37' title='bbox 1805 625 2014 691; x_wconf 87' lang='lat' dir='ltr'><strong>discat,</strong></span> 
     </span>
    </p>
   </div>
   <div class='ocr_carea' id='block_1_8' title="bbox 360 712 2017 784">
    <p class='ocr_par' dir='ltr' id='par_1_8' title="bbox 360 712 2017 784">
     <span class='ocr_line' id='line_1_8' title="bbox 360 712 2017 784; baseline 0 -18"><span class='ocrx_word' id='word_1_38' title='bbox 360 727 427 766; x_wconf 85' lang='lat' dir='ltr'><strong>ac</strong></span> <span class='ocrx_word' id='word_1_39' title='bbox 457 713 750 768; x_wconf 75' lang='lat' dir='ltr'><strong>memoria:</strong></span> <span class='ocrx_word' id='word_1_40' title='bbox 779 713 992 767; x_wconf 87' lang='lat' dir='ltr'><strong>tradat.</strong></span> <span class='ocrx_word' id='word_1_41' title='bbox 1028 715 1314 784; x_wconf 84' lang='lat' dir='ltr'><strong>Computo</strong></span> <span class='ocrx_word' id='word_1_42' title='bbox 1343 713 1522 768; x_wconf 86' lang='lat' dir='ltr'><strong>etiam</strong></span> <span class='ocrx_word' id='word_1_43' title='bbox 1577 712 1927 780; x_wconf 84' lang='lat' dir='ltr'><strong>necessario,</strong></span> <span class='ocrx_word' id='word_1_44' title='bbox 1959 715 2017 767; x_wconf 90' lang='lat' dir='ltr'><strong>et</strong></span> 
     </span>
    </p>
   </div>
   <div class='ocr_carea' id='block_1_9' title="bbox 359 799 1936 874">
    <p class='ocr_par' dir='ltr' id='par_1_9' title="bbox 359 799 1936 874">
     <span class='ocr_line' id='line_1_9' title="bbox 359 799 1936 874; baseline -0.001 -17"><span class='ocrx_word' id='word_1_45' title='bbox 359 805 534 857; x_wconf 89' lang='lat' dir='ltr'><strong>cantu</strong></span> <span class='ocrx_word' id='word_1_46' title='bbox 567 818 669 874; x_wconf 90' lang='lat' dir='ltr'><strong>per</strong></span> <span class='ocrx_word' id='word_1_47' title='bbox 697 799 836 856; x_wconf 90' lang='lat' dir='ltr'><strong>anni</strong></span> <span class='ocrx_word' id='word_1_48' title='bbox 865 800 1173 868; x_wconf 86' lang='lat' dir='ltr'><strong>circulum,</strong></span> <span class='ocrx_word' id='word_1_49' title='bbox 1208 799 1549 872; x_wconf 84' lang='lat' dir='ltr'><strong>plenissime</strong></span> <span class='ocrx_word' id='word_1_50' title='bbox 1589 800 1936 856; x_wconf 80' lang='lat' dir='ltr'><strong>instruatur.</strong></span> 
     </span>
    </p>
   </div>
   <div class='ocr_carea' id='block_1_10' title="bbox 357 915 2013 990">
    <p class='ocr_par' dir='ltr' id='par_1_10' title="bbox 357 915 2013 990">
     <span class='ocr_line' id='line_1_10' title="bbox 357 915 2013 990; baseline 0 -19"><span class='ocrx_word' id='word_1_51' title='bbox 357 915 496 972; x_wconf 75' lang='lat' dir='ltr'><strong>CAP.</strong></span> <span class='ocrx_word' id='word_1_52' title='bbox 531 916 622 972; x_wconf 92' lang='grc' dir='ltr'><strong>1Χ.</strong></span> <span class='ocrx_word' id='word_1_53' title='bbox 657 948 723 958; x_wconf 92' lang='grc'><strong>-</strong></span> <span class='ocrx_word' id='word_1_54' title='bbox 750 917 824 972; x_wconf 89' lang='lat' dir='ltr'><strong>De</strong></span> <span class='ocrx_word' id='word_1_55' title='bbox 853 917 1182 990; x_wconf 53' lang='lat' dir='ltr'><strong>manubiali</strong></span> <span class='ocrx_word' id='word_1_56' title='bbox 1207 918 1409 988; x_wconf 58' lang='lat' dir='ltr'><strong>amrin,</strong></span> <span class='ocrx_word' id='word_1_57' title='bbox 1432 925 1484 990; x_wconf 61' lang='lat' dir='ltr'><strong>et</strong></span> <span class='ocrx_word' id='word_1_58' title='bbox 1510 916 1974 990; x_wconf 58' lang='lat' dir='ltr'><strong>horzsexplendis</strong></span> <span class='ocrx_word' id='word_1_59' title='bbox 1993 935 2013 971; x_wconf 89' lang='lat'><strong><em>:</em></strong></span> 
     </span>
    </p>
   </div>
   <div class='ocr_carea' id='block_1_11' title="bbox 427 988 2014 1061">
    <p class='ocr_par' dir='ltr' id='par_1_11' title="bbox 427 988 2014 1061">
     <span class='ocr_line' id='line_1_11' title="bbox 427 988 2014 1061; baseline 0.001 -18"><span class='ocrx_word' id='word_1_60' title='bbox 427 997 480 1043; x_wconf 88' lang='lat' dir='ltr'><strong>et</strong></span> <span class='ocrx_word' id='word_1_61' title='bbox 500 996 622 1061; x_wconf 80' lang='lat' dir='ltr'><strong>post</strong></span> <span class='ocrx_word' id='word_1_62' title='bbox 663 990 890 1044; x_wconf 72' lang='lat' dir='ltr'><strong>missam</strong></span> <span class='ocrx_word' id='word_1_63' title='bbox 933 988 1074 1061; x_wconf 65' lang='lat' dir='ltr'><strong>quid</strong></span> <span class='ocrx_word' id='word_1_64' title='bbox 1123 1003 1286 1059; x_wconf 78' lang='lat' dir='ltr'><strong>agere</strong></span> <span class='ocrx_word' id='word_1_65' title='bbox 1326 989 1610 1060; x_wconf 61' lang='lat' dir='ltr'><strong>mesbyter</strong></span> <span class='ocrx_word' id='word_1_66' title='bbox 1655 988 1842 1052; x_wconf 53' lang='lat' dir='ltr'><strong>debat</strong></span> <span class='ocrx_word' id='word_1_67' title='bbox 1888 998 2014 1046; x_wconf 82' lang='lat' dir='ltr'><strong>ante</strong></span> 
     </span>
    </p>
   </div>
   <div class='ocr_carea' id='block_1_12' title="bbox 423 1059 747 1132">
    <p class='ocr_par' dir='ltr' id='par_1_12' title="bbox 423 1059 747 1132">
     <span class='ocr_line' id='line_1_12' title="bbox 423 1059 747 1132; baseline 0 -18"><span class='ocrx_word' id='word_1_68' title='bbox 423 1059 747 1132; x_wconf 78' lang='lat' dir='ltr'><strong>prandium.</strong></span> 
     </span>
    </p>
   </div>
   <div class='ocr_carea' id='block_1_13' title="bbox 427 1165 2010 1238">
    <p class='ocr_par' dir='ltr' id='par_1_13' title="bbox 427 1165 2010 1238">
     <span class='ocr_line' id='line_1_13' title="bbox 427 1165 2010 1238; baseline 0.001 -17"><span class='ocrx_word' id='word_1_69' title='bbox 427 1167 566 1234; x_wconf 90' lang='lat' dir='ltr'><strong>(lvo,</strong></span> <span class='ocrx_word' id='word_1_70' title='bbox 599 1183 656 1238; x_wconf 92' lang='lat' dir='ltr'><strong>p.</strong></span> <span class='ocrx_word' id='word_1_71' title='bbox 689 1183 764 1235; x_wconf 79' lang='lat' dir='ltr'><strong>Vl,</strong></span> <span class='ocrx_word' id='word_1_72' title='bbox 801 1165 920 1234; x_wconf 83' lang='grc'><strong>181,</strong></span> <span class='ocrx_word' id='word_1_73' title='bbox 956 1182 1025 1221; x_wconf 77' lang='lat' dir='ltr'><strong>ex</strong></span> <span class='ocrx_word' id='word_1_74' title='bbox 1061 1165 1123 1221; x_wconf 90' lang='lat' dir='ltr'><strong>C.</strong></span> <span class='ocrx_word' id='word_1_75' title='bbox 1154 1165 1392 1238; x_wconf 85' lang='lat' dir='ltr'><strong>Namn.,</strong></span> <span class='ocrx_word' id='word_1_76' title='bbox 1423 1166 1489 1222; x_wconf 85' lang='lat' dir='ltr'><strong>de</strong></span> <span class='ocrx_word' id='word_1_77' title='bbox 1530 1167 1762 1222; x_wconf 79' lang='lat' dir='ltr'><strong>celebrat</strong></span> <span class='ocrx_word' id='word_1_78' title='bbox 1808 1169 2010 1223; x_wconf 79' lang='lat' dir='ltr'><strong>missa-</strong></span> 
     </span>
    </p>
   </div>
   <div class='ocr_carea' id='block_1_14' title="bbox 355 1255 2010 1328">
    <p class='ocr_par' dir='ltr' id='par_1_14' title="bbox 355 1255 2010 1328">
     <span class='ocr_line' id='line_1_14' title="bbox 355 1255 2010 1328; baseline 0.001 -18"><span class='ocrx_word' id='word_1_79' title='bbox 355 1271 501 1325; x_wconf 82' lang='lat' dir='ltr'><strong>rum,</strong></span> <span class='ocrx_word' id='word_1_80' title='bbox 533 1272 584 1310; x_wconf 90' lang='lat' dir='ltr'><strong>c.</strong></span> <span class='ocrx_word' id='word_1_81' title='bbox 620 1257 669 1323; x_wconf 85' lang='grc'><strong>1,</strong></span> <span class='ocrx_word' id='word_1_82' title='bbox 704 1272 772 1310; x_wconf 81' lang='lat' dir='ltr'><strong>ex</strong></span> <span class='ocrx_word' id='word_1_83' title='bbox 822 1255 1180 1328; x_wconf 81' lang='lat' dir='ltr'><strong>Agathensi.)</strong></span> <span class='ocrx_word' id='word_1_84' title='bbox 1223 1255 1392 1310; x_wconf 87' lang='lat' dir='ltr'><strong>Mane</strong></span> <span class='ocrx_word' id='word_1_85' title='bbox 1440 1255 1771 1311; x_wconf 87' lang='lat' dir='ltr'><strong>matutinali</strong></span> <span class='ocrx_word' id='word_1_86' title='bbox 1818 1256 2010 1311; x_wconf 80' lang='lat' dir='ltr'><strong>ofﬁcio</strong></span> 
     </span>
    </p>
   </div>
   <div class='ocr_carea' id='block_1_15' title="bbox 356 1343 2010 1417">
    <p class='ocr_par' dir='ltr' id='par_1_15' title="bbox 356 1343 2010 1417">
     <span class='ocr_line' id='line_1_15' title="bbox 356 1343 2010 1417; baseline 0.001 -18"><span class='ocrx_word' id='word_1_87' title='bbox 356 1343 604 1415; x_wconf 88' lang='lat' dir='ltr'><strong>expleto,</strong></span> <span class='ocrx_word' id='word_1_88' title='bbox 639 1360 887 1416; x_wconf 88' lang='lat' dir='ltr'><strong>pensum</strong></span> <span class='ocrx_word' id='word_1_89' title='bbox 921 1343 1225 1400; x_wconf 80' lang='lat' dir='ltr'><strong>servitutis</strong></span> <span class='ocrx_word' id='word_1_90' title='bbox 1256 1361 1376 1402; x_wconf 72' lang='lat' dir='ltr'><strong>sum</strong></span> <span class='ocrx_word' id='word_1_91' title='bbox 1423 1345 1685 1402; x_wconf 86' lang='lat' dir='ltr'><strong>canendo</strong></span> <span class='ocrx_word' id='word_1_92' title='bbox 1735 1344 2010 1417; x_wconf 80' lang='lat' dir='ltr'><strong>primam,</strong></span> 
     </span>
    </p>
   </div>
   <div class='ocr_carea' id='block_1_16' title="bbox 356 1433 2006 1506">
    <p class='ocr_par' dir='ltr' id='par_1_16' title="bbox 356 1433 2006 1506">
     <span class='ocr_line' id='line_1_16' title="bbox 356 1433 2006 1506; baseline 0.002 -20"><span class='ocrx_word' id='word_1_93' title='bbox 356 1433 610 1500; x_wconf 87' lang='lat' dir='ltr'><strong>tertiam,</strong></span> <span class='ocrx_word' id='word_1_94' title='bbox 643 1437 888 1500; x_wconf 80' lang='lat' dir='ltr'><strong>sextam,</strong></span> <span class='ocrx_word' id='word_1_95' title='bbox 921 1449 1256 1505; x_wconf 86' lang='lat' dir='ltr'><strong>nonamque</strong></span> <span class='ocrx_word' id='word_1_96' title='bbox 1303 1433 1592 1506; x_wconf 89' lang='lat' dir='ltr'><strong>persolvat</strong></span> <span class='ocrx_word' id='word_1_97' title='bbox 1627 1449 1640 1488; x_wconf 91' lang='lat'>:</span> <span class='ocrx_word' id='word_1_98' title='bbox 1671 1433 1752 1489; x_wconf 87' lang='lat' dir='ltr'><strong>ita</strong></span> <span class='ocrx_word' id='word_1_99' title='bbox 1788 1437 2006 1502; x_wconf 89' lang='lat' dir='ltr'><strong>tamen,</strong></span> 
     </span>
    </p>
   </div>
   <div class='ocr_carea' id='block_1_17' title="bbox 354 1519 2004 1594">
    <p class='ocr_par' dir='ltr' id='par_1_17' title="bbox 354 1519 2004 1594">
     <span class='ocr_line' id='line_1_17' title="bbox 354 1519 2004 1594; baseline -0.001 -16"><span class='ocrx_word' id='word_1_100' title='bbox 354 1527 420 1578; x_wconf 77' lang='lat' dir='ltr'><strong>ut</strong></span> <span class='ocrx_word' id='word_1_101' title='bbox 443 1525 644 1592; x_wconf 77' lang='lat' dir='ltr'><strong>postea</strong></span> <span class='ocrx_word' id='word_1_102' title='bbox 664 1519 823 1576; x_wconf 86' lang='lat' dir='ltr'><strong>boris</strong></span> <span class='ocrx_word' id='word_1_103' title='bbox 846 1521 1315 1593; x_wconf 79' lang='lat' dir='ltr'><strong>competentibus</strong></span> <span class='ocrx_word' id='word_1_104' title='bbox 1338 1521 1514 1592; x_wconf 78' lang='lat' dir='ltr'><strong>juxta</strong></span> <span class='ocrx_word' id='word_1_105' title='bbox 1533 1521 2004 1594; x_wconf 79' lang='lat' dir='ltr'><strong>possibilitatem,</strong></span> 
     </span>
    </p>
   </div>
   <div class='ocr_carea' id='block_1_18' title="bbox 352 1609 2005 1683">
    <p class='ocr_par' dir='ltr' id='par_1_18' title="bbox 352 1609 2005 1683">
     <span class='ocr_line' id='line_1_18' title="bbox 352 1609 2005 1683; baseline 0 -19"><span class='ocrx_word' id='word_1_106' title='bbox 352 1617 454 1666; x_wconf 78' lang='lat' dir='ltr'><strong>aut</strong></span> <span class='ocrx_word' id='word_1_107' title='bbox 483 1626 516 1666; x_wconf 86' lang='lat' dir='ltr'><strong>a</strong></span> <span class='ocrx_word' id='word_1_108' title='bbox 545 1626 628 1676; x_wconf 86' lang='lat' dir='ltr'><strong>se,</strong></span> <span class='ocrx_word' id='word_1_109' title='bbox 661 1616 760 1665; x_wconf 84' lang='lat' dir='ltr'><strong>aut</strong></span> <span class='ocrx_word' id='word_1_110' title='bbox 807 1611 880 1665; x_wconf 84' lang='lat' dir='ltr'><strong>ab</strong></span> <span class='ocrx_word' id='word_1_111' title='bbox 929 1609 1296 1670; x_wconf 79' lang='lat' dir='ltr'><strong>scholasticis</strong></span> <span class='ocrx_word' id='word_1_112' title='bbox 1343 1610 1577 1682; x_wconf 82' lang='lat' dir='ltr'><strong>publice</strong></span> <span class='ocrx_word' id='word_1_113' title='bbox 1625 1610 2005 1683; x_wconf 82' lang='lat' dir='ltr'><strong>compleatur.</strong></span> 
     </span>
    </p>
   </div>
   <div class='ocr_carea' id='block_1_19' title="bbox 356 1697 2086 1793">
    <p class='ocr_par' dir='ltr' id='par_1_19' title="bbox 356 1697 2086 1793">
     <span class='ocr_line' id='line_1_19' title="bbox 356 1697 2086 1793; baseline 0 -39"><span class='ocrx_word' id='word_1_114' title='bbox 356 1697 580 1754; x_wconf 89' lang='lat' dir='ltr'><strong>Deinde</strong></span> <span class='ocrx_word' id='word_1_115' title='bbox 611 1697 864 1770; x_wconf 80' lang='lat' dir='ltr'><strong>peractis</strong></span> <span class='ocrx_word' id='word_1_116' title='bbox 897 1698 1216 1754; x_wconf 88' lang='lat' dir='ltr'><strong>missarum</strong></span> <span class='ocrx_word' id='word_1_117' title='bbox 1247 1697 1633 1769; x_wconf 78' lang='lat' dir='ltr'><strong>solemniis,et</strong></span> <span class='ocrx_word' id='word_1_118' title='bbox 1655 1699 1827 1756; x_wconf 79' lang='lat' dir='ltr'><strong>fessis</strong></span> <span class='ocrx_word' id='word_1_119' title='bbox 1848 1699 2007 1754; x_wconf 59' lang='lat' dir='ltr'><strong>intlr-v</strong></span> <span class='ocrx_word' id='word_1_120' title='bbox 2039 1727 2086 1793; x_wconf 81' lang='grc' dir='ltr'><strong>Β</strong></span> 
     </span>
    </p>
   </div>
   <div class='ocr_carea' id='block_1_20' title="bbox 354 1785 2006 1860">
    <p class='ocr_par' dir='ltr' id='par_1_20' title="bbox 354 1785 2006 1860">
     <span class='ocr_line' id='line_1_20' title="bbox 354 1785 2006 1860; baseline 0.001 -18"><span class='ocrx_word' id='word_1_121' title='bbox 354 1785 466 1842; x_wconf 86' lang='lat' dir='ltr'><strong>mis</strong></span> <span class='ocrx_word' id='word_1_122' title='bbox 500 1786 848 1855; x_wconf 85' lang='lat' dir='ltr'><strong>visitatis,ad</strong></span> <span class='ocrx_word' id='word_1_123' title='bbox 874 1802 1023 1858; x_wconf 88' lang='lat' dir='ltr'><strong>opus</strong></span> <span class='ocrx_word' id='word_1_124' title='bbox 1057 1785 1333 1854; x_wconf 86' lang='lat' dir='ltr'><strong>rurale,et</strong></span> <span class='ocrx_word' id='word_1_125' title='bbox 1363 1789 1518 1859; x_wconf 87' lang='lat' dir='ltr'><strong>quod</strong></span> <span class='ocrx_word' id='word_1_126' title='bbox 1551 1788 1664 1844; x_wconf 90' lang='lat' dir='ltr'><strong>sibi</strong></span> <span class='ocrx_word' id='word_1_127' title='bbox 1705 1789 2006 1860; x_wconf 85' lang='lat' dir='ltr'><strong>competit,</strong></span> 
     </span>
    </p>
   </div>
   <div class='ocr_carea' id='block_1_21' title="bbox 352 1875 2009 1949">
    <p class='ocr_par' dir='ltr' id='par_1_21' title="bbox 352 1875 2009 1949">
     <span class='ocr_line' id='line_1_21' title="bbox 352 1875 2009 1949; baseline 0 -17"><span class='ocrx_word' id='word_1_128' title='bbox 352 1879 518 1932; x_wconf 84' lang='lat' dir='ltr'><strong>exeat</strong></span> <span class='ocrx_word' id='word_1_129' title='bbox 539 1877 785 1948; x_wconf 86' lang='lat' dir='ltr'><strong>jejunus</strong></span> <span class='ocrx_word' id='word_1_130' title='bbox 818 1893 832 1931; x_wconf 88' lang='lat'><strong>:</strong></span> <span class='ocrx_word' id='word_1_131' title='bbox 863 1879 926 1931; x_wconf 89' lang='lat' dir='ltr'><strong>ut</strong></span> <span class='ocrx_word' id='word_1_132' title='bbox 956 1875 1170 1938; x_wconf 81' lang='lat' dir='ltr'><strong>iterum</strong></span> <span class='ocrx_word' id='word_1_133' title='bbox 1203 1875 1651 1936; x_wconf 80' lang='lat' dir='ltr'><strong>necessitatibus</strong></span> <span class='ocrx_word' id='word_1_134' title='bbox 1681 1877 2009 1949; x_wconf 83' lang='lat' dir='ltr'><strong>peregrino-</strong></span> 
     </span>
    </p>
   </div>
   <div class='ocr_carea' id='block_1_22' title="bbox 353 1963 2004 2040">
    <p class='ocr_par' dir='ltr' id='par_1_22' title="bbox 353 1963 2004 2040">
     <span class='ocr_line' id='line_1_22' title="bbox 353 1963 2004 2040; baseline 0 -20"><span class='ocrx_word' id='word_1_135' title='bbox 353 1983 482 2032; x_wconf 84' lang='lat' dir='ltr'><strong>rum</strong></span> <span class='ocrx_word' id='word_1_136' title='bbox 519 1965 840 2040; x_wconf 86' lang='lat' dir='ltr'><strong>hospitum,</strong></span> <span class='ocrx_word' id='word_1_137' title='bbox 873 1963 994 2020; x_wconf 88' lang='lat' dir='ltr'><strong>sive</strong></span> <span class='ocrx_word' id='word_1_138' title='bbox 1023 1964 1385 2020; x_wconf 80' lang='lat' dir='ltr'><strong>diversorum</strong></span> <span class='ocrx_word' id='word_1_139' title='bbox 1416 1966 1892 2036; x_wconf 84' lang='lat' dir='ltr'><strong>commeantium,</strong></span> <span class='ocrx_word' id='word_1_140' title='bbox 1915 1965 2004 2025; x_wconf 86' lang='lat' dir='ltr'><strong>in-</strong></span> 
     </span>
    </p>
   </div>
   <div class='ocr_carea' id='block_1_23' title="bbox 350 2055 2007 2128">
    <p class='ocr_par' dir='ltr' id='par_1_23' title="bbox 350 2055 2007 2128">
     <span class='ocr_line' id='line_1_23' title="bbox 350 2055 2007 2128; baseline 0.001 -16"><span class='ocrx_word' id='word_1_141' title='bbox 350 2055 655 2114; x_wconf 84' lang='lat' dir='ltr'><strong>ﬁrmorum</strong></span> <span class='ocrx_word' id='word_1_142' title='bbox 696 2071 932 2128; x_wconf 85' lang='lat' dir='ltr'><strong>quoque</strong></span> <span class='ocrx_word' id='word_1_143' title='bbox 981 2059 1156 2126; x_wconf 80' lang='lat' dir='ltr'><strong>atque</strong></span> <span class='ocrx_word' id='word_1_144' title='bbox 1205 2055 1636 2122; x_wconf 78' lang='lat' dir='ltr'><strong>defunctorum,</strong></span> <span class='ocrx_word' id='word_1_145' title='bbox 1666 2071 2007 2112; x_wconf 89' lang='lat' dir='ltr'><strong>succurrere</strong></span> 
     </span>
    </p>
   </div>
   <div class='ocr_carea' id='block_1_24' title="bbox 353 2143 2004 2218">
    <p class='ocr_par' dir='ltr' id='par_1_24' title="bbox 353 2143 2004 2218">
     <span class='ocr_line' id='line_1_24' title="bbox 353 2143 2004 2218; baseline 0 -18"><span class='ocrx_word' id='word_1_146' title='bbox 353 2145 560 2218; x_wconf 84' lang='lat' dir='ltr'><strong>possit,</strong></span> <span class='ocrx_word' id='word_1_147' title='bbox 613 2161 798 2216; x_wconf 87' lang='lat' dir='ltr'><strong>usque</strong></span> <span class='ocrx_word' id='word_1_148' title='bbox 852 2145 924 2200; x_wconf 87' lang='lat' dir='ltr'><strong>ad</strong></span> <span class='ocrx_word' id='word_1_149' title='bbox 977 2148 1260 2200; x_wconf 80' lang='lat' dir='ltr'><strong>statutam</strong></span> <span class='ocrx_word' id='word_1_150' title='bbox 1314 2143 1518 2200; x_wconf 85' lang='lat' dir='ltr'><strong>horam</strong></span> <span class='ocrx_word' id='word_1_151' title='bbox 1568 2162 1671 2216; x_wconf 89' lang='lat' dir='ltr'><strong>pro</strong></span> <span class='ocrx_word' id='word_1_152' title='bbox 1722 2143 2004 2217; x_wconf 80' lang='lat' dir='ltr'><strong>qualitate</strong></span> 
     </span>
    </p>
   </div>
   <div class='ocr_carea' id='block_1_25' title="bbox 351 2224 1204 2304">
    <p class='ocr_par' dir='ltr' id='par_1_25' title="bbox 351 2224 1204 2304">
     <span class='ocr_line' id='line_1_25' title="bbox 351 2224 1204 2304; baseline 0.001 -19"><span class='ocrx_word' id='word_1_153' title='bbox 351 2224 632 2304; x_wconf 68' lang='lat' dir='ltr'><strong>(cmporis</strong></span> <span class='ocrx_word' id='word_1_154' title='bbox 662 2236 718 2286; x_wconf 91' lang='lat' dir='ltr'><strong>et</strong></span> <span class='ocrx_word' id='word_1_155' title='bbox 747 2229 1204 2304; x_wconf 84' lang='lat' dir='ltr'><strong>opportunitate.</strong></span> 
     </span>
    </p>
   </div>
   <div class='ocr_carea' id='block_1_26' title="bbox 455 2347 1894 2418">
    <p class='ocr_par' dir='ltr' id='par_1_26' title="bbox 455 2347 1894 2418">
     <span class='ocr_line' id='line_1_26' title="bbox 455 2347 1894 2418; baseline -0.001 -14"><span class='ocrx_word' id='word_1_156' title='bbox 455 2348 595 2404; x_wconf 58' lang='lat' dir='ltr'><strong>Car.</strong></span> <span class='ocrx_word' id='word_1_157' title='bbox 629 2347 694 2403; x_wconf 80' lang='grc' dir='ltr'><strong>Χ.</strong></span> <span class='ocrx_word' id='word_1_158' title='bbox 718 2378 786 2386; x_wconf 90' lang='grc'><strong><em>-</em></strong></span> <span class='ocrx_word' id='word_1_159' title='bbox 819 2351 898 2406; x_wconf 84' lang='lat' dir='ltr'><strong>De</strong></span> <span class='ocrx_word' id='word_1_160' title='bbox 925 2363 1060 2403; x_wconf 83' lang='lat' dir='ltr'><strong>cura</strong></span> <span class='ocrx_word' id='word_1_161' title='bbox 1085 2347 1359 2418; x_wconf 79' lang='lat' dir='ltr'><strong>hospitum</strong></span> <span class='ocrx_word' id='word_1_162' title='bbox 1387 2354 1438 2404; x_wconf 84' lang='lat' dir='ltr'><strong>et</strong></span> <span class='ocrx_word' id='word_1_163' title='bbox 1461 2349 1894 2418; x_wconf 56' lang='lat' dir='ltr'><strong>Inregi&#39;inorum.</strong></span> 
     </span>
    </p>
   </div>
   <div class='ocr_carea' id='block_1_27' title="bbox 419 2460 2003 2535">
    <p class='ocr_par' dir='ltr' id='par_1_27' title="bbox 419 2460 2003 2535">
     <span class='ocr_line' id='line_1_27' title="bbox 419 2460 2003 2535; baseline -0.001 -16"><span class='ocrx_word' id='word_1_164' title='bbox 419 2464 558 2534; x_wconf 80' lang='lat' dir='ltr'><strong>(lvo,</strong></span> <span class='ocrx_word' id='word_1_165' title='bbox 594 2480 651 2535; x_wconf 92' lang='lat' dir='ltr'><strong>p.</strong></span> <span class='ocrx_word' id='word_1_166' title='bbox 686 2477 737 2530; x_wconf 84' lang='lat' dir='ltr'><strong>v,</strong></span> <span class='ocrx_word' id='word_1_167' title='bbox 759 2463 886 2530; x_wconf 85' lang='lat'><strong>257,</strong></span> <span class='ocrx_word' id='word_1_168' title='bbox 910 2477 978 2516; x_wconf 80' lang='lat' dir='ltr'><strong>ex</strong></span> <span class='ocrx_word' id='word_1_169' title='bbox 1007 2460 1226 2516; x_wconf 84' lang='lat' dir='ltr'><strong>Concil.</strong></span> <span class='ocrx_word' id='word_1_170' title='bbox 1262 2461 1686 2531; x_wconf 85' lang='lat' dir='ltr'><strong>Namnetensi.)</strong></span> <span class='ocrx_word' id='word_1_171' title='bbox 1708 2462 1780 2518; x_wconf 97' lang='lat' dir='ltr'><strong>Ut</strong></span> <span class='ocrx_word' id='word_1_172' title='bbox 1800 2479 2003 2518; x_wconf 87' lang='lat' dir='ltr'><strong>curam</strong></span> 
     </span>
    </p>
   </div>
   <div class='ocr_carea' id='block_1_28' title="bbox 349 2550 2004 2626">
    <p class='ocr_par' dir='ltr' id='par_1_28' title="bbox 349 2550 2004 2626">
     <span class='ocr_line' id='line_1_28' title="bbox 349 2550 2004 2626; baseline 0 -18"><span class='ocrx_word' id='word_1_173' title='bbox 349 2551 934 2626; x_wconf 81' lang='lat' dir='ltr'><strong>hospitum,maxime</strong></span> <span class='ocrx_word' id='word_1_174' title='bbox 958 2550 2004 2624; x_wconf 79' lang='lat' dir='ltr'><strong>pauperumatquedebilium,orpba~</strong></span> 
     </span>
    </p>
   </div>
   <div class='ocr_carea' id='block_1_29' title="bbox 351 2637 2002 2714">
    <p class='ocr_par' dir='ltr' id='par_1_29' title="bbox 351 2637 2002 2714">
     <span class='ocr_line' id='line_1_29' title="bbox 351 2637 2002 2714; baseline -0.001 -16"><span class='ocrx_word' id='word_1_175' title='bbox 351 2658 562 2698; x_wconf 90' lang='lat' dir='ltr'><strong>norum</strong></span> <span class='ocrx_word' id='word_1_176' title='bbox 595 2657 830 2714; x_wconf 87' lang='lat' dir='ltr'><strong>quoque</strong></span> <span class='ocrx_word' id='word_1_177' title='bbox 861 2644 1038 2710; x_wconf 88' lang='lat' dir='ltr'><strong>atque</strong></span> <span class='ocrx_word' id='word_1_178' title='bbox 1067 2637 1506 2711; x_wconf 82' lang='lat' dir='ltr'><strong>peregrinorum</strong></span> <span class='ocrx_word' id='word_1_179' title='bbox 1539 2639 2002 2714; x_wconf 84' lang='lat' dir='ltr'><strong>habeul,hosque</strong></span> 
     </span>
    </p>
   </div>
   <div class='ocr_carea' id='block_1_30' title="bbox 352 2727 1999 2804">
    <p class='ocr_par' dir='ltr' id='par_1_30' title="bbox 352 2727 1999 2804">
     <span class='ocr_line' id='line_1_30' title="bbox 352 2727 1999 2804; baseline -0.002 -14"><span class='ocrx_word' id='word_1_180' title='bbox 352 2733 426 2790; x_wconf 86' lang='lat' dir='ltr'><strong>ad</strong></span> <span class='ocrx_word' id='word_1_181' title='bbox 457 2730 773 2804; x_wconf 77' lang='lat' dir='ltr'><strong>prandium</strong></span> <span class='ocrx_word' id='word_1_182' title='bbox 811 2745 987 2787; x_wconf 81' lang='lat' dir='ltr'><strong>suum</strong></span> <span class='ocrx_word' id='word_1_183' title='bbox 1037 2727 1297 2800; x_wconf 79' lang='lat' dir='ltr'><strong>quotidie</strong></span> <span class='ocrx_word' id='word_1_184' title='bbox 1335 2727 1506 2798; x_wconf 78' lang='lat' dir='ltr'><strong>juxta</strong></span> <span class='ocrx_word' id='word_1_185' title='bbox 1551 2728 1999 2800; x_wconf 88' lang='lat' dir='ltr'><strong>possibilitatem</strong></span> 
     </span>
    </p>
   </div>
   <div class='ocr_carea' id='block_1_31' title="bbox 351 2816 1926 2893">
    <p class='ocr_par' dir='ltr' id='par_1_31' title="bbox 351 2816 1926 2893">
     <span class='ocr_line' id='line_1_31' title="bbox 351 2816 1926 2893; baseline -0.001 -14"><span class='ocrx_word' id='word_1_186' title='bbox 351 2825 646 2893; x_wconf 77' lang='lat' dir='ltr'><strong>convocet,</strong></span> <span class='ocrx_word' id='word_1_187' title='bbox 677 2818 876 2892; x_wconf 87' lang='lat' dir='ltr'><strong>eisque</strong></span> <span class='ocrx_word' id='word_1_188' title='bbox 907 2816 1230 2890; x_wconf 84' lang='lat' dir='ltr'><strong>hospitium</strong></span> <span class='ocrx_word' id='word_1_189' title='bbox 1260 2821 1658 2889; x_wconf 88' lang='lat' dir='ltr'><strong>competenter</strong></span> <span class='ocrx_word' id='word_1_190' title='bbox 1686 2817 1926 2878; x_wconf 81' lang='lat' dir='ltr'><strong>tribuat.</strong></span> 
     </span>
    </p>
   </div>
   <div class='ocr_carea' id='block_1_32' title="bbox 354 2933 2001 3059">
    <p class='ocr_par' dir='ltr' id='par_1_32' title="bbox 354 2933 2001 3059">
     <span class='ocr_line' id='line_1_32' title="bbox 354 2933 2001 3059; baseline -0.005 -62"><span class='ocrx_word' id='word_1_191' title='bbox 354 2939 504 2997; x_wconf 63' lang='grc'><strong>113</strong></span> <span class='ocrx_word' id='word_1_192' title='bbox 535 2937 670 2996; x_wconf 72' lang='lat' dir='ltr'><strong>CAP.</strong></span> <span class='ocrx_word' id='word_1_193' title='bbox 702 2935 796 2994; x_wconf 78' lang='lat' dir='ltr'><strong>XI.</strong></span> <span class='ocrx_word' id='word_1_194' title='bbox 829 2934 904 2994; x_wconf 80' lang='lat' dir='ltr'><strong>De</strong></span> <span class='ocrx_word' id='word_1_195' title='bbox 927 2935 1102 3059; x_wconf 58' lang='lat' dir='ltr'><strong>sacri:</strong></span> <span class='ocrx_word' id='word_1_196' title='bbox 1128 2935 1456 3059; x_wconf 48' lang='lat' dir='ltr'><strong>agnisteriis</strong></span> <span class='ocrx_word' id='word_1_197' title='bbox 1485 2933 1554 2992; x_wconf 81' lang='lat' dir='ltr'><strong>ad</strong></span> <span class='ocrx_word' id='word_1_198' title='bbox 1594 2933 1846 2996; x_wconf 58' lang='lat' dir='ltr'><strong>tortilium</strong></span> <span class='ocrx_word' id='word_1_199' title='bbox 1891 2951 2001 2992; x_wconf 78' lang='lat' dir='ltr'><strong>non</strong></span> 
     </span>
     <span class='ocr_line' id='line_1_33' title="bbox 1096 3022 1278 3059; baseline 0 0"><span class='ocrx_word' id='word_1_200' title='bbox 1096 3023 1168 3059; x_wconf 81' lang='lat' dir='ltr'><strong>an</strong></span> <span class='ocrx_word' id='word_1_201' title='bbox 1209 3022 1278 3059; x_wconf 74' lang='grc' dir='ltr'><strong>ις.</strong></span> 
     </span>
    </p>
   </div>
   <div class='ocr_carea' id='block_1_33' title="bbox 1096 3022 1278 3064">
    <p class='ocr_par' dir='ltr' id='par_1_33' title="bbox 1096 3022 1278 3064">
     <span class='ocr_line' id='line_1_34' title="bbox 1096 3022 1278 3064; baseline -0.011 -2"><span class='ocrx_word' id='word_1_202' title='bbox 1096 3022 1278 3064; x_wconf 71' lang='grc' dir='ltr'><strong>αηιιω.</strong></span> 
     </span>
    </p>
   </div>
   <div class='ocr_carea' id='block_1_34' title="bbox 2197 435 3707 558">
    <p class='ocr_par' dir='ltr' id='par_1_34' title="bbox 2197 435 3707 558">
     <span class='ocr_line' id='line_1_35' title="bbox 2197 435 3707 558; baseline 0.011 -72"><span class='ocrx_word' id='word_1_203' title='bbox 2197 435 2776 558; x_wconf 49' lang='lat' dir='ltr'><strong>apwpitentibuaquo</strong></span> <span class='ocrx_word' id='word_1_204' title='bbox 2804 435 2884 492; x_wconf 79' lang='lat' dir='ltr'><strong>eis</strong></span> <span class='ocrx_word' id='word_1_205' title='bbox 2921 435 3162 510; x_wconf 70' lang='lat' dir='ltr'><strong>faveant,</strong></span> <span class='ocrx_word' id='word_1_206' title='bbox 3187 435 3404 497; x_wconf 68' lang='lat' dir='ltr'><strong>munera</strong></span> <span class='ocrx_word' id='word_1_207' title='bbox 3444 461 3540 499; x_wconf 82' lang='lat' dir='ltr'><strong>non</strong></span> <span class='ocrx_word' id='word_1_208' title='bbox 3583 435 3707 502; x_wconf 64' lang='lat' dir='ltr'><strong>acci-</strong></span> 
     </span>
     <span class='ocr_line' id='line_1_36' title="bbox 2200 519 3013 558; baseline 0 0"><span class='ocrx_word' id='word_1_209' title='bbox 2200 519 2334 558; x_wconf 80' lang='lat' dir='ltr'><strong>1mm</strong></span> <span class='ocrx_word' id='word_1_210' title='bbox 2367 545 2379 558; x_wconf 92' lang='lat'><strong>.</strong></span> <span class='ocrx_word' id='word_1_211' title='bbox 3001 519 3013 527; x_wconf 82' lang='lat'><strong>&#39;</strong></span> 
     </span>
    </p>
   </div>
   <div class='ocr_carea' id='block_1_35' title="bbox 2195 519 3013 574">
    <p class='ocr_par' dir='ltr' id='par_1_35' title="bbox 2195 519 3013 574">
     <span class='ocr_line' id='line_1_37' title="bbox 2195 519 3013 574; baseline 0.013 -18"><span class='ocrx_word' id='word_1_212' title='bbox 2195 519 2379 574; x_wconf 75' lang='lat' dir='ltr'><strong>pium.</strong></span> <span class='ocrx_word' id='word_1_213' title='bbox 3001 519 3013 527; x_wconf 87' lang='lat'><strong>&#39;</strong></span> 
     </span>
    </p>
   </div>
   <div class='ocr_carea' id='block_1_36' title="bbox 2195 599 3708 681">
    <p class='ocr_par' dir='ltr' id='par_1_36' title="bbox 2195 599 3708 681">
     <span class='ocr_line' id='line_1_38' title="bbox 2195 599 3708 681; baseline 0.008 -23"><span class='ocrx_word' id='word_1_214' title='bbox 2195 599 2291 671; x_wconf 86' lang='lat' dir='ltr'><strong>(De</strong></span> <span class='ocrx_word' id='word_1_215' title='bbox 2317 603 2576 674; x_wconf 67' lang='lat' dir='ltr'><strong>simum,</strong></span> <span class='ocrx_word' id='word_1_216' title='bbox 2609 621 2738 677; x_wconf 89' lang='lat' dir='ltr'><strong>cap.</strong></span> <span class='ocrx_word' id='word_1_217' title='bbox 2775 607 2860 673; x_wconf 75' lang='grc'><strong>14,</strong></span> <span class='ocrx_word' id='word_1_218' title='bbox 2895 622 2964 661; x_wconf 81' lang='lat' dir='ltr'><strong>ex</strong></span> <span class='ocrx_word' id='word_1_219' title='bbox 2993 606 3307 664; x_wconf 84' lang='lat' dir='ltr'><strong>Alexandro</strong></span> <span class='ocrx_word' id='word_1_220' title='bbox 3339 609 3448 681; x_wconf 89' lang='lat' dir='ltr'><strong>Ill.)</strong></span> <span class='ocrx_word' id='word_1_221' title='bbox 3476 610 3542 666; x_wconf 88' lang='lat' dir='ltr'><strong>Ut</strong></span> <span class='ocrx_word' id='word_1_222' title='bbox 3565 629 3708 670; x_wconf 86' lang='lat' dir='ltr'><strong>nemo</strong></span> 
     </span>
    </p>
   </div>
   <div class='ocr_carea' id='block_1_37' title="bbox 2125 689 3707 771">
    <p class='ocr_par' dir='ltr' id='par_1_37' title="bbox 2125 689 3707 771">
     <span class='ocr_line' id='line_1_39' title="bbox 2125 689 3707 771; baseline 0.01 -29"><span class='ocrx_word' id='word_1_223' title='bbox 2125 689 2597 762; x_wconf 75' lang='lat' dir='ltr'><strong>presbyterorum</strong></span> <span class='ocrx_word' id='word_1_224' title='bbox 2646 694 2936 764; x_wconf 81' lang='lat' dir='ltr'><strong>exenium,</strong></span> <span class='ocrx_word' id='word_1_225' title='bbox 2973 695 3058 751; x_wconf 87' lang='lat' dir='ltr'><strong>vel</strong></span> <span class='ocrx_word' id='word_1_226' title='bbox 3112 697 3481 771; x_wconf 78' lang='lat' dir='ltr'><strong>quodcunque</strong></span> <span class='ocrx_word' id='word_1_227' title='bbox 3521 701 3707 758; x_wconf 82' lang='lat' dir='ltr'><strong>emolu-</strong></span> 
     </span>
    </p>
   </div>
   <div class='ocr_carea' id='block_1_38' title="bbox 2123 781 3708 860">
    <p class='ocr_par' dir='ltr' id='par_1_38' title="bbox 2123 781 3708 860">
     <span class='ocr_line' id='line_1_40' title="bbox 2123 781 3708 860; baseline 0.009 -29"><span class='ocrx_word' id='word_1_228' title='bbox 2123 783 2388 834; x_wconf 89' lang='lat' dir='ltr'><strong>mentum</strong></span> <span class='ocrx_word' id='word_1_229' title='bbox 2419 781 2762 854; x_wconf 87' lang='lat' dir='ltr'><strong>temporale,</strong></span> <span class='ocrx_word' id='word_1_230' title='bbox 2791 781 2909 838; x_wconf 89' lang='lat' dir='ltr'><strong>imo</strong></span> <span class='ocrx_word' id='word_1_231' title='bbox 2953 785 3364 842; x_wconf 88' lang='lat' dir='ltr'><strong>detrimentum</strong></span> <span class='ocrx_word' id='word_1_232' title='bbox 3408 787 3655 860; x_wconf 87' lang='lat' dir='ltr'><strong>spiritale,</strong></span> <span class='ocrx_word' id='word_1_233' title='bbox 3681 809 3708 847; x_wconf 83' lang='lat' dir='ltr'><strong>a</strong></span> 
     </span>
    </p>
   </div>
   <div class='ocr_carea' id='block_1_39' title="bbox 2123 869 3706 950">
    <p class='ocr_par' dir='ltr' id='par_1_39' title="bbox 2123 869 3706 950">
     <span class='ocr_line' id='line_1_41' title="bbox 2123 869 3706 950; baseline 0.012 -31"><span class='ocrx_word' id='word_1_234' title='bbox 2123 883 2474 946; x_wconf 80' lang='lat' dir='ltr'><strong>quocunque</strong></span> <span class='ocrx_word' id='word_1_235' title='bbox 2496 869 2728 942; x_wconf 79' lang='lat' dir='ltr'><strong>publice</strong></span> <span class='ocrx_word' id='word_1_236' title='bbox 2747 876 3024 946; x_wconf 79' lang='lat' dir='ltr'><strong>peccante</strong></span> <span class='ocrx_word' id='word_1_237' title='bbox 3045 874 3130 929; x_wconf 90' lang='lat' dir='ltr'><strong>vel</strong></span> <span class='ocrx_word' id='word_1_238' title='bbox 3153 874 3466 932; x_wconf 89' lang='lat' dir='ltr'><strong>ineestuoso</strong></span> <span class='ocrx_word' id='word_1_239' title='bbox 3481 877 3706 950; x_wconf 85' lang='lat' dir='ltr'><strong>accipiat,</strong></span> 
     </span>
    </p>
   </div>
   <div class='ocr_carea' id='block_1_40' title="bbox 2121 957 3708 1036">
    <p class='ocr_par' dir='ltr' id='par_1_40' title="bbox 2121 957 3708 1036">
     <span class='ocr_line' id='line_1_42' title="bbox 2121 957 3708 1036; baseline 0.008 -26"><span class='ocrx_word' id='word_1_240' title='bbox 2121 960 2188 1010; x_wconf 89' lang='lat' dir='ltr'><strong>ut</strong></span> <span class='ocrx_word' id='word_1_241' title='bbox 2215 957 2393 1015; x_wconf 85' lang='lat' dir='ltr'><strong>nobis</strong></span> <span class='ocrx_word' id='word_1_242' title='bbox 2416 957 2503 1014; x_wconf 89' lang='lat' dir='ltr'><strong>vel</strong></span> <span class='ocrx_word' id='word_1_243' title='bbox 2535 959 2825 1016; x_wconf 68' lang='lat' dir='ltr'><strong>ministris</strong></span> <span class='ocrx_word' id='word_1_244' title='bbox 2859 959 3075 1032; x_wconf 71' lang='lat' dir='ltr'><strong>nostris</strong></span> <span class='ocrx_word' id='word_1_245' title='bbox 3099 968 3392 1036; x_wconf 80' lang='lat' dir='ltr'><strong>peccatum</strong></span> <span class='ocrx_word' id='word_1_246' title='bbox 3429 963 3574 1022; x_wconf 88' lang='lat' dir='ltr'><strong>illius</strong></span> <span class='ocrx_word' id='word_1_247' title='bbox 3599 967 3708 1023; x_wconf 84' lang='lat' dir='ltr'><strong>reti-</strong></span> 
     </span>
    </p>
   </div>
   <div class='ocr_carea' id='block_1_41' title="bbox 2121 1049 3710 1125">
    <p class='ocr_par' dir='ltr' id='par_1_41' title="bbox 2121 1049 3710 1125">
     <span class='ocr_line' id='line_1_43' title="bbox 2121 1049 3710 1125; baseline 0.009 -27"><span class='ocrx_word' id='word_1_248' title='bbox 2121 1049 2248 1100; x_wconf 81' lang='lat' dir='ltr'><strong>ceat</strong></span> <span class='ocrx_word' id='word_1_249' title='bbox 2273 1062 2285 1100; x_wconf 94' lang='lat'><strong>:</strong></span> <span class='ocrx_word' id='word_1_250' title='bbox 2311 1063 2415 1101; x_wconf 90' lang='lat' dir='ltr'><strong>nec</strong></span> <span class='ocrx_word' id='word_1_251' title='bbox 2449 1064 2550 1118; x_wconf 88' lang='lat' dir='ltr'><strong>pro</strong></span> <span class='ocrx_word' id='word_1_252' title='bbox 2585 1054 2848 1121; x_wconf 85' lang='lat' dir='ltr'><strong>respectu</strong></span> <span class='ocrx_word' id='word_1_253' title='bbox 2881 1051 3169 1124; x_wconf 88' lang='lat' dir='ltr'><strong>cujusque</strong></span> <span class='ocrx_word' id='word_1_254' title='bbox 3198 1069 3465 1125; x_wconf 65' lang='lat' dir='ltr'><strong>persona,</strong></span> <span class='ocrx_word' id='word_1_255' title='bbox 3490 1059 3580 1110; x_wconf 89' lang='lat' dir='ltr'><strong>aut</strong></span> <span class='ocrx_word' id='word_1_256' title='bbox 3602 1072 3710 1114; x_wconf 88' lang='lat' dir='ltr'><strong>con-</strong></span> 
     </span>
    </p>
   </div>
   <div class='ocr_carea' id='block_1_42' title="bbox 2119 1135 3709 1215">
    <p class='ocr_par' dir='ltr' id='par_1_42' title="bbox 2119 1135 3709 1215">
     <span class='ocr_line' id='line_1_44' title="bbox 2119 1135 3709 1215; baseline 0.008 -26"><span class='ocrx_word' id='word_1_257' title='bbox 2119 1135 2648 1206; x_wconf 82' lang='lat' dir='ltr'><strong>sanguinitatis,vel</strong></span> <span class='ocrx_word' id='word_1_258' title='bbox 2669 1137 3320 1204; x_wconf 73' lang='lat' dir='ltr'><strong>tamiliaritatis.alienis</strong></span> <span class='ocrx_word' id='word_1_259' title='bbox 3340 1144 3570 1215; x_wconf 87' lang='lat' dir='ltr'><strong>peccatis</strong></span> <span class='ocrx_word' id='word_1_260' title='bbox 3586 1161 3709 1202; x_wconf 83' lang='lat' dir='ltr'><strong>com-</strong></span> 
     </span>
    </p>
   </div>
   <div class='ocr_carea' id='block_1_43' title="bbox 2119 1220 3707 1290">
    <p class='ocr_par' dir='ltr' id='par_1_43' title="bbox 2119 1220 3707 1290">
     <span class='ocr_line' id='line_1_45' title="bbox 2119 1220 3707 1290; baseline 0.009 -16"><span class='ocrx_word' id='word_1_261' title='bbox 2119 1220 2450 1290; x_wconf 88' lang='lat' dir='ltr'><strong>municans,</strong></span> <span class='ocrx_word' id='word_1_262' title='bbox 2483 1223 2592 1279; x_wconf 87' lang='lat' dir='ltr'><strong>hoc</strong></span> <span class='ocrx_word' id='word_1_263' title='bbox 2623 1223 2794 1282; x_wconf 90' lang='lat' dir='ltr'><strong>nobis</strong></span> <span class='ocrx_word' id='word_1_264' title='bbox 2821 1225 2908 1282; x_wconf 87' lang='lat' dir='ltr'><strong>vel</strong></span> <span class='ocrx_word' id='word_1_265' title='bbox 2943 1227 3230 1285; x_wconf 88' lang='lat' dir='ltr'><strong>ministris</strong></span> <span class='ocrx_word' id='word_1_266' title='bbox 3261 1229 3592 1287; x_wconf 84' lang='lat' dir='ltr'><strong>innotescere</strong></span> <span class='ocrx_word' id='word_1_267' title='bbox 3625 1232 3707 1288; x_wconf 86' lang='lat' dir='ltr'><strong>de-</strong></span> 
     </span>
    </p>
   </div>
   <div class='ocr_carea' id='block_1_44' title="bbox 2116 1315 3706 1392">
    <p class='ocr_par' dir='ltr' id='par_1_44' title="bbox 2116 1315 3706 1392">
     <span class='ocr_line' id='line_1_46' title="bbox 2116 1315 3706 1392; baseline 0.007 -28"><span class='ocrx_word' id='word_1_268' title='bbox 2116 1315 2325 1366; x_wconf 88' lang='lat' dir='ltr'><strong>tractet</strong></span> <span class='ocrx_word' id='word_1_269' title='bbox 2360 1328 2373 1366; x_wconf 90' lang='lat'><strong>:</strong></span> <span class='ocrx_word' id='word_1_270' title='bbox 2408 1327 2513 1374; x_wconf 87' lang='lat' dir='ltr'><strong>nec</strong></span> <span class='ocrx_word' id='word_1_271' title='bbox 2547 1329 2580 1369; x_wconf 89' lang='lat' dir='ltr'><strong>a</strong></span> <span class='ocrx_word' id='word_1_272' title='bbox 2609 1330 2960 1390; x_wconf 89' lang='lat' dir='ltr'><strong>quocunque</strong></span> <span class='ocrx_word' id='word_1_273' title='bbox 2987 1316 3299 1390; x_wconf 80' lang='lat' dir='ltr'><strong>pmnitente</strong></span> <span class='ocrx_word' id='word_1_274' title='bbox 3341 1323 3436 1374; x_wconf 90' lang='lat' dir='ltr'><strong>aut</strong></span> <span class='ocrx_word' id='word_1_275' title='bbox 3477 1319 3706 1392; x_wconf 83' lang='lat' dir='ltr'><strong>gratiam,</strong></span> 
     </span>
    </p>
   </div>
   <div class='ocr_carea' id='block_1_45' title="bbox 2118 1399 3708 1479">
    <p class='ocr_par' dir='ltr' id='par_1_45' title="bbox 2118 1399 3708 1479">
     <span class='ocr_line' id='line_1_47' title="bbox 2118 1399 3708 1479; baseline 0.008 -27"><span class='ocrx_word' id='word_1_276' title='bbox 2118 1403 2220 1453; x_wconf 88' lang='lat' dir='ltr'><strong>aut</strong></span> <span class='ocrx_word' id='word_1_277' title='bbox 2249 1399 2524 1468; x_wconf 83' lang='lat' dir='ltr'><strong>favorem,</strong></span> <span class='ocrx_word' id='word_1_278' title='bbox 2559 1407 2659 1456; x_wconf 89' lang='lat' dir='ltr'><strong>aut</strong></span> <span class='ocrx_word' id='word_1_279' title='bbox 2677 1418 2898 1458; x_wconf 91' lang='lat' dir='ltr'><strong>munus</strong></span> <span class='ocrx_word' id='word_1_280' title='bbox 2919 1404 3215 1478; x_wconf 88' lang='lat' dir='ltr'><strong>suscipere</strong></span> <span class='ocrx_word' id='word_1_281' title='bbox 3237 1412 3612 1479; x_wconf 83' lang='lat' dir='ltr'><strong>praesumat,ut</strong></span> <span class='ocrx_word' id='word_1_282' title='bbox 3628 1409 3708 1464; x_wconf 86' lang='lat' dir='ltr'><strong>mi-</strong></span> 
     </span>
    </p>
   </div>
   <div class='ocr_carea' id='block_1_46' title="bbox 2118 1487 3704 1568">
    <p class='ocr_par' dir='ltr' id='par_1_46' title="bbox 2118 1487 3704 1568">
     <span class='ocr_line' id='line_1_48' title="bbox 2118 1487 3704 1568; baseline 0.005 -24"><span class='ocrx_word' id='word_1_283' title='bbox 2118 1503 2230 1550; x_wconf 85' lang='lat' dir='ltr'><strong>nus</strong></span> <span class='ocrx_word' id='word_1_284' title='bbox 2251 1487 2425 1560; x_wconf 80' lang='lat' dir='ltr'><strong>digne</strong></span> <span class='ocrx_word' id='word_1_285' title='bbox 2447 1489 2825 1562; x_wconf 76' lang='lat' dir='ltr'><strong>pmnitentem</strong></span> <span class='ocrx_word' id='word_1_286' title='bbox 2843 1493 2913 1548; x_wconf 89' lang='lat' dir='ltr'><strong>ad</strong></span> <span class='ocrx_word' id='word_1_287' title='bbox 2935 1493 3460 1556; x_wconf 83' lang='lat' dir='ltr'><strong>reconciliationem</strong></span> <span class='ocrx_word' id='word_1_288' title='bbox 3479 1496 3704 1568; x_wconf 79' lang='lat' dir='ltr'><strong>adducat,</strong></span> 
     </span>
    </p>
   </div>
   <div class='ocr_carea' id='block_1_47' title="bbox 2117 1575 3706 1662">
    <p class='ocr_par' dir='ltr' id='par_1_47' title="bbox 2117 1575 3706 1662">
     <span class='ocr_line' id='line_1_49' title="bbox 2117 1575 3706 1662; baseline 0.008 -34"><span class='ocrx_word' id='word_1_289' title='bbox 2117 1579 2174 1629; x_wconf 89' lang='lat' dir='ltr'><strong>et</strong></span> <span class='ocrx_word' id='word_1_290' title='bbox 2203 1575 2254 1638; x_wconf 87' lang='lat' dir='ltr'><strong>ei</strong></span> <span class='ocrx_word' id='word_1_291' title='bbox 2285 1576 2690 1647; x_wconf 83' lang='lat' dir='ltr'><strong>testimonium</strong></span> <span class='ocrx_word' id='word_1_292' title='bbox 2725 1578 3216 1638; x_wconf 87' lang='lat' dir='ltr'><strong>reconciliationis</strong></span> <span class='ocrx_word' id='word_1_293' title='bbox 3248 1581 3467 1652; x_wconf 84' lang='lat' dir='ltr'><strong>ferat,et</strong></span> <span class='ocrx_word' id='word_1_294' title='bbox 3489 1599 3706 1662; x_wconf 81' lang='lat' dir='ltr'><strong>quocun-</strong></span> 
     </span>
    </p>
   </div>
   <div class='ocr_carea' id='block_1_48' title="bbox 2117 1663 3706 1746">
    <p class='ocr_par' dir='ltr' id='par_1_48' title="bbox 2117 1663 3706 1746">
     <span class='ocr_line' id='line_1_50' title="bbox 2117 1663 3706 1746; baseline 0.006 -26"><span class='ocrx_word' id='word_1_295' title='bbox 2117 1680 2231 1735; x_wconf 79' lang='lat' dir='ltr'><strong>que</strong></span> <span class='ocrx_word' id='word_1_296' title='bbox 2261 1663 2436 1720; x_wconf 85' lang='lat' dir='ltr'><strong>livore</strong></span> <span class='ocrx_word' id='word_1_297' title='bbox 2468 1665 2649 1725; x_wconf 85' lang='lat' dir='ltr'><strong>alium</strong></span> <span class='ocrx_word' id='word_1_298' title='bbox 2681 1667 3002 1740; x_wconf 84' lang='lat' dir='ltr'><strong>quemlibet</strong></span> <span class='ocrx_word' id='word_1_299' title='bbox 3040 1669 3279 1746; x_wconf 79' lang='lat' dir='ltr'><strong>dignius</strong></span> <span class='ocrx_word' id='word_1_300' title='bbox 3325 1671 3660 1746; x_wconf 66' lang='lat' dir='ltr'><strong>paenitentiam</strong></span> <span class='ocrx_word' id='word_1_301' title='bbox 3681 1688 3706 1730; x_wconf 72' lang='grc' dir='ltr'>ι</span> 
     </span>
    </p>
   </div>
   <div class='ocr_carea' id='block_1_49' title="bbox 2119 1753 3706 1834">
    <p class='ocr_par' dir='ltr' id='par_1_49' title="bbox 2119 1753 3706 1834">
     <span class='ocr_line' id='line_1_51' title="bbox 2119 1753 3706 1834; baseline 0.006 -26"><span class='ocrx_word' id='word_1_302' title='bbox 2119 1753 2586 1812; x_wconf 76' lang='lat' dir='ltr'><strong>reconciliatione</strong></span> <span class='ocrx_word' id='word_1_303' title='bbox 2617 1763 2910 1814; x_wconf 81' lang='lat' dir='ltr'><strong>removeat</strong></span> <span class='ocrx_word' id='word_1_304' title='bbox 2943 1775 2956 1814; x_wconf 92' lang='lat'><strong>:</strong></span> <span class='ocrx_word' id='word_1_305' title='bbox 2989 1759 3130 1832; x_wconf 88' lang='lat' dir='ltr'><strong>quia</strong></span> <span class='ocrx_word' id='word_1_306' title='bbox 3161 1758 3269 1832; x_wconf 86' lang='lat' dir='ltr'><strong>hoc</strong></span> <span class='ocrx_word' id='word_1_307' title='bbox 3300 1760 3646 1834; x_wconf 81' lang='lat' dir='ltr'><strong>simoniacam</strong></span> <span class='ocrx_word' id='word_1_308' title='bbox 3665 1765 3706 1818; x_wconf 88' lang='lat' dir='ltr'><strong>et</strong></span> 
     </span>
    </p>
   </div>
   <div class='ocr_carea' id='block_1_50' title="bbox 2116 1839 3246 1914">
    <p class='ocr_par' dir='ltr' id='par_1_50' title="bbox 2116 1839 3246 1914">
     <span class='ocr_line' id='line_1_52' title="bbox 2116 1839 3246 1914; baseline 0.008 -19"><span class='ocrx_word' id='word_1_309' title='bbox 2116 1839 2230 1896; x_wconf 90' lang='lat' dir='ltr'><strong>Deo</strong></span> <span class='ocrx_word' id='word_1_310' title='bbox 2263 1845 2321 1897; x_wconf 91' lang='lat' dir='ltr'><strong>et</strong></span> <span class='ocrx_word' id='word_1_311' title='bbox 2350 1839 2690 1900; x_wconf 88' lang='lat' dir='ltr'><strong>hominibus</strong></span> <span class='ocrx_word' id='word_1_312' title='bbox 2721 1843 3112 1914; x_wconf 81' lang='lat' dir='ltr'><strong>abominabile</strong></span> <span class='ocrx_word' id='word_1_313' title='bbox 3138 1852 3246 1904; x_wconf 87' lang='lat' dir='ltr'><strong>est.</strong></span> 
     </span>
    </p>
   </div>
   <div class='ocr_carea' id='block_1_51' title="bbox 2113 1957 3704 2038">
    <p class='ocr_par' dir='ltr' id='par_1_51' title="bbox 2113 1957 3704 2038">
     <span class='ocr_line' id='line_1_53' title="bbox 2113 1957 3704 2038; baseline 0.008 -26"><span class='ocrx_word' id='word_1_314' title='bbox 2113 1958 2246 2012; x_wconf 63' lang='lat' dir='ltr'><strong>Car.</strong></span> <span class='ocrx_word' id='word_1_315' title='bbox 2281 1957 2421 2012; x_wconf 87' lang='lat' dir='ltr'><strong>XIV.</strong></span> <span class='ocrx_word' id='word_1_316' title='bbox 2454 1989 2523 1998; x_wconf 92' lang='lat'>—</span> <span class='ocrx_word' id='word_1_317' title='bbox 2553 1959 2832 2038; x_wconf 57' lang='lat' dir='ltr'><strong>()uoynodo</strong></span> <span class='ocrx_word' id='word_1_318' title='bbox 2852 1961 2914 2016; x_wconf 81' lang='lat' dir='ltr'><strong>in</strong></span> <span class='ocrx_word' id='word_1_319' title='bbox 2931 1964 3198 2020; x_wconf 72' lang='lat' dir='ltr'><strong>conviviis</strong></span> <span class='ocrx_word' id='word_1_320' title='bbox 3216 1963 3573 2038; x_wconf 64' lang='grc' dir='ltr'><strong>ὼίαηειρημη</strong></span> <span class='ocrx_word' id='word_1_321' title='bbox 3593 1965 3704 2038; x_wconf 67' lang='lat' dir='ltr'><strong>alin</strong></span> 
     </span>
    </p>
   </div>
   <div class='ocr_carea' id='block_1_52' title="bbox 2362 2031 3503 2102">
    <p class='ocr_par' dir='ltr' id='par_1_52' title="bbox 2362 2031 3503 2102">
     <span class='ocr_line' id='line_1_54' title="bbox 2362 2031 3503 2102; baseline 0.007 -18"><span class='ocrx_word' id='word_1_322' title='bbox 2362 2045 2551 2086; x_wconf 81' lang='lat' dir='ltr'><strong>rumve</strong></span> <span class='ocrx_word' id='word_1_323' title='bbox 2577 2031 2928 2087; x_wconf 82' lang='lat' dir='ltr'><strong>collecturum</strong></span> <span class='ocrx_word' id='word_1_324' title='bbox 2967 2049 3156 2102; x_wconf 82' lang='lat' dir='ltr'><strong>gerere</strong></span> <span class='ocrx_word' id='word_1_325' title='bbox 3183 2052 3240 2090; x_wconf 80' lang='lat' dir='ltr'><strong>se</strong></span> <span class='ocrx_word' id='word_1_326' title='bbox 3267 2031 3503 2092; x_wconf 75' lang='lat' dir='ltr'><strong>debeant.</strong></span> 
     </span>
    </p>
   </div>
   <div class='ocr_carea' id='block_1_53' title="bbox 2183 2137 3703 2212">
    <p class='ocr_par' dir='ltr' id='par_1_53' title="bbox 2183 2137 3703 2212">
     <span class='ocr_line' id='line_1_55' title="bbox 2183 2137 3703 2212; baseline 0.008 -21"><span class='ocrx_word' id='word_1_327' title='bbox 2183 2137 2270 2204; x_wconf 86' lang='grc' dir='ltr'><strong>(υ.</strong></span> <span class='ocrx_word' id='word_1_328' title='bbox 2323 2137 2410 2205; x_wconf 79' lang='grc'><strong>44,</strong></span> <span class='ocrx_word' id='word_1_329' title='bbox 2462 2137 2659 2208; x_wconf 71' lang='lat' dir='ltr'><strong>Nullus</strong></span> <span class='ocrx_word' id='word_1_330' title='bbox 2710 2140 3176 2212; x_wconf 68' lang='lat' dir='ltr'><strong>presbyterorum,</strong></span> <span class='ocrx_word' id='word_1_331' title='bbox 3225 2159 3294 2201; x_wconf 78' lang='lat' dir='ltr'><strong>ex</strong></span> <span class='ocrx_word' id='word_1_332' title='bbox 3337 2140 3703 2208; x_wconf 72' lang='lat' dir='ltr'><strong>Namnetensi.)</strong></span> 
     </span>
    </p>
   </div>
   <div class='ocr_carea' id='block_1_54' title="bbox 2115 2217 3702 2304">
    <p class='ocr_par' dir='ltr' id='par_1_54' title="bbox 2115 2217 3702 2304">
     <span class='ocr_line' id='line_1_56' title="bbox 2115 2217 3702 2304; baseline 0.005 -24"><span class='ocrx_word' id='word_1_333' title='bbox 2115 2225 2186 2280; x_wconf 90' lang='lat' dir='ltr'><strong>Ut</strong></span> <span class='ocrx_word' id='word_1_334' title='bbox 2231 2225 2427 2280; x_wconf 90' lang='lat' dir='ltr'><strong>nullus</strong></span> <span class='ocrx_word' id='word_1_335' title='bbox 2477 2227 2890 2298; x_wconf 80' lang='lat' dir='ltr'><strong>presbytorum</strong></span> <span class='ocrx_word' id='word_1_336' title='bbox 2939 2229 3011 2284; x_wconf 88' lang='lat' dir='ltr'><strong>ad</strong></span> <span class='ocrx_word' id='word_1_337' title='bbox 3063 2217 3513 2286; x_wconf 81' lang='lat' dir='ltr'><strong>anniversariam</strong></span> <span class='ocrx_word' id='word_1_338' title='bbox 3562 2230 3702 2304; x_wconf 68' lang='lat' dir='ltr'><strong>diem,</strong></span> 
     </span>
    </p>
   </div>
   <div class='ocr_carea' id='block_1_55' title="bbox 2110 2313 3702 2396">
    <p class='ocr_par' dir='ltr' id='par_1_55' title="bbox 2110 2313 3702 2396">
     <span class='ocr_line' id='line_1_57' title="bbox 2110 2313 3702 2396; baseline 0.003 -27"><span class='ocrx_word' id='word_1_339' title='bbox 2110 2313 2198 2369; x_wconf 86' lang='lat' dir='ltr'><strong>vel</strong></span> <span class='ocrx_word' id='word_1_340' title='bbox 2228 2313 2588 2373; x_wconf 87' lang='lat' dir='ltr'><strong>tricesimam</strong></span> <span class='ocrx_word' id='word_1_341' title='bbox 2618 2314 2874 2382; x_wconf 84' lang='lat' dir='ltr'><strong>tertiam,</strong></span> <span class='ocrx_word' id='word_1_342' title='bbox 2905 2317 2994 2374; x_wconf 86' lang='lat' dir='ltr'><strong>vel</strong></span> <span class='ocrx_word' id='word_1_343' title='bbox 3025 2319 3344 2392; x_wconf 84' lang='lat' dir='ltr'><strong>septimam</strong></span> <span class='ocrx_word' id='word_1_344' title='bbox 3379 2318 3610 2396; x_wconf 67' lang='lat' dir='ltr'><strong>alicujus</strong></span> <span class='ocrx_word' id='word_1_345' title='bbox 3625 2319 3702 2387; x_wconf 74' lang='lat' dir='ltr'><strong>de-</strong></span> 
     </span>
    </p>
   </div>
   <div class='ocr_carea' id='block_1_56' title="bbox 2111 2401 3704 2478">
    <p class='ocr_par' dir='ltr' id='par_1_56' title="bbox 2111 2401 3704 2478">
     <span class='ocr_line' id='line_1_58' title="bbox 2111 2401 3704 2478; baseline 0.006 -20"><span class='ocrx_word' id='word_1_346' title='bbox 2111 2401 2317 2470; x_wconf 73' lang='lat' dir='ltr'><strong>functi,</strong></span> <span class='ocrx_word' id='word_1_347' title='bbox 2349 2407 2456 2458; x_wconf 88' lang='lat' dir='ltr'><strong>aut</strong></span> <span class='ocrx_word' id='word_1_348' title='bbox 2482 2419 2835 2478; x_wconf 84' lang='lat' dir='ltr'><strong>quacunque</strong></span> <span class='ocrx_word' id='word_1_349' title='bbox 2863 2406 3167 2469; x_wconf 79' lang='lat' dir='ltr'><strong>vocatione</strong></span> <span class='ocrx_word' id='word_1_350' title='bbox 3193 2411 3228 2466; x_wconf 69' lang='lat'><strong><em>1</em></strong></span> <span class='ocrx_word' id='word_1_351' title='bbox 3244 2411 3346 2476; x_wconf 72' lang='grc'><strong>14</strong></span> <span class='ocrx_word' id='word_1_352' title='bbox 3364 2409 3438 2468; x_wconf 83' lang='lat' dir='ltr'><strong>ad</strong></span> <span class='ocrx_word' id='word_1_353' title='bbox 3453 2408 3704 2475; x_wconf 60' lang='lat' dir='ltr'><strong>collectam</strong></span> 
     </span>
    </p>
   </div>
   <div class='ocr_carea' id='block_1_57' title="bbox 2109 2491 3705 2571">
    <p class='ocr_par' dir='ltr' id='par_1_57' title="bbox 2109 2491 3705 2571">
     <span class='ocr_line' id='line_1_59' title="bbox 2109 2491 3705 2571; baseline 0.008 -25"><span class='ocrx_word' id='word_1_354' title='bbox 2109 2491 2431 2564; x_wconf 75' lang='lat' dir='ltr'><strong>presbyteri</strong></span> <span class='ocrx_word' id='word_1_355' title='bbox 2459 2493 2856 2568; x_wconf 74' lang='lat' dir='ltr'><strong>convenerint,</strong></span> <span class='ocrx_word' id='word_1_356' title='bbox 2880 2511 2942 2550; x_wconf 86' lang='lat' dir='ltr'><strong>se</strong></span> <span class='ocrx_word' id='word_1_357' title='bbox 2971 2495 3266 2560; x_wconf 80' lang='lat' dir='ltr'><strong>inebriare</strong></span> <span class='ocrx_word' id='word_1_358' title='bbox 3295 2501 3600 2571; x_wconf 60' lang='lat' dir='ltr'><strong>missumst.</strong></span> <span class='ocrx_word' id='word_1_359' title='bbox 3620 2511 3705 2567; x_wconf 57' lang='lat' dir='ltr'><strong>nea</strong></span> 
     </span>
    </p>
   </div>
   <div class='ocr_carea' id='block_1_58' title="bbox 2109 2580 3703 2660">
    <p class='ocr_par' dir='ltr' id='par_1_58' title="bbox 2109 2580 3703 2660">
     <span class='ocr_line' id='line_1_60' title="bbox 2109 2580 3703 2660; baseline 0.009 -26"><span class='ocrx_word' id='word_1_360' title='bbox 2109 2581 2332 2652; x_wconf 84' lang='lat' dir='ltr'><strong>precari</strong></span> <span class='ocrx_word' id='word_1_361' title='bbox 2365 2580 2424 2634; x_wconf 91' lang='lat' dir='ltr'><strong>in</strong></span> <span class='ocrx_word' id='word_1_362' title='bbox 2455 2597 2654 2638; x_wconf 83' lang='lat' dir='ltr'><strong>amore</strong></span> <span class='ocrx_word' id='word_1_363' title='bbox 2683 2588 3021 2649; x_wconf 82' lang='lat' dir='ltr'><strong>sanctorum</strong></span> <span class='ocrx_word' id='word_1_364' title='bbox 3054 2584 3143 2644; x_wconf 71' lang='lat' dir='ltr'><strong>vel</strong></span> <span class='ocrx_word' id='word_1_365' title='bbox 3179 2585 3366 2660; x_wconf 78' lang='lat' dir='ltr'><strong>ipsius</strong></span> <span class='ocrx_word' id='word_1_366' title='bbox 3412 2585 3598 2647; x_wconf 66' lang='lat' dir='ltr'><strong>anima</strong></span> <span class='ocrx_word' id='word_1_367' title='bbox 3635 2584 3703 2650; x_wconf 62' lang='lat' dir='ltr'><strong>bi.-</strong></span> 
     </span>
    </p>
   </div>
   <div class='ocr_carea' id='block_1_59' title="bbox 2111 2667 3705 2756">
    <p class='ocr_par' dir='ltr' id='par_1_59' title="bbox 2111 2667 3705 2756">
     <span class='ocr_line' id='line_1_61' title="bbox 2111 2667 3705 2756; baseline 0.001 -30"><span class='ocrx_word' id='word_1_368' title='bbox 2111 2668 2266 2737; x_wconf 86' lang='lat' dir='ltr'><strong>bere,</strong></span> <span class='ocrx_word' id='word_1_369' title='bbox 2300 2673 2402 2726; x_wconf 84' lang='lat' dir='ltr'><strong>aut</strong></span> <span class='ocrx_word' id='word_1_370' title='bbox 2428 2667 2574 2726; x_wconf 87' lang='lat' dir='ltr'><strong>alios</strong></span> <span class='ocrx_word' id='word_1_371' title='bbox 2605 2670 2680 2730; x_wconf 75' lang='lat' dir='ltr'><strong>ad</strong></span> <span class='ocrx_word' id='word_1_372' title='bbox 2707 2671 3027 2740; x_wconf 82' lang='lat' dir='ltr'><strong>bibendum</strong></span> <span class='ocrx_word' id='word_1_373' title='bbox 3068 2689 3306 2756; x_wconf 42' lang='lat' dir='ltr'><strong>cogere,</strong></span> <span class='ocrx_word' id='word_1_374' title='bbox 3327 2673 3414 2735; x_wconf 85' lang='lat' dir='ltr'><strong>vel</strong></span> <span class='ocrx_word' id='word_1_375' title='bbox 3457 2691 3514 2736; x_wconf 80' lang='lat' dir='ltr'><strong>se</strong></span> <span class='ocrx_word' id='word_1_376' title='bbox 3551 2672 3705 2742; x_wconf 66' lang='lat' dir='ltr'><strong>aliena</strong></span> 
     </span>
    </p>
   </div>
   <div class='ocr_carea' id='block_1_60' title="bbox 2110 2757 3706 2836">
    <p class='ocr_par' dir='ltr' id='par_1_60' title="bbox 2110 2757 3706 2836">
     <span class='ocr_line' id='line_1_62' title="bbox 2110 2757 3706 2836; baseline 0.003 -22"><span class='ocrx_word' id='word_1_377' title='bbox 2110 2757 2442 2831; x_wconf 83' lang='lat' dir='ltr'><strong>precatione</strong></span> <span class='ocrx_word' id='word_1_378' title='bbox 2469 2757 2826 2832; x_wconf 71' lang='lat' dir='ltr'><strong>ingurgitare</strong></span> <span class='ocrx_word' id='word_1_379' title='bbox 2857 2776 2870 2816; x_wconf 92' lang='lat'>:</span> <span class='ocrx_word' id='word_1_380' title='bbox 2905 2778 3014 2819; x_wconf 86' lang='lat' dir='ltr'><strong>nec</strong></span> <span class='ocrx_word' id='word_1_381' title='bbox 3042 2760 3292 2836; x_wconf 73' lang='lat' dir='ltr'><strong>plausus</strong></span> <span class='ocrx_word' id='word_1_382' title='bbox 3311 2768 3370 2830; x_wconf 80' lang='lat' dir='ltr'><strong>et</strong></span> <span class='ocrx_word' id='word_1_383' title='bbox 3389 2763 3534 2832; x_wconf 74' lang='lat' dir='ltr'><strong>risus</strong></span> <span class='ocrx_word' id='word_1_384' title='bbox 3550 2762 3706 2830; x_wconf 66' lang='lat' dir='ltr'><strong>iocan-</strong></span> 
     </span>
    </p>
   </div>
   <div class='ocr_carea' id='block_1_61' title="bbox 2111 2847 3705 2948">
    <p class='ocr_par' dir='ltr' id='par_1_61' title="bbox 2111 2847 3705 2948">
     <span class='ocr_line' id='line_1_63' title="bbox 2111 2847 3705 2948; baseline -0.008 -46"><span class='ocrx_word' id='word_1_385' title='bbox 2111 2847 2298 2948; x_wconf 62' lang='lat' dir='ltr'><strong>dites,</strong></span> <span class='ocrx_word' id='word_1_386' title='bbox 2316 2851 2374 2903; x_wconf 88' lang='lat' dir='ltr'><strong>et</strong></span> <span class='ocrx_word' id='word_1_387' title='bbox 2401 2847 2864 2948; x_wconf 67' lang='lat' dir='ltr'><strong>fabulasinanes</strong></span> <span class='ocrx_word' id='word_1_388' title='bbox 2893 2849 2974 2904; x_wconf 86' lang='lat' dir='ltr'><strong>ibi</strong></span> <span class='ocrx_word' id='word_1_389' title='bbox 2998 2852 3216 2910; x_wconf 76' lang='lat' dir='ltr'><strong>referre</strong></span> <span class='ocrx_word' id='word_1_390' title='bbox 3240 2857 3572 2948; x_wconf 33' lang='lat' dir='ltr'><strong>aut-cantaue-</strong></span> 
     </span>
    </p>
   </div>
   <div class='ocr_carea' id='block_1_62' title="bbox 2111 2936 3706 3010">
    <p class='ocr_par' dir='ltr' id='par_1_62' title="bbox 2111 2936 3706 3010">
     <span class='ocr_line' id='line_1_64' title="bbox 2111 2936 3706 3010; baseline 0.004 -18"><span class='ocrx_word' id='word_1_391' title='bbox 2111 2941 2328 3004; x_wconf 86' lang='lat' dir='ltr'><strong>sumat,</strong></span> <span class='ocrx_word' id='word_1_392' title='bbox 2362 2952 2469 2996; x_wconf 77' lang='lat' dir='ltr'><strong>nec</strong></span> <span class='ocrx_word' id='word_1_393' title='bbox 2495 2936 2690 3010; x_wconf 71' lang='lat' dir='ltr'><strong>turpia</strong></span> <span class='ocrx_word' id='word_1_394' title='bbox 2709 2938 2847 3010; x_wconf 77' lang='lat' dir='ltr'><strong>joco.</strong></span> <span class='ocrx_word' id='word_1_395' title='bbox 2873 2955 3010 3000; x_wconf 86' lang='lat' dir='ltr'><strong>cum</strong></span> <span class='ocrx_word' id='word_1_396' title='bbox 3043 2957 3185 2998; x_wconf 82' lang='lat' dir='ltr'><strong>urso</strong></span> <span class='ocrx_word' id='word_1_397' title='bbox 3211 2940 3300 3000; x_wconf 85' lang='lat' dir='ltr'><strong>vel</strong></span> <span class='ocrx_word' id='word_1_398' title='bbox 3346 2936 3706 3009; x_wconf 65' lang='grc' dir='ltr'><strong>ιοπωιιίοῑδω</strong></span> 
     </span>
    </p>
   </div>
   <div class='ocr_carea' id='block_1_63' title="bbox 2109 3025 3703 3102">
    <p class='ocr_par' dir='ltr' id='par_1_63' title="bbox 2109 3025 3703 3102">
     <span class='ocr_line' id='line_1_65' title="bbox 2109 3025 3703 3102; baseline 0.002 -22"><span class='ocrx_word' id='word_1_399' title='bbox 2109 3028 2246 3080; x_wconf 86' lang='lat' dir='ltr'><strong>ante</strong></span> <span class='ocrx_word' id='word_1_400' title='bbox 2293 3041 2356 3082; x_wconf 88' lang='lat' dir='ltr'><strong>sc</strong></span> <span class='ocrx_word' id='word_1_401' title='bbox 2404 3025 2592 3088; x_wconf 78' lang='lat' dir='ltr'><strong>facere</strong></span> <span class='ocrx_word' id='word_1_402' title='bbox 2637 3025 2957 3098; x_wconf 86' lang='lat' dir='ltr'><strong>permittat,</strong></span> <span class='ocrx_word' id='word_1_403' title='bbox 3001 3044 3107 3084; x_wconf 88' lang='lat' dir='ltr'><strong>nec</strong></span> <span class='ocrx_word' id='word_1_404' title='bbox 3150 3027 3348 3102; x_wconf 78' lang='lat' dir='ltr'><strong>larvas</strong></span> <span class='ocrx_word' id='word_1_405' title='bbox 3402 3029 3703 3097; x_wconf 64' lang='lat' dir='ltr'><strong>demotum,</strong></span> 
     </span>
    </p>
   </div>
   <div class='ocr_carea' id='block_1_64' title="bbox 353 3094 3704 3192">
    <p class='ocr_par' dir='ltr' id='par_1_64' title="bbox 353 3094 3704 3192">
     <span class='ocr_line' id='line_1_66' title="bbox 353 3094 3704 3192; baseline 0.001 -20"><span class='ocrx_word' id='word_1_406' title='bbox 353 3120 449 3188; x_wconf 88' lang='lat' dir='ltr'><strong>(De</strong></span> <span class='ocrx_word' id='word_1_407' title='bbox 473 3115 796 3190; x_wconf 77' lang='lat' dir='ltr'><strong>pignoribus</strong></span> <span class='ocrx_word' id='word_1_408' title='bbox 833 3121 884 3168; x_wconf 92' lang='lat' dir='ltr'><strong>et</strong></span> <span class='ocrx_word' id='word_1_409' title='bbox 929 3112 1059 3170; x_wconf 83' lang='lat' dir='ltr'><strong>aliis</strong></span> <span class='ocrx_word' id='word_1_410' title='bbox 1103 3120 1273 3179; x_wconf 59' lang='lat' dir='ltr'><strong>eaut,</strong></span> <span class='ocrx_word' id='word_1_411' title='bbox 1306 3129 1358 3168; x_wconf 90' lang='lat' dir='ltr'><strong>c.</strong></span> <span class='ocrx_word' id='word_1_412' title='bbox 1391 3113 1442 3178; x_wconf 84' lang='grc'><strong>1,</strong></span> <span class='ocrx_word' id='word_1_413' title='bbox 1474 3129 1543 3168; x_wconf 85' lang='lat' dir='ltr'><strong>ex</strong></span> <span class='ocrx_word' id='word_1_414' title='bbox 1572 3127 1734 3169; x_wconf 86' lang='lat' dir='ltr'><strong>conc.</strong></span> <span class='ocrx_word' id='word_1_415' title='bbox 1769 3111 2001 3182; x_wconf 73' lang='lat' dir='ltr'><strong>Ehem.)</strong></span> <span class='ocrx_word' id='word_1_416' title='bbox 2029 3094 2072 3162; x_wconf 64' lang='grc' dir='ltr'><strong>(ἶ</strong></span> <span class='ocrx_word' id='word_1_417' title='bbox 2111 3130 2260 3184; x_wconf 89' lang='lat' dir='ltr'><strong>quas</strong></span> <span class='ocrx_word' id='word_1_418' title='bbox 2287 3112 2460 3186; x_wconf 79' lang='lat' dir='ltr'><strong>vulgo</strong></span> <span class='ocrx_word' id='word_1_419' title='bbox 2491 3094 2844 3187; x_wconf 74' lang='lat' dir='ltr'><strong>talamascas</strong></span> <span class='ocrx_word' id='word_1_420' title='bbox 2869 3115 3188 3186; x_wconf 61' lang='grc' dir='ltr'><strong>(ηουΜρὺί</strong></span> <span class='ocrx_word' id='word_1_421' title='bbox 3209 3097 3484 3192; x_wconf 64' lang='lat' dir='ltr'><strong>anteferre</strong></span> <span class='ocrx_word' id='word_1_422' title='bbox 3503 3094 3704 3182; x_wconf 58' lang='lat' dir='ltr'><strong>censen?</strong></span> 
     </span>
    </p>
   </div>
   <div class='ocr_carea' id='block_1_65' title="bbox 348 3198 1997 3275">
    <p class='ocr_par' dir='ltr' id='par_1_65' title="bbox 348 3198 1997 3275">
     <span class='ocr_line' id='line_1_67' title="bbox 348 3198 1997 3275; baseline -0.004 -13"><span class='ocrx_word' id='word_1_423' title='bbox 348 3207 423 3262; x_wconf 92' lang='lat' dir='ltr'><strong>Ut</strong></span> <span class='ocrx_word' id='word_1_424' title='bbox 454 3203 657 3262; x_wconf 88' lang='lat' dir='ltr'><strong>nullus</strong></span> <span class='ocrx_word' id='word_1_425' title='bbox 701 3202 1004 3275; x_wconf 76' lang='lat' dir='ltr'><strong>presbyter</strong></span> <span class='ocrx_word' id='word_1_426' title='bbox 1051 3204 1370 3272; x_wconf 77' lang='lat' dir='ltr'><strong>przesumat</strong></span> <span class='ocrx_word' id='word_1_427' title='bbox 1414 3198 1674 3267; x_wconf 82' lang='lat' dir='ltr'><strong>calicem,</strong></span> <span class='ocrx_word' id='word_1_428' title='bbox 1699 3199 1789 3254; x_wconf 86' lang='lat' dir='ltr'><strong>vel</strong></span> <span class='ocrx_word' id='word_1_429' title='bbox 1837 3203 1997 3274; x_wconf 86' lang='lat' dir='ltr'><strong>pate-</strong></span> 
     </span>
    </p>
   </div>
   <div class='ocr_carea' id='block_1_66' title="bbox 349 3287 1996 3363">
    <p class='ocr_par' dir='ltr' id='par_1_66' title="bbox 349 3287 1996 3363">
     <span class='ocr_line' id='line_1_68' title="bbox 349 3287 1996 3363; baseline -0.004 -14"><span class='ocrx_word' id='word_1_430' title='bbox 349 3311 508 3360; x_wconf 89' lang='lat' dir='ltr'><strong>nam,</strong></span> <span class='ocrx_word' id='word_1_431' title='bbox 541 3297 643 3360; x_wconf 85' lang='lat' dir='ltr'><strong>aut</strong></span> <span class='ocrx_word' id='word_1_432' title='bbox 673 3290 892 3363; x_wconf 87' lang='lat' dir='ltr'><strong>pallam</strong></span> <span class='ocrx_word' id='word_1_433' title='bbox 922 3289 1143 3357; x_wconf 87' lang='lat' dir='ltr'><strong>altaris,</strong></span> <span class='ocrx_word' id='word_1_434' title='bbox 1166 3287 1252 3343; x_wconf 90' lang='lat' dir='ltr'><strong>vel</strong></span> <span class='ocrx_word' id='word_1_435' title='bbox 1282 3287 1695 3356; x_wconf 82' lang='lat' dir='ltr'><strong>vestimentum</strong></span> <span class='ocrx_word' id='word_1_436' title='bbox 1729 3289 1996 3358; x_wconf 85' lang='lat' dir='ltr'><strong>sacerdo-</strong></span> 
     </span>
    </p>
   </div>
   <div class='ocr_carea' id='block_1_67' title="bbox 347 3367 1995 3449">
    <p class='ocr_par' dir='ltr' id='par_1_67' title="bbox 347 3367 1995 3449">
     <span class='ocr_line' id='line_1_69' title="bbox 347 3367 1995 3449; baseline -0.002 -13"><span class='ocrx_word' id='word_1_437' title='bbox 347 3381 483 3449; x_wconf 86' lang='lat' dir='ltr'><strong>tale,</strong></span> <span class='ocrx_word' id='word_1_438' title='bbox 544 3385 646 3436; x_wconf 88' lang='lat' dir='ltr'><strong>aut</strong></span> <span class='ocrx_word' id='word_1_439' title='bbox 683 3367 916 3444; x_wconf 83' lang='lat' dir='ltr'><strong>librum</strong></span> <span class='ocrx_word' id='word_1_440' title='bbox 974 3375 1460 3442; x_wconf 88' lang='lat' dir='ltr'><strong>ecclesiasticum,</strong></span> <span class='ocrx_word' id='word_1_441' title='bbox 1519 3376 1850 3431; x_wconf 89' lang='lat' dir='ltr'><strong>tabernario</strong></span> <span class='ocrx_word' id='word_1_442' title='bbox 1908 3377 1995 3433; x_wconf 86' lang='lat' dir='ltr'><strong>vel</strong></span> 
     </span>
    </p>
   </div>
   <div class='ocr_carea' id='block_1_68' title="bbox 349 3462 1994 3542">
    <p class='ocr_par' dir='ltr' id='par_1_68' title="bbox 349 3462 1994 3542">
     <span class='ocr_line' id='line_1_70' title="bbox 349 3462 1994 3542; baseline -0.002 -17"><span class='ocrx_word' id='word_1_443' title='bbox 349 3467 718 3542; x_wconf 77' lang='lat' dir='ltr'><strong>negotiatori,</strong></span> <span class='ocrx_word' id='word_1_444' title='bbox 749 3471 852 3522; x_wconf 89' lang='lat' dir='ltr'><strong>aut</strong></span> <span class='ocrx_word' id='word_1_445' title='bbox 899 3465 1139 3521; x_wconf 90' lang='lat' dir='ltr'><strong>cuilibet</strong></span> <span class='ocrx_word' id='word_1_446' title='bbox 1183 3462 1354 3530; x_wconf 87' lang='lat' dir='ltr'><strong>laico,</strong></span> <span class='ocrx_word' id='word_1_447' title='bbox 1383 3463 1476 3518; x_wconf 90' lang='lat' dir='ltr'><strong>vel</strong></span> <span class='ocrx_word' id='word_1_448' title='bbox 1522 3464 1772 3534; x_wconf 79' lang='lat' dir='ltr'><strong>feminae,</strong></span> <span class='ocrx_word' id='word_1_449' title='bbox 1806 3465 1865 3519; x_wconf 91' lang='lat' dir='ltr'><strong>in</strong></span> <span class='ocrx_word' id='word_1_450' title='bbox 1896 3482 1994 3522; x_wconf 88' lang='lat' dir='ltr'><strong>va-</strong></span> 
     </span>
    </p>
   </div>
   <div class='ocr_carea' id='block_1_69' title="bbox 347 3553 1995 3628">
    <p class='ocr_par' dir='ltr' id='par_1_69' title="bbox 347 3553 1995 3628">
     <span class='ocr_line' id='line_1_71' title="bbox 347 3553 1995 3628; baseline -0.003 -13"><span class='ocrx_word' id='word_1_451' title='bbox 347 3557 676 3620; x_wconf 85' lang='lat' dir='ltr'><strong>dimonium</strong></span> <span class='ocrx_word' id='word_1_452' title='bbox 725 3555 864 3612; x_wconf 89' lang='lat' dir='ltr'><strong>dare</strong></span> <span class='ocrx_word' id='word_1_453' title='bbox 897 3571 912 3610; x_wconf 88' lang='lat'>:</span> <span class='ocrx_word' id='word_1_454' title='bbox 945 3553 1089 3628; x_wconf 26' lang='lat' dir='ltr'><strong>quia,</strong></span> <span class='ocrx_word' id='word_1_455' title='bbox 1129 3557 1294 3608; x_wconf 85' lang='lat' dir='ltr'><strong>tanta</strong></span> <span class='ocrx_word' id='word_1_456' title='bbox 1334 3557 1424 3609; x_wconf 88' lang='lat' dir='ltr'><strong>est</strong></span> <span class='ocrx_word' id='word_1_457' title='bbox 1469 3554 1799 3610; x_wconf 87' lang='lat' dir='ltr'><strong>sanctitatis</strong></span> <span class='ocrx_word' id='word_1_458' title='bbox 1845 3555 1995 3612; x_wconf 86' lang='lat' dir='ltr'><strong>sacri</strong></span> 
     </span>
    </p>
   </div>
   <div class='ocr_carea' id='block_1_70' title="bbox 347 3641 1991 3716">
    <p class='ocr_par' dir='ltr' id='par_1_70' title="bbox 347 3641 1991 3716">
     <span class='ocr_line' id='line_1_72' title="bbox 347 3641 1991 3716; baseline -0.004 -11"><span class='ocrx_word' id='word_1_459' title='bbox 347 3647 682 3716; x_wconf 89' lang='lat' dir='ltr'><strong>ministerii,</strong></span> <span class='ocrx_word' id='word_1_460' title='bbox 715 3649 780 3702; x_wconf 87' lang='lat' dir='ltr'><strong>ut</strong></span> <span class='ocrx_word' id='word_1_461' title='bbox 810 3643 970 3702; x_wconf 84' lang='lat' dir='ltr'><strong>salva</strong></span> <span class='ocrx_word' id='word_1_462' title='bbox 1007 3643 1230 3698; x_wconf 87' lang='lat' dir='ltr'><strong>altioris</strong></span> <span class='ocrx_word' id='word_1_463' title='bbox 1279 3641 1538 3714; x_wconf 78' lang='lat' dir='ltr'><strong>mysterii</strong></span> <span class='ocrx_word' id='word_1_464' title='bbox 1587 3642 1991 3714; x_wconf 79' lang='lat' dir='ltr'><strong>intelligentia,</strong></span> 
     </span>
    </p>
   </div>
   <div class='ocr_carea' id='block_1_71' title="bbox 344 3730 1993 3808">
    <p class='ocr_par' dir='ltr' id='par_1_71' title="bbox 344 3730 1993 3808">
     <span class='ocr_line' id='line_1_73' title="bbox 344 3730 1993 3808; baseline -0.004 -14"><span class='ocrx_word' id='word_1_465' title='bbox 344 3738 522 3794; x_wconf 90' lang='lat' dir='ltr'><strong>etiam</strong></span> <span class='ocrx_word' id='word_1_466' title='bbox 553 3753 656 3808; x_wconf 89' lang='lat' dir='ltr'><strong>per</strong></span> <span class='ocrx_word' id='word_1_467' title='bbox 687 3733 1030 3807; x_wconf 87' lang='lat' dir='ltr'><strong>prophetam</strong></span> <span class='ocrx_word' id='word_1_468' title='bbox 1062 3731 1348 3786; x_wconf 87' lang='lat' dir='ltr'><strong>Dominus</strong></span> <span class='ocrx_word' id='word_1_469' title='bbox 1377 3730 1838 3803; x_wconf 85' lang='lat' dir='ltr'><strong>prohibuerit,ne</strong></span> <span class='ocrx_word' id='word_1_470' title='bbox 1858 3748 1993 3788; x_wconf 90' lang='lat' dir='ltr'><strong>eum</strong></span> 
     </span>
    </p>
   </div>
   <div class='ocr_carea' id='block_1_72' title="bbox 345 3819 1992 3893">
    <p class='ocr_par' dir='ltr' id='par_1_72' title="bbox 345 3819 1992 3893">
     <span class='ocr_line' id='line_1_74' title="bbox 345 3819 1992 3893; baseline -0.003 -12"><span class='ocrx_word' id='word_1_471' title='bbox 345 3825 566 3886; x_wconf 89' lang='lat' dir='ltr'><strong>sanctis</strong></span> <span class='ocrx_word' id='word_1_472' title='bbox 596 3821 962 3880; x_wconf 73' lang='lat' dir='ltr'><strong>vestimentis</strong></span> <span class='ocrx_word' id='word_1_473' title='bbox 991 3819 1264 3876; x_wconf 87' lang='lat' dir='ltr'><strong>sacerdos</strong></span> <span class='ocrx_word' id='word_1_474' title='bbox 1293 3819 1570 3892; x_wconf 86' lang='lat' dir='ltr'><strong>procedat</strong></span> <span class='ocrx_word' id='word_1_475' title='bbox 1592 3819 1662 3876; x_wconf 90' lang='lat' dir='ltr'><strong>ad</strong></span> <span class='ocrx_word' id='word_1_476' title='bbox 1687 3820 1992 3893; x_wconf 84' lang='lat' dir='ltr'><strong>populum,</strong></span> 
     </span>
    </p>
   </div>
   <div class='ocr_carea' id='block_1_73' title="bbox 346 3907 1996 3981">
    <p class='ocr_par' dir='ltr' id='par_1_73' title="bbox 346 3907 1996 3981">
     <span class='ocr_line' id='line_1_75' title="bbox 346 3907 1996 3981; baseline -0.003 -10"><span class='ocrx_word' id='word_1_477' title='bbox 346 3914 448 3971; x_wconf 84' lang='lat' dir='ltr'><strong>sed</strong></span> <span class='ocrx_word' id='word_1_478' title='bbox 477 3911 632 3967; x_wconf 86' lang='lat' dir='ltr'><strong>intra</strong></span> <span class='ocrx_word' id='word_1_479' title='bbox 662 3914 864 3966; x_wconf 88' lang='lat' dir='ltr'><strong>sancta</strong></span> <span class='ocrx_word' id='word_1_480' title='bbox 905 3908 1006 3964; x_wconf 90' lang='lat' dir='ltr'><strong>illa</strong></span> <span class='ocrx_word' id='word_1_481' title='bbox 1052 3908 1313 3964; x_wconf 87' lang='lat' dir='ltr'><strong>dimittat</strong></span> <span class='ocrx_word' id='word_1_482' title='bbox 1358 3907 1430 3964; x_wconf 87' lang='lat' dir='ltr'><strong>ad</strong></span> <span class='ocrx_word' id='word_1_483' title='bbox 1479 3925 1612 3964; x_wconf 90' lang='lat' dir='ltr'><strong>eum</strong></span> <span class='ocrx_word' id='word_1_484' title='bbox 1645 3925 1680 3963; x_wconf 89' lang='lat' dir='ltr'><strong>a</strong></span> <span class='ocrx_word' id='word_1_485' title='bbox 1706 3907 1996 3981; x_wconf 92' lang='lat' dir='ltr'><strong>colloquio</strong></span> 
     </span>
    </p>
   </div>
   <div class='ocr_carea' id='block_1_74' title="bbox 347 3996 1996 4071">
    <p class='ocr_par' dir='ltr' id='par_1_74' title="bbox 347 3996 1996 4071">
     <span class='ocr_line' id='line_1_76' title="bbox 347 3996 1996 4071; baseline -0.001 -13"><span class='ocrx_word' id='word_1_486' title='bbox 347 4001 542 4070; x_wconf 83' lang='lat' dir='ltr'><strong>divino</strong></span> <span class='ocrx_word' id='word_1_487' title='bbox 595 3999 828 4056; x_wconf 88' lang='lat' dir='ltr'><strong>rediens</strong></span> <span class='ocrx_word' id='word_1_488' title='bbox 879 3997 1089 4071; x_wconf 77' lang='lat' dir='ltr'><strong>(Ezech.</strong></span> <span class='ocrx_word' id='word_1_489' title='bbox 1137 4002 1310 4067; x_wconf 75' lang='lat' dir='ltr'><strong>XLIV).</strong></span> <span class='ocrx_word' id='word_1_490' title='bbox 1359 3998 1430 4053; x_wconf 91' lang='lat' dir='ltr'><strong>Et</strong></span> <span class='ocrx_word' id='word_1_491' title='bbox 1475 3996 1570 4054; x_wconf 90' lang='lat' dir='ltr'><strong>cui</strong></span> <span class='ocrx_word' id='word_1_492' title='bbox 1616 3997 1678 4053; x_wconf 90' lang='lat' dir='ltr'><strong>in</strong></span> <span class='ocrx_word' id='word_1_493' title='bbox 1723 3999 1996 4056; x_wconf 83' lang='lat' dir='ltr'><strong>tabernas</strong></span> 
     </span>
    </p>
   </div>
   <div class='ocr_carea' id='block_1_75' title="bbox 346 4087 1995 4160">
    <p class='ocr_par' dir='ltr' id='par_1_75' title="bbox 346 4087 1995 4160">
     <span class='ocr_line' id='line_1_77' title="bbox 346 4087 1995 4160; baseline -0.002 -12"><span class='ocrx_word' id='word_1_494' title='bbox 346 4091 419 4148; x_wconf 91' lang='lat' dir='ltr'><strong>ad</strong></span> <span class='ocrx_word' id='word_1_495' title='bbox 451 4089 773 4155; x_wconf 87' lang='lat' dir='ltr'><strong>bibendum</strong></span> <span class='ocrx_word' id='word_1_496' title='bbox 806 4105 840 4144; x_wconf 90' lang='lat' dir='ltr'><strong>a</strong></span> <span class='ocrx_word' id='word_1_497' title='bbox 869 4087 1412 4156; x_wconf 75' lang='lat' dir='ltr'><strong>sacriscanonibus</strong></span> <span class='ocrx_word' id='word_1_498' title='bbox 1455 4087 1682 4160; x_wconf 79' lang='lat' dir='ltr'><strong>ingredi</strong></span> <span class='ocrx_word' id='word_1_499' title='bbox 1724 4087 1995 4160; x_wconf 87' lang='lat' dir='ltr'><strong>prohibe-</strong></span> 
     </span>
    </p>
   </div>
   <div class='ocr_carea' id='block_1_76' title="bbox 345 4177 1996 4255">
    <p class='ocr_par' dir='ltr' id='par_1_76' title="bbox 345 4177 1996 4255">
     <span class='ocr_line' id='line_1_78' title="bbox 345 4177 1996 4255; baseline -0.002 -16"><span class='ocrx_word' id='word_1_500' title='bbox 345 4187 464 4255; x_wconf 89' lang='lat' dir='ltr'><strong>tur,</strong></span> <span class='ocrx_word' id='word_1_501' title='bbox 501 4179 869 4246; x_wconf 81' lang='lat' dir='ltr'><strong>sanctiﬁcata</strong></span> <span class='ocrx_word' id='word_1_502' title='bbox 911 4195 1077 4235; x_wconf 89' lang='lat' dir='ltr'><strong>sacro</strong></span> <span class='ocrx_word' id='word_1_503' title='bbox 1119 4177 1446 4235; x_wconf 82' lang='lat' dir='ltr'><strong>ministerio</strong></span> <span class='ocrx_word' id='word_1_504' title='bbox 1493 4196 1597 4236; x_wconf 90' lang='lat' dir='ltr'><strong>nec</strong></span> <span class='ocrx_word' id='word_1_505' title='bbox 1647 4180 1718 4235; x_wconf 92' lang='lat' dir='ltr'><strong>ad</strong></span> <span class='ocrx_word' id='word_1_506' title='bbox 1771 4179 1996 4236; x_wconf 87' lang='lat' dir='ltr'><strong>contin-</strong></span> 
     </span>
    </p>
   </div>
   <div class='ocr_carea' id='block_1_77' title="bbox 344 4266 1994 4350">
    <p class='ocr_par' dir='ltr' id='par_1_77' title="bbox 344 4266 1994 4350">
     <span class='ocr_line' id='line_1_79' title="bbox 344 4266 1994 4350; baseline -0.002 -21"><span class='ocrx_word' id='word_1_507' title='bbox 344 4273 604 4350; x_wconf 78' lang='lat' dir='ltr'><strong>gendum</strong></span> <span class='ocrx_word' id='word_1_508' title='bbox 634 4269 988 4335; x_wconf 84' lang='lat' dir='ltr'><strong>immundis,</strong></span> <span class='ocrx_word' id='word_1_509' title='bbox 1013 4273 1234 4341; x_wconf 89' lang='lat' dir='ltr'><strong>quanto</strong></span> <span class='ocrx_word' id='word_1_510' title='bbox 1255 4266 1453 4324; x_wconf 89' lang='lat' dir='ltr'><strong>minus</strong></span> <span class='ocrx_word' id='word_1_511' title='bbox 1482 4268 1541 4323; x_wconf 92' lang='lat' dir='ltr'><strong>in</strong></span> <span class='ocrx_word' id='word_1_512' title='bbox 1573 4269 1994 4340; x_wconf 89' lang='lat' dir='ltr'><strong>vadimonium,</strong></span> 
     </span>
    </p>
   </div>
   <div class='ocr_carea' id='block_1_78' title="bbox 343 4355 1998 4430">
    <p class='ocr_par' dir='ltr' id='par_1_78' title="bbox 343 4355 1998 4430">
     <span class='ocr_line' id='line_1_80' title="bbox 343 4355 1998 4430; baseline -0.001 -13"><span class='ocrx_word' id='word_1_513' title='bbox 343 4361 616 4418; x_wconf 83' lang='lat' dir='ltr'><strong>exhibere</strong></span> <span class='ocrx_word' id='word_1_514' title='bbox 644 4359 862 4415; x_wconf 90' lang='lat' dir='ltr'><strong>debet?</strong></span> <span class='ocrx_word' id='word_1_515' title='bbox 891 4357 1046 4414; x_wconf 90' lang='lat' dir='ltr'><strong>sicut</strong></span> <span class='ocrx_word' id='word_1_516' title='bbox 1089 4355 1424 4429; x_wconf 85' lang='lat' dir='ltr'><strong>Stephanus</strong></span> <span class='ocrx_word' id='word_1_517' title='bbox 1473 4361 1713 4414; x_wconf 88' lang='lat' dir='ltr'><strong>sanctus</strong></span> <span class='ocrx_word' id='word_1_518' title='bbox 1760 4374 1913 4430; x_wconf 85' lang='lat' dir='ltr'><strong>papa</strong></span> <span class='ocrx_word' id='word_1_519' title='bbox 1939 4363 1998 4430; x_wconf 78' lang='lat' dir='ltr'><strong>et</strong></span> 
     </span>
    </p>
   </div>
   <div class='ocr_carea' id='block_1_79' title="bbox 2104 3203 3706 3276">
    <p class='ocr_par' dir='ltr' id='par_1_79' title="bbox 2104 3203 3706 3276">
     <span class='ocr_line' id='line_1_81' title="bbox 2104 3203 3706 3276; baseline 0.002 -18"><span class='ocrx_word' id='word_1_520' title='bbox 2104 3203 2212 3259; x_wconf 87' lang='lat' dir='ltr'><strong>tiat</strong></span> <span class='ocrx_word' id='word_1_521' title='bbox 2235 3219 2249 3256; x_wconf 87' lang='lat'><strong>:</strong></span> <span class='ocrx_word' id='word_1_522' title='bbox 2273 3203 2416 3275; x_wconf 76' lang='lat' dir='ltr'><strong>quia</strong></span> <span class='ocrx_word' id='word_1_523' title='bbox 2444 3203 2554 3260; x_wconf 83' lang='lat' dir='ltr'><strong>hoc</strong></span> <span class='ocrx_word' id='word_1_524' title='bbox 2583 3203 2938 3272; x_wconf 78' lang='lat' dir='ltr'><strong>diabolicum</strong></span> <span class='ocrx_word' id='word_1_525' title='bbox 2969 3211 3144 3276; x_wconf 87' lang='lat' dir='ltr'><strong>est,et</strong></span> <span class='ocrx_word' id='word_1_526' title='bbox 3163 3224 3206 3262; x_wconf 89' lang='lat' dir='ltr'><strong>a</strong></span> <span class='ocrx_word' id='word_1_527' title='bbox 3223 3207 3405 3266; x_wconf 86' lang='lat' dir='ltr'><strong>sacris</strong></span> <span class='ocrx_word' id='word_1_528' title='bbox 3431 3205 3706 3273; x_wconf 71' lang='lat' dir='ltr'><strong>canonibu:</strong></span> 
     </span>
    </p>
   </div>
   <div class='ocr_carea' id='block_1_80' title="bbox 2105 3291 3705 3372">
    <p class='ocr_par' dir='ltr' id='par_1_80' title="bbox 2105 3291 3705 3372">
     <span class='ocr_line' id='line_1_82' title="bbox 2105 3291 3705 3372; baseline 0 -24"><span class='ocrx_word' id='word_1_529' title='bbox 2105 3291 2488 3363; x_wconf 84' lang='lat' dir='ltr'><strong>prohibitum.</strong></span> <span class='ocrx_word' id='word_1_530' title='bbox 2522 3292 2634 3352; x_wconf 81' lang='lat' dir='ltr'><strong>Sed</strong></span> <span class='ocrx_word' id='word_1_531' title='bbox 2666 3309 2803 3348; x_wconf 87' lang='lat' dir='ltr'><strong>cum</strong></span> <span class='ocrx_word' id='word_1_532' title='bbox 2833 3292 3139 3359; x_wconf 75' lang='lat' dir='ltr'><strong>honestate</strong></span> <span class='ocrx_word' id='word_1_533' title='bbox 3167 3300 3233 3354; x_wconf 86' lang='lat' dir='ltr'><strong>et</strong></span> <span class='ocrx_word' id='word_1_534' title='bbox 3257 3295 3525 3372; x_wconf 79' lang='lat' dir='ltr'><strong>religione</strong></span> <span class='ocrx_word' id='word_1_535' title='bbox 3563 3308 3705 3368; x_wconf 81' lang='lat' dir='ltr'><strong>pran-</strong></span> 
     </span>
    </p>
   </div>
   <div class='ocr_carea' id='block_1_81' title="bbox 2105 3381 3720 3460">
    <p class='ocr_par' dir='ltr' id='par_1_81' title="bbox 2105 3381 3720 3460">
     <span class='ocr_line' id='line_1_83' title="bbox 2105 3381 3720 3460; baseline 0.002 -23"><span class='ocrx_word' id='word_1_536' title='bbox 2105 3381 2259 3448; x_wconf 81' lang='lat' dir='ltr'><strong>deat,</strong></span> <span class='ocrx_word' id='word_1_537' title='bbox 2282 3383 2341 3436; x_wconf 90' lang='lat' dir='ltr'><strong>et</strong></span> <span class='ocrx_word' id='word_1_538' title='bbox 2360 3381 2432 3441; x_wconf 82' lang='lat' dir='ltr'><strong>ad</strong></span> <span class='ocrx_word' id='word_1_539' title='bbox 2455 3387 2689 3453; x_wconf 83' lang='lat' dir='ltr'><strong>tempus</strong></span> <span class='ocrx_word' id='word_1_540' title='bbox 2714 3382 2786 3440; x_wconf 83' lang='lat' dir='ltr'><strong>ad</strong></span> <span class='ocrx_word' id='word_1_541' title='bbox 2818 3399 2989 3449; x_wconf 81' lang='lat' dir='ltr'><strong>suam</strong></span> <span class='ocrx_word' id='word_1_542' title='bbox 3019 3383 3332 3460; x_wconf 81' lang='lat' dir='ltr'><strong>ecclesiam</strong></span> <span class='ocrx_word' id='word_1_543' title='bbox 3361 3383 3720 3442; x_wconf 50' lang='lat' dir='ltr'><strong>redeat.Sum-.</strong></span> 
     </span>
    </p>
   </div>
   <div class='ocr_carea' id='block_1_82' title="bbox 2105 3469 3703 3549">
    <p class='ocr_par' dir='ltr' id='par_1_82' title="bbox 2105 3469 3703 3549">
     <span class='ocr_line' id='line_1_84' title="bbox 2105 3469 3703 3549; baseline 0.001 -25"><span class='ocrx_word' id='word_1_544' title='bbox 2105 3485 2339 3541; x_wconf 88' lang='lat' dir='ltr'><strong>mopcre</strong></span> <span class='ocrx_word' id='word_1_545' title='bbox 2368 3469 2546 3524; x_wconf 88' lang='lat' dir='ltr'><strong>etiam</strong></span> <span class='ocrx_word' id='word_1_546' title='bbox 2577 3469 2830 3543; x_wconf 84' lang='lat' dir='ltr'><strong>quisque</strong></span> <span class='ocrx_word' id='word_1_547' title='bbox 2861 3487 3098 3546; x_wconf 62' lang='lat' dir='ltr'><strong>cavens,</strong></span> <span class='ocrx_word' id='word_1_548' title='bbox 3126 3472 3288 3538; x_wconf 79' lang='lat' dir='ltr'><strong>sicut</strong></span> <span class='ocrx_word' id='word_1_549' title='bbox 3324 3473 3394 3549; x_wconf 75' lang='lat' dir='ltr'><strong>de</strong></span> <span class='ocrx_word' id='word_1_550' title='bbox 3437 3476 3582 3543; x_wconf 68' lang='lat' dir='ltr'><strong>statu</strong></span> <span class='ocrx_word' id='word_1_551' title='bbox 3617 3483 3703 3526; x_wconf 85' lang='lat' dir='ltr'><strong>suo.</strong></span> 
     </span>
    </p>
   </div>
   <div class='ocr_carea' id='block_1_83' title="bbox 2102 3557 3706 3634">
    <p class='ocr_par' dir='ltr' id='par_1_83' title="bbox 2102 3557 3706 3634">
     <span class='ocr_line' id='line_1_85' title="bbox 2102 3557 3706 3634; baseline -0.001 -21"><span class='ocrx_word' id='word_1_552' title='bbox 2102 3557 2228 3618; x_wconf 85' lang='lat' dir='ltr'><strong>vult</strong></span> <span class='ocrx_word' id='word_1_553' title='bbox 2285 3558 2556 3630; x_wconf 81' lang='lat' dir='ltr'><strong>gaudere,</strong></span> <span class='ocrx_word' id='word_1_554' title='bbox 2591 3562 2658 3625; x_wconf 82' lang='lat' dir='ltr'><strong>ut</strong></span> <span class='ocrx_word' id='word_1_555' title='bbox 2713 3575 2828 3614; x_wconf 91' lang='lat' dir='ltr'><strong>non</strong></span> <span class='ocrx_word' id='word_1_556' title='bbox 2885 3576 3242 3634; x_wconf 87' lang='lat' dir='ltr'><strong>quacunque</strong></span> <span class='ocrx_word' id='word_1_557' title='bbox 3296 3562 3594 3632; x_wconf 78' lang='lat' dir='ltr'><strong>occasione,</strong></span> <span class='ocrx_word' id='word_1_558' title='bbox 3625 3559 3706 3612; x_wconf 84' lang='lat' dir='ltr'><strong>aut</strong></span> 
     </span>
    </p>
   </div>
   <div class='ocr_carea' id='block_1_84' title="bbox 2101 3647 3704 3721">
    <p class='ocr_par' dir='ltr' id='par_1_84' title="bbox 2101 3647 3704 3721">
     <span class='ocr_line' id='line_1_86' title="bbox 2101 3647 3704 3721; baseline -0.001 -19"><span class='ocrx_word' id='word_1_559' title='bbox 2101 3663 2302 3719; x_wconf 88' lang='lat' dir='ltr'><strong>parem</strong></span> <span class='ocrx_word' id='word_1_560' title='bbox 2333 3651 2640 3716; x_wconf 89' lang='lat' dir='ltr'><strong>suum,aut</strong></span> <span class='ocrx_word' id='word_1_561' title='bbox 2659 3647 2841 3703; x_wconf 89' lang='lat' dir='ltr'><strong>alium</strong></span> <span class='ocrx_word' id='word_1_562' title='bbox 2871 3649 3216 3721; x_wconf 90' lang='lat' dir='ltr'><strong>quemlibet,</strong></span> <span class='ocrx_word' id='word_1_563' title='bbox 3232 3651 3306 3706; x_wconf 88' lang='lat' dir='ltr'><strong>ad</strong></span> <span class='ocrx_word' id='word_1_564' title='bbox 3325 3649 3468 3706; x_wconf 89' lang='lat' dir='ltr'><strong>iram</strong></span> <span class='ocrx_word' id='word_1_565' title='bbox 3486 3652 3539 3704; x_wconf 86' lang='lat' dir='ltr'><strong>et</strong></span> <span class='ocrx_word' id='word_1_566' title='bbox 3555 3647 3704 3703; x_wconf 80' lang='lat' dir='ltr'><strong>rixam</strong></span> 
     </span>
    </p>
   </div>
   <div class='ocr_carea' id='block_1_85' title="bbox 2101 3731 3703 3812">
    <p class='ocr_par' dir='ltr' id='par_1_85' title="bbox 2101 3731 3703 3812">
     <span class='ocr_line' id='line_1_87' title="bbox 2101 3731 3703 3812; baseline -0.003 -21"><span class='ocrx_word' id='word_1_567' title='bbox 2101 3735 2190 3792; x_wconf 86' lang='lat' dir='ltr'><strong>vel</strong></span> <span class='ocrx_word' id='word_1_568' title='bbox 2219 3734 2674 3804; x_wconf 89' lang='lat' dir='ltr'><strong>contentionem,</strong></span> <span class='ocrx_word' id='word_1_569' title='bbox 2707 3743 2927 3808; x_wconf 81' lang='lat' dir='ltr'><strong>quanto</strong></span> <span class='ocrx_word' id='word_1_570' title='bbox 2958 3737 3149 3811; x_wconf 81' lang='lat' dir='ltr'><strong>magis</strong></span> <span class='ocrx_word' id='word_1_571' title='bbox 3179 3740 3254 3796; x_wconf 82' lang='lat' dir='ltr'><strong>ad</strong></span> <span class='ocrx_word' id='word_1_572' title='bbox 3281 3755 3532 3812; x_wconf 78' lang='lat' dir='ltr'><strong>pugnam</strong></span> <span class='ocrx_word' id='word_1_573' title='bbox 3555 3733 3632 3792; x_wconf 84' lang='lat' dir='ltr'><strong>vel</strong></span> <span class='ocrx_word' id='word_1_574' title='bbox 3645 3731 3703 3788; x_wconf 83' lang='lat' dir='ltr'><strong>ad</strong></span> 
     </span>
    </p>
   </div>
   <div class='ocr_carea' id='block_1_86' title="bbox 2103 3823 3702 3900">
    <p class='ocr_par' dir='ltr' id='par_1_86' title="bbox 2103 3823 3702 3900">
     <span class='ocr_line' id='line_1_88' title="bbox 2103 3823 3702 3900; baseline 0.003 -20"><span class='ocrx_word' id='word_1_575' title='bbox 2103 3825 2320 3880; x_wconf 68' lang='lat' dir='ltr'><strong>caedem</strong></span> <span class='ocrx_word' id='word_1_576' title='bbox 2351 3823 2547 3897; x_wconf 90' lang='lat' dir='ltr'><strong>aliquo</strong></span> <span class='ocrx_word' id='word_1_577' title='bbox 2575 3825 2748 3881; x_wconf 89' lang='lat' dir='ltr'><strong>verbo</strong></span> <span class='ocrx_word' id='word_1_578' title='bbox 2780 3823 2988 3896; x_wconf 77' lang='lat' dir='ltr'><strong>irritet,</strong></span> <span class='ocrx_word' id='word_1_579' title='bbox 3020 3843 3126 3890; x_wconf 83' lang='lat' dir='ltr'><strong>seu</strong></span> <span class='ocrx_word' id='word_1_580' title='bbox 3155 3832 3446 3900; x_wconf 81' lang='lat' dir='ltr'><strong>provocet,</strong></span> <span class='ocrx_word' id='word_1_581' title='bbox 3477 3841 3572 3884; x_wconf 75' lang='lat' dir='ltr'><strong>nec</strong></span> <span class='ocrx_word' id='word_1_582' title='bbox 3596 3836 3702 3895; x_wconf 75' lang='lat' dir='ltr'><strong>pro-</strong></span> 
     </span>
    </p>
   </div>
   <div class='ocr_carea' id='block_1_87' title="bbox 2102 3911 3703 3990">
    <p class='ocr_par' dir='ltr' id='par_1_87' title="bbox 2102 3911 3703 3990">
     <span class='ocr_line' id='line_1_89' title="bbox 2102 3911 3703 3990; baseline -0.001 -20"><span class='ocrx_word' id='word_1_583' title='bbox 2102 3917 2344 3976; x_wconf 82' lang='lat' dir='ltr'><strong>vocatus</strong></span> <span class='ocrx_word' id='word_1_584' title='bbox 2373 3913 2446 3969; x_wconf 87' lang='lat' dir='ltr'><strong>ad</strong></span> <span class='ocrx_word' id='word_1_585' title='bbox 2477 3912 2588 3971; x_wconf 88' lang='lat' dir='ltr'><strong>hoc</strong></span> <span class='ocrx_word' id='word_1_586' title='bbox 2617 3911 2867 3986; x_wconf 82' lang='lat' dir='ltr'><strong>quisque</strong></span> <span class='ocrx_word' id='word_1_587' title='bbox 2896 3913 3166 3988; x_wconf 85' lang='lat' dir='ltr'><strong>prosiliat</strong></span> <span class='ocrx_word' id='word_1_588' title='bbox 3198 3932 3213 3974; x_wconf 89' lang='lat'>:</span> <span class='ocrx_word' id='word_1_589' title='bbox 3247 3917 3386 3990; x_wconf 81' lang='lat' dir='ltr'><strong>quia</strong></span> <span class='ocrx_word' id='word_1_590' title='bbox 3421 3915 3477 3970; x_wconf 89' lang='lat' dir='ltr'><strong>in</strong></span> <span class='ocrx_word' id='word_1_591' title='bbox 3522 3911 3703 3975; x_wconf 65' lang='lat' dir='ltr'><strong>talibus</strong></span> 
     </span>
    </p>
   </div>
   <div class='ocr_carea' id='block_1_88' title="bbox 2105 3995 3701 4076">
    <p class='ocr_par' dir='ltr' id='par_1_88' title="bbox 2105 3995 3701 4076">
     <span class='ocr_line' id='line_1_90' title="bbox 2105 3995 3701 4076; baseline -0.006 -10"><span class='ocrx_word' id='word_1_592' title='bbox 2105 4001 2635 4066; x_wconf 73' lang='lat' dir='ltr'><strong>comessationibns</strong></span> <span class='ocrx_word' id='word_1_593' title='bbox 2674 4007 2734 4073; x_wconf 69' lang='lat' dir='ltr'><strong>et</strong></span> <span class='ocrx_word' id='word_1_594' title='bbox 2779 4002 3201 4076; x_wconf 74' lang='lat' dir='ltr'><strong>potationibus,</strong></span> <span class='ocrx_word' id='word_1_595' title='bbox 3233 4003 3390 4074; x_wconf 83' lang='lat' dir='ltr'><strong>sicut</strong></span> <span class='ocrx_word' id='word_1_596' title='bbox 3440 3995 3701 4074; x_wconf 77' lang='lat' dir='ltr'><strong>irreligiosi</strong></span> 
     </span>
    </p>
   </div>
   <div class='ocr_carea' id='block_1_89' title="bbox 2103 4085 3706 4166">
    <p class='ocr_par' dir='ltr' id='par_1_89' title="bbox 2103 4085 3706 4166">
     <span class='ocr_line' id='line_1_91' title="bbox 2103 4085 3706 4166; baseline 0.002 -21"><span class='ocrx_word' id='word_1_597' title='bbox 2103 4089 2344 4158; x_wconf 86' lang='lat' dir='ltr'><strong>faciunt,</strong></span> <span class='ocrx_word' id='word_1_598' title='bbox 2373 4105 2605 4162; x_wconf 89' lang='lat' dir='ltr'><strong>semper</strong></span> <span class='ocrx_word' id='word_1_599' title='bbox 2633 4106 2696 4147; x_wconf 88' lang='lat' dir='ltr'><strong>se</strong></span> <span class='ocrx_word' id='word_1_600' title='bbox 2715 4089 3010 4148; x_wconf 84' lang='lat' dir='ltr'><strong>immiscet</strong></span> <span class='ocrx_word' id='word_1_601' title='bbox 3028 4093 3304 4150; x_wconf 75' lang='lat' dir='ltr'><strong>diabolus</strong></span> <span class='ocrx_word' id='word_1_602' title='bbox 3323 4094 3410 4166; x_wconf 64' lang='grc' dir='ltr'><strong>(ι).</strong></span> <span class='ocrx_word' id='word_1_603' title='bbox 3433 4085 3706 4160; x_wconf 55' lang='grc' dir='ltr'><strong>Ἀρητιάο</strong></span> 
     </span>
    </p>
   </div>
   <div class='ocr_carea' id='block_1_90' title="bbox 2098 4179 3706 4254">
    <p class='ocr_par' dir='ltr' id='par_1_90' title="bbox 2098 4179 3706 4254">
     <span class='ocr_line' id='line_1_92' title="bbox 2098 4179 3706 4254; baseline -0.003 -18"><span class='ocrx_word' id='word_1_604' title='bbox 2098 4179 2405 4252; x_wconf 71' lang='lat' dir='ltr'><strong>presbyteri</strong></span> <span class='ocrx_word' id='word_1_605' title='bbox 2430 4195 2502 4236; x_wconf 78' lang='lat' dir='ltr'><strong>ex</strong></span> <span class='ocrx_word' id='word_1_606' title='bbox 2527 4179 2950 4251; x_wconf 79' lang='lat' dir='ltr'><strong>Namnetensi.)</strong></span> <span class='ocrx_word' id='word_1_607' title='bbox 2971 4183 3216 4248; x_wconf 74' lang='lat' dir='ltr'><strong>Quando</strong></span> <span class='ocrx_word' id='word_1_608' title='bbox 3246 4187 3442 4254; x_wconf 77' lang='lat' dir='ltr'><strong>autem</strong></span> <span class='ocrx_word' id='word_1_609' title='bbox 3469 4191 3706 4242; x_wconf 73' lang='lat' dir='ltr'><strong>convene-</strong></span> 
     </span>
    </p>
   </div>
   <div class='ocr_carea' id='block_1_91' title="bbox 2105 4266 3710 4343">
    <p class='ocr_par' dir='ltr' id='par_1_91' title="bbox 2105 4266 3710 4343">
     <span class='ocr_line' id='line_1_93' title="bbox 2105 4266 3710 4343; baseline 0.004 -14"><span class='ocrx_word' id='word_1_610' title='bbox 2105 4269 2226 4329; x_wconf 82' lang='lat' dir='ltr'><strong>rint</strong></span> <span class='ocrx_word' id='word_1_611' title='bbox 2253 4268 2578 4342; x_wconf 74' lang='lat' dir='ltr'><strong>presbyteri</strong></span> <span class='ocrx_word' id='word_1_612' title='bbox 2607 4269 2680 4326; x_wconf 83' lang='lat' dir='ltr'><strong>ad</strong></span> <span class='ocrx_word' id='word_1_613' title='bbox 2711 4267 2950 4342; x_wconf 66' lang='lat' dir='ltr'><strong>aliquod</strong></span> <span class='ocrx_word' id='word_1_614' title='bbox 2979 4269 3335 4343; x_wconf 80' lang='lat' dir='ltr'><strong>convivium,</strong></span> <span class='ocrx_word' id='word_1_615' title='bbox 3359 4266 3710 4341; x_wconf 58' lang='grc' dir='ltr'><strong>αωψυειωι</strong></span> 
     </span>
    </p>
   </div>
   <div class='ocr_carea' id='block_1_92' title="bbox 2104 4353 3706 4430">
    <p class='ocr_par' dir='ltr' id='par_1_92' title="bbox 2104 4353 3706 4430">
     <span class='ocr_line' id='line_1_94' title="bbox 2104 4353 3706 4430; baseline 0.001 -16"><span class='ocrx_word' id='word_1_616' title='bbox 2104 4357 2320 4430; x_wconf 78' lang='lat' dir='ltr'><strong>aliquis</strong></span> <span class='ocrx_word' id='word_1_617' title='bbox 2339 4357 2502 4429; x_wconf 88' lang='lat' dir='ltr'><strong>prior</strong></span> <span class='ocrx_word' id='word_1_618' title='bbox 2523 4355 3021 4426; x_wconf 74' lang='lat' dir='ltr'><strong>il&#39;—lorum,versum</strong></span> <span class='ocrx_word' id='word_1_619' title='bbox 3043 4362 3185 4428; x_wconf 82' lang='lat' dir='ltr'><strong>ante</strong></span> <span class='ocrx_word' id='word_1_620' title='bbox 3201 4374 3470 4430; x_wconf 69' lang='lat' dir='ltr'><strong>mensam</strong></span> <span class='ocrx_word' id='word_1_621' title='bbox 3484 4353 3706 4426; x_wconf 65' lang='lat' dir='ltr'><strong>incipiat.</strong></span> 
     </span>
    </p>
   </div>
   <div class='ocr_carea' id='block_1_93' title="bbox 344 4436 3707 4530">
    <p class='ocr_par' dir='ltr' id='par_1_93' title="bbox 344 4436 3707 4530">
     <span class='ocr_line' id='line_1_95' title="bbox 344 4436 3707 4530; baseline -0 -25"><span class='ocrx_word' id='word_1_622' title='bbox 344 4454 572 4522; x_wconf 78' lang='lat' dir='ltr'><strong>martyr</strong></span> <span class='ocrx_word' id='word_1_623' title='bbox 600 4449 674 4503; x_wconf 90' lang='lat' dir='ltr'><strong>ad</strong></span> <span class='ocrx_word' id='word_1_624' title='bbox 707 4451 975 4510; x_wconf 85' lang='lat' dir='ltr'><strong>sanctum</strong></span> <span class='ocrx_word' id='word_1_625' title='bbox 1007 4445 1293 4502; x_wconf 86' lang='lat' dir='ltr'><strong>Hilarium</strong></span> <span class='ocrx_word' id='word_1_626' title='bbox 1324 4446 1384 4500; x_wconf 91' lang='lat' dir='ltr'><strong>in</strong></span> <span class='ocrx_word' id='word_1_627' title='bbox 1431 4445 1557 4502; x_wconf 88' lang='lat' dir='ltr'><strong>suis</strong></span> <span class='ocrx_word' id='word_1_628' title='bbox 1605 4445 1996 4503; x_wconf 87' lang='lat' dir='ltr'><strong>decretalibus</strong></span> <span class='ocrx_word' id='word_1_629' title='bbox 2025 4463 2074 4530; x_wconf 72' lang='grc' dir='ltr'>Β</span> <span class='ocrx_word' id='word_1_630' title='bbox 2103 4451 2162 4504; x_wconf 87' lang='lat' dir='ltr'><strong>et</strong></span> <span class='ocrx_word' id='word_1_631' title='bbox 2189 4445 2386 4510; x_wconf 85' lang='lat' dir='ltr'><strong>cibum</strong></span> <span class='ocrx_word' id='word_1_632' title='bbox 2414 4445 2722 4506; x_wconf 83' lang='lat' dir='ltr'><strong>benedicat</strong></span> <span class='ocrx_word' id='word_1_633' title='bbox 2752 4463 2767 4502; x_wconf 87' lang='lat'><strong>:</strong></span> <span class='ocrx_word' id='word_1_634' title='bbox 2799 4452 2858 4502; x_wconf 89' lang='lat' dir='ltr'><strong>et</strong></span> <span class='ocrx_word' id='word_1_635' title='bbox 2887 4451 3029 4514; x_wconf 82' lang='lat' dir='ltr'><strong>tunc</strong></span> <span class='ocrx_word' id='word_1_636' title='bbox 3059 4449 3392 4520; x_wconf 72' lang='lat' dir='ltr'><strong>secundum</strong></span> <span class='ocrx_word' id='word_1_637' title='bbox 3410 4461 3570 4518; x_wconf 73' lang='lat' dir='ltr'><strong>suum</strong></span> 
     </span>
    </p>
   </div>
   <div class='ocr_carea' id='block_1_94' title="bbox 343 4535 851 4624">
    <p class='ocr_par' dir='ltr' id='par_1_94' title="bbox 343 4535 851 4624">
     <span class='ocr_line' id='line_1_96' title="bbox 343 4535 851 4624; baseline -0.002 -33"><span class='ocrx_word' id='word_1_638' title='bbox 343 4535 541 4624; x_wconf 77' lang='lat' dir='ltr'><strong>docuit</strong></span> <span class='ocrx_word' id='word_1_639' title='bbox 571 4536 752 4608; x_wconf 77' lang='lat' dir='ltr'><strong>(epist.</strong></span> <span class='ocrx_word' id='word_1_640' title='bbox 778 4537 851 4604; x_wconf 93' lang='grc'><strong>1).</strong></span> 
     </span>
    </p>
   </div>
   <div class='ocr_carea' id='block_1_95' title="bbox 343 4650 1994 4724">
    <p class='ocr_par' dir='ltr' id='par_1_95' title="bbox 343 4650 1994 4724">
     <span class='ocr_line' id='line_1_97' title="bbox 343 4650 1994 4724; baseline 0.002 -19"><span class='ocrx_word' id='word_1_641' title='bbox 343 4650 632 4724; x_wconf 46' lang='lat'><strong>(3459.311.</strong></span> <span class='ocrx_word' id='word_1_642' title='bbox 663 4681 733 4690; x_wconf 82' lang='lat'><strong>--</strong></span> <span class='ocrx_word' id='word_1_643' title='bbox 759 4651 843 4724; x_wconf 76' lang='grc' dir='ltr'>ω</span> <span class='ocrx_word' id='word_1_644' title='bbox 886 4651 948 4706; x_wconf 82' lang='lat' dir='ltr'><strong>in</strong></span> <span class='ocrx_word' id='word_1_645' title='bbox 997 4651 1226 4718; x_wconf 69' lang='lat' dir='ltr'><strong>ecclesia</strong></span> <span class='ocrx_word' id='word_1_646' title='bbox 1271 4653 1393 4709; x_wconf 74' lang='lat' dir='ltr'><strong>sine</strong></span> <span class='ocrx_word' id='word_1_647' title='bbox 1446 4651 1700 4724; x_wconf 61' lang='lat' dir='ltr'><strong>consultat</strong></span> <span class='ocrx_word' id='word_1_648' title='bbox 1755 4653 1994 4724; x_wconf 76' lang='lat' dir='ltr'><strong>episcopi</strong></span> 
     </span>
    </p>
   </div>
   <div class='ocr_carea' id='block_1_96' title="bbox 413 4721 1992 4850">
    <p class='ocr_par' dir='ltr' id='par_1_96' title="bbox 413 4721 1992 4850">
     <span class='ocr_line' id='line_1_98' title="bbox 413 4721 1992 4850; baseline 0.001 -74"><span class='ocrx_word' id='word_1_649' title='bbox 413 4721 600 4850; x_wconf 63' lang='lat' dir='ltr'><strong>amullus</strong></span> <span class='ocrx_word' id='word_1_650' title='bbox 625 4722 942 4794; x_wconf 77' lang='lat' dir='ltr'><strong>sepeliatur,</strong></span> <span class='ocrx_word' id='word_1_651' title='bbox 973 4731 1026 4780; x_wconf 87' lang='lat' dir='ltr'><strong>et</strong></span> <span class='ocrx_word' id='word_1_652' title='bbox 1052 4731 1113 4778; x_wconf 84' lang='lat' dir='ltr'><strong>ut</strong></span> <span class='ocrx_word' id='word_1_653' title='bbox 1137 4740 1238 4796; x_wconf 88' lang='lat' dir='ltr'><strong>pro</strong></span> <span class='ocrx_word' id='word_1_654' title='bbox 1265 4722 1589 4796; x_wconf 77' lang='lat' dir='ltr'><strong>sepeliendis</strong></span> <span class='ocrx_word' id='word_1_655' title='bbox 1618 4722 1764 4779; x_wconf 80' lang='lat' dir='ltr'><strong>nihil</strong></span> <span class='ocrx_word' id='word_1_656' title='bbox 1781 4721 1992 4792; x_wconf 52' lang='lat' dir='ltr'><strong>etriga-</strong></span> 
     </span>
     <span class='ocr_line' id='line_1_99' title="bbox 473 4810 525 4848; baseline 0 0"><span class='ocrx_word' id='word_1_657' title='bbox 473 4810 525 4848; x_wconf 88' lang='lat' dir='ltr'><strong>r.</strong></span> 
     </span>
    </p>
   </div>
   <div class='ocr_carea' id='block_1_97' title="bbox 415 4889 1994 4965">
    <p class='ocr_par' dir='ltr' id='par_1_97' title="bbox 415 4889 1994 4965">
     <span class='ocr_line' id='line_1_100' title="bbox 415 4889 1994 4965; baseline -0.001 -18"><span class='ocrx_word' id='word_1_658' title='bbox 415 4889 488 4947; x_wconf 91' lang='lat' dir='ltr'><strong>Ut</strong></span> <span class='ocrx_word' id='word_1_659' title='bbox 518 4907 690 4956; x_wconf 82' lang='lat' dir='ltr'><strong>nemo</strong></span> <span class='ocrx_word' id='word_1_660' title='bbox 721 4890 1191 4964; x_wconf 74' lang='lat' dir='ltr'><strong>presbyterorum</strong></span> <span class='ocrx_word' id='word_1_661' title='bbox 1239 4908 1597 4965; x_wconf 86' lang='lat' dir='ltr'><strong>quemquam</strong></span> <span class='ocrx_word' id='word_1_662' title='bbox 1639 4891 1702 4963; x_wconf 82' lang='lat' dir='ltr'><strong>in</strong></span> <span class='ocrx_word' id='word_1_663' title='bbox 1749 4891 1994 4947; x_wconf 86' lang='lat' dir='ltr'><strong>ecclesia</strong></span> 
     </span>
    </p>
   </div>
   <div class='ocr_carea' id='block_1_98' title="bbox 343 4979 2012 5054">
    <p class='ocr_par' dir='ltr' id='par_1_98' title="bbox 343 4979 2012 5054">
     <span class='ocr_line' id='line_1_101' title="bbox 343 4979 2012 5054; baseline 0 -18"><span class='ocrx_word' id='word_1_664' title='bbox 343 4980 586 5054; x_wconf 65' lang='lat' dir='ltr'><strong>sepeliet</strong></span> <span class='ocrx_word' id='word_1_665' title='bbox 615 4979 742 5036; x_wconf 89' lang='lat' dir='ltr'><strong>sine</strong></span> <span class='ocrx_word' id='word_1_666' title='bbox 771 4979 1044 5046; x_wconf 86' lang='lat' dir='ltr'><strong>consultu</strong></span> <span class='ocrx_word' id='word_1_667' title='bbox 1073 4980 1352 5053; x_wconf 87' lang='lat' dir='ltr'><strong>episcopi,</strong></span> <span class='ocrx_word' id='word_1_668' title='bbox 1374 4980 1628 5053; x_wconf 81' lang='lat' dir='ltr'><strong>exceptis</strong></span> <span class='ocrx_word' id='word_1_669' title='bbox 1649 4980 2012 5052; x_wconf 80' lang='lat' dir='ltr'><strong>hujusmodi-</strong></span> 
     </span>
    </p>
   </div>
   <div class='ocr_carea' id='block_1_99' title="bbox 343 5068 1992 5143">
    <p class='ocr_par' dir='ltr' id='par_1_99' title="bbox 343 5068 1992 5143">
     <span class='ocr_line' id='line_1_102' title="bbox 343 5068 1992 5143; baseline 0 -19"><span class='ocrx_word' id='word_1_670' title='bbox 343 5069 626 5124; x_wconf 82' lang='lat' dir='ltr'><strong>duntaxat</strong></span> <span class='ocrx_word' id='word_1_671' title='bbox 657 5068 948 5141; x_wconf 86' lang='lat' dir='ltr'><strong>personis,</strong></span> <span class='ocrx_word' id='word_1_672' title='bbox 981 5085 1133 5140; x_wconf 83' lang='lat' dir='ltr'><strong>quas</strong></span> <span class='ocrx_word' id='word_1_673' title='bbox 1163 5069 1503 5143; x_wconf 84' lang='lat' dir='ltr'><strong>singillatim</strong></span> <span class='ocrx_word' id='word_1_674' title='bbox 1533 5075 1590 5125; x_wconf 88' lang='lat' dir='ltr'><strong>et</strong></span> <span class='ocrx_word' id='word_1_675' title='bbox 1629 5069 1900 5142; x_wconf 89' lang='lat' dir='ltr'><strong>privatim</strong></span> <span class='ocrx_word' id='word_1_676' title='bbox 1931 5069 1992 5142; x_wconf 83' lang='lat' dir='ltr'><strong>in</strong></span> 
     </span>
    </p>
   </div>
   <div class='ocr_carea' id='block_1_100' title="bbox 342 5157 1991 5232">
    <p class='ocr_par' dir='ltr' id='par_1_100' title="bbox 342 5157 1991 5232">
     <span class='ocr_line' id='line_1_103' title="bbox 342 5157 1991 5232; baseline 0.001 -20"><span class='ocrx_word' id='word_1_677' title='bbox 342 5158 560 5232; x_wconf 82' lang='lat' dir='ltr'><strong>synodo</strong></span> <span class='ocrx_word' id='word_1_678' title='bbox 598 5157 965 5230; x_wconf 80' lang='lat' dir='ltr'><strong>signavimus</strong></span> <span class='ocrx_word' id='word_1_679' title='bbox 999 5174 1012 5212; x_wconf 90' lang='lat'><strong>:</strong></span> <span class='ocrx_word' id='word_1_680' title='bbox 1045 5175 1150 5214; x_wconf 92' lang='lat' dir='ltr'><strong>nec</strong></span> <span class='ocrx_word' id='word_1_681' title='bbox 1182 5175 1286 5230; x_wconf 91' lang='lat' dir='ltr'><strong>pro</strong></span> <span class='ocrx_word' id='word_1_682' title='bbox 1317 5158 1666 5232; x_wconf 89' lang='lat' dir='ltr'><strong>sepeliendis</strong></span> <span class='ocrx_word' id='word_1_683' title='bbox 1707 5158 1991 5230; x_wconf 88' lang='lat' dir='ltr'><strong>quiddam</strong></span> 
     </span>
    </p>
   </div>
   <div class='ocr_carea' id='block_1_101' title="bbox 342 5245 1988 5320">
    <p class='ocr_par' dir='ltr' id='par_1_101' title="bbox 342 5245 1988 5320">
     <span class='ocr_line' id='line_1_104' title="bbox 342 5245 1988 5320; baseline -0.001 -14"><span class='ocrx_word' id='word_1_684' title='bbox 342 5246 530 5312; x_wconf 58' lang='lat' dir='ltr'><strong>caesii.</strong></span> <span class='ocrx_word' id='word_1_685' title='bbox 558 5245 754 5320; x_wconf 74' lang='lat' dir='ltr'><strong>exigat</strong></span> <span class='ocrx_word' id='word_1_686' title='bbox 779 5245 865 5304; x_wconf 83' lang='lat' dir='ltr'><strong>vel</strong></span> <span class='ocrx_word' id='word_1_687' title='bbox 893 5251 1254 5318; x_wconf 82' lang='lat' dir='ltr'><strong>extorqueat.</strong></span> <span class='ocrx_word' id='word_1_688' title='bbox 1287 5246 1347 5304; x_wconf 89' lang='lat' dir='ltr'><strong>Si</strong></span> <span class='ocrx_word' id='word_1_689' title='bbox 1377 5247 1522 5318; x_wconf 84' lang='lat' dir='ltr'><strong>quid</strong></span> <span class='ocrx_word' id='word_1_690' title='bbox 1568 5251 1766 5308; x_wconf 83' lang='lat' dir='ltr'><strong>autem</strong></span> <span class='ocrx_word' id='word_1_691' title='bbox 1797 5246 1988 5315; x_wconf 77' lang='lat' dir='ltr'><strong>altari,</strong></span> 
     </span>
    </p>
   </div>
   <div class='ocr_carea' id='block_1_102' title="bbox 341 5333 1992 5408">
    <p class='ocr_par' dir='ltr' id='par_1_102' title="bbox 341 5333 1992 5408">
     <span class='ocr_line' id='line_1_105' title="bbox 341 5333 1992 5408; baseline 0.001 -18"><span class='ocrx_word' id='word_1_692' title='bbox 341 5334 430 5390; x_wconf 91' lang='lat' dir='ltr'><strong>vel</strong></span> <span class='ocrx_word' id='word_1_693' title='bbox 458 5335 738 5403; x_wconf 67' lang='lat' dir='ltr'><strong>ecclesiae,</strong></span> <span class='ocrx_word' id='word_1_694' title='bbox 760 5339 866 5391; x_wconf 83' lang='lat' dir='ltr'><strong>aut</strong></span> <span class='ocrx_word' id='word_1_695' title='bbox 884 5333 999 5390; x_wconf 87' lang='lat' dir='ltr'><strong>sibi</strong></span> <span class='ocrx_word' id='word_1_696' title='bbox 1027 5335 1210 5408; x_wconf 76' lang='lat' dir='ltr'><strong>gratis</strong></span> <span class='ocrx_word' id='word_1_697' title='bbox 1235 5334 1502 5405; x_wconf 71' lang='lat' dir='ltr'><strong>oblatam</strong></span> <span class='ocrx_word' id='word_1_698' title='bbox 1521 5335 1698 5390; x_wconf 80' lang='lat' dir='ltr'><strong>fuerit</strong></span> <span class='ocrx_word' id='word_1_699' title='bbox 1717 5353 1752 5391; x_wconf 89' lang='lat' dir='ltr'><strong>a</strong></span> <span class='ocrx_word' id='word_1_700' title='bbox 1770 5334 1992 5392; x_wconf 90' lang='lat' dir='ltr'><strong>devotis</strong></span> 
     </span>
    </p>
   </div>
   <div class='ocr_carea' id='block_1_103' title="bbox 343 5423 1989 5500">
    <p class='ocr_par' dir='ltr' id='par_1_103' title="bbox 343 5423 1989 5500">
     <span class='ocr_line' id='line_1_106' title="bbox 343 5423 1989 5500; baseline 0.001 -20"><span class='ocrx_word' id='word_1_701' title='bbox 343 5423 725 5497; x_wconf 66' lang='lat' dir='ltr'><strong>quibuslibet,</strong></span> <span class='ocrx_word' id='word_1_702' title='bbox 759 5439 900 5484; x_wconf 86' lang='lat' dir='ltr'><strong>cum</strong></span> <span class='ocrx_word' id='word_1_703' title='bbox 927 5423 1286 5500; x_wconf 81' lang='lat' dir='ltr'><strong>benignitate</strong></span> <span class='ocrx_word' id='word_1_704' title='bbox 1318 5423 1574 5500; x_wconf 87' lang='lat' dir='ltr'><strong>recipere</strong></span> <span class='ocrx_word' id='word_1_705' title='bbox 1601 5440 1720 5486; x_wconf 83' lang='lat' dir='ltr'><strong>non</strong></span> <span class='ocrx_word' id='word_1_706' title='bbox 1747 5423 1989 5487; x_wconf 82' lang='lat' dir='ltr'><strong>interdi-</strong></span> 
     </span>
    </p>
   </div>
   <div class='ocr_carea' id='block_1_104' title="bbox 344 5523 556 5573">
    <p class='ocr_par' dir='ltr' id='par_1_104' title="bbox 344 5523 556 5573">
     <span class='ocr_line' id='line_1_107' title="bbox 344 5523 556 5573; baseline 0 -1"><span class='ocrx_word' id='word_1_707' title='bbox 344 5523 556 5573; x_wconf 70' lang='lat' dir='ltr'><strong>Imus.</strong></span> 
     </span>
    </p>
   </div>
   <div class='ocr_carea' id='block_1_105' title="bbox 2103 4534 3706 4609">
    <p class='ocr_par' dir='ltr' id='par_1_105' title="bbox 2103 4534 3706 4609">
     <span class='ocr_line' id='line_1_108' title="bbox 2103 4534 3706 4609; baseline 0.007 -18"><span class='ocrx_word' id='word_1_708' title='bbox 2103 4552 2239 4592; x_wconf 88' lang='lat' dir='ltr'><strong>nem</strong></span> <span class='ocrx_word' id='word_1_709' title='bbox 2269 4535 2645 4604; x_wconf 77' lang='lat' dir='ltr'><strong>consedcant,</strong></span> <span class='ocrx_word' id='word_1_710' title='bbox 2669 4534 2816 4604; x_wconf 68' lang='lat' dir='ltr'><strong>alter</strong></span> <span class='ocrx_word' id='word_1_711' title='bbox 2843 4535 3092 4603; x_wconf 73' lang='lat' dir='ltr'><strong>alterius</strong></span> <span class='ocrx_word' id='word_1_712' title='bbox 3115 4536 3410 4609; x_wconf 61' lang='lat' dir='ltr'><strong>bouem</strong></span> <span class='ocrx_word' id='word_1_713' title='bbox 3431 4534 3706 4608; x_wconf 57' lang='lat' dir='ltr'><strong>90W</strong></span> 
     </span>
    </p>
   </div>
   <div class='ocr_carea' id='block_1_106' title="bbox 2099 4619 3710 4698">
    <p class='ocr_par' dir='ltr' id='par_1_106' title="bbox 2099 4619 3710 4698">
     <span class='ocr_line' id='line_1_109' title="bbox 2099 4619 3710 4698; baseline 0.007 -18"><span class='ocrx_word' id='word_1_714' title='bbox 2099 4629 2160 4687; x_wconf 84' lang='lat' dir='ltr'><strong>et</strong></span> <span class='ocrx_word' id='word_1_715' title='bbox 2187 4640 2291 4696; x_wconf 87' lang='lat' dir='ltr'><strong>per</strong></span> <span class='ocrx_word' id='word_1_716' title='bbox 2313 4623 2752 4689; x_wconf 74' lang='lat' dir='ltr'><strong>vicissitudines</strong></span> <span class='ocrx_word' id='word_1_717' title='bbox 2779 4625 2978 4692; x_wconf 73' lang='lat' dir='ltr'><strong>cime</strong></span> <span class='ocrx_word' id='word_1_718' title='bbox 3007 4629 3068 4684; x_wconf 82' lang='lat' dir='ltr'><strong>et</strong></span> <span class='ocrx_word' id='word_1_719' title='bbox 3087 4630 3298 4698; x_wconf 64' lang='lat' dir='ltr'><strong>potum</strong></span> <span class='ocrx_word' id='word_1_720' title='bbox 3323 4619 3710 4697; x_wconf 54' lang='lat' dir='ltr'><strong>benedim</strong></span> 
     </span>
    </p>
   </div>
   <div class='ocr_carea' id='block_1_107' title="bbox 2100 4708 3707 4794">
    <p class='ocr_par' dir='ltr' id='par_1_107' title="bbox 2100 4708 3707 4794">
     <span class='ocr_line' id='line_1_110' title="bbox 2100 4708 3707 4794; baseline -0.002 -9"><span class='ocrx_word' id='word_1_721' title='bbox 2100 4711 2316 4785; x_wconf 60' lang='lat' dir='ltr'><strong>aliquis</strong></span> <span class='ocrx_word' id='word_1_722' title='bbox 2343 4713 2417 4774; x_wconf 74' lang='lat' dir='ltr'><strong>de</strong></span> <span class='ocrx_word' id='word_1_723' title='bbox 2440 4711 2674 4794; x_wconf 72' lang='lat' dir='ltr'><strong>illorum.</strong></span> <span class='ocrx_word' id='word_1_724' title='bbox 2696 4711 2928 4782; x_wconf 65' lang='lat' dir='ltr'><strong>clericis</strong></span> <span class='ocrx_word' id='word_1_725' title='bbox 2944 4712 3168 4787; x_wconf 66' lang='lat' dir='ltr'><strong>aliauid</strong></span> <span class='ocrx_word' id='word_1_726' title='bbox 3189 4715 3263 4785; x_wconf 64' lang='lat' dir='ltr'><strong>de</strong></span> <span class='ocrx_word' id='word_1_727' title='bbox 3285 4717 3488 4786; x_wconf 56' lang='lat' dir='ltr'><strong>saneto</strong></span> <span class='ocrx_word' id='word_1_728' title='bbox 3503 4708 3707 4781; x_wconf 52' lang='grc' dir='ltr'><strong>ΜΨ</strong></span> 
     </span>
    </p>
   </div>
   <div class='ocr_carea' id='block_1_108' title="bbox 2100 4797 3707 4874">
    <p class='ocr_par' dir='ltr' id='par_1_108' title="bbox 2100 4797 3707 4874">
     <span class='ocr_line' id='line_1_111' title="bbox 2100 4797 3707 4874; baseline 0 -15"><span class='ocrx_word' id='word_1_729' title='bbox 2100 4799 2290 4874; x_wconf 76' lang='lat' dir='ltr'><strong>legat;</strong></span> <span class='ocrx_word' id='word_1_730' title='bbox 2321 4805 2382 4860; x_wconf 77' lang='lat' dir='ltr'><strong>et</strong></span> <span class='ocrx_word' id='word_1_731' title='bbox 2410 4799 2542 4873; x_wconf 78' lang='lat' dir='ltr'><strong>post</strong></span> <span class='ocrx_word' id='word_1_732' title='bbox 2573 4801 2946 4866; x_wconf 69' lang='lat' dir='ltr'><strong>refectionem</strong></span> <span class='ocrx_word' id='word_1_733' title='bbox 2977 4801 3251 4870; x_wconf 78' lang='lat' dir='ltr'><strong>similiter</strong></span> <span class='ocrx_word' id='word_1_734' title='bbox 3283 4807 3545 4874; x_wconf 61' lang='lat' dir='ltr'><strong>sanguini</strong></span> <span class='ocrx_word' id='word_1_735' title='bbox 3571 4797 3707 4868; x_wconf 58' lang='lat' dir='ltr'><strong>bym-</strong></span> 
     </span>
    </p>
   </div>
   <div class='ocr_carea' id='block_1_109' title="bbox 2106 4886 3708 4963">
    <p class='ocr_par' dir='ltr' id='par_1_109' title="bbox 2106 4886 3708 4963">
     <span class='ocr_line' id='line_1_112' title="bbox 2106 4886 3708 4963; baseline 0.004 -14"><span class='ocrx_word' id='word_1_736' title='bbox 2106 4906 2250 4950; x_wconf 81' lang='lat' dir='ltr'><strong>num</strong></span> <span class='ocrx_word' id='word_1_737' title='bbox 2283 4890 2500 4958; x_wconf 66' lang='lat' dir='ltr'><strong>dicunt,</strong></span> <span class='ocrx_word' id='word_1_738' title='bbox 2534 4890 2610 4952; x_wconf 78' lang='lat' dir='ltr'><strong>ad</strong></span> <span class='ocrx_word' id='word_1_739' title='bbox 2637 4890 2968 4963; x_wconf 71' lang='lat' dir='ltr'><strong>exemplum</strong></span> <span class='ocrx_word' id='word_1_740' title='bbox 3001 4891 3234 4960; x_wconf 61' lang='lat' dir='ltr'><strong>Denisi</strong></span> <span class='ocrx_word' id='word_1_741' title='bbox 3264 4896 3326 4960; x_wconf 66' lang='lat' dir='ltr'><strong>et</strong></span> <span class='ocrx_word' id='word_1_742' title='bbox 3353 4886 3708 4962; x_wconf 57' lang='grc' dir='ltr'><strong>δεξινθιρέἱβθη</strong></span> 
     </span>
    </p>
   </div>
   <div class='ocr_carea' id='block_1_110' title="bbox 2101 4967 3706 5051">
    <p class='ocr_par' dir='ltr' id='par_1_110' title="bbox 2101 4967 3706 5051">
     <span class='ocr_line' id='line_1_113' title="bbox 2101 4967 3706 5051; baseline 0.007 -18"><span class='ocrx_word' id='word_1_743' title='bbox 2101 4977 2525 5051; x_wconf 88' lang='lat' dir='ltr'><strong>discipulorum</strong></span> <span class='ocrx_word' id='word_1_744' title='bbox 2555 4979 2706 5050; x_wconf 88' lang='lat' dir='ltr'><strong>ejus,</strong></span> <span class='ocrx_word' id='word_1_745' title='bbox 2738 4979 2892 5046; x_wconf 67' lang='lat' dir='ltr'><strong>sicut</strong></span> <span class='ocrx_word' id='word_1_746' title='bbox 2922 4979 3088 5048; x_wconf 71' lang='lat' dir='ltr'><strong>illum</strong></span> <span class='ocrx_word' id='word_1_747' title='bbox 3122 4979 3180 5050; x_wconf 70' lang='lat' dir='ltr'><strong>in</strong></span> <span class='ocrx_word' id='word_1_748' title='bbox 3203 4996 3372 5050; x_wconf 69' lang='lat' dir='ltr'><strong>coena</strong></span> <span class='ocrx_word' id='word_1_749' title='bbox 3389 4967 3706 5048; x_wconf 49' lang='lat' dir='ltr'><strong>feciswlt’ﬂl‘</strong></span> 
     </span>
    </p>
   </div>
   <div class='ocr_carea' id='block_1_111' title="bbox 2104 5067 3709 5146">
    <p class='ocr_par' dir='ltr' id='par_1_111' title="bbox 2104 5067 3709 5146">
     <span class='ocr_line' id='line_1_114' title="bbox 2104 5067 3709 5146; baseline -0.001 -24"><span class='ocrx_word' id='word_1_750' title='bbox 2104 5083 2242 5124; x_wconf 90' lang='lat' dir='ltr'><strong>mus</strong></span> <span class='ocrx_word' id='word_1_751' title='bbox 2271 5067 2489 5140; x_wconf 73' lang='lat' dir='ltr'><strong>(Matth.</strong></span> <span class='ocrx_word' id='word_1_752' title='bbox 2522 5072 2696 5138; x_wconf 71' lang='lat' dir='ltr'><strong>xxvx).</strong></span> <span class='ocrx_word' id='word_1_753' title='bbox 2721 5067 2792 5124; x_wconf 87' lang='lat' dir='ltr'><strong>Et</strong></span> <span class='ocrx_word' id='word_1_754' title='bbox 2813 5068 2897 5124; x_wconf 86' lang='lat' dir='ltr'><strong>sic</strong></span> <span class='ocrx_word' id='word_1_755' title='bbox 2926 5086 2989 5124; x_wconf 91' lang='lat' dir='ltr'><strong>se</strong></span> <span class='ocrx_word' id='word_1_756' title='bbox 3019 5068 3362 5146; x_wconf 65' lang='lat' dir='ltr'><strong>contineant</strong></span> <span class='ocrx_word' id='word_1_757' title='bbox 3389 5081 3580 5132; x_wconf 72' lang='lat' dir='ltr'><strong>omnes</strong></span> <span class='ocrx_word' id='word_1_758' title='bbox 3605 5073 3709 5146; x_wconf 52' lang='grc' dir='ltr'><strong>ραν</strong></span> 
     </span>
    </p>
   </div>
   <div class='ocr_carea' id='block_1_112' title="bbox 2103 5145 3707 5232">
    <p class='ocr_par' dir='ltr' id='par_1_112' title="bbox 2103 5145 3707 5232">
     <span class='ocr_line' id='line_1_115' title="bbox 2103 5145 3707 5232; baseline 0.001 -19"><span class='ocrx_word' id='word_1_759' title='bbox 2103 5157 2319 5232; x_wconf 81' lang='lat' dir='ltr'><strong>sbyteri</strong></span> <span class='ocrx_word' id='word_1_760' title='bbox 2352 5157 2415 5215; x_wconf 87' lang='lat' dir='ltr'><strong>in</strong></span> <span class='ocrx_word' id='word_1_761' title='bbox 2444 5157 2605 5216; x_wconf 83' lang='lat' dir='ltr'><strong>omni</strong></span> <span class='ocrx_word' id='word_1_762' title='bbox 2635 5155 2780 5226; x_wconf 64' lang='lat' dir='ltr'><strong>lace,</strong></span> <span class='ocrx_word' id='word_1_763' title='bbox 2812 5156 3065 5218; x_wconf 71' lang='lat' dir='ltr'><strong>mxima</strong></span> <span class='ocrx_word' id='word_1_764' title='bbox 3113 5157 3178 5230; x_wconf 78' lang='lat' dir='ltr'><strong>in</strong></span> <span class='ocrx_word' id='word_1_765' title='bbox 3222 5155 3464 5230; x_wconf 74' lang='lat' dir='ltr'><strong>talibus,</strong></span> <span class='ocrx_word' id='word_1_766' title='bbox 3494 5170 3560 5226; x_wconf 78' lang='lat' dir='ltr'><strong>nc</strong></span> <span class='ocrx_word' id='word_1_767' title='bbox 3584 5145 3707 5214; x_wconf 54' lang='lat' dir='ltr'><strong>sic“</strong></span> 
     </span>
    </p>
   </div>
   <div class='ocr_carea' id='block_1_113' title="bbox 2103 5244 3710 5320">
    <p class='ocr_par' dir='ltr' id='par_1_113' title="bbox 2103 5244 3710 5320">
     <span class='ocr_line' id='line_1_116' title="bbox 2103 5244 3710 5320; baseline 0 -20"><span class='ocrx_word' id='word_1_768' title='bbox 2103 5246 2247 5302; x_wconf 90' lang='lat' dir='ltr'><strong>dicit</strong></span> <span class='ocrx_word' id='word_1_769' title='bbox 2274 5244 2610 5319; x_wconf 85' lang='lat' dir='ltr'><strong>Apostolus,</strong></span> <span class='ocrx_word' id='word_1_770' title='bbox 2645 5246 3008 5320; x_wconf 88' lang='lat' dir='ltr'><strong>vituperetur</strong></span> <span class='ocrx_word' id='word_1_771' title='bbox 3035 5245 3438 5320; x_wconf 61' lang='lat' dir='ltr'><strong>ministerium</strong></span> <span class='ocrx_word' id='word_1_772' title='bbox 3483 5245 3710 5306; x_wconf 67' lang='lat' dir='ltr'><strong>nostrum</strong></span> 
     </span>
    </p>
   </div>
   <div class='ocr_carea' id='block_1_114' title="bbox 2102 5334 2450 5408">
    <p class='ocr_par' dir='ltr' id='par_1_114' title="bbox 2102 5334 2450 5408">
     <span class='ocr_line' id='line_1_117' title="bbox 2102 5334 2450 5408; baseline 0.006 -16"><span class='ocrx_word' id='word_1_773' title='bbox 2102 5334 2176 5408; x_wconf 81' lang='lat' dir='ltr'><strong>(ll</strong></span> <span class='ocrx_word' id='word_1_774' title='bbox 2203 5334 2326 5394; x_wconf 83' lang='lat' dir='ltr'><strong>Cor.</strong></span> <span class='ocrx_word' id='word_1_775' title='bbox 2353 5339 2450 5406; x_wconf 73' lang='lat' dir='ltr'><strong>vx).</strong></span> 
     </span>
    </p>
   </div>
   <div class='ocr_carea' id='block_1_115' title="bbox 2885 5544 2960 5572">
    <p class='ocr_par' dir='ltr' id='par_1_115' title="bbox 2885 5544 2960 5572">
     <span class='ocr_line' id='line_1_118' title="bbox 2885 5544 2960 5572; baseline 0 -8"><span class='ocrx_word' id='word_1_776' title='bbox 2885 5544 2960 5572; x_wconf 62' lang='lat' dir='ltr'><strong>cq-</strong></span> 
     </span>
    </p>
   </div>
  </div>
