3934 6182
133 365 248 426 ’17⁵1
1208 363 1597 428 CAPITULA
1637 361 2176 424 PRESBYTERIS
2221 360 2426 423 DATA
2438 405 2455 421 .
3415 360 3534 418 778

133 497 267 556 ω.
295 495 415 553 XV.
447 526 517 536 —-
549 494 689 570 Quid
724 495 1026 570 cavendum
1067 498 1142 551 sit
1183 498 1534 570 presbyteris,
1567 496 1780 570 quando
1809 497 1860 562 Α
1893 511 2071 551 unam
2103 493 2510 550 tantummodo
2539 492 2818 561 oblatam,
2852 496 2910 546 et
2941 491 3299 548 otl‘ertorium
3341 509 3446 566 pro
3476 509 3537 547 se

439 584 540 640 per
565 566 834 623 Kalendas
864 569 1006 624 inter
1031 583 1087 622 se
1115 566 1466 624 conveniunt.
1575 566 1590 570 ⁷
1892 585 1992 639 sui;

1990 601 2134 656 sque
2164 583 2440 638 omnibus
2471 580 2804 653 conjunctis
2831 585 2888 635 et
2909 579 3295 638 familiaribus
3312 579 3535 640 oll‘orat.

200 666 292 735 (D.
328 666 417 722 44.
459 666 692 738 Quando
744 665 1066 737 presbyteri,
1119 682 1188 721 ex
1237 666 1660 738 Namnetensi.)
1713 666 1784 722 Ut
1893 674 1952 728 Si
1986 672 2120 745 plus
2147 673 2219 727 de
2246 671 2380 726 vino
2402 670 2647 726 voluerit
2677 669 2735 724 in
2769 668 3057 727 butticula
3077 668 3166 724 vel
3195 685 3402 737 canna,
3439 673 3542 725 aut

133 756 368 828 quando
399 754 719 828 presbyteri
743 771 847 826 per
865 753 1156 809 Kalendas
1179 755 1356 810 simul
1384 754 1780 822 convenerint,
1893 762 2093 834 plures
2123 760 2368 826 oblatas,
2401 764 2504 814 aut
2533 763 2666 813 ante
2697 757 2940 812 missam
2972 761 3075 812 aut
3121 761 3253 828 post
3297 757 3540 812 missam

136 847 266 917 post
297 845 600 915 peractum
631 841 896 900 (“Vinum
927 842 1292 914 mysterium.
1317 848 1375 898 et
1397 844 1782 899 necessariam
1895 851 2230 924 presbytero
2259 848 2346 904 vel
2380 847 2649 904 ministro
2671 846 2833 902 illius
2855 845 3096 914 tribuat,
3113 845 3268 900 unde
3291 844 3544 918 populus

141 931 662 999 collationemmon
684 931 854 1004 quasi
885 931 957 986 ad
989 932 1304 1004 prandium
1326 932 1404 988 ibi
1429 933 1498 988 ad
1521 932 1784 988 tabulam
1895 939 1956 995 in
1986 939 2356 1012 elcemosyna
2383 942 2441 994 et
2469 935 2873 993 benedictione
2901 934 3062 991 illius
3092 933 3358 1007 eulogias
3393 933 3542 990 acci-

141 1020 458 1087 l'esideant,
491 1024 550 1076 et
574 1037 678 1094 per
706 1019 854 1078 tales
896 1020 1368 1080 inconvenientes
1418 1021 1695 1094 pastellos
1725 1038 1788 1078 se
1895 1029 2037 1102 piat,
2067 1029 2156 1086 vel
2189 1029 2490 1101 presbyter
2519 1025 2996 1100 supplementum
3029 1024 3266 1096 aliquod
3309 1022 3542 1080 habeat.

139 1109 388 1168 invicem
422 1113 681 1182 gravent.
709 1109 849 1182 quia
871 1109 1250 1166 inhonestum
1274 1115 1362 1167 est
1376 1115 1432 1167 et
1451 1127 1784 1168 onerosum.
1898 1117 2100 1174 Pastos
2129 1122 2325 1174 autem
2355 1121 2412 1172 et
2440 1115 2915 1183 comessationes,
2941 1129 3090 1186 quas
3119 1112 3318 1172 divina
3346 1115 3546 1170 aucto-

138 1199 301 1272 Sepe
329 1197 488 1254 enim
515 1198 680 1254 tarde
711 1199 781 1256 ad
803 1197 1082 1258 ecclesias
1101 1216 1242 1255 suas
1263 1201 1572 1257 redeuntes
1593 1201 1789 1273 majus
1899 1206 2043 1263 ritas
2071 1211 2242 1276 vetat,
2279 1206 2376 1262 ubi
2409 1209 2466 1262 et
2495 1203 2859 1278 gravedines,
2891 1207 2948 1259 et
2986 1202 3258 1258 indebitae
3295 1201 3544 1258 exactio-

138 1287 424 1346 damnum
458 1287 528 1342 de
556 1287 1005 1360 reprehensione
1034 1287 1475 1360 conquirunt,et
1497 1291 1566 1346 de
1588 1307 1691 1362 gra

1990 1314 2023 1364 ι,
2047 1300 2106 1351 et
2137 1300 2336 1367 turpes
2367 1311 2433 1350 ac
2466 1294 2670 1350 inanes
2699 1292 2911 1347 laetitias
2934 1295 2992 1348 et
3014 1291 3326 1363 rixae,sa3pe
3345 1287 3543 1358 etiam,

138 1376 274 1434 dine
305 1380 518 1432 mutua
543 1375 918 1443 contrahunt,
951 1393 1129 1449 quam
1157 1376 1387 1434 lucrum
1415 1379 1518 1434 ubi
1551 1377 1691 1433 facie

1995 1388 2051 1440 ut
2079 1383 2297 1456 experti
2329 1401 2556 1452 sumus,
2581 1398 2766 1454 usque
2796 1381 2867 1437 ad
2901 1379 3219 1436 homicidia
3246 1383 3304 1434 et
3331 1378 3466 1434 odia
3492 1381 3548 1432 et

141 1465 285 1524 Nam
317 1465 392 1520 de
420 1464 761 1536 huiusmOdi
780 1471 1090 1532 conventu.
1114 1466 1216 1538 qui
1237 1467 1348 1522 Bob
1369 1466 1666 1540 religionis
1686 1468 1788 1522 οὶ)-
1899 1473 2291 1530 dissentiones
2321 1473 2583 1528 accidere
2608 1470 2818 1537 solent,
2854 1470 2998 1526 adeo
3029 1468 3264 1542 penitus
3307 1465 3548 1522 interdi-

141 1558 304 1611 tsntu
336 1554 642 1627 agebatur,
673 1553 888 1610 Paulus
917 1555 1218 1628 apostolus
1265 1555 1674 1612 convenienter
1703 1574 1789 1612 re-
1899 1563 2091 1619 cimus
2121 1567 2186 1617 ut
2215 1561 2315 1634 qui
2347 1563 2420 1617 de
2447 1564 2650 1617 caatero
2681 1559 2789 1615 hoc
2819 1575 2990 1632 agere
3018 1555 3478 1631 przesumpserit,
3498 1554 3549 1610 si

143 1642 456 1718 prehendit
485 1641 819 1700 Corinthios
846 1644 896 1712 (I
923 1644 1045 1700 Cor.
1069 1644 1169 1715 x1),
1193 1644 1296 1716 qui
1320 1645 1793 1701 inconvenienter
1899 1652 2201 1724 presbyter
2239 1651 2432 1719 fuerit,
2463 1649 2553 1706 vel
2601 1648 2850 1722 quilibet
2897 1646 3166 1716 clericus,
3198 1645 3396 1719 gradu
3430 1641 3550 1717 pri-

141 1747 369 1799 caenam
400 1730 761 1797 Dominioam
785 1733 1144 1790 manducare
1165 1734 1604 1791 conveniebant.
1620 1734 1716 1790 Sic
1736 1738 1794 1790 et
1900 1745 2084 1807 vetur,
2109 1739 2160 1796 si
2190 1739 2395 1806 laicus,
2423 1738 2510 1795 vel
2534 1737 2752 1794 femina
2775 1753 2963 1809 usque
2991 1736 3065 1791 ad
3089 1733 3550 1792 satisfactionem

143 1820 236 1894 qui
270 1821 347 1876 ad
381 1835 608 1932 033mm
640 1819 1026 1886 Dominicom.
1058 1821 1118 1878 id
1168 1826 1260 1879 est
1309 1824 1380 1878 ad
1421 1822 1790 1880 collationem
1824 1869 1873 1932 B
1903 1833 2224 1902 separetur.
2257 1828 2588 1884 Conventus
2617 1830 2814 1882 autem
2847 1823 3054 1881 talium
3084 1823 3466 1889 oonfratrum,
3499 1821 3550 1878 si

143 1908 298 1932 -.__L!
334 1926 405 1932 ---
484 1909 779 1932 -_-_-3-_-
819 1909 1164 1932 --_._-___2____L
1226 1914 1272 1932 ,Α
1308 1928 1366 1932 Α..
1398 1911 1630 1932 __sm!A_a_
1668 1930 1723 1932 μί-
1752 1931 1761 1932 κ
2167 1919 2190 1932 n
2297 1917 2329 1932 ο.
2405 1920 2416 1932 ι
2481 1916 2492 1928 ο
2605 1915 2618 1932 1
2801 1913 2984 1932 ,γγὲκάι
3026 1916 3084 1932 μέλ
3113 1912 3154 1932 με
3177 1913 3317 1932 ρ-..ι-
3341 1909 3549 1932 -I!_-_2_

142 1908 304 1971 Verbi
333 1908 452 1968 sub
479 1909 783 1966 occasione
813 1909 1190 1977 conveniunt.
1219 1914 1275 1966 et
1301 1928 1369 1967 ex
1398 1911 1638 1969 veritate
1667 1930 1798 1968 ven-
1825 1908 1873 1932 υ
1907 1935 2144 1975 necesse
2165 1917 2338 1974 fuerit
2359 1920 2425 1972 ut
2445 1915 2620 1974 simul
2644 1913 3010 1982 conveniant,
3026 1916 3094 1968 ut
3109 1912 3158 1969 si
3175 1913 3322 1969 forte
3337 1909 3552 1984 aliquis

145 1998 248 2059 tris
280 2015 470 2056 causa
501 1999 958 2072 conjunguntur,
992 1999 1477 2072 reprcbensibiles
1515 2007 1576 2057 et
1600 2019 1698 2057 cor

1996 2012 2109 2062 itra
2139 2023 2334 2080 parem
2367 2021 2544 2062 suum
2575 2001 2929 2060 discordiam
2958 2000 3248 2069 habuerit,
3265 2016 3440 2074 quem
3463 2015 3549 2055 re-

143 2087 258 2145 Deo
289 2091 356 2148 et
385 2103 582 2146 coram
613 2087 956 2144 hominibus
983 2088 1295 2144 habentur.
1312 2089 1530 2145 Etideo
1550 2090 1798 2162 peractis
1906 2094 2203 2153 conciliari
2234 2111 2472 2150 necesse
2503 2093 2673 2162 sit,et
2693 2092 2821 2147 sine
2840 2093 3128 2148 conventu
3150 2088 3472 2162 presbyteri
3495 2091 3555 2144 et

146 2177 448 2245 omnibus,
475 2175 579 2249 qui
624 2176 932 2244 νοιυθΐίῐιὶι
974 2193 1186 2250 panem
1231 2194 1367 2233 cum
1415 2177 1698 2234 Obariiato
1742 2183 1800 2235 6t
1906 2189 2246 2240 ceterorum
2277 2200 2406 2239 esse
2437 2199 2552 2238 non
2585 2181 2790 2254 possit,
2821 2183 2954 2252 post
3001 2183 3236 2252 peracta
3283 2177 3384 2233 illa
3426 2193 3554 2250 quae

145 2267 476 2340 gratiarum
497 2265 721 2322 actione
737 2265 800 2322 in
822 2266 996 2323 domo
1017 2266 1328 2324 confratris
1347 2265 1439 2322 sui
1465 2267 1646 2323 simul
1663 2284 1798 2323 cum
1909 2273 2010 2329 Dci
2033 2276 2193 2340 sunt,
2215 2275 2272 2328 et
2292 2269 2634 2326 Christiana)
2663 2267 2929 2341 religioni
2963 2266 3410 2333 conveniunt,et
3425 2264 3560 2338 post

146 2355 434 2412 fratribus
450 2354 576 2411 suis
591 2354 881 2428 frangant,
896 2357 952 2411 et
973 2354 1238 2428 singulos
1259 2355 1490 2411 biberes
1511 2355 1802 2429 accipiant
1909 2360 2136 2417 debitas
2167 2359 2616 2428 admonitiones,
2631 2358 2731 2430 qui
2753 2357 3046 2414 voluerint
3062 2355 3324 2429 eulogias
3344 2373 3378 2412 a
3398 2371 3559 2430 pres-

147 2444 406 2502 muime
427 2448 626 2502 autem
647 2443 802 2504 ultra
821 2442 1054 2502 tertiam
1073 2443 1258 2501 vicem
1282 2445 1556 2516 poculum
1577 2445 1657 2501 ibi
1684 2462 1799 2502 non
1909 2452 2110 2524 bytero
2141 2447 2454 2522 accipiant,
2485 2451 2543 2504 et
2572 2463 2784 2520 panem
2818 2449 3050 2502 tantum
3082 2443 3561 2518 l‘rangentes,sin-

147 2533 519 2606 contingant,
550 2537 609 2590 ct
639 2533 710 2588 ad
743 2531 1020 2590 ecclesias
1048 2549 1188 2590 suas
1218 2533 1477 2590 redeant.
1909 2539 2032 2613 guli
2073 2537 2340 2611 singulos
2386 2537 2613 2594 biberes
2663 2535 2974 2608 accipiant,
3008 2539 3067 2590 et
3113 2533 3260 2591 nihil
3308 2531 3563 2606 amplius

152 2639 298 2698 115
333 2641 466 2696 CAP.
499 2637 641 2713 XVI.
671 2669 742 2680 -—-
772 2639 846 2696 De
872 2633 1208 2713 con/rariis,
1242 2656 1536 2713 eorumque
1573 2660 1702 2700 conv

2009 2627 2246 2700 itingere
2277 2629 2654 2698 prmsumant,
2688 2629 2746 2680 et
2775 2624 2860 2679 sic
2891 2623 3302 2695 unusquisque
3333 2622 3404 2677 ad
3455 2637 3562 2678 sua

467 2711 634 2780 tibus,
663 2711 922 2782 quomodo
950 2711 1220 2768 Celebrari
1242 2711 1489 2767 debeant.
1911 2734 2046 2772 cum
2079 2713 2478 2771 benedictione
2509 2712 2738 2768 Domini
2769 2713 2988 2767 redeat.

217 2809 290 2868 Ut
343 2809 418 2869 de
465 2806 746 2877 collectis,
779 2826 928 2882 quas
975 2808 1278 2899 geldonias
1323 2809 1410 2865 vel
1458 2809 1770 2866 confratria

2006 2850 2045 2886 ρ.
2078 2830 2248 2886 XVII.
2278 2861 2342 2870 —
2377 2829 2459 2892 Ut,
2507 2828 2761 2899 defuncto
2813 2828 3145 2899 presbytero,
3196 2825 3388 2899 nullus
3438 2824 3559 2879 sine

149 2899 322 2974 vulgo
353 2902 588 2968 vocant,
619 2899 771 2956 sicut
791 2899 918 2971 jam
947 2897 1140 2954 verbis
1170 2898 1530 2966 monuimus,
1561 2901 1619 2954 et
1647 2915 1803 2954 nunc
1981 2903 2227 2958 consultu
2255 2901 2493 2972 episcopi
2519 2895 2993 2956 ecclesiam'illius'
3015 2905 3113 2953 aut
3158 2895 3425 2969 capellam
3455 2911 3556 2966 ap-

152 2987 392 3062 snriptis
419 3003 693 3060 expresse
713 2987 1105 3060 praecipimus,
1122 2991 1352 3043 tantum
1377 2988 1497 3054 flat,
1513 2990 1803 3059 quantum
1979 2980 2144 3046 Ρθιαε·

151 3078 220 3134 ad
251 3076 672 3134 auctoritatem
701 3080 758 3134 et
787 3075 1096 3134 utilitatem
1125 3080 1299 3149 atque
1319 3076 1604 3132 rationem
1628 3075 1804 3148 perti-
1985 3079 2059 3135 Ut
2087 3079 2135 3134 si
2185 3077 2432 3150 quilibet
2480 3077 2952 3150 presbyterorum
3002 3075 3314 3130 defunctus
3361 3071 3558 3142 fuerit,

155 3172 248 3224 net
268 3184 284 3222 :
304 3165 470 3222 ultra
483 3171 684 3222 autem
706 3181 878 3221 nemo
897 3181 1086 3238 neque
1108 3166 1594 3236 sacerdos,neque
1618 3163 1805 3220 ﬁdelis
1848 3237 1862 3239 _
1914 3167 2140 3223 vicinus
2170 3167 2472 3239 presbyter
2499 3166 2654 3238 apud
2685 3165 2973 3222 seniorem
3013 3163 3350 3219 saecularem
3401 3159 3565 3217 nulla

153 3255 496 3328 quisquam,
527 3271 588 3328 in
622 3253 897 3327 parochia
927 3237 1128 3309 nostra
1159 3249 1426 3326 progredi
1472 3253 1704 3307 audeat.
1741 3252 1814 3332 ld_
1836 3237 1878 3304 (ἶ
1918 3237 2266 3329 precatione,
2299 3237 2388 3310 vel
2419 3237 2615 3325 aliquo
2646 3254 2866 3320 exenio,
2891 3251 3200 3308 ecclesiam
3230 3249 3392 3306 illam
3421 3248 3566 3305 obti-

154 3345 242 3399 est
267 3341 332 3398 in
370 3340 532 3398 omni
562 3340 844 3413 obsequio
876 3340 1176 3413 religionis
1205 3341 1644 3412 conjungantur
1675 3355 1688 3394 :
1724 3339 1806 3394 vi-
1918 3348 2074 3411 neat,
2107 3360 2236 3416 quae
2264 3341 2474 3398 titulus
2505 3359 2608 3415 per
2637 3359 2698 3398 se
2725 3347 3000 3398 constans
3022 3342 3194 3397 antea
3213 3338 3565 3414 exstitit,sed

157 3429 368 3489 delicat
393 3429 455 3486 in
487 3428 802 3501 oblatione,
826 3429 886 3484 in
911 3428 1394 3496 luminaribus,in
1413 3427 1810 3487 oblationibus
1919 3449 2106 3505 neque
2135 3431 2442 3504 capellam,
2475 3431 2602 3487 sine
2631 3430 2903 3487 consultu
2948 3435 3166 3486 nostro.
3201 3429 3364 3496 Quod
3405 3427 3455 3484 si
3485 3427 3565 3484 fe-

156 3521 406 3588 mutuis,
440 3519 502 3575 in
531 3518 824 3594 exsequiis
853 3519 1284 3588 defunctorum,
1312 3517 1372 3573 in
1402 3518 1807 3592 eleemosynis,
1918 3522 2080 3590 cerit,
2104 3521 2416 3576 difﬁnitam
2441 3518 2788 3576 sententiam
2812 3519 2922 3576 sibi
2947 3519 3235 3592 prolatam
3263 3515 3566 3604 suscipiat,

157 3614 212 3667 et
235 3608 472 3666 caeteris
497 3608 734 3682 pietatis
763 3607 972 3666 ofﬁciis
1004 3624 1019 3664 :
1052 3607 1134 3664 ita
1162 3613 1230 3664 ut
1260 3607 1360 3680 qui
1393 3607 1697 3664 candelam
1719 3608 1808 3664 of-
1921 3610 2092 3667 sicuti
2123 3611 2196 3665 de
2226 3608 2498 3682 episcopo
2529 3607 2810 3664 canonica
2839 3607 3090 3664 decrevit
3137 3607 3474 3680 auctoritas,
3505 3608 3572 3661 ut

159 3699 302 3756 ferre
329 3697 664 3768 voluerint,
685 3697 805 3754 sive
832 3697 1180 3772 specialiter,
1197 3697 1317 3754 sive
1335 3697 1814 3771 generaliter,aut
1921 3699 2022 3772 qui
2055 3717 2158 3773 per
2186 3698 2567 3754 ambitionem
2601 3698 2884 3768 majorem
2913 3695 3208 3752 civitatem
3239 3693 3568 3768 appetierit,

162 3793 290 3846 ante
317 3788 598 3860 missam,
627 3791 732 3844 aut
756 3787 908 3844 inter
936 3787 1181 3844 missam
1214 3789 1531 3860 antequam
1563 3789 1815 3862 Evange-
1921 3793 1978 3846 et
2005 3788 2167 3844 illam
2202 3788 2408 3862 perdat
2437 3803 2614 3860 quam
2645 3786 2852 3854 tenuit,
2883 3789 2941 3842 et
2979 3785 3143 3842 illam
3195 3799 3570 3858 nequaquam

162 3877 306 3935 lium
332 3875 666 3952 legatur,ad
697 3873 877 3932 altare
907 3875 1568 3934 defcrant.0blationem
1591 3881 1810 3944 autem,
1922 3877 2200 3946 obtineat,
2233 3892 2412 3949 quam
2445 3892 2730 3948 usurpare
2761 3875 3021 3932 tentavit.

166 4218 314 4284 Il.
345 4216 711 4275 CAPITULA
739 4215 1000 4282 QUIBUS
1030 4215 1120 4273 DE
1152 4215 1384 4272 REBUS
1415 4214 1768 4271 MAGISTRI
1795 4215 1888 4270 ET
1913 4215 2174 4272 DECANI
2201 4215 2338 4271 PER
2359 4213 2712 4271 SINGULAS
2741 4213 3124 4272 ECCLESIAS
3157 4212 3573 4282 INQUIHERE,

1199 4289 1292 4344 ET
1322 4287 1661 4344 EPISCOPO
1687 4285 2152 4344 RENUNTIARE
2184 4285 2542 4343 DEBEANT.

1664 4417 2088 4433 σῇ*

165 4499 317 4567 llaec
347 4498 540 4566 omni
571 4516 756 4562 anno
783 4497 1252 4579 investiganda
1282 4501 1441 4560 sunt
1469 4515 1507 4560 a
1537 4497 1882 4578 magistris
1901 4503 1966 4562 et
2011 4496 2282 4561 decanis
2310 4495 2730 4579 presbyteris
2765 4513 2886 4578 per
2917 4492 3225 4574 singulas
3263 4491 3579 4558 matrices

249 4590 598 4668 ecclesias,
642 4591 710 4652 et
745 4605 868 4670 per
905 4586 1194 4670 capellas
1231 4583 1568 4670 parochia:
1611 4593 1880 4668 nostrae,
1913 4592 1980 4651 et
2013 4585 2208 4651 nobis
2247 4585 2559 4648 Kalendis
2598 4584 2789 4648 Juliis
2825 4583 3300 4647 renuntianda.
3337 4580 3582 4646 Simili-

247 4683 357 4744 ter
387 4677 599 4743 etiam
639 4677 1192 4757 investigandum
1220 4680 1286 4740 et
1321 4676 1848 4740 renuntiandum
1886 4683 1984 4740 est
2016 4675 2213 4740 nobis
2242 4674 2528 4756 qualiter
2557 4673 2993 4738 observentur
3021 4678 3086 4736 et
3115 4672 3583 4738 custodiantur

251 4769 376 4833 illa
415 4785 572 4852 quae
612 4765 1031 4850 capitulatim
1070 4765 1486 4830 observanda
1519 4765 1931 4848 presbyteris
1968 4765 2301 4829 dedimus.

237 4934 282 4991 Ι.
315 4933 750 5006 Inquirendum
781 4932 841 4988 in
868 4947 987 5005 qua
1007 4931 1164 5000 villa,
1179 4935 1282 4988 aut
1301 4929 1617 5002 cujuslibet
1638 4930 1826 4986 sancti
1855 4932 1904 4998 D
2008 4929 2100 4986 Ν.
2135 4928 2341 4996 Qualia
2369 4928 2489 4984 sint
2519 4929 2864 4984 indumenta
2907 4926 3134 5001 altaris,
3162 4931 3310 5000 quot
3351 4943 3498 4983 nova
3527 4929 3588 4981 et

167 5021 412 5090 honore,
447 5020 842 5095 praetitulatus
872 5020 952 5077 sit
973 5021 1292 5093 presbyter,
1319 5018 1406 5075 vel
1441 5037 1474 5074 a
1503 5035 1619 5091 quo
1652 5019 1828 5074 fuerit
1935 5025 2078 5092 quot
2097 5017 2608 5091 vetusta,qualiter
2628 5017 2838 5074 nitida:
2857 5035 2974 5091 quo
2998 5017 3234 5075 metallo
3256 5017 3376 5074 sint
3395 5031 3584 5088 capsa;

169 5111 510 5168 ordinatus.
1935 5114 1993 5164 et
2019 5126 2222 5164 cruces
2250 5112 2554 5180 cooperta),
2582 5112 2683 5164 aut
2703 5107 2752 5164 si
2783 5106 3094 5181 diligenter
3116 5105 3422 5164 reconditis
3446 5105 3590 5159 sunt:

237 5199 311 5258 II.
347 5200 414 5257 Si
447 5199 662 5256 habeat
685 5215 962 5256 mansum
987 5198 1301 5255 habentem
1333 5197 1670 5254 bunnuaria
1689 5197 1828 5252 duo-
1939 5197 2194 5270 reliquiaa
2228 5197 2286 5253 in
2309 5197 2477 5252 altari
2508 5213 2520 5252 :
2547 5198 2596 5252 si
2621 5198 2760 5270 ipsa:
2781 5214 2971 5270 capsas
2994 5196 3140 5253 seris
3164 5192 3401 5250 munitae
3422 5195 3582 5249 sunt.

169 5288 388 5360 decim,
421 5294 632 5362 praeter
659 5287 1084 5354 cmmeterium,
1113 5291 1172 5344 et
1199 5292 1440 5356 cortem,
1463 5286 1562 5342 ubi
1585 5284 1832 5342 ecclesia
2009 5286 2076 5342 V.
2109 5289 2264 5352 Quos
2295 5289 2354 5341 et
2391 5291 2535 5358 quot
2579 5286 2762 5342 libros
2811 5285 3044 5352 habeat,
3079 5287 3180 5339 aut
3209 5281 3258 5338 si
3290 5282 3438 5337 bene
3469 5280 3591 5340 sint

168 5381 222 5434 et
251 5379 482 5436 domus
511 5377 702 5450 ipsius
727 5377 1081 5448 continetur,
1105 5382 1204 5432 aut
1224 5378 1272 5432 si
1295 5377 1508 5432 habeat
1537 5375 1835 5448 mancipia
1940 5374 2185 5433 reeitati.

170 5472 457 5539 quatuor.
2010 5465 2103 5520 VI.
2137 5462 2344 5530 Qualia
2372 5467 2473 5520 aut
2503 5466 2647 5536 quot
2675 5460 3063 5519 sacerdotalia
3107 5459 3458 5516 vestimenta
3487 5457 3592 5514 ha»

237 5557 340 5615 III.
367 5558 532 5623 Quot
551 5572 792 5613 mansos
821 5555 1034 5612 habeat
1053 5555 1112 5612 in
1135 5573 1244 5612 sua
1265 5554 1540 5627 parochia
1565 5553 1832 5627 ingenui-
1941 5555 2093 5623 beat,
2121 5556 2178 5609 et
2207 5553 2459 5627 qualiter
2488 5553 2610 5610 sint
2632 5551 2834 5620 nitida,
2869 5554 2972 5606 aut
3002 5551 3061 5605 in
3093 5549 3278 5606 nitido
3319 5547 3444 5606 loco
3473 5546 3592 5606 eol—

171 5645 252 5704 les
281 5651 345 5707 et
378 5644 644 5712 serviles,
677 5649 781 5702 aut
807 5645 1227 5715 accolas,,undc
1247 5643 1533 5700 decimam
1561 5643 1830 5716 accipiat.
1945 5643 2229 5700 locantur.

507 5773 772 5836 Peraea.
819 5772 1046 5838 CXXV.

3193 5768 3271 5830 25
