3934 6182
355 225 364 234 ’
389 267 507 326 779

1309 261 1696 325 HINCMARI
1741 240 2191 324 RHEMENSIS
2236 261 2829 324 ARCHIEPISCOPI

3605 268 3700 329 780

457 395 580 451 VII.
614 393 676 449 Si
722 394 935 450 habeat
982 393 1174 450 locum
1221 399 1633 466 praeparatum,
1666 394 1766 450 ubi
1815 394 2034 451 effundi
2066 396 2117 462 Α
2148 393 2431 450 manserit
2461 411 2474 449 :
2510 393 2790 467 quoniam
2816 396 3020 449 contra
3062 394 3288 449 decreta
3330 410 3577 454 canonum
3613 398 3700 458 hoc

389 484 578 556 possit
605 500 760 556 aqua
788 483 1021 556 quando
1052 482 1376 538 abluuntur
1403 500 1540 538 vasa
1579 482 1802 551 altaris,
1836 488 1941 539 aut
1971 500 2037 539 os

387 571 476 628 vel
506 589 719 629 manus
749 575 880 644 post
909 572 1341 644 perceptionem
1373 588 1550 626 sacra:
1579 571 2032 627 communionis.

385 663 500 717 Aut
529 661 579 716 si
611 660 736 733 ipse
766 662 1069 732 presbyter
1096 660 1349 733 pr0priis
1376 660 1668 727 manibus,
1702 663 1804 714 aut
1842 660 2035 715 diaco-

388 767 521 819 nus,
552 753 658 805 aut
686 749 1084 805 subdiaconus
1113 750 1263 820 ejus,
1295 748 1448 804 lavet
1476 736 1665 820 primo
1713 747 2032 822 corporale.

456 838 607 894 VIII.
639 840 764 906 Quo
795 836 1030 894 metallo
1053 838 1131 893 sit
1157 837 1307 893 calix
1326 842 1383 892 et
1403 842 1632 909 patena,
1649 842 1752 893 aut
1772 854 1891 910 qua
1910 837 2037 893 dili.

386 926 583 1000 gentia
628 925 1058 994 custodiantur,
1097 930 1200 981 aut
1247 926 1296 981 si
1344 922 1558 981 habent
1609 924 1899 997 pyxidem,
1933 923 2034 980 ubi

386 1031 640 1088 congrue
671 1013 857 1087 possit
886 1015 1118 1071 recondi
1147 1031 1312 1069 sacra
1352 1013 1566 1069 oblatio
1613 1015 1929 1069 reseranda
1960 1015 2031 1069 ad

386 1104 665 1159 viaticum
697 1103 969 1162 infirmis.

460 1191 551 1247 IX.
585 1191 657 1248 Ut
684 1191 940 1247 chrisma
969 1196 1026 1246 et
1055 1190 1247 1246 oleum
1291 1194 1696 1246 consecratum
1746 1191 1857 1246 sub
1904 1209 2035 1247 sera

386 1281 802 1336 reconduntur.

457 1369 522 1424 Χ.
556 1368 615 1425 Si
645 1367 769 1440 ipse
800 1368 1101 1441 presbyter
1140 1367 1337 1423 visitet
1384 1368 1670 1435 infirmos,
1699 1372 1756 1423 et
1788 1369 2034 1443 inungat

385 1458 511 1515 oleo
540 1462 766 1525 sancto,
787 1462 845 1512 et
864 1457 1257 1513 communicet
1278 1473 1381 1530 per
1399 1474 1483 1523 se,
1498 1462 1554 1513 et
1573 1474 1687 1513 non
1712 1474 1813 1530 per
1833 1475 2034 1531 quem-

384 1546 545 1615 libet,
576 1550 636 1603 et
663 1546 762 1602 ille
788 1547 915 1618 ipse
946 1545 1341 1602 communicet
1371 1547 1676 1619 populum,
1702 1562 1806 1602 nec
1839 1549 2033 1604 tradat

382 1634 856 1690 communionem
887 1634 1161 1707 cuiquam
1185 1633 1333 1691 laico
1355 1636 1426 1691 ad
1449 1636 1834 1705 deferendum,
1852 1636 1912 1693 in
1936 1638 2034 1693 do-

383 1738 548 1778 mum
579 1739 751 1779 suam
782 1739 962 1779 causa
988 1722 1306 1794 cujuslibet
1332 1723 1573 1779 infirmi.

452 1812 546 1868 ΧΙ.
567 1811 628 1867 Si
656 1811 871 1868 habeat
889 1810 1168 1868 clericum
1194 1811 1294 1884 qui
1317 1812 1504 1885 possit
1523 1818 1718 1869 tenere
1742 1813 2027 1882 scholam,

383 1905 487 1957 aut
517 1900 705 1974 legere
735 1899 1066 1973 epistolam,
1102 1905 1203 1955 aut
1232 1918 1439 1956 canere
1485 1901 1694 1971 valeat,
1727 1908 1900 1976 prout
1930 1921 2031 1959 ne-

383 1988 705 2047 cessarium
736 1988 849 2046 sibi
879 1989 1132 2046 videtur.

451 2079 574 2136 XII.
607 2079 1081 2151 Investigandum
1112 2078 1496 2137 nihilominus
1526 2082 1597 2138 de
1636 2081 2031 2138 lumiuaribus

383 2167 661 2237 ecclesia,
692 2171 793 2223 aut
822 2171 964 2240 quot
992 2166 1245 2224 cerarios
1274 2168 1486 2224 habeat
1514 2170 1639 2242 ipse
1670 2170 1901 2226 titulus.

457 2259 601 2313 717
637 2257 785 2312 XIII.
816 2256 1075 2323 Qualiter
1101 2257 1181 2312 sit
1226 2262 1501 2329 cooperta
1546 2257 1812 2326 ecclesia,
1847 2263 1950 2315 aut
1979 2260 2030 2316 si

382 2347 461 2403 sit
484 2348 797 2414 camerata,
828 2350 887 2401 et
917 2348 982 2401 ut
1009 2345 1090 2400 ibi
1119 2345 1402 2402 columba:
1432 2345 1521 2401 vel
1552 2346 1678 2403 aliae
1727 2365 1861 2404 aves
1912 2366 2028 2405 non

382 2435 705 2503 nidiﬁcent,
727 2438 962 2507 propter
980 2434 1414 2491 immunditiem
1443 2435 1532 2492 vel
1564 2435 2031 2509 importunitatis

379 2523 871 2596 inquietudinem.

450 2612 595 2667 XIV.
628 2614 752 2679 Quo
782 2611 1017 2668 metallo
1048 2608 1303 2669 habeant
1331 2615 1548 2671 ibidem
1580 2615 1767 2689 signa.

450 2700 567 2757 XV.
599 2700 659 2757 Si
689 2700 909 2757 atrium
957 2700 1171 2756 habeat
1217 2703 1537 2773 munitum,
1569 2709 1671 2761 aut
1718 2704 1767 2760 si
1821 2705 2027 2761 cellam

378 2778 678 2863 propriam
708 2788 918 2846 habeat
940 2789 1109 2861 juxta
1137 2791 1464 2860 ecclesiam,
1488 2797 1591 2849 aut
1620 2793 1669 2849 si
1702 2793 2030 2866 suspiciosa

378 2879 438 2936 in
468 2879 716 2936 circuitu
746 2879 957 2936 ostiola
986 2879 1124 2935 sint.

448 2969 591 3026 XVI.
624 2969 699 3025 Ut
726 2985 797 3025 ex
825 2967 1068 3024 decimis
1096 2973 1350 3042 quatuor
1379 2971 1676 3043 portiones
1701 2973 1844 3027 fiant
1855 2972 2027 3044 juxta

375 3056 810 3116 institutionem
840 3056 1204 3127 canonicam,
1237 3062 1292 3114 et
1340 3058 1479 3130 ipsa:
1529 3062 1639 3115 sub
1687 3060 2024 3117 testimonio

2061 1768 2108 1832 Β

2146 481 2367 538 malum
2396 483 2590 556 agitur
2618 499 2651 538 a
2672 483 2889 555 quibus
2920 485 3311 554 perpetratur;
3342 484 3463 556 quia
3479 485 3704 545 sicutnec

2146 588 2272 638 suo,
2307 572 2391 627 ita
2420 588 2524 627 nec
2554 572 2743 627 alieno
2775 570 3009 627 nomine
3052 571 3360 644 presbyter,
3389 573 3466 629 vel
3507 574 3706 648 quilibet

2144 659 2255 715 sub
2306 659 2526 734 regula,
2577 661 2767 716 foenus
2815 675 3077 716 exercere
3125 660 3312 727 debet,
3343 661 3507 718 multo
3549 663 3707 721 minus

2143 751 2339 804 autem
2353 749 2617 805 fraudem
2632 750 2819 805 facere
2838 750 2909 804 de
2930 748 3306 805 facultatibus
3324 749 3673 809 ecclesiasticis
3691 771 3702 809 :

2143 837 2421 910 quoniam
2453 838 2562 894 hoc
2592 854 2763 911 agere
2793 837 3143 910 sacrilegum
3182 841 3288 906 est,
3319 842 3372 893 et
3398 855 3492 911 par
3533 841 3709 899 crimen

2141 925 2377 982 Ananire
2408 931 2465 982 et
2501 926 2781 999 Saphiraa,
2813 930 2986 999 atque
3031 926 3197 982 Judaa
3245 926 3398 995 furis,
3428 927 3517 1000 qui
3555 945 3711 987 sacras

2143 1013 2491 1083 oblationes,
2517 1032 2643 1087 qua:
2665 1016 2735 1070 ad
2760 1031 2911 1070 usus
2938 1015 3200 1071 ﬁdelium
3221 1031 3285 1071 ac
3306 1033 3596 1088 pauperum
3612 1018 3716 1073 mit-

2144 1104 2440 1172 tebantur,
2474 1105 2814 1177 asportabat
2842 1108 2900 1159 et
2938 1104 3262 1160 furabatur.
3294 1105 3429 1160 Nam
3476 1105 3610 1161 aliud
3649 1111 3716 1163 est

2141 1191 2268 1248 sine
2297 1192 2604 1265 dispendio
2634 1192 2888 1249 ecclesiae
2920 1192 3125 1248 amicis
3155 1192 3243 1249 vel
3275 1194 3583 1265 parentibus
3606 1210 3717 1267 pau-

2141 1283 2399 1355 peribus,
2424 1286 2526 1337 aut
2563 1281 2927 1354 quibuslibet
2972 1282 3351 1348 necestuosis,
3382 1298 3445 1337 ex
3487 1283 3719 1339 charitate

2139 1388 2273 1427 cum
2307 1388 2584 1427 mensura
2612 1375 2672 1426 et
2704 1369 2926 1426 ratione
2955 1369 3286 1438 subvenire,
3308 1370 3389 1426 vel
3420 1371 3720 1444 sdjutorium

2140 1460 2308 1527 ferre,
2341 1464 2399 1516 et
2429 1459 2589 1516 aliud
2620 1476 2754 1515 cum
2788 1459 3183 1516 destructione
3211 1458 3569 1529 ecelesim,vel
3591 1458 3723 1516 dissi-

2139 1548 2373 1622 patione
2404 1549 2747 1605 facultatum
2778 1547 3328 1618 ecclesiasticarum,
3361 1547 3516 1621 quasi
3543 1547 3721 1616 furtim,

2139 1637 2258 1693 imo
2289 1638 2514 1705 furtim,
2537 1654 2666 1710 quae
2696 1636 2959 1693 ecclesia:
2979 1653 3108 1694 esse
3128 1637 3522 1704 debuerant,et
3540 1637 3722 1706 usibus,

2139 1724 2298 1782 illius
2315 1743 2380 1782 ac
2397 1742 2721 1799 pauperum
2739 1742 2842 1781 seu
2859 1724 3157 1798 hospitum
3176 1723 3722 1797 impendi,carnalium

2139 1813 2455 1870 carnaliter
2483 1815 2692 1871 usibus
2724 1814 2852 1870 sine
2882 1813 3077 1870 divino
3107 1817 3375 1888 respectu
3395 1813 3658 1870 inservire.
3673 1813 3727 1868 Et

2140 1903 2211 1958 de
2242 1902 2385 1958 nihil
2409 1903 2768 1960 habentibus
2788 1907 3093 1977 promotus
3115 1903 3419 1976 presbyter
3436 1919 3541 1958 non
3559 1917 3725 1974 presu-

2140 1996 2265 2047 mat
2291 2008 2419 2065 quae
2450 1992 2521 2048 de
2544 1991 2919 2050 facultatibus
2940 1991 3194 2049 ecclesiae
3219 1989 3616 2064 comparaverit
3629 2004 3729 2045 ven-

2139 2080 2296 2149 dere,
2327 2079 2414 2136 vel
2447 2079 2619 2153 quasi
2651 2081 2801 2137 118
2833 2081 2902 2137 ad
2937 2096 3136 2137 casam
3172 2080 3271 2137 Dei
3302 2077 3649 2146 tradere,nisi
3673 2076 3728 2132 ad

2138 2168 2446 2226 ecclesiam
2478 2171 2649 2241 cujus
2677 2169 2923 2243 propriae
2954 2186 3082 2226 esse
3113 2170 3349 2238 debent,
3373 2169 3493 2226 sine
3509 2164 3732 2224 consulta

2138 2258 2417 2332 episcopi.

2207 2347 2320 2403 XX.
2354 2347 2799 2420 Inquirendum,
2832 2349 2881 2404 si
2912 2349 2985 2404 de
3014 2347 3280 2405 tabernis
3311 2352 3367 2404 et
3395 2347 3465 2404 de
3491 2358 3733 2402 comessa-

2139 2434 2418 2502 tionibus,
2450 2440 2507 2491 et
2537 2436 2606 2492 de
2638 2435 3032 2492 familiaritate
3071 2436 3339 2492 indebita
3385 2434 3665 2492 mulierum
3688 2446 3736 2485 se

2138 2523 2470 2580 custodiant
2491 2525 2836 2598 presbyteri,
2851 2524 3004 2582 sicut
3028 2524 3360 2598 saepissime
3378 2521 3734 2580 interdiximus

2136 2617 2193 2669 et
2214 2613 2648 2670 interdicimus:
2665 2613 2805 2686 quia
2824 2615 2895 2670 ad
2919 2612 3344 2670 contumeliam
3366 2616 3607 2669 nostram
3628 2606 3734 2663 laici

2137 2717 2231 2756 me
2262 2704 2485 2774 petunt,
2509 2705 2574 2756 ut
2604 2701 2653 2757 si
2687 2700 2984 2758 evidenter
3010 2719 3148 2758 cum
3167 2702 3556 2773 testibus,quo
3573 2694 3736 2771 negari

2136 2807 2252 2845 non
2285 2789 2471 2862 possit
2501 2807 2536 2846 a
2562 2790 3305 2863 quoquam,presbyterum
3340 2791 3399 2846 in
3420 2786 3653 2845 tabernis
3671 2783 3739 2838 in-

2133 2878 2415 2947 venerint,
2431 2877 2722 2935 caballum
2744 2882 2800 2934 et
2820 2895 3067 2952 cappam
3088 2879 3232 2936 inde
3253 2879 3341 2936 eis
3360 2878 3564 2935 habere
3581 2875 3737 2931 liceat.

2134 2968 2497 3040 Quapropter
2522 2967 2571 3023 si
2604 2967 2816 3024 abhinc
2845 2968 3168 3041 presbyteri
3200 2985 3271 3025 se
3302 2969 3375 3024 de
3413 2966 3614 3022 talibus
3650 2976 3739 3018 non

2134 3055 2557 3128 caverint,quia
2586 3056 2849 3112 divinum
2872 3074 2986 3113 non
3008 3057 3225 3114 timent
3239 3056 3737 3130 judicium,tempo-

376 3148 629 3203 duorum
656 3151 759 3201 aut
794 3145 974 3200 trium
1024 3145 1286 3201 fidelium
1335 3148 1596 3203 studiose
1626 3152 1683 3203 et
1712 3148 2023 3221 diligenter
2050 3133 2095 3196 (ἶ
2135 3142 2314 3199 ralem
2353 3143 2470 3199 illis
2520 3144 2883 3201 inveniemus
2931 3145 3380 3214 contumeliam,
3413 3150 3469 3201 et
3512 3138 3743 3200 secula”

378 3234 714 3290 dividantur
746 3249 760 3287 :
790 3236 848 3288 et
878 3237 943 3288 ut
970 3232 1043 3287 de
1073 3233 1303 3288 duabus
1350 3234 1738 3305 portionibus,
1768 3237 2023 3294 ecclesia

379 3326 435 3378 et
464 3320 741 3394 episcopi,
774 3321 920 3376 ratio
951 3322 1231 3377 reddatur
1258 3337 1363 3395 per
1391 3323 1655 3396 singulos
1676 3342 1860 3383 annos
1880 3327 2022 3400 quid

376 3409 513 3465 inde
544 3409 852 3482 profecerit
881 3409 940 3464 in
973 3408 1240 3466 ecclesia.

414 3496 615 3555 .XVII.
648 3498 722 3563 Ut
750 3498 1181 3555 matricularios
1210 3499 1424 3555 habeat
1461 3502 1634 3572 juxta
1678 3503 2020 3577 qualitatem

376 3588 509 3660 loci,
529 3604 645 3644 non
679 3586 963 3645 bubulcos
985 3592 1087 3643 aut
1106 3588 1420 3660 porcarios,
1437 3591 1537 3645 sed
1559 3591 1779 3648 debiles
1799 3596 1856 3648 et
1878 3611 2020 3667 pau-

375 3693 563 3753 peres,
594 3681 652 3734 et
674 3677 745 3733 de
773 3678 978 3733 eodem
1010 3676 1288 3733 dominio.
1314 3678 1436 3734 Nisi
1461 3679 1605 3734 forte
1623 3679 1748 3752 ipse
1778 3683 2020 3756 presby-

374 3772 464 3824 ter
492 3768 706 3824 habeat
731 3768 989 3835 fratrem,
1016 3770 1120 3823 aut
1149 3766 1404 3839 aliquem
1435 3768 1833 3842 propinquum
1864 3772 2023 3827 debi-

374 3855 621 3925 lem,aut
641 3854 1210 3929 pauperrimum,qui
1230 3856 1301 3910 de
1322 3857 1526 3912 eadem
1550 3858 1776 3915 decima
1795 3863 2022 3917 susten-

374 3948 562 4002 tetur:
583 3943 840 4018 reliquos
860 3947 1059 4000 autem
1080 3944 1517 4017 propinquos,si
1532 3946 1702 4018 juxta
1721 3964 1783 4003 se
1805 3947 2019 4006 habere

370 4032 640 4101 voluerit,
671 4034 743 4091 de
771 4050 882 4089 sua
906 4032 1172 4106 portione
1199 4033 1409 4089 vestiat
1437 4037 1613 4107 atque
1653 4040 1873 4108 pascat.

441 4123 638 4182 XVIII.
671 4124 767 4195 (De
790 4123 1004 4196 peculio
1031 4122 1509 4196 clericorum,cap.
1536 4125 1587 4192 1,
1615 4125 1730 4198 Ivo,
1754 4130 1903 4198 part.
1929 4144 2013 4196 in,

370 4231 499 4288 cap.
530 4212 645 4288 94.)
678 4211 1153 4285 Investigandum
1183 4210 1473 4281 similiter,
1499 4214 1547 4269 si
1574 4213 1720 4268 nihil
1744 4215 2041 4288 patrisuo:

370 4303 454 4360 nii
478 4303 722 4371 habens,
753 4301 990 4375 quando
1023 4304 1327 4374 provectus
1356 4304 1446 4357 est
1465 4303 1538 4358 ad
1561 4302 1824 4358 ordinem
1842 4304 2018 4361 eccle-

369 4391 693 4459 siasticum,
726 4396 929 4464 postea
958 4388 1166 4446 emerit
1195 4389 1429 4462 praedia,
1463 4391 1634 4463 cujus
1652 4391 1808 4462 juris
1846 4392 1967 4449 sint
1997 4409 2011 4449 :

2133 3230 2369 3287 illorum
2383 3232 2873 3306 incorrigibilitati
2886 3232 3336 3290 adinveniemus
3347 3231 3739 3290 detrimentum.

2130 3339 2206 3393 De
2234 3339 2429 3396 illicito
2476 3339 2801 3414 clericorum
2848 3356 3065 3414 accessu
3097 3340 3184 3414 ad
3211 3343 3530 3414 [ammonet
3554 3352 3651 3410 qua
3672 3350 3745 3389 ra-

2344 3414 2490 3468 tione
2515 3411 2581 3467 de
2608 3412 2707 3467 illo
2735 3412 3007 3482 arguendi
3024 3412 3108 3468 vel
3124 3411 3418 3485 purgandi
3443 3412 3571 3467 sint.

2200 3498 2341 3555 XXI.
2372 3499 2556 3570 (Cone.
2595 3501 2986 3569 Trosleianum,
3020 3516 3148 3574 cap.
3182 3500 3269 3571 9.)
3299 3501 3384 3557 De
3412 3512 3637 3557 accessu
3663 3507 3747 3549 au-

2128 3590 2270 3655 tem,
2301 3591 2359 3643 et
2416 3587 2898 3660 frequentatione,
2949 3603 3017 3645 ac
3062 3588 3508 3645 cohabitatione
3550 3582 3746 3642 clerico-

2128 3692 2261 3732 rum
2291 3693 2426 3732 cum
2461 3676 2721 3747 feminis,
2751 3678 2905 3733 unde
2937 3678 3274 3735 secundum
3303 3693 3507 3735 sacros
3533 3682 3746 3730 canones

2128 3765 2189 3821 in
2219 3765 2495 3821 omnibus
2545 3766 2784 3839 synodis
2831 3765 3163 3839 specialiter
3211 3766 3641 3829 interdiximus,
3668 3759 3749 3814 ﬁr-

2128 3853 2300 3909 miter
2328 3857 2385 3910 et
2407 3870 2676 3927 expresse
2713 3859 2887 3927 atque
2933 3853 3181 3912 sollicite
3212 3873 3251 3913 a
3282 3854 3459 3912 nobis
3488 3856 3545 3909 et
3565 3868 3598 3907 a
3621 3860 3747 3905 com-

2127 3941 2414 3998 ministris
2441 3942 2660 3999 nostris
2691 3946 2781 3998 est
2808 3942 3257 4015 inquirendum.
3297 3943 3467 4001 Sicut
3511 3938 3653 3998 enim
3680 3932 3752 3989 his

2126 4030 2227 4103 qui
2278 4029 2509 4086 Domini
2555 4029 2615 4086 in
2665 4047 2840 4087 carne
2889 4031 3207 4088 adventum
3251 4023 3752 4104 praecesseruntmt

2124 4119 2219 4175 his
2248 4117 2350 4191 qui
2380 4118 2833 4191 subsequentur,
2866 4136 2970 4192 pro
3000 4123 3352 4192 temporum
3400 4117 3619 4175 ratione
3644 4111 3755 4169 sunt

2124 4212 2493 4265 sacramenta
2521 4207 2801 4281 disparia,
2834 4208 2906 4265 ad
2956 4206 3312 4282 religionem
3365 4212 3566 4264 tamen
3609 4198 3752 4257 unius

2122 4297 2505 4369 ejusdemque
2560 4296 2695 4353 ﬁdei
2749 4300 2807 4353 et
2863 4295 3072 4353 salutis
3130 4295 3532 4364 recurrentis,
3590 4295 3659 4359 et,
3706 4287 3758 4341 ut

2121 4384 2408 4457 scriptum
2463 4390 2572 4454 est,
2617 4385 3038 4442 Pertransibunt
3088 4386 3365 4458 plurimi,
3394 4392 3451 4441 ει
3503 4376 3757 4450 milika

368 4480 646 4552 quoniam
682 4479 960 4547 ecclesiae,
993 4479 1066 4534 ad
1112 4495 1291 4551 quam
1341 4479 1413 4533 de
1461 4478 1608 4534 nihil
1657 4479 2012 4537 habentibus
2047 4497 2090 4561 ι)
2119 4476 2226 4531 erit
2267 4477 2499 4531 scientia
2543 4476 2703 4545 (Dan.
2738 4491 2836 4543 xu,
2871 4474 2945 4547 4),
2979 4492 3083 4547 per
3130 4475 3521 4533 incrementa
3568 4476 3760 4561 πψρρ-

367 4570 672 4639 promotus
700 4571 808 4635 est,
837 4581 966 4622 esse
995 4566 1208 4622 debent
1228 4566 1399 4636 juxta
1427 4564 1718 4623 canonica:
1759 4569 2011 4625 auctori-

366 4654 505 4711 tatis
536 4655 855 4711 decretum.

435 4744 577 4800 XIV.
602 4744 695 4816 (De
720 4744 932 4815 peculio
959 4744 1301 4813 clericorum,
1325 4745 1539 4816 capJI.)
1564 4744 2010 4817 Inquirendum,

365 4833 414 4890 si
444 4831 746 4892 occasione
776 4831 954 4903 hujus
984 4832 1330 4904 praecedenti
1350 4831 1591 4905 capituli
1617 4834 1828 4907 aliquis
1849 4852 2009 4907 pres-

362 4923 697 4997 byterorum
728 4920 941 4977 abhinc
970 4921 1042 4976 de
1072 4921 1359 4977 reditibus
1379 4921 1751 4991 ecclesie,vel
1771 4922 2011 4979 oblatio-

361 5012 538 5072 nibus
568 5027 635 5067 ac
657 5008 806 5065 votis
833 5008 1310 5077 ﬁdelium,alieno
1342 5009 1578 5066 nomine
1599 5027 1691 5066 res
1714 5027 2011 5084 compara-

358 5099 523 5169 verit,
556 5102 613 5156 et
636 5097 718 5153 ibi
749 5100 1076 5154 structuras
1107 5096 1417 5154 fecerit.vel
1439 5115 1567 5171 quae
1597 5099 1670 5154 ad
1701 5099 2007 5156 ecclesiam

359 5189 654 5262 pertinent
682 5186 763 5243 ibi
793 5184 1243 5253 collocaverit,et
1260 5186 1576 5243 mulierum
1599 5188 2009 5259 frequentatio-

357 5295 494 5335 nem
527 5278 671 5334 inibi
698 5275 822 5333 ﬁeri
851 5275 1203 5349 permiserit,
1226 5274 1335 5345 vel,
1360 5277 1516 5348 quod
1548 5278 1780 5349 turpius
1810 5281 2008 5345 est,ta-

2120 4580 2274 4633 rum,
2306 4567 2427 4619 tam
2456 4580 2561 4636 per
2585 4564 2868 4635 seipsum,
2900 4579 3081 4635 quam
3111 4569 3170 4620 et
3195 4581 3313 4637 per
3343 4561 3587 4637 angelos
3606 4558 3659 4613 in
3678 4552 3759 4607 Ve-

2121 4653 2229 4708 teri
2261 4653 2653 4720 Testamento,
2687 4651 2746 4707 in
2772 4652 2929 4708 Novo
2979 4656 3176 4709 autem
3232 4651 3531 4709 similiter
3574 4662 3667 4722 per
3690 4655 3760 4711 99:

2120 4746 2177 4797 et
2207 4759 2310 4814 per
2328 4742 2595 4797 doctores
2616 4740 2934 4797 catholicos
2955 4746 3013 4798 et
3033 4740 3371 4815 magistros
3393 4726 3759 4803 Ecclesia,qui

2119 4835 2177 4886 et
2201 4834 2514 4887 attestante
2543 4831 2826 4903 propheta
2854 4830 3045 4904 angeli
3078 4828 3675 4898 nominantur,aucta
3689 4818 3762 4876 est

2118 4918 2418 4976 subtilitas
2446 4923 2502 4974 et
2531 4917 2942 4991 multiplicatio
2972 4904 3764 4992 praeceptorum.Persequi-

2116 5008 2248 5063 dem
2280 5007 2565 5063 Dominus
2594 5006 2655 5061 in
2688 5006 2959 5079 paradiso
3002 5008 3160 5075 Adm,
3193 5011 3260 5063 et
3313 5012 3459 5080 post
3505 4997 3759 5060 diluvium

2116 5096 2235 5152 Noe
2264 5100 2323 5152 et
2349 5095 2590 5152 Abrahae
2620 5095 2692 5150 de
2727 5093 3170 5151 circumcisione
3227 5096 3409 5152 dedit
3460 5090 3760 5167 precept“

2115 5184 2301 5258 legem
2333 5189 2529 5241 autem
2563 5200 2665 5257 per
2692 5184 2931 5257 angelos
2962 5184 3146 5258 Moysi
3200 5183 3538 5242 mediatori
3585 5182 3640 5235 ei
3678 5188 3761 5248 ΡΟ·

2114 5275 2341 5348 pulum,
2375 5279 2439 5330 ut
2468 5273 2722 5330 ostendit
2766 5273 3102 5346 Apostolus.
3136 5273 3205 5329 In
3262 5291 3427 5330 novo
3479 5264 3765 5329 nutamin-

355 5365 443 5423 les
463 5367 738 5424 mulieres
758 5366 839 5422 ibi
858 5364 1287 5436 habuerit,quaa
1309 5363 1630 5420 lanificium
1652 5383 1829 5422 suum
1851 5382 2005 5423 exet»
2110 5368 2201 5420 ter
2228 5381 2291 5420 se
2321 5364 2691 5419 Testamento
2723 5361 3061 5419 incarnatus
3091 5379 3199 5436 per
3232 5379 3303 5419 se
3337 5362 3571 5428 dicens,
3604 5350 3770 5413 Αιιδὺτ

355 5459 544 5524 ceant,
576 5458 635 5511 et
663 5470 865 5511 curam
905 5454 1117 5509 domus
1166 5457 1364 5526 agant,
1396 5457 1453 5508 et
1501 5453 1573 5508 ad
1623 5454 1827 5511 eadem
1876 5455 2004 5512 loca
2110 5455 2178 5509 tis
2206 5454 2340 5526 quia
2366 5452 2570 5509 dictum
2598 5459 2679 5508 est
2705 5470 2723 5506 :
2753 5452 2957 5524 Diliges
2980 5454 3320 5524 proximum
3373 5460 3561 5517 tuum,
3593 5454 3644 5505 et
3667 5440 3771 5500 θάέο

354 5543 656 5619 presbyter
684 5543 1004 5621 incongrue
1042 5541 1371 5615 recurrerit,
1407 5541 1878 5619 frequentaverit,
1912 5543 1998 5604 vel
2108 5542 2330 5600 habebis
2396 5543 2688 5599 inimicum
2751 5549 2924 5600 tuum.
2991 5543 3109 5618 Ego
3176 5549 3385 5599 autem
3450 5540 3577 5598 dico
3638 5530 3777 5593 υοδίι
