  <div class='ocr_page' id='page_1' title='image "/cluster/home/n/w/nwhite01/storage/ocr_20150623/125/hvd.32044054759873/399.png"; bbox 0 0 3934 6182; ppageno 0'>
   <div class='ocr_carea' id='block_1_1' title="bbox 342 375 462 437">
    <p class='ocr_par' dir='ltr' id='par_1_1' title="bbox 342 375 462 437">
     <span class='ocr_line' id='line_1_1' title="bbox 342 375 462 437; baseline -0.017 0"><span class='ocrx_word' id='word_1_1' title='bbox 342 375 462 437; x_wconf 78' lang='lat'><strong>787</strong></span> 
     </span>
    </p>
   </div>
   <div class='ocr_carea' id='block_1_2' title="bbox 1213 379 2736 443">
    <p class='ocr_par' dir='ltr' id='par_1_2' title="bbox 1213 379 2736 443">
     <span class='ocr_line' id='line_1_2' title="bbox 1213 379 2736 443; baseline -0.002 -2"><span class='ocrx_word' id='word_1_2' title='bbox 1213 379 1590 443; x_wconf 84' lang='lat' dir='ltr'><strong>HINGMARI</strong></span> <span class='ocrx_word' id='word_1_3' title='bbox 1635 380 2082 443; x_wconf 81' lang='lat' dir='ltr'><strong>RHEMENSIS</strong></span> <span class='ocrx_word' id='word_1_4' title='bbox 2125 379 2736 442; x_wconf 82' lang='lat' dir='ltr'><strong>ARCHIEPISCOPI.</strong></span> 
     </span>
    </p>
   </div>
   <div class='ocr_carea' id='block_1_3' title="bbox 3585 372 3682 450">
    <p class='ocr_par' dir='ltr' id='par_1_3' title="bbox 3585 372 3682 450">
     <span class='ocr_line' id='line_1_3' title="bbox 3585 372 3682 450; baseline 0.041 -4"><span class='ocrx_word' id='word_1_5' title='bbox 3585 372 3682 450; x_wconf 77' lang='lat'><strong>788</strong></span> 
     </span>
    </p>
   </div>
   <div class='ocr_carea' id='block_1_4' title="bbox 335 489 3684 587">
    <p class='ocr_par' dir='ltr' id='par_1_4' title="bbox 335 489 3684 587">
     <span class='ocr_line' id='line_1_4' title="bbox 335 489 3684 587; baseline 0.004 -24"><span class='ocrx_word' id='word_1_6' title='bbox 335 524 450 581; x_wconf 83' lang='lat' dir='ltr'><strong>per</strong></span> <span class='ocrx_word' id='word_1_7' title='bbox 467 511 657 565; x_wconf 86' lang='lat' dir='ltr'><strong>totum</strong></span> <span class='ocrx_word' id='word_1_8' title='bbox 678 510 970 567; x_wconf 90' lang='lat' dir='ltr'><strong>mundum</strong></span> <span class='ocrx_word' id='word_1_9' title='bbox 991 511 1239 581; x_wconf 85' lang='lat' dir='ltr'><strong>intonat,</strong></span> <span class='ocrx_word' id='word_1_10' title='bbox 1259 514 1576 571; x_wconf 83' lang='lat' dir='ltr'><strong>decernens</strong></span> <span class='ocrx_word' id='word_1_11' title='bbox 1598 519 1662 570; x_wconf 92' lang='lat' dir='ltr'><strong>ut</strong></span> <span class='ocrx_word' id='word_1_12' title='bbox 1680 513 1938 587; x_wconf 86' lang='lat' dir='ltr'><strong>episcopi</strong></span> <span class='ocrx_word' id='word_1_13' title='bbox 1958 529 1992 568; x_wconf 93' lang='lat' dir='ltr'><strong>a</strong></span> <span class='ocrx_word' id='word_1_14' title='bbox 2019 512 2075 580; x_wconf 73' lang='grc' dir='ltr'><strong>Α</strong></span> <span class='ocrx_word' id='word_1_15' title='bbox 2105 511 2372 568; x_wconf 84' lang='lat' dir='ltr'><strong>adulterii</strong></span> <span class='ocrx_word' id='word_1_16' title='bbox 2403 529 2772 585; x_wconf 81' lang='lat' dir='ltr'><strong>nequaquam</strong></span> <span class='ocrx_word' id='word_1_17' title='bbox 2803 489 3098 585; x_wconf 81' lang='lat' dir='ltr'><strong>discrepat</strong></span> <span class='ocrx_word' id='word_1_18' title='bbox 3127 511 3295 586; x_wconf 90' lang='lat' dir='ltr'><strong>culpa</strong></span> <span class='ocrx_word' id='word_1_19' title='bbox 3322 513 3684 586; x_wconf 82' lang='lat' dir='ltr'><strong>fornicationis,</strong></span> 
     </span>
    </p>
   </div>
   <div class='ocr_carea' id='block_1_5' title="bbox 337 597 2004 677">
    <p class='ocr_par' dir='ltr' id='par_1_5' title="bbox 337 597 2004 677">
     <span class='ocr_line' id='line_1_5' title="bbox 337 597 2004 677; baseline 0.002 -25"><span class='ocrx_word' id='word_1_20' title='bbox 337 597 698 668; x_wconf 64' lang='lat' dir='ltr'><strong>praestitutis</strong></span> <span class='ocrx_word' id='word_1_21' title='bbox 719 599 1045 657; x_wconf 90' lang='lat' dir='ltr'><strong>canonibus</strong></span> <span class='ocrx_word' id='word_1_22' title='bbox 1067 601 1230 658; x_wconf 90' lang='lat' dir='ltr'><strong>nulla</strong></span> <span class='ocrx_word' id='word_1_23' title='bbox 1249 608 1350 659; x_wconf 88' lang='lat' dir='ltr'><strong>aut</strong></span> <span class='ocrx_word' id='word_1_24' title='bbox 1371 603 1725 677; x_wconf 84' lang='lat' dir='ltr'><strong>negligentia</strong></span> <span class='ocrx_word' id='word_1_25' title='bbox 1741 607 1844 658; x_wconf 86' lang='lat' dir='ltr'><strong>aut</strong></span> <span class='ocrx_word' id='word_1_26' title='bbox 1865 619 2004 674; x_wconf 82' lang='lat' dir='ltr'><strong>prae-</strong></span> 
     </span>
    </p>
   </div>
   <div class='ocr_carea' id='block_1_6' title="bbox 347 687 2003 764">
    <p class='ocr_par' dir='ltr' id='par_1_6' title="bbox 347 687 2003 764">
     <span class='ocr_line' id='line_1_6' title="bbox 347 687 2003 764; baseline 0.002 -24"><span class='ocrx_word' id='word_1_27' title='bbox 347 687 684 760; x_wconf 88' lang='lat' dir='ltr'><strong>sumptione</strong></span> <span class='ocrx_word' id='word_1_28' title='bbox 713 688 1036 757; x_wconf 83' lang='lat' dir='ltr'><strong>discedant,</strong></span> <span class='ocrx_word' id='word_1_29' title='bbox 1060 695 1116 747; x_wconf 91' lang='lat' dir='ltr'><strong>et</strong></span> <span class='ocrx_word' id='word_1_30' title='bbox 1154 691 1202 747; x_wconf 90' lang='lat' dir='ltr'><strong>si</strong></span> <span class='ocrx_word' id='word_1_31' title='bbox 1235 693 1369 764; x_wconf 89' lang='lat' dir='ltr'><strong>quis</strong></span> <span class='ocrx_word' id='word_1_32' title='bbox 1400 693 1769 748; x_wconf 83' lang='lat' dir='ltr'><strong>sacerdotum</strong></span> <span class='ocrx_word' id='word_1_33' title='bbox 1801 694 2003 746; x_wconf 90' lang='lat' dir='ltr'><strong>contra</strong></span> 
     </span>
    </p>
   </div>
   <div class='ocr_carea' id='block_1_7' title="bbox 341 775 2000 852">
    <p class='ocr_par' dir='ltr' id='par_1_7' title="bbox 341 775 2000 852">
     <span class='ocr_line' id='line_1_7' title="bbox 341 775 2000 852; baseline 0.002 -22"><span class='ocrx_word' id='word_1_34' title='bbox 341 775 670 833; x_wconf 80' lang='lat' dir='ltr'><strong>&#39;constituta</strong></span> <span class='ocrx_word' id='word_1_35' title='bbox 682 778 878 834; x_wconf 90' lang='lat' dir='ltr'><strong>venire</strong></span> <span class='ocrx_word' id='word_1_36' title='bbox 895 779 1222 847; x_wconf 89' lang='lat' dir='ltr'><strong>tentaverit,</strong></span> <span class='ocrx_word' id='word_1_37' title='bbox 1241 785 1297 836; x_wconf 87' lang='lat' dir='ltr'><strong>et</strong></span> <span class='ocrx_word' id='word_1_38' title='bbox 1319 781 1613 852; x_wconf 89' lang='lat' dir='ltr'><strong>prohibita</strong></span> <span class='ocrx_word' id='word_1_39' title='bbox 1631 781 1804 835; x_wconf 86' lang='lat' dir='ltr'><strong>fuerit</strong></span> <span class='ocrx_word' id='word_1_40' title='bbox 1819 795 2000 834; x_wconf 88' lang='lat' dir='ltr'><strong>ausus</strong></span> 
     </span>
    </p>
   </div>
   <div class='ocr_carea' id='block_1_8' title="bbox 345 865 1996 936">
    <p class='ocr_par' dir='ltr' id='par_1_8' title="bbox 345 865 1996 936">
     <span class='ocr_line' id='line_1_8' title="bbox 345 865 1996 936; baseline 0.002 -15"><span class='ocrx_word' id='word_1_41' title='bbox 345 865 678 936; x_wconf 76' lang='lat' dir='ltr'><strong>admittam,</strong></span> <span class='ocrx_word' id='word_1_42' title='bbox 701 884 736 923; x_wconf 83' lang='lat' dir='ltr'><strong>a</strong></span> <span class='ocrx_word' id='word_1_43' title='bbox 763 884 871 924; x_wconf 88' lang='lat' dir='ltr'><strong>suo</strong></span> <span class='ocrx_word' id='word_1_44' title='bbox 915 885 977 923; x_wconf 91' lang='lat' dir='ltr'><strong>se</strong></span> <span class='ocrx_word' id='word_1_45' title='bbox 1021 869 1244 924; x_wconf 91' lang='lat' dir='ltr'><strong>noverit</strong></span> <span class='ocrx_word' id='word_1_46' title='bbox 1273 869 1464 925; x_wconf 83' lang='lat' dir='ltr'><strong>ofﬁcio</strong></span> <span class='ocrx_word' id='word_1_47' title='bbox 1503 869 1996 926; x_wconf 84' lang='lat' dir='ltr'><strong>submovendum.</strong></span> 
     </span>
    </p>
   </div>
   <div class='ocr_carea' id='block_1_9' title="bbox 347 954 2000 1030">
    <p class='ocr_par' dir='ltr' id='par_1_9' title="bbox 347 954 2000 1030">
     <span class='ocr_line' id='line_1_9' title="bbox 347 954 2000 1030; baseline 0.003 -20"><span class='ocrx_word' id='word_1_48' title='bbox 347 955 419 1010; x_wconf 90' lang='lat' dir='ltr'><strong>Et</strong></span> <span class='ocrx_word' id='word_1_49' title='bbox 438 954 693 1012; x_wconf 87' lang='lat' dir='ltr'><strong>Hilarius</strong></span> <span class='ocrx_word' id='word_1_50' title='bbox 725 955 883 1028; x_wconf 90' lang='lat' dir='ltr'><strong>Papa</strong></span> <span class='ocrx_word' id='word_1_51' title='bbox 912 956 1054 1012; x_wconf 90' lang='lat' dir='ltr'><strong>dicit</strong></span> <span class='ocrx_word' id='word_1_52' title='bbox 1075 960 1248 1024; x_wconf 81' lang='lat' dir='ltr'><strong>(Decr.</strong></span> <span class='ocrx_word' id='word_1_53' title='bbox 1274 975 1324 1016; x_wconf 90' lang='lat' dir='ltr'><strong>c.</strong></span> <span class='ocrx_word' id='word_1_54' title='bbox 1349 959 1459 1027; x_wconf 91' lang='grc'><strong>18),</strong></span> <span class='ocrx_word' id='word_1_55' title='bbox 1483 957 1623 1030; x_wconf 87' lang='lat' dir='ltr'><strong>quia</strong></span> <span class='ocrx_word' id='word_1_56' title='bbox 1656 975 1771 1013; x_wconf 89' lang='lat' dir='ltr'><strong>non</strong></span> <span class='ocrx_word' id='word_1_57' title='bbox 1801 959 2000 1015; x_wconf 89' lang='lat' dir='ltr'><strong>minus</strong></span> 
     </span>
    </p>
   </div>
   <div class='ocr_carea' id='block_1_10' title="bbox 345 1039 1996 1120">
    <p class='ocr_par' dir='ltr' id='par_1_10' title="bbox 345 1039 1996 1120">
     <span class='ocr_line' id='line_1_10' title="bbox 345 1039 1996 1120; baseline 0.002 -22"><span class='ocrx_word' id='word_1_58' title='bbox 345 1043 408 1099; x_wconf 89' lang='lat' dir='ltr'><strong>in</strong></span> <span class='ocrx_word' id='word_1_59' title='bbox 439 1048 777 1100; x_wconf 88' lang='lat' dir='ltr'><strong>sanctarum</strong></span> <span class='ocrx_word' id='word_1_60' title='bbox 817 1045 1198 1101; x_wconf 78' lang='lat' dir='ltr'><strong>traditionem</strong></span> <span class='ocrx_word' id='word_1_61' title='bbox 1243 1046 1574 1103; x_wconf 83' lang='lat' dir='ltr'><strong>sanctiones</strong></span> <span class='ocrx_word' id='word_1_62' title='bbox 1615 1039 1996 1120; x_wconf 54' lang='lat' dir='ltr'><strong>delinquitur:</strong></span> 
     </span>
    </p>
   </div>
   <div class='ocr_carea' id='block_1_11' title="bbox 347 1132 2000 1207">
    <p class='ocr_par' dir='ltr' id='par_1_11' title="bbox 347 1132 2000 1207">
     <span class='ocr_line' id='line_1_11' title="bbox 347 1132 2000 1207; baseline 0.004 -22"><span class='ocrx_word' id='word_1_63' title='bbox 347 1148 526 1204; x_wconf 89' lang='lat' dir='ltr'><strong>quam</strong></span> <span class='ocrx_word' id='word_1_64' title='bbox 558 1132 616 1186; x_wconf 91' lang='lat' dir='ltr'><strong>in</strong></span> <span class='ocrx_word' id='word_1_65' title='bbox 649 1133 836 1204; x_wconf 88' lang='lat' dir='ltr'><strong>ipsius</strong></span> <span class='ocrx_word' id='word_1_66' title='bbox 857 1133 1090 1188; x_wconf 90' lang='lat' dir='ltr'><strong>Domini</strong></span> <span class='ocrx_word' id='word_1_67' title='bbox 1113 1133 1390 1204; x_wconf 90' lang='lat' dir='ltr'><strong>injuriam</strong></span> <span class='ocrx_word' id='word_1_68' title='bbox 1418 1136 1775 1207; x_wconf 81' lang='lat' dir='ltr'><strong>prosilitur.»</strong></span> <span class='ocrx_word' id='word_1_69' title='bbox 1798 1137 1868 1191; x_wconf 88' lang='lat' dir='ltr'><strong>Et</strong></span> <span class='ocrx_word' id='word_1_70' title='bbox 1898 1137 2000 1192; x_wconf 89' lang='lat' dir='ltr'><strong>Ge-</strong></span> 
     </span>
    </p>
   </div>
   <div class='ocr_carea' id='block_1_12' title="bbox 347 1219 2000 1298">
    <p class='ocr_par' dir='ltr' id='par_1_12' title="bbox 347 1219 2000 1298">
     <span class='ocr_line' id='line_1_12' title="bbox 347 1219 2000 1298; baseline 0.003 -23"><span class='ocrx_word' id='word_1_71' title='bbox 347 1219 532 1276; x_wconf 90' lang='lat' dir='ltr'><strong>lasius</strong></span> <span class='ocrx_word' id='word_1_72' title='bbox 555 1237 607 1274; x_wconf 84' lang='lat'><strong>:«</strong></span> <span class='ocrx_word' id='word_1_73' title='bbox 629 1221 1058 1294; x_wconf 87' lang='lat' dir='ltr'><strong>Comperimus,</strong></span> <span class='ocrx_word' id='word_1_74' title='bbox 1082 1223 1292 1295; x_wconf 87' lang='lat' dir='ltr'><strong>inquit,</strong></span> <span class='ocrx_word' id='word_1_75' title='bbox 1317 1223 1630 1280; x_wconf 87' lang='lat' dir='ltr'><strong>nonnullos</strong></span> <span class='ocrx_word' id='word_1_76' title='bbox 1657 1225 1716 1280; x_wconf 91' lang='lat' dir='ltr'><strong>in</strong></span> <span class='ocrx_word' id='word_1_77' title='bbox 1749 1225 1895 1298; x_wconf 89' lang='lat' dir='ltr'><strong>ipsis</strong></span> <span class='ocrx_word' id='word_1_78' title='bbox 1915 1243 2000 1280; x_wconf 91' lang='lat' dir='ltr'><strong>or-</strong></span> 
     </span>
    </p>
   </div>
   <div class='ocr_carea' id='block_1_13' title="bbox 348 1309 1994 1386">
    <p class='ocr_par' dir='ltr' id='par_1_13' title="bbox 348 1309 1994 1386">
     <span class='ocr_line' id='line_1_13' title="bbox 348 1309 1994 1386; baseline 0.002 -21"><span class='ocrx_word' id='word_1_79' title='bbox 348 1309 588 1366; x_wconf 88' lang='lat' dir='ltr'><strong>dinibus</strong></span> <span class='ocrx_word' id='word_1_80' title='bbox 605 1311 956 1366; x_wconf 89' lang='lat' dir='ltr'><strong>constitutos</strong></span> <span class='ocrx_word' id='word_1_81' title='bbox 971 1312 1246 1384; x_wconf 86' lang='lat' dir='ltr'><strong>gravibus</strong></span> <span class='ocrx_word' id='word_1_82' title='bbox 1265 1312 1622 1369; x_wconf 81' lang='lat' dir='ltr'><strong>facinoribus</strong></span> <span class='ocrx_word' id='word_1_83' title='bbox 1638 1331 1753 1370; x_wconf 89' lang='lat' dir='ltr'><strong>non</strong></span> <span class='ocrx_word' id='word_1_84' title='bbox 1777 1313 1994 1386; x_wconf 89' lang='lat' dir='ltr'><strong>repelli,</strong></span> 
     </span>
    </p>
   </div>
   <div class='ocr_carea' id='block_1_14' title="bbox 349 1399 2002 1474">
    <p class='ocr_par' dir='ltr' id='par_1_14' title="bbox 349 1399 2002 1474">
     <span class='ocr_line' id='line_1_14' title="bbox 349 1399 2002 1474; baseline 0.002 -20"><span class='ocrx_word' id='word_1_85' title='bbox 349 1415 485 1454; x_wconf 89' lang='lat' dir='ltr'><strong>cum</strong></span> <span class='ocrx_word' id='word_1_86' title='bbox 515 1401 573 1454; x_wconf 89' lang='lat' dir='ltr'><strong>et</strong></span> <span class='ocrx_word' id='word_1_87' title='bbox 598 1399 912 1472; x_wconf 85' lang='lat' dir='ltr'><strong>Apostolus</strong></span> <span class='ocrx_word' id='word_1_88' title='bbox 941 1399 1154 1456; x_wconf 91' lang='lat' dir='ltr'><strong>clamet</strong></span> <span class='ocrx_word' id='word_1_89' title='bbox 1185 1401 1403 1456; x_wconf 88' lang='lat' dir='ltr'><strong>nemini</strong></span> <span class='ocrx_word' id='word_1_90' title='bbox 1430 1403 1546 1458; x_wconf 92' lang='lat' dir='ltr'><strong>cito</strong></span> <span class='ocrx_word' id='word_1_91' title='bbox 1577 1420 1789 1458; x_wconf 88' lang='lat' dir='ltr'><strong>manus</strong></span> <span class='ocrx_word' id='word_1_92' title='bbox 1819 1403 2002 1474; x_wconf 89' lang='lat' dir='ltr'><strong>impo-</strong></span> 
     </span>
    </p>
   </div>
   <div class='ocr_carea' id='block_1_15' title="bbox 337 1489 2000 1563">
    <p class='ocr_par' dir='ltr' id='par_1_15' title="bbox 337 1489 2000 1563">
     <span class='ocr_line' id='line_1_15' title="bbox 337 1489 2000 1563; baseline 0.003 -21"><span class='ocrx_word' id='word_1_93' title='bbox 337 1489 595 1556; x_wconf 58' lang='lat' dir='ltr'><strong>‘nendas,</strong></span> <span class='ocrx_word' id='word_1_94' title='bbox 613 1505 800 1560; x_wconf 90' lang='lat' dir='ltr'><strong>neque</strong></span> <span class='ocrx_word' id='word_1_95' title='bbox 821 1489 1380 1545; x_wconf 84' lang='lat' dir='ltr'><strong>communicandum</strong></span> <span class='ocrx_word' id='word_1_96' title='bbox 1406 1493 1658 1563; x_wconf 83' lang='lat' dir='ltr'><strong>peccatis</strong></span> <span class='ocrx_word' id='word_1_97' title='bbox 1681 1491 1920 1548; x_wconf 90' lang='lat' dir='ltr'><strong>alienis:</strong></span> <span class='ocrx_word' id='word_1_98' title='bbox 1943 1496 2000 1548; x_wconf 92' lang='lat' dir='ltr'><strong>ct</strong></span> 
     </span>
    </p>
   </div>
   <div class='ocr_carea' id='block_1_16' title="bbox 350 1577 1997 1651">
    <p class='ocr_par' dir='ltr' id='par_1_16' title="bbox 350 1577 1997 1651">
     <span class='ocr_line' id='line_1_16' title="bbox 350 1577 1997 1651; baseline 0.002 -19"><span class='ocrx_word' id='word_1_99' title='bbox 350 1577 642 1648; x_wconf 84' lang='lat' dir='ltr'><strong>majorum</strong></span> <span class='ocrx_word' id='word_1_100' title='bbox 671 1577 1000 1633; x_wconf 87' lang='lat' dir='ltr'><strong>veneranda</strong></span> <span class='ocrx_word' id='word_1_101' title='bbox 1026 1578 1344 1633; x_wconf 86' lang='lat' dir='ltr'><strong>constituta</strong></span> <span class='ocrx_word' id='word_1_102' title='bbox 1382 1581 1760 1650; x_wconf 85' lang='lat' dir='ltr'><strong>pronuntient</strong></span> <span class='ocrx_word' id='word_1_103' title='bbox 1789 1580 1997 1651; x_wconf 89' lang='lat' dir='ltr'><strong>hujus-</strong></span> 
     </span>
    </p>
   </div>
   <div class='ocr_carea' id='block_1_17' title="bbox 351 1665 1995 1740">
    <p class='ocr_par' dir='ltr' id='par_1_17' title="bbox 351 1665 1995 1740">
     <span class='ocr_line' id='line_1_17' title="bbox 351 1665 1995 1740; baseline 0.001 -18"><span class='ocrx_word' id='word_1_104' title='bbox 351 1665 530 1733; x_wconf 90' lang='lat' dir='ltr'><strong>modi,</strong></span> <span class='ocrx_word' id='word_1_105' title='bbox 554 1665 784 1722; x_wconf 89' lang='lat' dir='ltr'><strong>etiamsi</strong></span> <span class='ocrx_word' id='word_1_106' title='bbox 809 1666 954 1722; x_wconf 83' lang='lat' dir='ltr'><strong>forte</strong></span> <span class='ocrx_word' id='word_1_107' title='bbox 975 1667 1399 1738; x_wconf 86' lang='lat' dir='ltr'><strong>subrepserint,</strong></span> <span class='ocrx_word' id='word_1_108' title='bbox 1421 1673 1542 1724; x_wconf 90' lang='lat' dir='ltr'><strong>tam</strong></span> <span class='ocrx_word' id='word_1_109' title='bbox 1573 1669 1674 1740; x_wconf 90' lang='lat' dir='ltr'><strong>qui</strong></span> <span class='ocrx_word' id='word_1_110' title='bbox 1700 1673 1832 1725; x_wconf 87' lang='lat' dir='ltr'><strong>ante</strong></span> <span class='ocrx_word' id='word_1_111' title='bbox 1863 1686 1995 1740; x_wconf 85' lang='lat' dir='ltr'><strong>pec-</strong></span> 
     </span>
    </p>
   </div>
   <div class='ocr_carea' id='block_1_18' title="bbox 348 1755 1994 1830">
    <p class='ocr_par' dir='ltr' id='par_1_18' title="bbox 348 1755 1994 1830">
     <span class='ocr_line' id='line_1_18' title="bbox 348 1755 1994 1830; baseline 0.001 -20"><span class='ocrx_word' id='word_1_112' title='bbox 348 1758 626 1812; x_wconf 89' lang='lat' dir='ltr'><strong>caverunt</strong></span> <span class='ocrx_word' id='word_1_113' title='bbox 670 1755 928 1811; x_wconf 89' lang='lat' dir='ltr'><strong>detectos</strong></span> <span class='ocrx_word' id='word_1_114' title='bbox 990 1760 1253 1827; x_wconf 84' lang='lat' dir='ltr'><strong>Oportere</strong></span> <span class='ocrx_word' id='word_1_115' title='bbox 1309 1756 1541 1828; x_wconf 90' lang='lat' dir='ltr'><strong>depelli,</strong></span> <span class='ocrx_word' id='word_1_116' title='bbox 1591 1775 1767 1830; x_wconf 90' lang='lat' dir='ltr'><strong>quam</strong></span> <span class='ocrx_word' id='word_1_117' title='bbox 1818 1776 1994 1814; x_wconf 84' lang='lat' dir='ltr'><strong>sacrae</strong></span> 
     </span>
    </p>
   </div>
   <div class='ocr_carea' id='block_1_19' title="bbox 2110 601 3686 674">
    <p class='ocr_par' dir='ltr' id='par_1_19' title="bbox 2110 601 3686 674">
     <span class='ocr_line' id='line_1_19' title="bbox 2110 601 3686 674; baseline 0.005 -18"><span class='ocrx_word' id='word_1_118' title='bbox 2110 618 2245 657; x_wconf 91' lang='lat' dir='ltr'><strong>cum</strong></span> <span class='ocrx_word' id='word_1_119' title='bbox 2274 601 2504 658; x_wconf 89' lang='lat' dir='ltr'><strong>Veritas</strong></span> <span class='ocrx_word' id='word_1_120' title='bbox 2534 601 2689 658; x_wconf 91' lang='lat' dir='ltr'><strong>dicat</strong></span> <span class='ocrx_word' id='word_1_121' title='bbox 2721 618 2733 656; x_wconf 93' lang='lat'>:</span> <span class='ocrx_word' id='word_1_122' title='bbox 2767 603 2886 674; x_wconf 83' lang='lat' dir='ltr'><strong>Qui</strong></span> <span class='ocrx_word' id='word_1_123' title='bbox 2925 601 3123 658; x_wconf 85' lang='lat' dir='ltr'><strong>viderit</strong></span> <span class='ocrx_word' id='word_1_124' title='bbox 3147 603 3506 662; x_wconf 82' lang='lat' dir='ltr'><strong>mulieremad</strong></span> <span class='ocrx_word' id='word_1_125' title='bbox 3524 623 3686 664; x_wconf 80' lang='lat' dir='ltr'><strong>concu-</strong></span> 
     </span>
    </p>
   </div>
   <div class='ocr_carea' id='block_1_20' title="bbox 2107 690 3690 762">
    <p class='ocr_par' dir='ltr' id='par_1_20' title="bbox 2107 690 3690 762">
     <span class='ocr_line' id='line_1_20' title="bbox 2107 690 3690 762; baseline 0.006 -18"><span class='ocrx_word' id='word_1_126' title='bbox 2107 690 2426 762; x_wconf 82' lang='lat' dir='ltr'><strong>piscendum</strong></span> <span class='ocrx_word' id='word_1_127' title='bbox 2453 707 2593 757; x_wconf 87' lang='lat' dir='ltr'><strong>eam,</strong></span> <span class='ocrx_word' id='word_1_128' title='bbox 2617 693 2740 762; x_wconf 85' lang='lat' dir='ltr'><strong>jam</strong></span> <span class='ocrx_word' id='word_1_129' title='bbox 2780 692 3074 748; x_wconf 58' lang='lat' dir='ltr'><strong>moechatus</strong></span> <span class='ocrx_word' id='word_1_130' title='bbox 3101 699 3178 748; x_wconf 87' lang='lat' dir='ltr'><strong>est</strong></span> <span class='ocrx_word' id='word_1_131' title='bbox 3212 708 3328 748; x_wconf 88' lang='lat' dir='ltr'><strong>eam</strong></span> <span class='ocrx_word' id='word_1_132' title='bbox 3357 695 3410 748; x_wconf 82' lang='lat' dir='ltr'><strong>in</strong></span> <span class='ocrx_word' id='word_1_133' title='bbox 3450 695 3588 751; x_wconf 82' lang='lat' dir='ltr'><strong>corde</strong></span> <span class='ocrx_word' id='word_1_134' title='bbox 3611 713 3690 752; x_wconf 83' lang='lat' dir='ltr'><strong>suo</strong></span> 
     </span>
    </p>
   </div>
   <div class='ocr_carea' id='block_1_21' title="bbox 2110 778 3691 851">
    <p class='ocr_par' dir='ltr' id='par_1_21' title="bbox 2110 778 3691 851">
     <span class='ocr_line' id='line_1_21' title="bbox 2110 778 3691 851; baseline 0.006 -19"><span class='ocrx_word' id='word_1_135' title='bbox 2110 778 2316 849; x_wconf 81' lang='lat' dir='ltr'><strong>(Matth.</strong></span> <span class='ocrx_word' id='word_1_136' title='bbox 2355 796 2411 846; x_wconf 92' lang='lat' dir='ltr'><strong>v,</strong></span> <span class='ocrx_word' id='word_1_137' title='bbox 2455 779 2566 851; x_wconf 83' lang='lat'><strong>28).</strong></span> <span class='ocrx_word' id='word_1_138' title='bbox 2597 779 2742 846; x_wconf 86' lang='lat' dir='ltr'><strong>Quia</strong></span> <span class='ocrx_word' id='word_1_139' title='bbox 2789 779 2951 845; x_wconf 78' lang='lat' dir='ltr'><strong>enim</strong></span> <span class='ocrx_word' id='word_1_140' title='bbox 3007 780 3202 836; x_wconf 69' lang='lat' dir='ltr'><strong>Graeco</strong></span> <span class='ocrx_word' id='word_1_141' title='bbox 3255 783 3418 838; x_wconf 89' lang='lat' dir='ltr'><strong>verbo</strong></span> <span class='ocrx_word' id='word_1_142' title='bbox 3468 785 3691 842; x_wconf 72' lang='lat' dir='ltr'><strong>moechus</strong></span> 
     </span>
    </p>
   </div>
   <div class='ocr_carea' id='block_1_22' title="bbox 2109 858 3696 942">
    <p class='ocr_par' dir='ltr' id='par_1_22' title="bbox 2109 858 3696 942">
     <span class='ocr_line' id='line_1_22' title="bbox 2109 858 3696 942; baseline 0.005 -20"><span class='ocrx_word' id='word_1_143' title='bbox 2109 867 2340 922; x_wconf 89' lang='lat' dir='ltr'><strong>adulter</strong></span> <span class='ocrx_word' id='word_1_144' title='bbox 2363 858 2596 934; x_wconf 87' lang='lat' dir='ltr'><strong>dicitur,</strong></span> <span class='ocrx_word' id='word_1_145' title='bbox 2621 886 2757 924; x_wconf 90' lang='lat' dir='ltr'><strong>cum</strong></span> <span class='ocrx_word' id='word_1_146' title='bbox 2787 885 2902 925; x_wconf 91' lang='lat' dir='ltr'><strong>non</strong></span> <span class='ocrx_word' id='word_1_147' title='bbox 2935 869 3124 925; x_wconf 89' lang='lat' dir='ltr'><strong>aliena</strong></span> <span class='ocrx_word' id='word_1_148' title='bbox 3151 871 3376 942; x_wconf 84' lang='lat' dir='ltr'><strong>conjux,</strong></span> <span class='ocrx_word' id='word_1_149' title='bbox 3395 873 3490 928; x_wconf 91' lang='lat' dir='ltr'><strong>sed</strong></span> <span class='ocrx_word' id='word_1_150' title='bbox 3517 872 3696 930; x_wconf 86' lang='lat' dir='ltr'><strong>mulier</strong></span> 
     </span>
    </p>
   </div>
   <div class='ocr_carea' id='block_1_23' title="bbox 2108 955 3696 1034">
    <p class='ocr_par' dir='ltr' id='par_1_23' title="bbox 2108 955 3696 1034">
     <span class='ocr_line' id='line_1_23' title="bbox 2108 955 3696 1034; baseline 0.004 -23"><span class='ocrx_word' id='word_1_151' title='bbox 2108 955 2289 1012; x_wconf 88' lang='lat' dir='ltr'><strong>videri</strong></span> <span class='ocrx_word' id='word_1_152' title='bbox 2350 956 2715 1028; x_wconf 87' lang='lat' dir='ltr'><strong>prohibetur,</strong></span> <span class='ocrx_word' id='word_1_153' title='bbox 2769 963 2965 1030; x_wconf 88' lang='lat' dir='ltr'><strong>aperte</strong></span> <span class='ocrx_word' id='word_1_154' title='bbox 3021 957 3246 1014; x_wconf 89' lang='lat' dir='ltr'><strong>Veritas</strong></span> <span class='ocrx_word' id='word_1_155' title='bbox 3300 959 3534 1015; x_wconf 87' lang='lat' dir='ltr'><strong>ostendit</strong></span> <span class='ocrx_word' id='word_1_156' title='bbox 3581 961 3696 1034; x_wconf 83' lang='lat' dir='ltr'><strong>quia</strong></span> 
     </span>
    </p>
   </div>
   <div class='ocr_carea' id='block_1_24' title="bbox 2108 1044 3698 1122">
    <p class='ocr_par' dir='ltr' id='par_1_24' title="bbox 2108 1044 3698 1122">
     <span class='ocr_line' id='line_1_24' title="bbox 2108 1044 3698 1122; baseline 0.004 -24"><span class='ocrx_word' id='word_1_157' title='bbox 2108 1047 2165 1099; x_wconf 90' lang='lat' dir='ltr'><strong>et</strong></span> <span class='ocrx_word' id='word_1_158' title='bbox 2207 1044 2331 1100; x_wconf 89' lang='lat' dir='ltr'><strong>solo</strong></span> <span class='ocrx_word' id='word_1_159' title='bbox 2359 1045 2510 1116; x_wconf 88' lang='lat' dir='ltr'><strong>visu,</strong></span> <span class='ocrx_word' id='word_1_160' title='bbox 2543 1063 2676 1101; x_wconf 90' lang='lat' dir='ltr'><strong>cum</strong></span> <span class='ocrx_word' id='word_1_161' title='bbox 2723 1047 2976 1119; x_wconf 85' lang='lat' dir='ltr'><strong>turpiter</strong></span> <span class='ocrx_word' id='word_1_162' title='bbox 3020 1045 3107 1102; x_wconf 87' lang='lat' dir='ltr'><strong>vel</strong></span> <span class='ocrx_word' id='word_1_163' title='bbox 3163 1047 3408 1121; x_wconf 89' lang='lat' dir='ltr'><strong>innupta</strong></span> <span class='ocrx_word' id='word_1_164' title='bbox 3459 1049 3698 1122; x_wconf 82' lang='lat' dir='ltr'><strong>concupi-</strong></span> 
     </span>
    </p>
   </div>
   <div class='ocr_carea' id='block_1_25' title="bbox 2107 1133 3699 1210">
    <p class='ocr_par' dir='ltr' id='par_1_25' title="bbox 2107 1133 3699 1210">
     <span class='ocr_line' id='line_1_25' title="bbox 2107 1133 3699 1210; baseline 0.003 -22"><span class='ocrx_word' id='word_1_165' title='bbox 2107 1133 2312 1199; x_wconf 89' lang='lat' dir='ltr'><strong>scitur,</strong></span> <span class='ocrx_word' id='word_1_166' title='bbox 2356 1133 2708 1190; x_wconf 88' lang='lat' dir='ltr'><strong>adulterium</strong></span> <span class='ocrx_word' id='word_1_167' title='bbox 2760 1140 3141 1208; x_wconf 86' lang='lat' dir='ltr'><strong>perpetratur.</strong></span> <span class='ocrx_word' id='word_1_168' title='bbox 3177 1137 3336 1202; x_wconf 89' lang='lat' dir='ltr'><strong>Quod</strong></span> <span class='ocrx_word' id='word_1_169' title='bbox 3379 1141 3558 1192; x_wconf 87' lang='lat' dir='ltr'><strong>tamen</strong></span> <span class='ocrx_word' id='word_1_170' title='bbox 3601 1138 3699 1210; x_wconf 81' lang='lat' dir='ltr'><strong>ple-</strong></span> 
     </span>
    </p>
   </div>
   <div class='ocr_carea' id='block_1_26' title="bbox 2109 1223 3698 1297">
    <p class='ocr_par' dir='ltr' id='par_1_26' title="bbox 2109 1223 3698 1297">
     <span class='ocr_line' id='line_1_26' title="bbox 2109 1223 3698 1297; baseline 0.003 -21"><span class='ocrx_word' id='word_1_171' title='bbox 2109 1239 2360 1293; x_wconf 88' lang='lat' dir='ltr'><strong>rumque</strong></span> <span class='ocrx_word' id='word_1_172' title='bbox 2388 1240 2456 1278; x_wconf 86' lang='lat' dir='ltr'><strong>ex</strong></span> <span class='ocrx_word' id='word_1_173' title='bbox 2508 1223 2632 1279; x_wconf 93' lang='lat' dir='ltr'><strong>loco</strong></span> <span class='ocrx_word' id='word_1_174' title='bbox 2663 1223 2750 1279; x_wconf 89' lang='lat' dir='ltr'><strong>vel</strong></span> <span class='ocrx_word' id='word_1_175' title='bbox 2790 1225 2992 1280; x_wconf 91' lang='lat' dir='ltr'><strong>ordine</strong></span> <span class='ocrx_word' id='word_1_176' title='bbox 3038 1225 3492 1297; x_wconf 86' lang='lat' dir='ltr'><strong>concupiscentis</strong></span> <span class='ocrx_word' id='word_1_177' title='bbox 3518 1227 3698 1282; x_wconf 86' lang='lat' dir='ltr'><strong>discer-</strong></span> 
     </span>
    </p>
   </div>
   <div class='ocr_carea' id='block_1_27' title="bbox 2108 1309 3702 1382">
    <p class='ocr_par' dir='ltr' id='par_1_27' title="bbox 2108 1309 3702 1382">
     <span class='ocr_line' id='line_1_27' title="bbox 2108 1309 3702 1382; baseline 0.003 -18"><span class='ocrx_word' id='word_1_178' title='bbox 2108 1309 2310 1366; x_wconf 85' lang='lat' dir='ltr'><strong>nitur:</strong></span> <span class='ocrx_word' id='word_1_179' title='bbox 2347 1311 2484 1382; x_wconf 89' lang='lat' dir='ltr'><strong>quia</strong></span> <span class='ocrx_word' id='word_1_180' title='bbox 2513 1312 2668 1367; x_wconf 90' lang='lat' dir='ltr'><strong>sicut</strong></span> <span class='ocrx_word' id='word_1_181' title='bbox 2711 1311 2868 1368; x_wconf 89' lang='lat' dir='ltr'><strong>hunc</strong></span> <span class='ocrx_word' id='word_1_182' title='bbox 2917 1311 2976 1366; x_wconf 92' lang='lat' dir='ltr'><strong>in</strong></span> <span class='ocrx_word' id='word_1_183' title='bbox 3027 1329 3192 1368; x_wconf 90' lang='lat' dir='ltr'><strong>sacro</strong></span> <span class='ocrx_word' id='word_1_184' title='bbox 3241 1313 3436 1368; x_wconf 90' lang='lat' dir='ltr'><strong>ordine</strong></span> <span class='ocrx_word' id='word_1_185' title='bbox 3479 1313 3702 1370; x_wconf 88' lang='lat' dir='ltr'><strong>studiosa</strong></span> 
     </span>
    </p>
   </div>
   <div class='ocr_carea' id='block_1_28' title="bbox 2107 1399 3698 1475">
    <p class='ocr_par' dir='ltr' id='par_1_28' title="bbox 2107 1399 3698 1475">
     <span class='ocr_line' id='line_1_28' title="bbox 2107 1399 3698 1475; baseline 0.002 -22"><span class='ocrx_word' id='word_1_186' title='bbox 2107 1399 2600 1472; x_wconf 86' lang='lat' dir='ltr'><strong>concupiscentia,</strong></span> <span class='ocrx_word' id='word_1_187' title='bbox 2633 1400 2718 1457; x_wconf 91' lang='lat' dir='ltr'><strong>sic</strong></span> <span class='ocrx_word' id='word_1_188' title='bbox 2748 1400 2916 1456; x_wconf 90' lang='lat' dir='ltr'><strong>illum</strong></span> <span class='ocrx_word' id='word_1_189' title='bbox 2950 1400 3219 1457; x_wconf 89' lang='lat' dir='ltr'><strong>adulterii</strong></span> <span class='ocrx_word' id='word_1_190' title='bbox 3261 1401 3516 1474; x_wconf 88' lang='lat' dir='ltr'><strong>inquinat</strong></span> <span class='ocrx_word' id='word_1_191' title='bbox 3539 1401 3698 1475; x_wconf 85' lang='lat' dir='ltr'><strong>culpa.</strong></span> 
     </span>
    </p>
   </div>
   <div class='ocr_carea' id='block_1_29' title="bbox 2108 1487 3701 1558">
    <p class='ocr_par' dir='ltr' id='par_1_29' title="bbox 2108 1487 3701 1558">
     <span class='ocr_line' id='line_1_29' title="bbox 2108 1487 3701 1558; baseline 0.002 -17"><span class='ocrx_word' id='word_1_192' title='bbox 2108 1487 2170 1542; x_wconf 92' lang='lat' dir='ltr'><strong>In</strong></span> <span class='ocrx_word' id='word_1_193' title='bbox 2202 1487 2466 1558; x_wconf 85' lang='lat' dir='ltr'><strong>personis</strong></span> <span class='ocrx_word' id='word_1_194' title='bbox 2506 1493 2702 1546; x_wconf 89' lang='lat' dir='ltr'><strong>tamen</strong></span> <span class='ocrx_word' id='word_1_195' title='bbox 2753 1505 2869 1545; x_wconf 89' lang='lat' dir='ltr'><strong>non</strong></span> <span class='ocrx_word' id='word_1_196' title='bbox 2917 1488 3308 1545; x_wconf 88' lang='lat' dir='ltr'><strong>dissimilibus</strong></span> <span class='ocrx_word' id='word_1_197' title='bbox 3361 1489 3508 1545; x_wconf 90' lang='lat' dir='ltr'><strong>idem</strong></span> <span class='ocrx_word' id='word_1_198' title='bbox 3560 1489 3701 1544; x_wconf 80' lang='lat' dir='ltr'><strong>luxu-</strong></span> 
     </span>
    </p>
   </div>
   <div class='ocr_carea' id='block_1_30' title="bbox 2107 1575 3700 1658">
    <p class='ocr_par' dir='ltr' id='par_1_30' title="bbox 2107 1575 3700 1658">
     <span class='ocr_line' id='line_1_30' title="bbox 2107 1575 3700 1658; baseline 0.001 -27"><span class='ocrx_word' id='word_1_199' title='bbox 2107 1577 2204 1632; x_wconf 66' lang='lat' dir='ltr'><strong>riae</strong></span> <span class='ocrx_word' id='word_1_200' title='bbox 2255 1575 2641 1650; x_wconf 88' lang='lat' dir='ltr'><strong>distinguitur</strong></span> <span class='ocrx_word' id='word_1_201' title='bbox 2693 1583 2910 1644; x_wconf 83' lang='lat' dir='ltr'><strong>reatus,</strong></span> <span class='ocrx_word' id='word_1_202' title='bbox 2967 1578 3027 1634; x_wconf 88' lang='lat' dir='ltr'><strong>in</strong></span> <span class='ocrx_word' id='word_1_203' title='bbox 3087 1579 3306 1651; x_wconf 89' lang='lat' dir='ltr'><strong>quibus</strong></span> <span class='ocrx_word' id='word_1_204' title='bbox 3352 1577 3700 1658; x_wconf 82' lang='lat' dir='ltr'><strong>fornicationis</strong></span> 
     </span>
    </p>
   </div>
   <div class='ocr_carea' id='block_1_31' title="bbox 2103 1665 3702 1739">
    <p class='ocr_par' dir='ltr' id='par_1_31' title="bbox 2103 1665 3702 1739">
     <span class='ocr_line' id='line_1_31' title="bbox 2103 1665 3702 1739; baseline 0.001 -19"><span class='ocrx_word' id='word_1_205' title='bbox 2103 1665 2300 1737; x_wconf 91' lang='lat' dir='ltr'><strong>culpa,</strong></span> <span class='ocrx_word' id='word_1_206' title='bbox 2332 1681 2450 1737; x_wconf 89' lang='lat' dir='ltr'><strong>qua</strong></span> <span class='ocrx_word' id='word_1_207' title='bbox 2487 1667 2560 1722; x_wconf 92' lang='lat' dir='ltr'><strong>ab</strong></span> <span class='ocrx_word' id='word_1_208' title='bbox 2609 1666 2878 1722; x_wconf 89' lang='lat' dir='ltr'><strong>adulterii</strong></span> <span class='ocrx_word' id='word_1_209' title='bbox 2929 1671 3093 1722; x_wconf 82' lang='lat' dir='ltr'><strong>reatu</strong></span> <span class='ocrx_word' id='word_1_210' title='bbox 3141 1665 3503 1735; x_wconf 88' lang='lat' dir='ltr'><strong>discernitur,</strong></span> <span class='ocrx_word' id='word_1_211' title='bbox 3532 1667 3702 1739; x_wconf 66' lang='lat' dir='ltr'><strong>praedi-</strong></span> 
     </span>
    </p>
   </div>
   <div class='ocr_carea' id='block_1_32' title="bbox 2103 1753 3704 1828">
    <p class='ocr_par' dir='ltr' id='par_1_32' title="bbox 2103 1753 3704 1828">
     <span class='ocr_line' id='line_1_32' title="bbox 2103 1753 3704 1828; baseline 0.001 -20"><span class='ocrx_word' id='word_1_212' title='bbox 2103 1753 2318 1810; x_wconf 89' lang='lat' dir='ltr'><strong>catoris</strong></span> <span class='ocrx_word' id='word_1_213' title='bbox 2371 1753 2574 1827; x_wconf 86' lang='lat' dir='ltr'><strong>lingua</strong></span> <span class='ocrx_word' id='word_1_214' title='bbox 2620 1759 2888 1821; x_wconf 88' lang='lat' dir='ltr'><strong>testatur,</strong></span> <span class='ocrx_word' id='word_1_215' title='bbox 2923 1772 3048 1828; x_wconf 68' lang='lat' dir='ltr'><strong>quae</strong></span> <span class='ocrx_word' id='word_1_216' title='bbox 3096 1754 3250 1812; x_wconf 89' lang='lat' dir='ltr'><strong>inter</strong></span> <span class='ocrx_word' id='word_1_217' title='bbox 3296 1759 3490 1812; x_wconf 67' lang='lat' dir='ltr'><strong>caetera</strong></span> <span class='ocrx_word' id='word_1_218' title='bbox 3531 1753 3704 1810; x_wconf 78' lang='lat' dir='ltr'><strong>asserit</strong></span> 
     </span>
    </p>
   </div>
   <div class='ocr_carea' id='block_1_33' title="bbox 257 1841 3704 1946">
    <p class='ocr_par' dir='ltr' id='par_1_33' title="bbox 257 1841 3704 1946">
     <span class='ocr_line' id='line_1_33' title="bbox 257 1841 3704 1946; baseline 0 -46"><span class='ocrx_word' id='word_1_219' title='bbox 257 1885 264 1892; x_wconf 82' lang='lat'><strong>.</strong></span> <span class='ocrx_word' id='word_1_220' title='bbox 349 1843 727 1916; x_wconf 83' lang='lat' dir='ltr'><strong>professionis</strong></span> <span class='ocrx_word' id='word_1_221' title='bbox 757 1843 969 1900; x_wconf 90' lang='lat' dir='ltr'><strong>oblitos</strong></span> <span class='ocrx_word' id='word_1_222' title='bbox 1011 1845 1598 1918; x_wconf 82' lang='lat' dir='ltr'><strong>praevaricatoresque</strong></span> <span class='ocrx_word' id='word_1_223' title='bbox 1629 1847 1813 1903; x_wconf 90' lang='lat' dir='ltr'><strong>sancti</strong></span> <span class='ocrx_word' id='word_1_224' title='bbox 1864 1864 1994 1919; x_wconf 89' lang='lat' dir='ltr'><strong>pro-</strong></span> <span class='ocrx_word' id='word_1_225' title='bbox 2027 1881 2076 1946; x_wconf 78' lang='grc' dir='ltr'>Β</span> <span class='ocrx_word' id='word_1_226' title='bbox 2108 1841 2328 1909; x_wconf 82' lang='lat' dir='ltr'><strong>dicens,</strong></span> <span class='ocrx_word' id='word_1_227' title='bbox 2361 1843 2540 1914; x_wconf 83' lang='lat' dir='ltr'><strong>Neque</strong></span> <span class='ocrx_word' id='word_1_228' title='bbox 2568 1845 2885 1914; x_wconf 66' lang='grc' dir='ltr'><strong>[Μηίων-εἰ,</strong></span> <span class='ocrx_word' id='word_1_229' title='bbox 2914 1860 3088 1916; x_wconf 86' lang='lat' dir='ltr'><strong>neque</strong></span> <span class='ocrx_word' id='word_1_230' title='bbox 3117 1844 3283 1900; x_wconf 81' lang='lat' dir='ltr'><strong>idolis</strong></span> <span class='ocrx_word' id='word_1_231' title='bbox 3319 1846 3607 1912; x_wconf 69' lang='lat' dir='ltr'><strong>servientes,</strong></span> 
     </span>
    </p>
   </div>
   <div class='ocr_carea' id='block_1_34' title="bbox 349 1931 2000 2005">
    <p class='ocr_par' dir='ltr' id='par_1_34' title="bbox 349 1931 2000 2005">
     <span class='ocr_line' id='line_1_34' title="bbox 349 1931 2000 2005; baseline 0.002 -17"><span class='ocrx_word' id='word_1_232' title='bbox 349 1931 524 2005; x_wconf 91' lang='lat' dir='ltr'><strong>positi</strong></span> <span class='ocrx_word' id='word_1_233' title='bbox 556 1931 940 2004; x_wconf 88' lang='lat' dir='ltr'><strong>proculdubio</strong></span> <span class='ocrx_word' id='word_1_234' title='bbox 971 1935 1422 1991; x_wconf 89' lang='lat' dir='ltr'><strong>submovendos.</strong></span> <span class='ocrx_word' id='word_1_235' title='bbox 1447 1957 1474 1984; x_wconf 85' lang='grc'><strong>››</strong></span> <span class='ocrx_word' id='word_1_236' title='bbox 1497 1937 1568 1991; x_wconf 88' lang='lat' dir='ltr'><strong>Et</strong></span> <span class='ocrx_word' id='word_1_237' title='bbox 1598 1942 1838 1992; x_wconf 88' lang='lat' dir='ltr'><strong>sanctus</strong></span> <span class='ocrx_word' id='word_1_238' title='bbox 1867 1937 2000 1992; x_wconf 89' lang='lat' dir='ltr'><strong>Gre-</strong></span> 
     </span>
    </p>
   </div>
   <div class='ocr_carea' id='block_1_35' title="bbox 349 2020 1994 2096">
    <p class='ocr_par' dir='ltr' id='par_1_35' title="bbox 349 2020 1994 2096">
     <span class='ocr_line' id='line_1_35' title="bbox 349 2020 1994 2096; baseline 0.001 -18"><span class='ocrx_word' id='word_1_239' title='bbox 349 2020 549 2094; x_wconf 84' lang='lat' dir='ltr'><strong>gorius</strong></span> <span class='ocrx_word' id='word_1_240' title='bbox 575 2021 650 2077; x_wconf 91' lang='lat' dir='ltr'><strong>ad</strong></span> <span class='ocrx_word' id='word_1_241' title='bbox 693 2021 1073 2078; x_wconf 85' lang='lat' dir='ltr'><strong>Anthemium</strong></span> <span class='ocrx_word' id='word_1_242' title='bbox 1121 2024 1550 2080; x_wconf 89' lang='lat' dir='ltr'><strong>subdiaconum</strong></span> <span class='ocrx_word' id='word_1_243' title='bbox 1583 2026 1701 2096; x_wconf 82' lang='lat' dir='ltr'><strong>(tib.</strong></span> <span class='ocrx_word' id='word_1_244' title='bbox 1734 2044 1811 2095; x_wconf 80' lang='lat' dir='ltr'><strong>ix,</strong></span> <span class='ocrx_word' id='word_1_245' title='bbox 1839 2027 1994 2096; x_wconf 80' lang='lat' dir='ltr'><strong>epist.</strong></span> 
     </span>
    </p>
   </div>
   <div class='ocr_carea' id='block_1_36' title="bbox 347 2109 1996 2186">
    <p class='ocr_par' dir='ltr' id='par_1_36' title="bbox 347 2109 1996 2186">
     <span class='ocr_line' id='line_1_36' title="bbox 347 2109 1996 2186; baseline 0.004 -20"><span class='ocrx_word' id='word_1_246' title='bbox 347 2110 440 2182; x_wconf 84' lang='lat'><strong>66)</strong></span> <span class='ocrx_word' id='word_1_247' title='bbox 465 2125 514 2166; x_wconf 90' lang='lat'><strong>:«</strong></span> <span class='ocrx_word' id='word_1_248' title='bbox 538 2109 687 2177; x_wconf 84' lang='lat' dir='ltr'><strong>Quia</strong></span> <span class='ocrx_word' id='word_1_249' title='bbox 715 2115 889 2166; x_wconf 65' lang='lat' dir='ltr'><strong>tanta;</strong></span> <span class='ocrx_word' id='word_1_250' title='bbox 929 2112 1202 2184; x_wconf 65' lang='lat' dir='ltr'><strong>nequitiae</strong></span> <span class='ocrx_word' id='word_1_251' title='bbox 1234 2113 1456 2170; x_wconf 90' lang='lat' dir='ltr'><strong>malum</strong></span> <span class='ocrx_word' id='word_1_252' title='bbox 1489 2113 1667 2186; x_wconf 85' lang='lat' dir='ltr'><strong>digna</strong></span> <span class='ocrx_word' id='word_1_253' title='bbox 1696 2133 1812 2170; x_wconf 91' lang='lat' dir='ltr'><strong>non</strong></span> <span class='ocrx_word' id='word_1_254' title='bbox 1847 2115 1996 2172; x_wconf 68' lang='lat'><strong>725</strong></span> 
     </span>
    </p>
   </div>
   <div class='ocr_carea' id='block_1_37' title="bbox 349 2198 1998 2274">
    <p class='ocr_par' dir='ltr' id='par_1_37' title="bbox 349 2198 1998 2274">
     <span class='ocr_line' id='line_1_37' title="bbox 349 2198 1998 2274; baseline 0.002 -20"><span class='ocrx_word' id='word_1_255' title='bbox 349 2199 524 2256; x_wconf 86' lang='lat' dir='ltr'><strong>debet</strong></span> <span class='ocrx_word' id='word_1_256' title='bbox 561 2198 688 2256; x_wconf 88' lang='lat' dir='ltr'><strong>sine</strong></span> <span class='ocrx_word' id='word_1_257' title='bbox 736 2199 957 2256; x_wconf 88' lang='lat' dir='ltr'><strong>ultione</strong></span> <span class='ocrx_word' id='word_1_258' title='bbox 1004 2201 1272 2269; x_wconf 86' lang='lat' dir='ltr'><strong>transire,</strong></span> <span class='ocrx_word' id='word_1_259' title='bbox 1306 2203 1710 2274; x_wconf 87' lang='lat' dir='ltr'><strong>supradictum</strong></span> <span class='ocrx_word' id='word_1_260' title='bbox 1758 2203 1998 2258; x_wconf 85' lang='lat' dir='ltr'><strong>fratrem</strong></span> 
     </span>
    </p>
   </div>
   <div class='ocr_carea' id='block_1_38' title="bbox 351 2287 1998 2360">
    <p class='ocr_par' dir='ltr' id='par_1_38' title="bbox 351 2287 1998 2360">
     <span class='ocr_line' id='line_1_38' title="bbox 351 2287 1998 2360; baseline 0.002 -18"><span class='ocrx_word' id='word_1_261' title='bbox 351 2291 621 2344; x_wconf 88' lang='lat' dir='ltr'><strong>nostrum</strong></span> <span class='ocrx_word' id='word_1_262' title='bbox 652 2289 990 2344; x_wconf 89' lang='lat' dir='ltr'><strong>Pascasium</strong></span> <span class='ocrx_word' id='word_1_263' title='bbox 1019 2287 1352 2346; x_wconf 62' lang='lat' dir='ltr'><strong>ﬁdmonere</strong></span> <span class='ocrx_word' id='word_1_264' title='bbox 1382 2295 1438 2346; x_wconf 89' lang='lat' dir='ltr'><strong>te</strong></span> <span class='ocrx_word' id='word_1_265' title='bbox 1477 2290 1770 2360; x_wconf 89' lang='lat' dir='ltr'><strong>volumus,</strong></span> <span class='ocrx_word' id='word_1_266' title='bbox 1806 2297 1871 2346; x_wconf 90' lang='lat' dir='ltr'><strong>ut</strong></span> <span class='ocrx_word' id='word_1_267' title='bbox 1900 2293 1998 2347; x_wconf 87' lang='lat' dir='ltr'><strong>Hi-</strong></span> 
     </span>
    </p>
   </div>
   <div class='ocr_carea' id='block_1_39' title="bbox 350 2371 1996 2453">
    <p class='ocr_par' dir='ltr' id='par_1_39' title="bbox 350 2371 1996 2453">
     <span class='ocr_line' id='line_1_39' title="bbox 350 2371 1996 2453; baseline 0.003 -22"><span class='ocrx_word' id='word_1_268' title='bbox 350 2375 566 2432; x_wconf 89' lang='lat' dir='ltr'><strong>larium</strong></span> <span class='ocrx_word' id='word_1_269' title='bbox 605 2371 769 2448; x_wconf 86' lang='lat' dir='ltr'><strong>prius</strong></span> <span class='ocrx_word' id='word_1_270' title='bbox 811 2377 1176 2446; x_wconf 89' lang='lat' dir='ltr'><strong>subdiaconi,</strong></span> <span class='ocrx_word' id='word_1_271' title='bbox 1209 2395 1326 2450; x_wconf 92' lang='lat' dir='ltr'><strong>quo</strong></span> <span class='ocrx_word' id='word_1_272' title='bbox 1383 2379 1662 2452; x_wconf 89' lang='lat' dir='ltr'><strong>indignus</strong></span> <span class='ocrx_word' id='word_1_273' title='bbox 1711 2379 1996 2453; x_wconf 86' lang='lat' dir='ltr'><strong>fungitur,</strong></span> 
     </span>
    </p>
   </div>
   <div class='ocr_carea' id='block_1_40' title="bbox 352 2464 1996 2543">
    <p class='ocr_par' dir='ltr' id='par_1_40' title="bbox 352 2464 1996 2543">
     <span class='ocr_line' id='line_1_40' title="bbox 352 2464 1996 2543; baseline 0.003 -24"><span class='ocrx_word' id='word_1_274' title='bbox 352 2464 538 2534; x_wconf 87' lang='lat' dir='ltr'><strong>privet</strong></span> <span class='ocrx_word' id='word_1_275' title='bbox 564 2465 777 2534; x_wconf 80' lang='lat' dir='ltr'><strong>officio,</strong></span> <span class='ocrx_word' id='word_1_276' title='bbox 811 2469 990 2538; x_wconf 89' lang='lat' dir='ltr'><strong>atque</strong></span> <span class='ocrx_word' id='word_1_277' title='bbox 1012 2467 1348 2524; x_wconf 90' lang='lat' dir='ltr'><strong>verberibus</strong></span> <span class='ocrx_word' id='word_1_278' title='bbox 1383 2468 1612 2540; x_wconf 90' lang='lat' dir='ltr'><strong>publice</strong></span> <span class='ocrx_word' id='word_1_279' title='bbox 1641 2470 1996 2543; x_wconf 84' lang='lat' dir='ltr'><strong>castigatum</strong></span> 
     </span>
    </p>
   </div>
   <div class='ocr_carea' id='block_1_41' title="bbox 351 2553 1996 2630">
    <p class='ocr_par' dir='ltr' id='par_1_41' title="bbox 351 2553 1996 2630">
     <span class='ocr_line' id='line_1_41' title="bbox 351 2553 1996 2630; baseline 0.005 -22"><span class='ocrx_word' id='word_1_280' title='bbox 351 2553 526 2610; x_wconf 82' lang='lat' dir='ltr'><strong>faciat</strong></span> <span class='ocrx_word' id='word_1_281' title='bbox 553 2553 613 2609; x_wconf 89' lang='lat' dir='ltr'><strong>in</strong></span> <span class='ocrx_word' id='word_1_282' title='bbox 645 2553 916 2611; x_wconf 82' lang='lat' dir='ltr'><strong>exsilium</strong></span> <span class='ocrx_word' id='word_1_283' title='bbox 947 2555 1340 2628; x_wconf 86' lang='lat' dir='ltr'><strong>deportari,ut</strong></span> <span class='ocrx_word' id='word_1_284' title='bbox 1369 2557 1546 2614; x_wconf 88' lang='lat' dir='ltr'><strong>unius</strong></span> <span class='ocrx_word' id='word_1_285' title='bbox 1576 2575 1748 2630; x_wconf 71' lang='lat' dir='ltr'><strong>paena</strong></span> <span class='ocrx_word' id='word_1_286' title='bbox 1778 2559 1996 2616; x_wconf 89' lang='lat' dir='ltr'><strong>multo-</strong></span> 
     </span>
    </p>
   </div>
   <div class='ocr_carea' id='block_1_42' title="bbox 351 2642 1998 2720">
    <p class='ocr_par' dir='ltr' id='par_1_42' title="bbox 351 2642 1998 2720">
     <span class='ocr_line' id='line_1_42' title="bbox 351 2642 1998 2720; baseline 0.005 -25"><span class='ocrx_word' id='word_1_287' title='bbox 351 2657 485 2696; x_wconf 88' lang='lat' dir='ltr'><strong>rum</strong></span> <span class='ocrx_word' id='word_1_288' title='bbox 513 2642 703 2714; x_wconf 87' lang='lat' dir='ltr'><strong>possit</strong></span> <span class='ocrx_word' id='word_1_289' title='bbox 729 2659 858 2700; x_wconf 90' lang='lat' dir='ltr'><strong>esse</strong></span> <span class='ocrx_word' id='word_1_290' title='bbox 889 2645 1190 2700; x_wconf 88' lang='lat' dir='ltr'><strong>correctio.</strong></span> <span class='ocrx_word' id='word_1_291' title='bbox 1217 2667 1246 2695; x_wconf 89' lang='grc'><strong>››</strong></span> <span class='ocrx_word' id='word_1_292' title='bbox 1267 2645 1337 2702; x_wconf 89' lang='lat' dir='ltr'><strong>Et</strong></span> <span class='ocrx_word' id='word_1_293' title='bbox 1365 2647 1436 2701; x_wconf 91' lang='lat' dir='ltr'><strong>ad</strong></span> <span class='ocrx_word' id='word_1_294' title='bbox 1469 2646 1818 2703; x_wconf 85' lang='lat' dir='ltr'><strong>Columbam</strong></span> <span class='ocrx_word' id='word_1_295' title='bbox 1849 2647 1998 2720; x_wconf 89' lang='lat' dir='ltr'><strong>epis-</strong></span> 
     </span>
    </p>
   </div>
   <div class='ocr_carea' id='block_1_43' title="bbox 349 2721 1998 2809">
    <p class='ocr_par' dir='ltr' id='par_1_43' title="bbox 349 2721 1998 2809">
     <span class='ocr_line' id='line_1_43' title="bbox 349 2721 1998 2809; baseline 0.004 -23"><span class='ocrx_word' id='word_1_296' title='bbox 349 2721 564 2803; x_wconf 87' lang='lat' dir='ltr'><strong>copum</strong></span> <span class='ocrx_word' id='word_1_297' title='bbox 591 2731 712 2800; x_wconf 85' lang='lat' dir='ltr'><strong>(lib.</strong></span> <span class='ocrx_word' id='word_1_298' title='bbox 744 2750 798 2800; x_wconf 72' lang='grc' dir='ltr'><strong>ι,</strong></span> <span class='ocrx_word' id='word_1_299' title='bbox 831 2735 988 2805; x_wconf 87' lang='lat' dir='ltr'><strong>epist.</strong></span> <span class='ocrx_word' id='word_1_300' title='bbox 1014 2736 1071 2803; x_wconf 89' lang='lat'>8)</span> <span class='ocrx_word' id='word_1_301' title='bbox 1093 2751 1144 2790; x_wconf 87' lang='lat'><strong>:«</strong></span> <span class='ocrx_word' id='word_1_302' title='bbox 1169 2734 1432 2791; x_wconf 88' lang='lat' dir='ltr'><strong>Pervenit</strong></span> <span class='ocrx_word' id='word_1_303' title='bbox 1459 2736 1532 2791; x_wconf 91' lang='lat' dir='ltr'><strong>ad</strong></span> <span class='ocrx_word' id='word_1_304' title='bbox 1564 2738 1863 2809; x_wconf 89' lang='lat' dir='ltr'><strong>nos,quod</strong></span> <span class='ocrx_word' id='word_1_305' title='bbox 1893 2737 1998 2794; x_wconf 94' lang='lat' dir='ltr'><strong>Do-</strong></span> 
     </span>
    </p>
   </div>
   <div class='ocr_carea' id='block_1_44' title="bbox 351 2817 2000 2898">
    <p class='ocr_par' dir='ltr' id='par_1_44' title="bbox 351 2817 2000 2898">
     <span class='ocr_line' id='line_1_44' title="bbox 351 2817 2000 2898; baseline 0.004 -23"><span class='ocrx_word' id='word_1_306' title='bbox 351 2819 574 2876; x_wconf 85' lang='lat' dir='ltr'><strong>nadeus</strong></span> <span class='ocrx_word' id='word_1_307' title='bbox 593 2819 876 2878; x_wconf 91' lang='lat' dir='ltr'><strong>diaconus</strong></span> <span class='ocrx_word' id='word_1_308' title='bbox 908 2817 1010 2894; x_wconf 85' lang='lat' dir='ltr'><strong>pro</strong></span> <span class='ocrx_word' id='word_1_309' title='bbox 1032 2823 1317 2896; x_wconf 89' lang='lat' dir='ltr'><strong>corporali</strong></span> <span class='ocrx_word' id='word_1_310' title='bbox 1336 2824 1542 2880; x_wconf 87' lang='lat' dir='ltr'><strong>fuisset</strong></span> <span class='ocrx_word' id='word_1_311' title='bbox 1570 2831 1806 2897; x_wconf 90' lang='lat' dir='ltr'><strong>peccato</strong></span> <span class='ocrx_word' id='word_1_312' title='bbox 1827 2827 2000 2898; x_wconf 84' lang='lat' dir='ltr'><strong>depo-</strong></span> 
     </span>
    </p>
   </div>
   <div class='ocr_carea' id='block_1_45' title="bbox 351 2907 1999 2986">
    <p class='ocr_par' dir='ltr' id='par_1_45' title="bbox 351 2907 1999 2986">
     <span class='ocr_line' id='line_1_45' title="bbox 351 2907 1999 2986; baseline 0.004 -23"><span class='ocrx_word' id='word_1_313' title='bbox 351 2907 521 2964; x_wconf 90' lang='lat' dir='ltr'><strong>situs.</strong></span> <span class='ocrx_word' id='word_1_314' title='bbox 557 2907 796 2966; x_wconf 86' lang='lat' dir='ltr'><strong>Dilectio</strong></span> <span class='ocrx_word' id='word_1_315' title='bbox 827 2915 1020 2967; x_wconf 87' lang='lat' dir='ltr'><strong>vestra</strong></span> <span class='ocrx_word' id='word_1_316' title='bbox 1067 2912 1268 2968; x_wconf 91' lang='lat' dir='ltr'><strong>subtili</strong></span> <span class='ocrx_word' id='word_1_317' title='bbox 1300 2912 1407 2968; x_wconf 90' lang='lat' dir='ltr'><strong>hoc</strong></span> <span class='ocrx_word' id='word_1_318' title='bbox 1449 2913 1829 2985; x_wconf 87' lang='lat' dir='ltr'><strong>inquisitione</strong></span> <span class='ocrx_word' id='word_1_319' title='bbox 1874 2931 1999 2986; x_wconf 90' lang='lat' dir='ltr'><strong>per-</strong></span> 
     </span>
    </p>
   </div>
   <div class='ocr_carea' id='block_1_46' title="bbox 347 2996 1996 3074">
    <p class='ocr_par' dir='ltr' id='par_1_46' title="bbox 347 2996 1996 3074">
     <span class='ocr_line' id='line_1_46' title="bbox 347 2996 1996 3074; baseline 0.004 -22"><span class='ocrx_word' id='word_1_320' title='bbox 347 2996 544 3069; x_wconf 89' lang='lat' dir='ltr'><strong>quirat</strong></span> <span class='ocrx_word' id='word_1_321' title='bbox 577 3014 590 3054; x_wconf 90' lang='lat'>:</span> <span class='ocrx_word' id='word_1_322' title='bbox 622 3001 682 3054; x_wconf 92' lang='lat' dir='ltr'><strong>et</strong></span> <span class='ocrx_word' id='word_1_323' title='bbox 727 2999 778 3055; x_wconf 89' lang='lat' dir='ltr'><strong>si</strong></span> <span class='ocrx_word' id='word_1_324' title='bbox 828 2999 909 3055; x_wconf 90' lang='lat' dir='ltr'><strong>ita</strong></span> <span class='ocrx_word' id='word_1_325' title='bbox 957 3005 1067 3067; x_wconf 90' lang='lat' dir='ltr'><strong>est,</strong></span> <span class='ocrx_word' id='word_1_326' title='bbox 1099 2999 1158 3055; x_wconf 92' lang='lat' dir='ltr'><strong>in</strong></span> <span class='ocrx_word' id='word_1_327' title='bbox 1211 3002 1550 3074; x_wconf 73' lang='lat' dir='ltr'><strong>paenitentia</strong></span> <span class='ocrx_word' id='word_1_328' title='bbox 1605 3003 1996 3058; x_wconf 90' lang='lat' dir='ltr'><strong>retrudendus</strong></span> 
     </span>
    </p>
   </div>
   <div class='ocr_carea' id='block_1_47' title="bbox 329 3087 1998 3164">
    <p class='ocr_par' dir='ltr' id='par_1_47' title="bbox 329 3087 1998 3164">
     <span class='ocr_line' id='line_1_47' title="bbox 329 3087 1998 3164; baseline 0.004 -23"><span class='ocrx_word' id='word_1_329' title='bbox 329 3088 457 3156; x_wconf 75' lang='lat' dir='ltr'><strong>est,</strong></span> <span class='ocrx_word' id='word_1_330' title='bbox 482 3089 547 3142; x_wconf 90' lang='lat' dir='ltr'><strong>ut</strong></span> <span class='ocrx_word' id='word_1_331' title='bbox 581 3087 881 3144; x_wconf 83' lang='lat' dir='ltr'><strong>commissi</strong></span> <span class='ocrx_word' id='word_1_332' title='bbox 914 3088 1126 3161; x_wconf 79' lang='lat' dir='ltr'><strong>ﬂagitii</strong></span> <span class='ocrx_word' id='word_1_333' title='bbox 1147 3089 1443 3146; x_wconf 88' lang='lat' dir='ltr'><strong>vinculum</strong></span> <span class='ocrx_word' id='word_1_334' title='bbox 1488 3091 1762 3164; x_wconf 83' lang='lat' dir='ltr'><strong>laorymis</strong></span> <span class='ocrx_word' id='word_1_335' title='bbox 1811 3092 1998 3164; x_wconf 88' lang='lat' dir='ltr'><strong>possit</strong></span> 
     </span>
    </p>
   </div>
   <div class='ocr_carea' id='block_1_48' title="bbox 348 3173 1992 3251">
    <p class='ocr_par' dir='ltr' id='par_1_48' title="bbox 348 3173 1992 3251">
     <span class='ocr_line' id='line_1_48' title="bbox 348 3173 1992 3251; baseline 0.002 -21"><span class='ocrx_word' id='word_1_336' title='bbox 348 3173 664 3231; x_wconf 88' lang='lat' dir='ltr'><strong>absolvere.</strong></span> <span class='ocrx_word' id='word_1_337' title='bbox 684 3197 710 3224; x_wconf 82' lang='lat' dir='ltr'><strong>n</strong></span> <span class='ocrx_word' id='word_1_338' title='bbox 732 3177 802 3232; x_wconf 89' lang='lat' dir='ltr'><strong>Et</strong></span> <span class='ocrx_word' id='word_1_339' title='bbox 829 3178 901 3232; x_wconf 92' lang='lat' dir='ltr'><strong>ad</strong></span> <span class='ocrx_word' id='word_1_340' title='bbox 946 3177 1329 3234; x_wconf 88' lang='lat' dir='ltr'><strong>Sabinianum</strong></span> <span class='ocrx_word' id='word_1_341' title='bbox 1378 3179 1718 3251; x_wconf 89' lang='lat' dir='ltr'><strong>episcopum</strong></span> <span class='ocrx_word' id='word_1_342' title='bbox 1746 3180 1868 3248; x_wconf 82' lang='lat' dir='ltr'><strong>(lib.</strong></span> <span class='ocrx_word' id='word_1_343' title='bbox 1894 3197 1992 3246; x_wconf 77' lang='lat' dir='ltr'><strong>vn,</strong></span> 
     </span>
    </p>
   </div>
   <div class='ocr_carea' id='block_1_49' title="bbox 2105 1930 3707 2005">
    <p class='ocr_par' dir='ltr' id='par_1_49' title="bbox 2105 1930 3707 2005">
     <span class='ocr_line' id='line_1_49' title="bbox 2105 1930 3707 2005; baseline -0.002 -18"><span class='ocrx_word' id='word_1_344' title='bbox 2105 1948 2208 2003; x_wconf 85' lang='lat' dir='ltr'><strong>que</strong></span> <span class='ocrx_word' id='word_1_345' title='bbox 2255 1933 2492 1988; x_wconf 80' lang='lat' dir='ltr'><strong>adulteri</strong></span> <span class='ocrx_word' id='word_1_346' title='bbox 2539 1949 2770 2002; x_wconf 80' lang='lat' dir='ltr'><strong>regnum</strong></span> <span class='ocrx_word' id='word_1_347' title='bbox 2817 1933 2915 1989; x_wconf 83' lang='lat' dir='ltr'><strong>Dei</strong></span> <span class='ocrx_word' id='word_1_348' title='bbox 2956 1932 3310 2005; x_wconf 83' lang='lat' dir='ltr'><strong>possidebunt</strong></span> <span class='ocrx_word' id='word_1_349' title='bbox 3335 1935 3382 2005; x_wconf 88' lang='grc' dir='ltr'><strong>(ι</strong></span> <span class='ocrx_word' id='word_1_350' title='bbox 3407 1933 3518 1990; x_wconf 85' lang='lat' dir='ltr'><strong>Cor.</strong></span> <span class='ocrx_word' id='word_1_351' title='bbox 3547 1949 3615 1998; x_wconf 84' lang='lat' dir='ltr'><strong>v1,</strong></span> <span class='ocrx_word' id='word_1_352' title='bbox 3641 1930 3707 2003; x_wconf 78' lang='lat'><strong>9).</strong></span> 
     </span>
    </p>
   </div>
   <div class='ocr_carea' id='block_1_50' title="bbox 2107 2019 3706 2093">
    <p class='ocr_par' dir='ltr' id='par_1_50' title="bbox 2107 2019 3706 2093">
     <span class='ocr_line' id='line_1_50' title="bbox 2107 2019 3706 2093; baseline -0.001 -17"><span class='ocrx_word' id='word_1_353' title='bbox 2107 2021 2270 2086; x_wconf 89' lang='lat' dir='ltr'><strong>Quod</strong></span> <span class='ocrx_word' id='word_1_354' title='bbox 2316 2020 2474 2077; x_wconf 91' lang='lat' dir='ltr'><strong>enim</strong></span> <span class='ocrx_word' id='word_1_355' title='bbox 2526 2021 2831 2093; x_wconf 75' lang='lat' dir='ltr'><strong>disjunctaa</strong></span> <span class='ocrx_word' id='word_1_356' title='bbox 2881 2022 3068 2078; x_wconf 89' lang='lat' dir='ltr'><strong>reatui</strong></span> <span class='ocrx_word' id='word_1_357' title='bbox 3118 2021 3420 2078; x_wconf 76' lang='lat' dir='ltr'><strong>sententiae</strong></span> <span class='ocrx_word' id='word_1_358' title='bbox 3466 2019 3706 2088; x_wconf 88' lang='lat' dir='ltr'><strong>subdidit,</strong></span> 
     </span>
    </p>
   </div>
   <div class='ocr_carea' id='block_1_51' title="bbox 2107 2107 3705 2181">
    <p class='ocr_par' dir='ltr' id='par_1_51' title="bbox 2107 2107 3705 2181">
     <span class='ocr_line' id='line_1_51' title="bbox 2107 2107 3705 2181; baseline -0.001 -17"><span class='ocrx_word' id='word_1_359' title='bbox 2107 2109 2385 2181; x_wconf 92' lang='lat' dir='ltr'><strong>quoniam</strong></span> <span class='ocrx_word' id='word_1_360' title='bbox 2414 2109 2581 2166; x_wconf 89' lang='lat' dir='ltr'><strong>valde</strong></span> <span class='ocrx_word' id='word_1_361' title='bbox 2621 2127 2655 2165; x_wconf 92' lang='lat' dir='ltr'><strong>a</strong></span> <span class='ocrx_word' id='word_1_362' title='bbox 2697 2128 2761 2167; x_wconf 91' lang='lat' dir='ltr'><strong>se</strong></span> <span class='ocrx_word' id='word_1_363' title='bbox 2807 2110 3092 2167; x_wconf 90' lang='lat' dir='ltr'><strong>dissideat</strong></span> <span class='ocrx_word' id='word_1_364' title='bbox 3137 2111 3412 2167; x_wconf 88' lang='lat' dir='ltr'><strong>ostendit.</strong></span> <span class='ocrx_word' id='word_1_365' title='bbox 3438 2132 3465 2160; x_wconf 86' lang='lat'><strong><em>»</em></strong></span> <span class='ocrx_word' id='word_1_366' title='bbox 3493 2109 3556 2164; x_wconf 89' lang='lat' dir='ltr'><strong>Et</strong></span> <span class='ocrx_word' id='word_1_367' title='bbox 3593 2107 3705 2164; x_wconf 78' lang='lat' dir='ltr'><strong>item</strong></span> 
     </span>
    </p>
   </div>
   <div class='ocr_carea' id='block_1_52' title="bbox 2106 2196 3707 2272">
    <p class='ocr_par' dir='ltr' id='par_1_52' title="bbox 2106 2196 3707 2272">
     <span class='ocr_line' id='line_1_52' title="bbox 2106 2196 3707 2272; baseline -0.001 -20"><span class='ocrx_word' id='word_1_368' title='bbox 2106 2198 2262 2254; x_wconf 88' lang='lat' dir='ltr'><strong>idem</strong></span> <span class='ocrx_word' id='word_1_369' title='bbox 2294 2199 2436 2256; x_wconf 90' lang='lat' dir='ltr'><strong>dicit</strong></span> <span class='ocrx_word' id='word_1_370' title='bbox 2461 2217 2474 2254; x_wconf 94' lang='lat'>:</span> <span class='ocrx_word' id='word_1_371' title='bbox 2505 2200 2787 2256; x_wconf 84' lang='lat' dir='ltr'><strong>«Scimus</strong></span> <span class='ocrx_word' id='word_1_372' title='bbox 2815 2199 2956 2272; x_wconf 89' lang='lat' dir='ltr'><strong>quia</strong></span> <span class='ocrx_word' id='word_1_373' title='bbox 2984 2199 3304 2272; x_wconf 87' lang='lat' dir='ltr'><strong>aliquando</strong></span> <span class='ocrx_word' id='word_1_374' title='bbox 3353 2197 3538 2253; x_wconf 88' lang='lat' dir='ltr'><strong>minus</strong></span> <span class='ocrx_word' id='word_1_375' title='bbox 3560 2200 3638 2254; x_wconf 89' lang='lat' dir='ltr'><strong>est</strong></span> <span class='ocrx_word' id='word_1_376' title='bbox 3661 2196 3707 2250; x_wconf 91' lang='lat' dir='ltr'><strong>in</strong></span> 
     </span>
    </p>
   </div>
   <div class='ocr_carea' id='block_1_53' title="bbox 2105 2287 3708 2362">
    <p class='ocr_par' dir='ltr' id='par_1_53' title="bbox 2105 2287 3708 2362">
     <span class='ocr_line' id='line_1_53' title="bbox 2105 2287 3708 2362; baseline -0.001 -20"><span class='ocrx_word' id='word_1_377' title='bbox 2105 2287 2366 2358; x_wconf 88' lang='lat' dir='ltr'><strong>corporis</strong></span> <span class='ocrx_word' id='word_1_378' title='bbox 2423 2288 2857 2361; x_wconf 88' lang='lat' dir='ltr'><strong>corruptionem</strong></span> <span class='ocrx_word' id='word_1_379' title='bbox 2905 2289 3132 2355; x_wconf 89' lang='lat' dir='ltr'><strong>cadere,</strong></span> <span class='ocrx_word' id='word_1_380' title='bbox 3179 2306 3360 2362; x_wconf 87' lang='lat' dir='ltr'><strong>quam</strong></span> <span class='ocrx_word' id='word_1_381' title='bbox 3407 2287 3708 2362; x_wconf 83' lang='lat' dir='ltr'><strong>cogitatione</strong></span> 
     </span>
    </p>
   </div>
   <div class='ocr_carea' id='block_1_54' title="bbox 2106 2376 3707 2450">
    <p class='ocr_par' dir='ltr' id='par_1_54' title="bbox 2106 2376 3707 2450">
     <span class='ocr_line' id='line_1_54' title="bbox 2106 2376 3707 2450; baseline -0.001 -19"><span class='ocrx_word' id='word_1_382' title='bbox 2106 2376 2283 2432; x_wconf 89' lang='lat' dir='ltr'><strong>tacita</strong></span> <span class='ocrx_word' id='word_1_383' title='bbox 2337 2394 2408 2432; x_wconf 82' lang='lat' dir='ltr'><strong>cx</strong></span> <span class='ocrx_word' id='word_1_384' title='bbox 2462 2377 2779 2434; x_wconf 89' lang='lat' dir='ltr'><strong>deliberata</strong></span> <span class='ocrx_word' id='word_1_385' title='bbox 2832 2377 3081 2434; x_wconf 89' lang='lat' dir='ltr'><strong>elatione</strong></span> <span class='ocrx_word' id='word_1_386' title='bbox 3137 2395 3400 2450; x_wconf 87' lang='lat' dir='ltr'><strong>peccare.</strong></span> <span class='ocrx_word' id='word_1_387' title='bbox 3445 2377 3546 2434; x_wconf 90' lang='lat' dir='ltr'><strong>Sed</strong></span> <span class='ocrx_word' id='word_1_388' title='bbox 3598 2391 3707 2432; x_wconf 88' lang='lat' dir='ltr'><strong>cum</strong></span> 
     </span>
    </p>
   </div>
   <div class='ocr_carea' id='block_1_55' title="bbox 2106 2465 3705 2538">
    <p class='ocr_par' dir='ltr' id='par_1_55' title="bbox 2106 2465 3705 2538">
     <span class='ocr_line' id='line_1_55' title="bbox 2106 2465 3705 2538; baseline -0.001 -19"><span class='ocrx_word' id='word_1_389' title='bbox 2106 2465 2305 2520; x_wconf 91' lang='lat' dir='ltr'><strong>minus</strong></span> <span class='ocrx_word' id='word_1_390' title='bbox 2349 2467 2540 2538; x_wconf 88' lang='lat' dir='ltr'><strong>turpis</strong></span> <span class='ocrx_word' id='word_1_391' title='bbox 2588 2466 2864 2538; x_wconf 89' lang='lat' dir='ltr'><strong>superbia</strong></span> <span class='ocrx_word' id='word_1_392' title='bbox 2909 2466 3185 2536; x_wconf 90' lang='lat' dir='ltr'><strong>creditur,</strong></span> <span class='ocrx_word' id='word_1_393' title='bbox 3241 2467 3438 2522; x_wconf 90' lang='lat' dir='ltr'><strong>minus</strong></span> <span class='ocrx_word' id='word_1_394' title='bbox 3481 2466 3705 2520; x_wconf 80' lang='lat' dir='ltr'><strong>vitatur:</strong></span> 
     </span>
    </p>
   </div>
   <div class='ocr_carea' id='block_1_56' title="bbox 2103 2551 3710 2629">
    <p class='ocr_par' dir='ltr' id='par_1_56' title="bbox 2103 2551 3710 2629">
     <span class='ocr_line' id='line_1_56' title="bbox 2103 2551 3710 2629; baseline -0.001 -21"><span class='ocrx_word' id='word_1_395' title='bbox 2103 2553 2395 2610; x_wconf 83' lang='lat' dir='ltr'><strong>luxuriam</strong></span> <span class='ocrx_word' id='word_1_396' title='bbox 2437 2571 2568 2610; x_wconf 89' lang='lat' dir='ltr'><strong>vero</strong></span> <span class='ocrx_word' id='word_1_397' title='bbox 2611 2573 2677 2610; x_wconf 89' lang='lat' dir='ltr'><strong>eo</strong></span> <span class='ocrx_word' id='word_1_398' title='bbox 2725 2555 2915 2629; x_wconf 86' lang='lat' dir='ltr'><strong>magis</strong></span> <span class='ocrx_word' id='word_1_399' title='bbox 2967 2557 3118 2614; x_wconf 68' lang='lat'><strong>726</strong></span> <span class='ocrx_word' id='word_1_400' title='bbox 3160 2559 3514 2612; x_wconf 87' lang='lat' dir='ltr'><strong>erubescunt</strong></span> <span class='ocrx_word' id='word_1_401' title='bbox 3555 2551 3710 2610; x_wconf 87' lang='lat' dir='ltr'><strong>homi-</strong></span> 
     </span>
    </p>
   </div>
   <div class='ocr_carea' id='block_1_57' title="bbox 2105 2639 3711 2716">
    <p class='ocr_par' dir='ltr' id='par_1_57' title="bbox 2105 2639 3711 2716">
     <span class='ocr_line' id='line_1_57' title="bbox 2105 2639 3711 2716; baseline -0.003 -18"><span class='ocrx_word' id='word_1_402' title='bbox 2105 2659 2230 2714; x_wconf 89' lang='lat' dir='ltr'><strong>nes,</strong></span> <span class='ocrx_word' id='word_1_403' title='bbox 2263 2660 2378 2714; x_wconf 90' lang='lat' dir='ltr'><strong>quo</strong></span> <span class='ocrx_word' id='word_1_404' title='bbox 2417 2643 2593 2699; x_wconf 90' lang='lat' dir='ltr'><strong>simul</strong></span> <span class='ocrx_word' id='word_1_405' title='bbox 2622 2661 2830 2700; x_wconf 91' lang='lat' dir='ltr'><strong>omnes</strong></span> <span class='ocrx_word' id='word_1_406' title='bbox 2875 2649 3106 2716; x_wconf 91' lang='lat' dir='ltr'><strong>turpem</strong></span> <span class='ocrx_word' id='word_1_407' title='bbox 3155 2647 3462 2700; x_wconf 88' lang='lat' dir='ltr'><strong>noverunt.</strong></span> <span class='ocrx_word' id='word_1_408' title='bbox 3491 2641 3634 2698; x_wconf 88' lang='lat' dir='ltr'><strong>Unde</strong></span> <span class='ocrx_word' id='word_1_409' title='bbox 3657 2639 3711 2693; x_wconf 78' lang='lat' dir='ltr'><strong>fit</strong></span> 
     </span>
    </p>
   </div>
   <div class='ocr_carea' id='block_1_58' title="bbox 2105 2727 3710 2806">
    <p class='ocr_par' dir='ltr' id='par_1_58' title="bbox 2105 2727 3710 2806">
     <span class='ocr_line' id='line_1_58' title="bbox 2105 2727 3710 2806; baseline -0.001 -20"><span class='ocrx_word' id='word_1_410' title='bbox 2105 2730 2468 2804; x_wconf 89' lang='lat' dir='ltr'><strong>plerumque,</strong></span> <span class='ocrx_word' id='word_1_411' title='bbox 2494 2737 2560 2788; x_wconf 92' lang='lat' dir='ltr'><strong>ut</strong></span> <span class='ocrx_word' id='word_1_412' title='bbox 2582 2731 2848 2789; x_wconf 90' lang='lat' dir='ltr'><strong>nonnulli</strong></span> <span class='ocrx_word' id='word_1_413' title='bbox 2877 2749 2980 2806; x_wconf 90' lang='lat' dir='ltr'><strong>per</strong></span> <span class='ocrx_word' id='word_1_414' title='bbox 2999 2733 3343 2806; x_wconf 87' lang='lat' dir='ltr'><strong>snperbiam</strong></span> <span class='ocrx_word' id='word_1_415' title='bbox 3375 2731 3433 2787; x_wconf 90' lang='lat' dir='ltr'><strong>in</strong></span> <span class='ocrx_word' id='word_1_416' title='bbox 3461 2727 3710 2786; x_wconf 83' lang='lat' dir='ltr'><strong>luxuriam</strong></span> 
     </span>
    </p>
   </div>
   <div class='ocr_carea' id='block_1_59' title="bbox 2105 2815 3713 2895">
    <p class='ocr_par' dir='ltr' id='par_1_59' title="bbox 2105 2815 3713 2895">
     <span class='ocr_line' id='line_1_59' title="bbox 2105 2815 3713 2895; baseline -0.002 -21"><span class='ocrx_word' id='word_1_417' title='bbox 2105 2824 2439 2876; x_wconf 88' lang='lat' dir='ltr'><strong>corruentes</strong></span> <span class='ocrx_word' id='word_1_418' title='bbox 2492 2826 2724 2893; x_wconf 88' lang='lat' dir='ltr'><strong>experto</strong></span> <span class='ocrx_word' id='word_1_419' title='bbox 2781 2839 2922 2878; x_wconf 83' lang='lat' dir='ltr'><strong>casu</strong></span> <span class='ocrx_word' id='word_1_420' title='bbox 2979 2821 3202 2877; x_wconf 90' lang='lat' dir='ltr'><strong>malum</strong></span> <span class='ocrx_word' id='word_1_421' title='bbox 3268 2822 3449 2895; x_wconf 68' lang='lat' dir='ltr'><strong>culpa:</strong></span> <span class='ocrx_word' id='word_1_422' title='bbox 3502 2815 3713 2875; x_wconf 84' lang='lat' dir='ltr'><strong>labentis</strong></span> 
     </span>
    </p>
   </div>
   <div class='ocr_carea' id='block_1_60' title="bbox 2105 2908 3713 2982">
    <p class='ocr_par' dir='ltr' id='par_1_60' title="bbox 2105 2908 3713 2982">
     <span class='ocr_line' id='line_1_60' title="bbox 2105 2908 3713 2982; baseline -0.004 -18"><span class='ocrx_word' id='word_1_423' title='bbox 2105 2908 2452 2965; x_wconf 76' lang='lat' dir='ltr'><strong>erubescant</strong></span> <span class='ocrx_word' id='word_1_424' title='bbox 2482 2926 2496 2964; x_wconf 90' lang='lat'><strong>:</strong></span> <span class='ocrx_word' id='word_1_425' title='bbox 2529 2914 2588 2966; x_wconf 92' lang='lat' dir='ltr'><strong>et</strong></span> <span class='ocrx_word' id='word_1_426' title='bbox 2616 2914 2759 2965; x_wconf 88' lang='lat' dir='ltr'><strong>tunc</strong></span> <span class='ocrx_word' id='word_1_427' title='bbox 2800 2909 2976 2966; x_wconf 85' lang='lat' dir='ltr'><strong>etiam</strong></span> <span class='ocrx_word' id='word_1_428' title='bbox 3017 2911 3247 2982; x_wconf 81' lang='lat' dir='ltr'><strong>majora</strong></span> <span class='ocrx_word' id='word_1_429' title='bbox 3277 2909 3576 2982; x_wconf 87' lang='lat' dir='ltr'><strong>corrigant,</strong></span> <span class='ocrx_word' id='word_1_430' title='bbox 3603 2919 3713 2960; x_wconf 86' lang='lat' dir='ltr'><strong>cum</strong></span> 
     </span>
    </p>
   </div>
   <div class='ocr_carea' id='block_1_61' title="bbox 2105 2994 3716 3068">
    <p class='ocr_par' dir='ltr' id='par_1_61' title="bbox 2105 2994 3716 3068">
     <span class='ocr_line' id='line_1_61' title="bbox 2105 2994 3716 3068; baseline -0.002 -18"><span class='ocrx_word' id='word_1_431' title='bbox 2105 2997 2379 3068; x_wconf 87' lang='lat' dir='ltr'><strong>prostrati</strong></span> <span class='ocrx_word' id='word_1_432' title='bbox 2409 2997 2470 3052; x_wconf 91' lang='lat' dir='ltr'><strong>in</strong></span> <span class='ocrx_word' id='word_1_433' title='bbox 2511 2997 2772 3054; x_wconf 88' lang='lat' dir='ltr'><strong>minimis</strong></span> <span class='ocrx_word' id='word_1_434' title='bbox 2818 2999 3276 3054; x_wconf 80' lang='lat' dir='ltr'><strong>confundentur.</strong></span> <span class='ocrx_word' id='word_1_435' title='bbox 3313 2999 3460 3054; x_wconf 79' lang='lat' dir='ltr'><strong>Reos</strong></span> <span class='ocrx_word' id='word_1_436' title='bbox 3503 2994 3641 3052; x_wconf 89' lang='lat' dir='ltr'><strong>enim</strong></span> <span class='ocrx_word' id='word_1_437' title='bbox 3667 3008 3716 3048; x_wconf 84' lang='lat' dir='ltr'><strong>se</strong></span> 
     </span>
    </p>
   </div>
   <div class='ocr_carea' id='block_1_62' title="bbox 2103 3084 3712 3160">
    <p class='ocr_par' dir='ltr' id='par_1_62' title="bbox 2103 3084 3712 3160">
     <span class='ocr_line' id='line_1_62' title="bbox 2103 3084 3712 3160; baseline -0.001 -21"><span class='ocrx_word' id='word_1_438' title='bbox 2103 3084 2255 3142; x_wconf 89' lang='lat' dir='ltr'><strong>inter</strong></span> <span class='ocrx_word' id='word_1_439' title='bbox 2283 3087 2512 3143; x_wconf 90' lang='lat' dir='ltr'><strong>minora</strong></span> <span class='ocrx_word' id='word_1_440' title='bbox 2541 3087 2930 3160; x_wconf 90' lang='lat' dir='ltr'><strong>conspiciunt,</strong></span> <span class='ocrx_word' id='word_1_441' title='bbox 2955 3087 3054 3160; x_wconf 90' lang='lat' dir='ltr'><strong>qui</strong></span> <span class='ocrx_word' id='word_1_442' title='bbox 3095 3105 3156 3144; x_wconf 87' lang='lat' dir='ltr'><strong>se</strong></span> <span class='ocrx_word' id='word_1_443' title='bbox 3198 3087 3419 3144; x_wconf 89' lang='lat' dir='ltr'><strong>liberos</strong></span> <span class='ocrx_word' id='word_1_444' title='bbox 3447 3085 3585 3141; x_wconf 82' lang='lat' dir='ltr'><strong>inter</strong></span> <span class='ocrx_word' id='word_1_445' title='bbox 3607 3097 3712 3154; x_wconf 81' lang='lat' dir='ltr'><strong>gra-</strong></span> 
     </span>
    </p>
   </div>
   <div class='ocr_carea' id='block_1_63' title="bbox 2103 3170 3716 3250">
    <p class='ocr_par' dir='ltr' id='par_1_63' title="bbox 2103 3170 3716 3250">
     <span class='ocr_line' id='line_1_63' title="bbox 2103 3170 3716 3250; baseline -0.002 -22"><span class='ocrx_word' id='word_1_446' title='bbox 2103 3173 2262 3230; x_wconf 89' lang='lat' dir='ltr'><strong>viora</strong></span> <span class='ocrx_word' id='word_1_447' title='bbox 2291 3176 2684 3232; x_wconf 88' lang='lat' dir='ltr'><strong>crediderunt.</strong></span> <span class='ocrx_word' id='word_1_448' title='bbox 2708 3177 2809 3232; x_wconf 92' lang='lat' dir='ltr'><strong>Pia</strong></span> <span class='ocrx_word' id='word_1_449' title='bbox 2855 3193 2992 3250; x_wconf 89' lang='lat' dir='ltr'><strong>ergo</strong></span> <span class='ocrx_word' id='word_1_450' title='bbox 3039 3176 3278 3232; x_wconf 88' lang='lat' dir='ltr'><strong>Domini</strong></span> <span class='ocrx_word' id='word_1_451' title='bbox 3323 3170 3716 3247; x_wconf 83' lang='lat' dir='ltr'><strong>dispensatione</strong></span> 
     </span>
    </p>
   </div>
   <div class='ocr_carea' id='block_1_64' title="bbox 346 3249 3712 3340">
    <p class='ocr_par' dir='ltr' id='par_1_64' title="bbox 346 3249 3712 3340">
     <span class='ocr_line' id='line_1_64' title="bbox 346 3249 3712 3340; baseline -0.001 -23"><span class='ocrx_word' id='word_1_452' title='bbox 346 3264 505 3334; x_wconf 80' lang='lat' dir='ltr'><strong>epist.</strong></span> <span class='ocrx_word' id='word_1_453' title='bbox 532 3265 620 3332; x_wconf 85' lang='grc'><strong>12)</strong></span> <span class='ocrx_word' id='word_1_454' title='bbox 645 3281 698 3320; x_wconf 84' lang='lat'><strong>:«</strong></span> <span class='ocrx_word' id='word_1_455' title='bbox 721 3265 1152 3338; x_wconf 77' lang='lat' dir='ltr'><strong>Presbyterum,</strong></span> <span class='ocrx_word' id='word_1_456' title='bbox 1186 3266 1399 3339; x_wconf 89' lang='lat' dir='ltr'><strong>inquit,</strong></span> <span class='ocrx_word' id='word_1_457' title='bbox 1414 3249 1494 3323; x_wconf 20' lang='lat' dir='ltr'><strong>ide</strong></span> <span class='ocrx_word' id='word_1_458' title='bbox 1515 3249 1630 3340; x_wconf 79' lang='lat' dir='ltr'><strong>quo</strong></span> <span class='ocrx_word' id='word_1_459' title='bbox 1661 3285 1768 3324; x_wconf 88' lang='lat' dir='ltr'><strong>nos</strong></span> <span class='ocrx_word' id='word_1_460' title='bbox 1797 3268 1995 3324; x_wconf 75' lang='lat' dir='ltr'><strong>frater.</strong></span> <span class='ocrx_word' id='word_1_461' title='bbox 2025 3249 2068 3314; x_wconf 83' lang='lat' dir='ltr'>C</span> <span class='ocrx_word' id='word_1_462' title='bbox 2104 3259 2328 3319; x_wconf 83' lang='lat' dir='ltr'><strong>laxatos</strong></span> <span class='ocrx_word' id='word_1_463' title='bbox 2358 3281 2781 3336; x_wconf 86' lang='lat' dir='ltr'><strong>nonnunquam</strong></span> <span class='ocrx_word' id='word_1_464' title='bbox 2809 3263 3106 3337; x_wconf 88' lang='lat' dir='ltr'><strong>malignus</strong></span> <span class='ocrx_word' id='word_1_465' title='bbox 3128 3265 3380 3338; x_wconf 86' lang='lat' dir='ltr'><strong>spiritus</strong></span> <span class='ocrx_word' id='word_1_466' title='bbox 3401 3264 3470 3318; x_wconf 92' lang='lat' dir='ltr'><strong>de</strong></span> <span class='ocrx_word' id='word_1_467' title='bbox 3489 3259 3642 3332; x_wconf 89' lang='lat' dir='ltr'><strong>culpa</strong></span> <span class='ocrx_word' id='word_1_468' title='bbox 3656 3256 3712 3312; x_wconf 86' lang='lat' dir='ltr'><strong>ad</strong></span> 
     </span>
    </p>
   </div>
   <div class='ocr_carea' id='block_1_65' title="bbox 346 3350 1990 3426">
    <p class='ocr_par' dir='ltr' id='par_1_65' title="bbox 346 3350 1990 3426">
     <span class='ocr_line' id='line_1_65' title="bbox 346 3350 1990 3426; baseline 0.002 -20"><span class='ocrx_word' id='word_1_469' title='bbox 346 3351 502 3406; x_wconf 91' lang='lat' dir='ltr'><strong>nitas</strong></span> <span class='ocrx_word' id='word_1_470' title='bbox 531 3354 633 3406; x_wconf 90' lang='lat' dir='ltr'><strong>tua</strong></span> <span class='ocrx_word' id='word_1_471' title='bbox 672 3350 876 3408; x_wconf 90' lang='lat' dir='ltr'><strong>latoris</strong></span> <span class='ocrx_word' id='word_1_472' title='bbox 923 3354 1300 3426; x_wconf 63' lang='lat' dir='ltr'><strong>praesentium</strong></span> <span class='ocrx_word' id='word_1_473' title='bbox 1351 3354 1627 3412; x_wconf 87' lang='lat' dir='ltr'><strong>relatione</strong></span> <span class='ocrx_word' id='word_1_474' title='bbox 1675 3355 1990 3426; x_wconf 89' lang='lat' dir='ltr'><strong>consuluit,</strong></span> 
     </span>
    </p>
   </div>
   <div class='ocr_carea' id='block_1_66' title="bbox 347 3437 1994 3518">
    <p class='ocr_par' dir='ltr' id='par_1_66' title="bbox 347 3437 1994 3518">
     <span class='ocr_line' id='line_1_66' title="bbox 347 3437 1994 3518; baseline 0.005 -25"><span class='ocrx_word' id='word_1_475' title='bbox 347 3437 510 3495; x_wconf 89' lang='lat' dir='ltr'><strong>nulla</strong></span> <span class='ocrx_word' id='word_1_476' title='bbox 539 3439 762 3496; x_wconf 90' lang='lat' dir='ltr'><strong>ratione</strong></span> <span class='ocrx_word' id='word_1_477' title='bbox 793 3441 851 3496; x_wconf 90' lang='lat' dir='ltr'><strong>in</strong></span> <span class='ocrx_word' id='word_1_478' title='bbox 875 3459 1041 3498; x_wconf 90' lang='lat' dir='ltr'><strong>sacro</strong></span> <span class='ocrx_word' id='word_1_479' title='bbox 1062 3443 1266 3499; x_wconf 90' lang='lat' dir='ltr'><strong>ordine</strong></span> <span class='ocrx_word' id='word_1_480' title='bbox 1297 3448 1430 3516; x_wconf 90' lang='lat' dir='ltr'><strong>post</strong></span> <span class='ocrx_word' id='word_1_481' title='bbox 1457 3443 1711 3516; x_wconf 89' lang='lat' dir='ltr'><strong>lapsum,</strong></span> <span class='ocrx_word' id='word_1_482' title='bbox 1739 3451 1842 3501; x_wconf 88' lang='lat' dir='ltr'><strong>aut</strong></span> <span class='ocrx_word' id='word_1_483' title='bbox 1872 3463 1994 3518; x_wconf 90' lang='lat' dir='ltr'><strong>per-</strong></span> 
     </span>
    </p>
   </div>
   <div class='ocr_carea' id='block_1_67' title="bbox 329 3529 1990 3606">
    <p class='ocr_par' dir='ltr' id='par_1_67' title="bbox 329 3529 1990 3606">
     <span class='ocr_line' id='line_1_67' title="bbox 329 3529 1990 3606; baseline 0.005 -26"><span class='ocrx_word' id='word_1_484' title='bbox 329 3541 602 3594; x_wconf 75' lang='lat' dir='ltr'><strong>manere,</strong></span> <span class='ocrx_word' id='word_1_485' title='bbox 631 3531 735 3582; x_wconf 91' lang='lat' dir='ltr'><strong>aut</strong></span> <span class='ocrx_word' id='word_1_486' title='bbox 764 3529 1015 3584; x_wconf 88' lang='lat' dir='ltr'><strong>revocari</strong></span> <span class='ocrx_word' id='word_1_487' title='bbox 1047 3546 1219 3600; x_wconf 89' lang='lat' dir='ltr'><strong>posse</strong></span> <span class='ocrx_word' id='word_1_488' title='bbox 1257 3547 1595 3603; x_wconf 81' lang='lat' dir='ltr'><strong>cognoscas.</strong></span> <span class='ocrx_word' id='word_1_489' title='bbox 1621 3532 1783 3588; x_wconf 88' lang='lat' dir='ltr'><strong>Circa</strong></span> <span class='ocrx_word' id='word_1_490' title='bbox 1814 3551 1990 3606; x_wconf 85' lang='lat' dir='ltr'><strong>quem</strong></span> 
     </span>
    </p>
   </div>
   <div class='ocr_carea' id='block_1_68' title="bbox 343 3615 1992 3693">
    <p class='ocr_par' dir='ltr' id='par_1_68' title="bbox 343 3615 1992 3693">
     <span class='ocr_line' id='line_1_68' title="bbox 343 3615 1992 3693; baseline 0.005 -24"><span class='ocrx_word' id='word_1_491' title='bbox 343 3617 540 3671; x_wconf 87' lang='lat' dir='ltr'><strong>tamen</strong></span> <span class='ocrx_word' id='word_1_492' title='bbox 572 3615 774 3672; x_wconf 89' lang='lat' dir='ltr'><strong>mitius</strong></span> <span class='ocrx_word' id='word_1_493' title='bbox 805 3617 1098 3689; x_wconf 88' lang='lat' dir='ltr'><strong>agendum</strong></span> <span class='ocrx_word' id='word_1_494' title='bbox 1129 3623 1239 3687; x_wconf 90' lang='lat' dir='ltr'><strong>est,</strong></span> <span class='ocrx_word' id='word_1_495' title='bbox 1269 3624 1506 3692; x_wconf 86' lang='lat' dir='ltr'><strong>propter</strong></span> <span class='ocrx_word' id='word_1_496' title='bbox 1536 3621 1690 3693; x_wconf 92' lang='lat' dir='ltr'><strong>quod</strong></span> <span class='ocrx_word' id='word_1_497' title='bbox 1723 3623 1992 3678; x_wconf 84' lang='lat' dir='ltr'><strong>commis-</strong></span> 
     </span>
    </p>
   </div>
   <div class='ocr_carea' id='block_1_69' title="bbox 325 3693 1989 3780">
    <p class='ocr_par' dir='ltr' id='par_1_69' title="bbox 325 3693 1989 3780">
     <span class='ocr_line' id='line_1_69' title="bbox 325 3693 1989 3780; baseline 0.005 -22"><span class='ocrx_word' id='word_1_498' title='bbox 325 3719 478 3758; x_wconf 76' lang='lat' dir='ltr'><strong>sum</strong></span> <span class='ocrx_word' id='word_1_499' title='bbox 509 3703 737 3761; x_wconf 87' lang='lat' dir='ltr'><strong>facinus</strong></span> <span class='ocrx_word' id='word_1_500' title='bbox 775 3693 939 3761; x_wconf 27' lang='lat' dir='ltr'><strong>facili,</strong></span> <span class='ocrx_word' id='word_1_501' title='bbox 968 3706 1184 3762; x_wconf 91' lang='lat' dir='ltr'><strong>dicitur</strong></span> <span class='ocrx_word' id='word_1_502' title='bbox 1221 3708 1582 3780; x_wconf 88' lang='lat' dir='ltr'><strong>professione</strong></span> <span class='ocrx_word' id='word_1_503' title='bbox 1610 3710 1934 3767; x_wconf 85' lang='lat' dir='ltr'><strong>confessus.</strong></span> <span class='ocrx_word' id='word_1_504' title='bbox 1960 3733 1989 3760; x_wconf 82' lang='lat'>»</span> 
     </span>
    </p>
   </div>
   <div class='ocr_carea' id='block_1_70' title="bbox 343 3792 1986 3868">
    <p class='ocr_par' dir='ltr' id='par_1_70' title="bbox 343 3792 1986 3868">
     <span class='ocr_line' id='line_1_70' title="bbox 343 3792 1986 3868; baseline 0.006 -22"><span class='ocrx_word' id='word_1_505' title='bbox 343 3792 416 3847; x_wconf 87' lang='lat' dir='ltr'><strong>Et</strong></span> <span class='ocrx_word' id='word_1_506' title='bbox 472 3793 543 3848; x_wconf 90' lang='lat' dir='ltr'><strong>ad</strong></span> <span class='ocrx_word' id='word_1_507' title='bbox 599 3793 886 3850; x_wconf 86' lang='lat' dir='ltr'><strong>Joannem</strong></span> <span class='ocrx_word' id='word_1_508' title='bbox 944 3794 1450 3868; x_wconf 85' lang='lat' dir='ltr'><strong>archiepiscopum</strong></span> <span class='ocrx_word' id='word_1_509' title='bbox 1499 3797 1618 3866; x_wconf 82' lang='lat' dir='ltr'><strong>(tib.</strong></span> <span class='ocrx_word' id='word_1_510' title='bbox 1651 3816 1749 3866; x_wconf 83' lang='lat' dir='ltr'><strong>v11,</strong></span> <span class='ocrx_word' id='word_1_511' title='bbox 1784 3799 1900 3855; x_wconf 84' lang='lat' dir='ltr'><strong>ind.</strong></span> <span class='ocrx_word' id='word_1_512' title='bbox 1935 3803 1986 3868; x_wconf 90' lang='grc'><strong>1,</strong></span> 
     </span>
    </p>
   </div>
   <div class='ocr_carea' id='block_1_71' title="bbox 339 3881 1987 3951">
    <p class='ocr_par' dir='ltr' id='par_1_71' title="bbox 339 3881 1987 3951">
     <span class='ocr_line' id='line_1_71' title="bbox 339 3881 1987 3951; baseline 0.006 -17"><span class='ocrx_word' id='word_1_513' title='bbox 339 3881 494 3951; x_wconf 82' lang='lat' dir='ltr'><strong>epist.</strong></span> <span class='ocrx_word' id='word_1_514' title='bbox 517 3881 630 3950; x_wconf 86' lang='lat'><strong>62).</strong></span> <span class='ocrx_word' id='word_1_515' title='bbox 653 3905 680 3932; x_wconf 86' lang='grc'><strong>‹‹</strong></span> <span class='ocrx_word' id='word_1_516' title='bbox 705 3883 839 3948; x_wconf 70' lang='lat' dir='ltr'><strong>Quis</strong></span> <span class='ocrx_word' id='word_1_517' title='bbox 879 3883 1160 3940; x_wconf 89' lang='lat' dir='ltr'><strong>adversus</strong></span> <span class='ocrx_word' id='word_1_518' title='bbox 1213 3885 1502 3942; x_wconf 90' lang='lat' dir='ltr'><strong>Lucillum</strong></span> <span class='ocrx_word' id='word_1_519' title='bbox 1534 3886 1821 3944; x_wconf 62' lang='lat' dir='ltr'><strong>Melitanaa</strong></span> <span class='ocrx_word' id='word_1_520' title='bbox 1851 3887 1987 3944; x_wconf 88' lang='lat' dir='ltr'><strong>civi-</strong></span> 
     </span>
    </p>
   </div>
   <div class='ocr_carea' id='block_1_72' title="bbox 339 3967 1987 4050">
    <p class='ocr_par' dir='ltr' id='par_1_72' title="bbox 339 3967 1987 4050">
     <span class='ocr_line' id='line_1_72' title="bbox 339 3967 1987 4050; baseline 0.007 -26"><span class='ocrx_word' id='word_1_521' title='bbox 339 3967 480 4025; x_wconf 88' lang='lat' dir='ltr'><strong>tatis</strong></span> <span class='ocrx_word' id='word_1_522' title='bbox 509 3969 848 4044; x_wconf 86' lang='lat' dir='ltr'><strong>episcopum</strong></span> <span class='ocrx_word' id='word_1_523' title='bbox 879 3972 1115 4044; x_wconf 86' lang='lat' dir='ltr'><strong>querela</strong></span> <span class='ocrx_word' id='word_1_524' title='bbox 1142 3979 1434 4031; x_wconf 89' lang='lat' dir='ltr'><strong>commota</strong></span> <span class='ocrx_word' id='word_1_525' title='bbox 1463 3975 1558 4043; x_wconf 90' lang='lat' dir='ltr'><strong>sit,</strong></span> <span class='ocrx_word' id='word_1_526' title='bbox 1593 3977 1651 4032; x_wconf 91' lang='lat' dir='ltr'><strong>in</strong></span> <span class='ocrx_word' id='word_1_527' title='bbox 1689 3983 1987 4050; x_wconf 88' lang='lat' dir='ltr'><strong>gestorum</strong></span> 
     </span>
    </p>
   </div>
   <div class='ocr_carea' id='block_1_73' title="bbox 341 4059 1990 4138">
    <p class='ocr_par' dir='ltr' id='par_1_73' title="bbox 341 4059 1990 4138">
     <span class='ocr_line' id='line_1_73' title="bbox 341 4059 1990 4138; baseline 0.007 -26"><span class='ocrx_word' id='word_1_528' title='bbox 341 4072 468 4129; x_wconf 66' lang='lat' dir='ltr'><strong>quae</strong></span> <span class='ocrx_word' id='word_1_529' title='bbox 500 4059 574 4114; x_wconf 89' lang='lat' dir='ltr'><strong>ad</strong></span> <span class='ocrx_word' id='word_1_530' title='bbox 625 4077 732 4116; x_wconf 91' lang='lat' dir='ltr'><strong>nos</strong></span> <span class='ocrx_word' id='word_1_531' title='bbox 780 4059 1072 4118; x_wconf 83' lang='lat' dir='ltr'><strong>direxistis</strong></span> <span class='ocrx_word' id='word_1_532' title='bbox 1116 4063 1331 4138; x_wconf 85' lang='lat' dir='ltr'><strong>pagina</strong></span> <span class='ocrx_word' id='word_1_533' title='bbox 1377 4063 1737 4122; x_wconf 87' lang='lat' dir='ltr'><strong>declaratum</strong></span> <span class='ocrx_word' id='word_1_534' title='bbox 1778 4071 1886 4123; x_wconf 90' lang='lat' dir='ltr'><strong>est.</strong></span> <span class='ocrx_word' id='word_1_535' title='bbox 1919 4069 1990 4124; x_wconf 89' lang='lat' dir='ltr'><strong>Et</strong></span> 
     </span>
    </p>
   </div>
   <div class='ocr_carea' id='block_1_74' title="bbox 325 4145 1988 4220">
    <p class='ocr_par' dir='ltr' id='par_1_74' title="bbox 325 4145 1988 4220">
     <span class='ocr_line' id='line_1_74' title="bbox 325 4145 1988 4220; baseline 0.007 -20"><span class='ocrx_word' id='word_1_536' title='bbox 325 4145 469 4203; x_wconf 78' lang='lat' dir='ltr'><strong>ideo</strong></span> <span class='ocrx_word' id='word_1_537' title='bbox 499 4147 640 4220; x_wconf 88' lang='lat' dir='ltr'><strong>quia</strong></span> <span class='ocrx_word' id='word_1_538' title='bbox 666 4149 816 4206; x_wconf 88' lang='lat' dir='ltr'><strong>tanti</strong></span> <span class='ocrx_word' id='word_1_539' title='bbox 846 4149 1122 4208; x_wconf 88' lang='lat' dir='ltr'><strong>facinoris</strong></span> <span class='ocrx_word' id='word_1_540' title='bbox 1153 4151 1296 4208; x_wconf 87' lang='lat' dir='ltr'><strong>ultio</strong></span> <span class='ocrx_word' id='word_1_541' title='bbox 1322 4153 1484 4210; x_wconf 89' lang='lat' dir='ltr'><strong>nulla</strong></span> <span class='ocrx_word' id='word_1_542' title='bbox 1513 4154 1684 4211; x_wconf 90' lang='lat' dir='ltr'><strong>debet</strong></span> <span class='ocrx_word' id='word_1_543' title='bbox 1711 4155 1988 4212; x_wconf 89' lang='lat' dir='ltr'><strong>dilatione</strong></span> 
     </span>
    </p>
   </div>
   <div class='ocr_carea' id='block_1_75' title="bbox 319 4233 1988 4313">
    <p class='ocr_par' dir='ltr' id='par_1_75' title="bbox 319 4233 1988 4313">
     <span class='ocr_line' id='line_1_75' title="bbox 319 4233 1988 4313; baseline 0.005 -23"><span class='ocrx_word' id='word_1_544' title='bbox 319 4233 580 4302; x_wconf 71' lang='lat' dir='ltr'><strong>differri,</strong></span> <span class='ocrx_word' id='word_1_545' title='bbox 603 4237 938 4294; x_wconf 87' lang='lat' dir='ltr'><strong>fraternitas</strong></span> <span class='ocrx_word' id='word_1_546' title='bbox 955 4243 1151 4296; x_wconf 88' lang='lat' dir='ltr'><strong>vestra</strong></span> <span class='ocrx_word' id='word_1_547' title='bbox 1167 4243 1285 4296; x_wconf 88' lang='lat' dir='ltr'><strong>tres</strong></span> <span class='ocrx_word' id='word_1_548' title='bbox 1311 4245 1414 4297; x_wconf 89' lang='lat' dir='ltr'><strong>aut</strong></span> <span class='ocrx_word' id='word_1_549' title='bbox 1435 4245 1690 4313; x_wconf 87' lang='lat' dir='ltr'><strong>quatuor</strong></span> <span class='ocrx_word' id='word_1_550' title='bbox 1707 4243 1778 4298; x_wconf 92' lang='lat' dir='ltr'><strong>de</strong></span> <span class='ocrx_word' id='word_1_551' title='bbox 1799 4243 1988 4299; x_wconf 88' lang='lat' dir='ltr'><strong>fratri-</strong></span> 
     </span>
    </p>
   </div>
   <div class='ocr_carea' id='block_1_76' title="bbox 317 4322 1987 4400">
    <p class='ocr_par' dir='ltr' id='par_1_76' title="bbox 317 4322 1987 4400">
     <span class='ocr_line' id='line_1_76' title="bbox 317 4322 1987 4400; baseline 0.005 -22"><span class='ocrx_word' id='word_1_552' title='bbox 317 4322 450 4380; x_wconf 87' lang='lat' dir='ltr'><strong>-bus</strong></span> <span class='ocrx_word' id='word_1_553' title='bbox 491 4340 560 4380; x_wconf 89' lang='lat' dir='ltr'><strong>ac</strong></span> <span class='ocrx_word' id='word_1_554' title='bbox 605 4327 1122 4384; x_wconf 88' lang='lat' dir='ltr'><strong>consacerdotibus</strong></span> <span class='ocrx_word' id='word_1_555' title='bbox 1165 4327 1278 4384; x_wconf 90' lang='lat' dir='ltr'><strong>sibi</strong></span> <span class='ocrx_word' id='word_1_556' title='bbox 1328 4329 1544 4385; x_wconf 91' lang='lat' dir='ltr'><strong>nostris</strong></span> <span class='ocrx_word' id='word_1_557' title='bbox 1593 4329 1885 4400; x_wconf 89' lang='lat' dir='ltr'><strong>adhibeat,</strong></span> <span class='ocrx_word' id='word_1_558' title='bbox 1921 4335 1987 4387; x_wconf 89' lang='lat' dir='ltr'><strong>ut</strong></span> 
     </span>
    </p>
   </div>
   <div class='ocr_carea' id='block_1_77' title="bbox 337 4409 1986 4489">
    <p class='ocr_par' dir='ltr' id='par_1_77' title="bbox 337 4409 1986 4489">
     <span class='ocr_line' id='line_1_77' title="bbox 337 4409 1986 4489; baseline 0.008 -25"><span class='ocrx_word' id='word_1_559' title='bbox 337 4409 485 4482; x_wconf 88' lang='lat' dir='ltr'><strong>ipsis</strong></span> <span class='ocrx_word' id='word_1_560' title='bbox 521 4429 755 4486; x_wconf 88' lang='lat' dir='ltr'><strong>quoque</strong></span> <span class='ocrx_word' id='word_1_561' title='bbox 803 4416 1188 4487; x_wconf 69' lang='lat' dir='ltr'><strong>praesentibus</strong></span> <span class='ocrx_word' id='word_1_562' title='bbox 1234 4418 1524 4489; x_wconf 89' lang='lat' dir='ltr'><strong>patefacta</strong></span> <span class='ocrx_word' id='word_1_563' title='bbox 1570 4435 1636 4474; x_wconf 89' lang='lat' dir='ltr'><strong>ac</strong></span> <span class='ocrx_word' id='word_1_564' title='bbox 1684 4419 1986 4476; x_wconf 88' lang='lat' dir='ltr'><strong>satisfacta</strong></span> 
     </span>
    </p>
   </div>
   <div class='ocr_carea' id='block_1_78' title="bbox 337 4498 1980 4578">
    <p class='ocr_par' dir='ltr' id='par_1_78' title="bbox 337 4498 1980 4578">
     <span class='ocr_line' id='line_1_78' title="bbox 337 4498 1980 4578; baseline 0.007 -25"><span class='ocrx_word' id='word_1_565' title='bbox 337 4498 596 4566; x_wconf 86' lang='lat' dir='ltr'><strong>veritate,</strong></span> <span class='ocrx_word' id='word_1_566' title='bbox 615 4503 958 4574; x_wconf 61' lang='lat' dir='ltr'><strong>praedictum</strong></span> <span class='ocrx_word' id='word_1_567' title='bbox 977 4504 1266 4560; x_wconf 91' lang='lat' dir='ltr'><strong>Lucillum</strong></span> <span class='ocrx_word' id='word_1_568' title='bbox 1283 4505 1355 4560; x_wconf 91' lang='lat' dir='ltr'><strong>de</strong></span> <span class='ocrx_word' id='word_1_569' title='bbox 1370 4505 1742 4578; x_wconf 85' lang='lat' dir='ltr'><strong>episcOpatus</strong></span> <span class='ocrx_word' id='word_1_570' title='bbox 1758 4507 1980 4576; x_wconf 88' lang='lat' dir='ltr'><strong>ordine,</strong></span> 
     </span>
    </p>
   </div>
   <div class='ocr_carea' id='block_1_79' title="bbox 2101 3350 3713 3426">
    <p class='ocr_par' dir='ltr' id='par_1_79' title="bbox 2101 3350 3713 3426">
     <span class='ocr_line' id='line_1_79' title="bbox 2101 3350 3713 3426; baseline -0.005 -18"><span class='ocrx_word' id='word_1_571' title='bbox 2101 3353 2336 3426; x_wconf 90' lang='lat' dir='ltr'><strong>culpam</strong></span> <span class='ocrx_word' id='word_1_572' title='bbox 2396 3353 2597 3420; x_wconf 87' lang='lat' dir='ltr'><strong>trahit,</strong></span> <span class='ocrx_word' id='word_1_573' title='bbox 2631 3357 2690 3408; x_wconf 87' lang='lat' dir='ltr'><strong>et</strong></span> <span class='ocrx_word' id='word_1_574' title='bbox 2731 3353 2874 3409; x_wconf 90' lang='lat' dir='ltr'><strong>dum</strong></span> <span class='ocrx_word' id='word_1_575' title='bbox 2927 3351 3062 3426; x_wconf 88' lang='lat' dir='ltr'><strong>plus</strong></span> <span class='ocrx_word' id='word_1_576' title='bbox 3118 3351 3398 3426; x_wconf 89' lang='lat' dir='ltr'><strong>percutit,</strong></span> <span class='ocrx_word' id='word_1_577' title='bbox 3429 3350 3559 3407; x_wconf 87' lang='lat' dir='ltr'><strong>inde</strong></span> <span class='ocrx_word' id='word_1_578' title='bbox 3605 3360 3713 3402; x_wconf 88' lang='lat' dir='ltr'><strong>eum</strong></span> 
     </span>
    </p>
   </div>
   <div class='ocr_carea' id='block_1_80' title="bbox 2101 3433 3712 3514">
    <p class='ocr_par' dir='ltr' id='par_1_80' title="bbox 2101 3433 3712 3514">
     <span class='ocr_line' id='line_1_80' title="bbox 2101 3433 3712 3514; baseline -0.006 -16"><span class='ocrx_word' id='word_1_579' title='bbox 2101 3459 2276 3514; x_wconf 89' lang='lat' dir='ltr'><strong>quem</strong></span> <span class='ocrx_word' id='word_1_580' title='bbox 2320 3446 2552 3514; x_wconf 89' lang='lat' dir='ltr'><strong>ceperat</strong></span> <span class='ocrx_word' id='word_1_581' title='bbox 2600 3441 2834 3509; x_wconf 90' lang='lat' dir='ltr'><strong>amittit,</strong></span> <span class='ocrx_word' id='word_1_582' title='bbox 2867 3446 3043 3514; x_wconf 88' lang='lat' dir='ltr'><strong>atque</strong></span> <span class='ocrx_word' id='word_1_583' title='bbox 3098 3442 3260 3498; x_wconf 89' lang='lat' dir='ltr'><strong>unde</strong></span> <span class='ocrx_word' id='word_1_584' title='bbox 3307 3441 3513 3496; x_wconf 86' lang='lat' dir='ltr'><strong>vicisse</strong></span> <span class='ocrx_word' id='word_1_585' title='bbox 3555 3433 3712 3493; x_wconf 85' lang='lat' dir='ltr'><strong>cemi-</strong></span> 
     </span>
    </p>
   </div>
   <div class='ocr_carea' id='block_1_81' title="bbox 2099 3527 3714 3603">
    <p class='ocr_par' dir='ltr' id='par_1_81' title="bbox 2099 3527 3714 3603">
     <span class='ocr_line' id='line_1_81' title="bbox 2099 3527 3714 3603; baseline -0.006 -17"><span class='ocrx_word' id='word_1_586' title='bbox 2099 3535 2215 3599; x_wconf 89' lang='lat' dir='ltr'><strong>tur,</strong></span> <span class='ocrx_word' id='word_1_587' title='bbox 2250 3532 2384 3588; x_wconf 90' lang='lat' dir='ltr'><strong>inde</strong></span> <span class='ocrx_word' id='word_1_588' title='bbox 2439 3536 2770 3603; x_wconf 87' lang='lat' dir='ltr'><strong>superatur.</strong></span> <span class='ocrx_word' id='word_1_589' title='bbox 2801 3531 2888 3586; x_wconf 85' lang='lat' dir='ltr'><strong>Ad</strong></span> <span class='ocrx_word' id='word_1_590' title='bbox 2947 3531 3057 3586; x_wconf 90' lang='lat' dir='ltr'><strong>hoc</strong></span> <span class='ocrx_word' id='word_1_591' title='bbox 3113 3530 3276 3586; x_wconf 88' lang='lat' dir='ltr'><strong>enim</strong></span> <span class='ocrx_word' id='word_1_592' title='bbox 3335 3530 3398 3584; x_wconf 90' lang='lat' dir='ltr'><strong>in</strong></span> <span class='ocrx_word' id='word_1_593' title='bbox 3455 3527 3714 3598; x_wconf 78' lang='lat' dir='ltr'><strong>Scriptura</strong></span> 
     </span>
    </p>
   </div>
   <div class='ocr_carea' id='block_1_82' title="bbox 2099 3616 3712 3688">
    <p class='ocr_par' dir='ltr' id='par_1_82' title="bbox 2099 3616 3712 3688">
     <span class='ocr_line' id='line_1_82' title="bbox 2099 3616 3712 3688; baseline -0.003 -12"><span class='ocrx_word' id='word_1_594' title='bbox 2099 3637 2267 3676; x_wconf 84' lang='lat' dir='ltr'><strong>sacra</strong></span> <span class='ocrx_word' id='word_1_595' title='bbox 2294 3620 2550 3675; x_wconf 88' lang='lat' dir='ltr'><strong>virorum</strong></span> <span class='ocrx_word' id='word_1_596' title='bbox 2599 3619 2827 3688; x_wconf 85' lang='lat' dir='ltr'><strong>talium,</strong></span> <span class='ocrx_word' id='word_1_597' title='bbox 2862 3620 2918 3676; x_wconf 92' lang='lat' dir='ltr'><strong>id</strong></span> <span class='ocrx_word' id='word_1_598' title='bbox 2953 3624 3045 3676; x_wconf 87' lang='lat' dir='ltr'><strong>est</strong></span> <span class='ocrx_word' id='word_1_599' title='bbox 3070 3619 3256 3674; x_wconf 89' lang='lat' dir='ltr'><strong>David</strong></span> <span class='ocrx_word' id='word_1_600' title='bbox 3305 3623 3366 3676; x_wconf 88' lang='lat' dir='ltr'><strong>et</strong></span> <span class='ocrx_word' id='word_1_601' title='bbox 3414 3616 3579 3683; x_wconf 89' lang='lat' dir='ltr'><strong>Petri,</strong></span> <span class='ocrx_word' id='word_1_602' title='bbox 3608 3627 3712 3686; x_wconf 69' lang='lat' dir='ltr'><strong>peo-</strong></span> 
     </span>
    </p>
   </div>
   <div class='ocr_carea' id='block_1_83' title="bbox 2098 3699 3716 3780">
    <p class='ocr_par' dir='ltr' id='par_1_83' title="bbox 2098 3699 3716 3780">
     <span class='ocr_line' id='line_1_83' title="bbox 2098 3699 3716 3780; baseline -0.007 -15"><span class='ocrx_word' id='word_1_603' title='bbox 2098 3713 2228 3765; x_wconf 90' lang='lat' dir='ltr'><strong>cata</strong></span> <span class='ocrx_word' id='word_1_604' title='bbox 2274 3712 2415 3764; x_wconf 90' lang='lat' dir='ltr'><strong>sunt</strong></span> <span class='ocrx_word' id='word_1_605' title='bbox 2459 3707 2667 3780; x_wconf 86' lang='lat' dir='ltr'><strong>indita,</strong></span> <span class='ocrx_word' id='word_1_606' title='bbox 2700 3712 2765 3764; x_wconf 90' lang='lat' dir='ltr'><strong>ut</strong></span> <span class='ocrx_word' id='word_1_607' title='bbox 2803 3707 3033 3764; x_wconf 89' lang='lat' dir='ltr'><strong>cautela</strong></span> <span class='ocrx_word' id='word_1_608' title='bbox 3089 3707 3395 3764; x_wconf 91' lang='lat' dir='ltr'><strong>minorum</strong></span> <span class='ocrx_word' id='word_1_609' title='bbox 3451 3703 3526 3762; x_wconf 86' lang='lat' dir='ltr'><strong>sit</strong></span> <span class='ocrx_word' id='word_1_610' title='bbox 3575 3699 3716 3758; x_wconf 83' lang='lat' dir='ltr'><strong>ruina</strong></span> 
     </span>
    </p>
   </div>
   <div class='ocr_carea' id='block_1_84' title="bbox 2099 3787 3715 3868">
    <p class='ocr_par' dir='ltr' id='par_1_84' title="bbox 2099 3787 3715 3868">
     <span class='ocr_line' id='line_1_84' title="bbox 2099 3787 3715 3868; baseline -0.005 -15"><span class='ocrx_word' id='word_1_611' title='bbox 2099 3799 2410 3868; x_wconf 85' lang='lat' dir='ltr'><strong>majorum.</strong></span> <span class='ocrx_word' id='word_1_612' title='bbox 2441 3798 2526 3853; x_wconf 89' lang='lat' dir='ltr'><strong>Ad</strong></span> <span class='ocrx_word' id='word_1_613' title='bbox 2576 3797 2684 3854; x_wconf 90' lang='lat' dir='ltr'><strong>hoc</strong></span> <span class='ocrx_word' id='word_1_614' title='bbox 2713 3813 2846 3853; x_wconf 90' lang='lat' dir='ltr'><strong>vero</strong></span> <span class='ocrx_word' id='word_1_615' title='bbox 2877 3801 3270 3868; x_wconf 89' lang='lat' dir='ltr'><strong>utrorumque</strong></span> <span class='ocrx_word' id='word_1_616' title='bbox 3300 3795 3422 3852; x_wconf 90' lang='lat' dir='ltr'><strong>illic</strong></span> <span class='ocrx_word' id='word_1_617' title='bbox 3468 3797 3525 3851; x_wconf 92' lang='lat' dir='ltr'><strong>et</strong></span> <span class='ocrx_word' id='word_1_618' title='bbox 3564 3787 3715 3864; x_wconf 51' lang='lat' dir='ltr'><strong>pomi.</strong></span> 
     </span>
    </p>
   </div>
   <div class='ocr_carea' id='block_1_85' title="bbox 2097 3879 3714 3958">
    <p class='ocr_par' dir='ltr' id='par_1_85' title="bbox 2097 3879 3714 3958">
     <span class='ocr_line' id='line_1_85' title="bbox 2097 3879 3714 3958; baseline -0.007 -17"><span class='ocrx_word' id='word_1_619' title='bbox 2097 3886 2282 3941; x_wconf 88' lang='lat' dir='ltr'><strong>tentia</strong></span> <span class='ocrx_word' id='word_1_620' title='bbox 2338 3885 2691 3951; x_wconf 89' lang='lat' dir='ltr'><strong>insinuatur,</strong></span> <span class='ocrx_word' id='word_1_621' title='bbox 2733 3889 2790 3940; x_wconf 91' lang='lat' dir='ltr'><strong>et</strong></span> <span class='ocrx_word' id='word_1_622' title='bbox 2841 3883 3029 3950; x_wconf 87' lang='lat' dir='ltr'><strong>venia,</strong></span> <span class='ocrx_word' id='word_1_623' title='bbox 3059 3889 3124 3940; x_wconf 92' lang='lat' dir='ltr'><strong>ut</strong></span> <span class='ocrx_word' id='word_1_624' title='bbox 3183 3902 3325 3958; x_wconf 89' lang='lat' dir='ltr'><strong>spes</strong></span> <span class='ocrx_word' id='word_1_625' title='bbox 3385 3879 3714 3956; x_wconf 87' lang='lat' dir='ltr'><strong>pereuntium</strong></span> 
     </span>
    </p>
   </div>
   <div class='ocr_carea' id='block_1_86' title="bbox 2097 3973 3718 4046">
    <p class='ocr_par' dir='ltr' id='par_1_86' title="bbox 2097 3973 3718 4046">
     <span class='ocr_line' id='line_1_86' title="bbox 2097 3973 3718 4046; baseline -0.007 -16"><span class='ocrx_word' id='word_1_626' title='bbox 2097 3975 2175 4030; x_wconf 88' lang='lat' dir='ltr'><strong>sit</strong></span> <span class='ocrx_word' id='word_1_627' title='bbox 2229 3974 2590 4046; x_wconf 76' lang='lat' dir='ltr'><strong>recup&lt;ratio</strong></span> <span class='ocrx_word' id='word_1_628' title='bbox 2649 3973 3031 4046; x_wconf 89' lang='lat' dir='ltr'><strong>perditorum.</strong></span> <span class='ocrx_word' id='word_1_629' title='bbox 3085 3973 3167 4030; x_wconf 91' lang='lat' dir='ltr'><strong>De</strong></span> <span class='ocrx_word' id='word_1_630' title='bbox 3236 3976 3401 4030; x_wconf 86' lang='lat' dir='ltr'><strong>statu</strong></span> <span class='ocrx_word' id='word_1_631' title='bbox 3455 3985 3584 4044; x_wconf 85' lang='lat' dir='ltr'><strong>ergo</strong></span> <span class='ocrx_word' id='word_1_632' title='bbox 3631 3979 3718 4021; x_wconf 89' lang='lat' dir='ltr'><strong>suo</strong></span> 
     </span>
    </p>
   </div>
   <div class='ocr_carea' id='block_1_87' title="bbox 2096 4053 3716 4134">
    <p class='ocr_par' dir='ltr' id='par_1_87' title="bbox 2096 4053 3716 4134">
     <span class='ocr_line' id='line_1_87' title="bbox 2096 4053 3716 4134; baseline -0.007 -16"><span class='ocrx_word' id='word_1_633' title='bbox 2096 4063 2276 4119; x_wconf 88' lang='lat' dir='ltr'><strong>David</strong></span> <span class='ocrx_word' id='word_1_634' title='bbox 2319 4063 2561 4118; x_wconf 87' lang='lat' dir='ltr'><strong>cadente</strong></span> <span class='ocrx_word' id='word_1_635' title='bbox 2607 4079 2778 4118; x_wconf 91' lang='lat' dir='ltr'><strong>nemo</strong></span> <span class='ocrx_word' id='word_1_636' title='bbox 2827 4061 3176 4134; x_wconf 89' lang='lat' dir='ltr'><strong>superbiat:</strong></span> <span class='ocrx_word' id='word_1_637' title='bbox 3213 4062 3291 4118; x_wconf 91' lang='lat' dir='ltr'><strong>de</strong></span> <span class='ocrx_word' id='word_1_638' title='bbox 3349 4061 3518 4132; x_wconf 91' lang='lat' dir='ltr'><strong>lapsu</strong></span> <span class='ocrx_word' id='word_1_639' title='bbox 3569 4053 3716 4112; x_wconf 87' lang='lat' dir='ltr'><strong>etiam</strong></span> 
     </span>
    </p>
   </div>
   <div class='ocr_carea' id='block_1_88' title="bbox 2095 4147 3720 4223">
    <p class='ocr_par' dir='ltr' id='par_1_88' title="bbox 2095 4147 3720 4223">
     <span class='ocr_line' id='line_1_88' title="bbox 2095 4147 3720 4223; baseline -0.007 -16"><span class='ocrx_word' id='word_1_640' title='bbox 2095 4169 2202 4208; x_wconf 93' lang='lat' dir='ltr'><strong>suo</strong></span> <span class='ocrx_word' id='word_1_641' title='bbox 2247 4150 2424 4207; x_wconf 86' lang='lat' dir='ltr'><strong>David</strong></span> <span class='ocrx_word' id='word_1_642' title='bbox 2473 4155 2748 4223; x_wconf 80' lang='lat' dir='ltr'><strong>surgente</strong></span> <span class='ocrx_word' id='word_1_643' title='bbox 2798 4167 2968 4206; x_wconf 88' lang='lat' dir='ltr'><strong>nemo</strong></span> <span class='ocrx_word' id='word_1_644' title='bbox 3016 4151 3314 4222; x_wconf 88' lang='lat' dir='ltr'><strong>desperet.</strong></span> <span class='ocrx_word' id='word_1_645' title='bbox 3343 4171 3372 4200; x_wconf 83' lang='lat'><strong>»</strong></span> <span class='ocrx_word' id='word_1_646' title='bbox 3404 4150 3474 4205; x_wconf 87' lang='lat' dir='ltr'><strong>Et</strong></span> <span class='ocrx_word' id='word_1_647' title='bbox 3514 4147 3720 4204; x_wconf 87' lang='lat' dir='ltr'><strong>sanctus</strong></span> 
     </span>
    </p>
   </div>
   <div class='ocr_carea' id='block_1_89' title="bbox 2093 4236 3719 4313">
    <p class='ocr_par' dir='ltr' id='par_1_89' title="bbox 2093 4236 3719 4313">
     <span class='ocr_line' id='line_1_89' title="bbox 2093 4236 3719 4313; baseline -0.007 -18"><span class='ocrx_word' id='word_1_648' title='bbox 2093 4239 2458 4313; x_wconf 84' lang='lat' dir='ltr'><strong>Augustinus</strong></span> <span class='ocrx_word' id='word_1_649' title='bbox 2507 4244 2684 4312; x_wconf 77' lang='lat' dir='ltr'><strong>(epist.</strong></span> <span class='ocrx_word' id='word_1_650' title='bbox 2715 4241 2807 4308; x_wconf 88' lang='lat'><strong>50)</strong></span> <span class='ocrx_word' id='word_1_651' title='bbox 2841 4257 2908 4294; x_wconf 74' lang='grc' dir='ltr'><strong>τα</strong></span> <span class='ocrx_word' id='word_1_652' title='bbox 2958 4238 3033 4296; x_wconf 88' lang='lat' dir='ltr'><strong>Ut</strong></span> <span class='ocrx_word' id='word_1_653' title='bbox 3078 4239 3241 4295; x_wconf 88' lang='lat' dir='ltr'><strong>enim</strong></span> <span class='ocrx_word' id='word_1_654' title='bbox 3295 4236 3719 4295; x_wconf 89' lang='lat' dir='ltr'><strong>constitueretur</strong></span> 
     </span>
    </p>
   </div>
   <div class='ocr_carea' id='block_1_90' title="bbox 2095 4317 3720 4400">
    <p class='ocr_par' dir='ltr' id='par_1_90' title="bbox 2095 4317 3720 4400">
     <span class='ocr_line' id='line_1_90' title="bbox 2095 4317 3720 4400; baseline -0.007 -17"><span class='ocrx_word' id='word_1_655' title='bbox 2095 4328 2155 4384; x_wconf 90' lang='lat' dir='ltr'><strong>in</strong></span> <span class='ocrx_word' id='word_1_656' title='bbox 2202 4328 2468 4397; x_wconf 87' lang='lat' dir='ltr'><strong>ecclesia,</strong></span> <span class='ocrx_word' id='word_1_657' title='bbox 2501 4346 2574 4384; x_wconf 91' lang='lat' dir='ltr'><strong>ne</strong></span> <span class='ocrx_word' id='word_1_658' title='bbox 2603 4327 2919 4400; x_wconf 89' lang='lat' dir='ltr'><strong>quisquam</strong></span> <span class='ocrx_word' id='word_1_659' title='bbox 2977 4331 3112 4400; x_wconf 90' lang='lat' dir='ltr'><strong>post</strong></span> <span class='ocrx_word' id='word_1_660' title='bbox 3166 4327 3432 4400; x_wconf 87' lang='lat' dir='ltr'><strong>alicujus</strong></span> <span class='ocrx_word' id='word_1_661' title='bbox 3489 4317 3720 4380; x_wconf 86' lang='lat' dir='ltr'><strong>criminis</strong></span> 
     </span>
    </p>
   </div>
   <div class='ocr_carea' id='block_1_91' title="bbox 2093 4413 3716 4489">
    <p class='ocr_par' dir='ltr' id='par_1_91' title="bbox 2093 4413 3716 4489">
     <span class='ocr_line' id='line_1_91' title="bbox 2093 4413 3716 4489; baseline -0.008 -16"><span class='ocrx_word' id='word_1_662' title='bbox 2093 4417 2494 4489; x_wconf 79' lang='lat' dir='ltr'><strong>paenitentiam</strong></span> <span class='ocrx_word' id='word_1_663' title='bbox 2523 4416 2862 4472; x_wconf 87' lang='lat' dir='ltr'><strong>clericatum</strong></span> <span class='ocrx_word' id='word_1_664' title='bbox 2891 4415 3158 4489; x_wconf 90' lang='lat' dir='ltr'><strong>accipiat,</strong></span> <span class='ocrx_word' id='word_1_665' title='bbox 3179 4415 3272 4472; x_wconf 90' lang='lat' dir='ltr'><strong>vel</strong></span> <span class='ocrx_word' id='word_1_666' title='bbox 3304 4417 3380 4472; x_wconf 89' lang='lat' dir='ltr'><strong>ad</strong></span> <span class='ocrx_word' id='word_1_667' title='bbox 3413 4413 3716 4471; x_wconf 85' lang='lat' dir='ltr'><strong>clericatum</strong></span> 
     </span>
    </p>
   </div>
   <div class='ocr_carea' id='block_1_92' title="bbox 2093 4498 3720 4576">
    <p class='ocr_par' dir='ltr' id='par_1_92' title="bbox 2093 4498 3720 4576">
     <span class='ocr_line' id='line_1_92' title="bbox 2093 4498 3720 4576; baseline -0.006 -16"><span class='ocrx_word' id='word_1_668' title='bbox 2093 4507 2312 4571; x_wconf 84' lang='lat' dir='ltr'><strong>redeat,</strong></span> <span class='ocrx_word' id='word_1_669' title='bbox 2343 4505 2432 4561; x_wconf 90' lang='lat' dir='ltr'><strong>vel</strong></span> <span class='ocrx_word' id='word_1_670' title='bbox 2469 4505 2530 4560; x_wconf 92' lang='lat' dir='ltr'><strong>in</strong></span> <span class='ocrx_word' id='word_1_671' title='bbox 2561 4505 2838 4562; x_wconf 89' lang='lat' dir='ltr'><strong>clericatu</strong></span> <span class='ocrx_word' id='word_1_672' title='bbox 2885 4509 3136 4574; x_wconf 88' lang='lat' dir='ltr'><strong>maneat,</strong></span> <span class='ocrx_word' id='word_1_673' title='bbox 3171 4522 3295 4561; x_wconf 90' lang='lat' dir='ltr'><strong>non</strong></span> <span class='ocrx_word' id='word_1_674' title='bbox 3348 4498 3720 4576; x_wconf 85' lang='lat' dir='ltr'><strong>desperatione</strong></span> 
     </span>
    </p>
   </div>
   <div class='ocr_carea' id='block_1_93' title="bbox 321 4585 3720 4680">
    <p class='ocr_par' dir='ltr' id='par_1_93' title="bbox 321 4585 3720 4680">
     <span class='ocr_line' id='line_1_93' title="bbox 321 4585 3720 4680; baseline -0.002 -33"><span class='ocrx_word' id='word_1_675' title='bbox 321 4603 514 4680; x_wconf 72' lang='lat' dir='ltr'><strong>.quem</strong></span> <span class='ocrx_word' id='word_1_676' title='bbox 536 4587 714 4660; x_wconf 85' lang='lat' dir='ltr'><strong>hujus</strong></span> <span class='ocrx_word' id='word_1_677' title='bbox 731 4591 966 4648; x_wconf 86' lang='lat' dir='ltr'><strong>sceleris</strong></span> <span class='ocrx_word' id='word_1_678' title='bbox 982 4591 1252 4666; x_wconf 85' lang='lat' dir='ltr'><strong>contagio</strong></span> <span class='ocrx_word' id='word_1_679' title='bbox 1268 4593 1843 4662; x_wconf 87' lang='lat' dir='ltr'><strong>maculavit,studeat</strong></span> <span class='ocrx_word' id='word_1_680' title='bbox 1859 4597 1984 4653; x_wconf 87' lang='lat' dir='ltr'><strong>sine</strong></span> <span class='ocrx_word' id='word_1_681' title='bbox 2013 4616 2059 4680; x_wconf 72' lang='grc' dir='ltr'><strong>υ</strong></span> <span class='ocrx_word' id='word_1_682' title='bbox 2092 4594 2488 4667; x_wconf 68' lang='lat' dir='ltr'><strong>indulgentiae,</strong></span> <span class='ocrx_word' id='word_1_683' title='bbox 2513 4596 2614 4651; x_wconf 89' lang='lat' dir='ltr'><strong>sed</strong></span> <span class='ocrx_word' id='word_1_684' title='bbox 2647 4594 2837 4668; x_wconf 88' lang='lat' dir='ltr'><strong>rigore</strong></span> <span class='ocrx_word' id='word_1_685' title='bbox 2865 4595 3085 4650; x_wconf 88' lang='lat' dir='ltr'><strong>factum</strong></span> <span class='ocrx_word' id='word_1_686' title='bbox 3105 4598 3200 4650; x_wconf 89' lang='lat' dir='ltr'><strong>est</strong></span> <span class='ocrx_word' id='word_1_687' title='bbox 3229 4593 3580 4680; x_wconf 66' lang='lat' dir='ltr'><strong>discipline.</strong></span> <span class='ocrx_word' id='word_1_688' title='bbox 3599 4585 3720 4680; x_wconf 74' lang='lat' dir='ltr'><strong>Alio-</strong></span> 
     </span>
    </p>
   </div>
   <div class='ocr_carea' id='block_1_94' title="bbox 336 4674 1981 4757">
    <p class='ocr_par' dir='ltr' id='par_1_94' title="bbox 336 4674 1981 4757">
     <span class='ocr_line' id='line_1_94' title="bbox 336 4674 1981 4757; baseline 0.007 -28"><span class='ocrx_word' id='word_1_689' title='bbox 336 4674 720 4748; x_wconf 87' lang='lat' dir='ltr'><strong>ambiguitate</strong></span> <span class='ocrx_word' id='word_1_690' title='bbox 739 4679 1078 4751; x_wconf 52' lang='lat' dir='ltr'><strong>deponere»</strong></span> <span class='ocrx_word' id='word_1_691' title='bbox 1105 4681 1252 4747; x_wconf 93' lang='lat' dir='ltr'><strong>Quia</strong></span> <span class='ocrx_word' id='word_1_692' title='bbox 1271 4682 1466 4754; x_wconf 84' lang='lat' dir='ltr'><strong>agitur</strong></span> <span class='ocrx_word' id='word_1_693' title='bbox 1485 4683 1542 4738; x_wconf 92' lang='lat' dir='ltr'><strong>in</strong></span> <span class='ocrx_word' id='word_1_694' title='bbox 1571 4683 1771 4756; x_wconf 86' lang='lat' dir='ltr'><strong>regula</strong></span> <span class='ocrx_word' id='word_1_695' title='bbox 1793 4689 1981 4757; x_wconf 87' lang='lat' dir='ltr'><strong>pasto-</strong></span> 
     </span>
    </p>
   </div>
   <div class='ocr_carea' id='block_1_95' title="bbox 322 4761 1980 4848">
    <p class='ocr_par' dir='ltr' id='par_1_95' title="bbox 322 4761 1980 4848">
     <span class='ocr_line' id='line_1_95' title="bbox 322 4761 1980 4848; baseline 0.008 -31"><span class='ocrx_word' id='word_1_696' title='bbox 322 4761 444 4818; x_wconf 78' lang='lat' dir='ltr'><strong>rali</strong></span> <span class='ocrx_word' id='word_1_697' title='bbox 475 4769 715 4822; x_wconf 87' lang='lat' dir='ltr'><strong>sanctus</strong></span> <span class='ocrx_word' id='word_1_698' title='bbox 739 4767 1074 4841; x_wconf 87' lang='lat' dir='ltr'><strong>Gregorius,</strong></span> <span class='ocrx_word' id='word_1_699' title='bbox 1105 4769 1251 4843; x_wconf 88' lang='lat' dir='ltr'><strong>legis</strong></span> <span class='ocrx_word' id='word_1_700' title='bbox 1281 4787 1578 4843; x_wconf 85' lang='lat' dir='ltr'><strong>exponens</strong></span> <span class='ocrx_word' id='word_1_701' title='bbox 1607 4774 1980 4848; x_wconf 83' lang='lat' dir='ltr'><strong>sententiam,</strong></span> 
     </span>
    </p>
   </div>
   <div class='ocr_carea' id='block_1_96' title="bbox 333 4856 1981 4920">
    <p class='ocr_par' dir='ltr' id='par_1_96' title="bbox 333 4856 1981 4920">
     <span class='ocr_line' id='line_1_96' title="bbox 333 4856 1981 4920; baseline 0.008 -14"><span class='ocrx_word' id='word_1_702' title='bbox 333 4856 624 4909; x_wconf 87' lang='lat' dir='ltr'><strong>monstrat</strong></span> <span class='ocrx_word' id='word_1_703' title='bbox 643 4877 672 4904; x_wconf 88' lang='lat'>«</span> <span class='ocrx_word' id='word_1_704' title='bbox 705 4871 820 4911; x_wconf 90' lang='lat' dir='ltr'><strong>non</strong></span> <span class='ocrx_word' id='word_1_705' title='bbox 853 4856 1062 4914; x_wconf 90' lang='lat' dir='ltr'><strong>debere</strong></span> <span class='ocrx_word' id='word_1_706' title='bbox 1091 4875 1226 4914; x_wconf 89' lang='lat' dir='ltr'><strong>eum</strong></span> <span class='ocrx_word' id='word_1_707' title='bbox 1276 4861 1546 4916; x_wconf 89' lang='lat' dir='ltr'><strong>accedere</strong></span> <span class='ocrx_word' id='word_1_708' title='bbox 1593 4861 1666 4916; x_wconf 90' lang='lat' dir='ltr'><strong>ad</strong></span> <span class='ocrx_word' id='word_1_709' title='bbox 1717 4859 1981 4920; x_wconf 87' lang='lat' dir='ltr'><strong>ministe-</strong></span> 
     </span>
    </p>
   </div>
   <div class='ocr_carea' id='block_1_97' title="bbox 322 4939 1976 5022">
    <p class='ocr_par' dir='ltr' id='par_1_97' title="bbox 322 4939 1976 5022">
     <span class='ocr_line' id='line_1_97' title="bbox 322 4939 1976 5022; baseline 0.007 -27"><span class='ocrx_word' id='word_1_710' title='bbox 322 4939 485 4996; x_wconf 76' lang='lat' dir='ltr'><strong>rium</strong></span> <span class='ocrx_word' id='word_1_711' title='bbox 517 4941 640 5010; x_wconf 89' lang='lat' dir='ltr'><strong>Dei,</strong></span> <span class='ocrx_word' id='word_1_712' title='bbox 675 4961 780 5000; x_wconf 91' lang='lat' dir='ltr'><strong>nec</strong></span> <span class='ocrx_word' id='word_1_713' title='bbox 819 4945 1024 5001; x_wconf 78' lang='lat' dir='ltr'><strong>offerre</strong></span> <span class='ocrx_word' id='word_1_714' title='bbox 1070 4947 1186 5004; x_wconf 92' lang='lat' dir='ltr'><strong>Deo</strong></span> <span class='ocrx_word' id='word_1_715' title='bbox 1237 4963 1344 5004; x_wconf 89' lang='lat' dir='ltr'><strong>suo</strong></span> <span class='ocrx_word' id='word_1_716' title='bbox 1393 4965 1594 5020; x_wconf 89' lang='lat' dir='ltr'><strong>panes,</strong></span> <span class='ocrx_word' id='word_1_717' title='bbox 1627 4949 1728 5020; x_wconf 89' lang='lat' dir='ltr'><strong>qui</strong></span> <span class='ocrx_word' id='word_1_718' title='bbox 1781 4967 1976 5022; x_wconf 91' lang='lat' dir='ltr'><strong>parvo,</strong></span> 
     </span>
    </p>
   </div>
   <div class='ocr_carea' id='block_1_98' title="bbox 315 5029 1969 5108">
    <p class='ocr_par' dir='ltr' id='par_1_98' title="bbox 315 5029 1969 5108">
     <span class='ocr_line' id='line_1_98' title="bbox 315 5029 1969 5108; baseline 0.008 -25"><span class='ocrx_word' id='word_1_719' title='bbox 315 5029 418 5085; x_wconf 89' lang='lat' dir='ltr'><strong>.vel</strong></span> <span class='ocrx_word' id='word_1_720' title='bbox 447 5031 678 5102; x_wconf 83' lang='lat' dir='ltr'><strong>grandi,</strong></span> <span class='ocrx_word' id='word_1_721' title='bbox 701 5037 804 5088; x_wconf 89' lang='lat' dir='ltr'><strong>aut</strong></span> <span class='ocrx_word' id='word_1_722' title='bbox 832 5037 984 5090; x_wconf 92' lang='lat' dir='ltr'><strong>torto</strong></span> <span class='ocrx_word' id='word_1_723' title='bbox 1014 5039 1104 5090; x_wconf 89' lang='lat' dir='ltr'><strong>est</strong></span> <span class='ocrx_word' id='word_1_724' title='bbox 1133 5052 1295 5103; x_wconf 88' lang='lat' dir='ltr'><strong>naso,</strong></span> <span class='ocrx_word' id='word_1_725' title='bbox 1317 5035 1374 5090; x_wconf 88' lang='lat' dir='ltr'><strong>id</strong></span> <span class='ocrx_word' id='word_1_726' title='bbox 1420 5037 1644 5108; x_wconf 87' lang='lat' dir='ltr'><strong>est,qui</strong></span> <span class='ocrx_word' id='word_1_727' title='bbox 1675 5039 1746 5093; x_wconf 92' lang='lat' dir='ltr'><strong>ad</strong></span> <span class='ocrx_word' id='word_1_728' title='bbox 1777 5043 1969 5096; x_wconf 86' lang='lat' dir='ltr'><strong>tenen-</strong></span> 
     </span>
    </p>
   </div>
   <div class='ocr_carea' id='block_1_99' title="bbox 330 5119 1973 5195">
    <p class='ocr_par' dir='ltr' id='par_1_99' title="bbox 330 5119 1973 5195">
     <span class='ocr_line' id='line_1_99' title="bbox 330 5119 1973 5195; baseline 0.007 -22"><span class='ocrx_word' id='word_1_729' title='bbox 330 5119 468 5174; x_wconf 89' lang='lat' dir='ltr'><strong>dam</strong></span> <span class='ocrx_word' id='word_1_730' title='bbox 501 5137 838 5178; x_wconf 87' lang='lat' dir='ltr'><strong>mensuram</strong></span> <span class='ocrx_word' id='word_1_731' title='bbox 868 5122 1240 5180; x_wconf 87' lang='lat' dir='ltr'><strong>discretionis</strong></span> <span class='ocrx_word' id='word_1_732' title='bbox 1288 5124 1535 5182; x_wconf 88' lang='lat' dir='ltr'><strong>idoneus</strong></span> <span class='ocrx_word' id='word_1_733' title='bbox 1583 5145 1697 5182; x_wconf 88' lang='lat' dir='ltr'><strong>non</strong></span> <span class='ocrx_word' id='word_1_734' title='bbox 1747 5135 1854 5195; x_wconf 81' lang='lat' dir='ltr'><strong>est,</strong></span> <span class='ocrx_word' id='word_1_735' title='bbox 1887 5129 1973 5184; x_wconf 89' lang='lat' dir='ltr'><strong>vcl</strong></span> 
     </span>
    </p>
   </div>
   <div class='ocr_carea' id='block_1_100' title="bbox 329 5207 1975 5278">
    <p class='ocr_par' dir='ltr' id='par_1_100' title="bbox 329 5207 1975 5278">
     <span class='ocr_line' id='line_1_100' title="bbox 329 5207 1975 5278; baseline 0.006 -16"><span class='ocrx_word' id='word_1_736' title='bbox 329 5207 426 5278; x_wconf 89' lang='lat' dir='ltr'><strong>qui</strong></span> <span class='ocrx_word' id='word_1_737' title='bbox 460 5208 785 5266; x_wconf 84' lang='lat' dir='ltr'><strong>subtilitate</strong></span> <span class='ocrx_word' id='word_1_738' title='bbox 817 5209 1202 5268; x_wconf 88' lang='lat' dir='ltr'><strong>immoderata</strong></span> <span class='ocrx_word' id='word_1_739' title='bbox 1221 5211 1628 5269; x_wconf 87' lang='lat' dir='ltr'><strong>rectitudincm</strong></span> <span class='ocrx_word' id='word_1_740' title='bbox 1653 5233 1770 5270; x_wconf 75' lang='lat' dir='ltr'><strong>sua:</strong></span> <span class='ocrx_word' id='word_1_741' title='bbox 1791 5216 1975 5272; x_wconf 87' lang='lat' dir='ltr'><strong>actio-</strong></span> 
     </span>
    </p>
   </div>
   <div class='ocr_carea' id='block_1_101' title="bbox 329 5293 1978 5376">
    <p class='ocr_par' dir='ltr' id='par_1_101' title="bbox 329 5293 1978 5376">
     <span class='ocr_line' id='line_1_101' title="bbox 329 5293 1978 5376; baseline 0.007 -27"><span class='ocrx_word' id='word_1_742' title='bbox 329 5293 422 5350; x_wconf 87' lang='lat' dir='ltr'><strong>nis</strong></span> <span class='ocrx_word' id='word_1_743' title='bbox 441 5298 770 5364; x_wconf 88' lang='lat' dir='ltr'><strong>confundit,</strong></span> <span class='ocrx_word' id='word_1_744' title='bbox 793 5297 852 5354; x_wconf 89' lang='lat' dir='ltr'><strong>in</strong></span> <span class='ocrx_word' id='word_1_745' title='bbox 883 5299 1226 5371; x_wconf 64' lang='lat' dir='ltr'><strong>poenitentia</strong></span> <span class='ocrx_word' id='word_1_746' title='bbox 1247 5301 1332 5356; x_wconf 92' lang='lat' dir='ltr'><strong>vel</strong></span> <span class='ocrx_word' id='word_1_747' title='bbox 1355 5302 1768 5374; x_wconf 87' lang='lat' dir='ltr'><strong>degradatione</strong></span> <span class='ocrx_word' id='word_1_748' title='bbox 1790 5304 1978 5376; x_wconf 88' lang='lat' dir='ltr'><strong>lapso-</strong></span> 
     </span>
    </p>
   </div>
   <div class='ocr_carea' id='block_1_102' title="bbox 329 5386 1972 5459">
    <p class='ocr_par' dir='ltr' id='par_1_102' title="bbox 329 5386 1972 5459">
     <span class='ocr_line' id='line_1_102' title="bbox 329 5386 1972 5459; baseline 0.006 -21"><span class='ocrx_word' id='word_1_749' title='bbox 329 5401 458 5438; x_wconf 89' lang='lat' dir='ltr'><strong>rum</strong></span> <span class='ocrx_word' id='word_1_750' title='bbox 488 5403 557 5441; x_wconf 88' lang='lat' dir='ltr'><strong>ex</strong></span> <span class='ocrx_word' id='word_1_751' title='bbox 584 5386 866 5459; x_wconf 82' lang='lat' dir='ltr'><strong>gradibus</strong></span> <span class='ocrx_word' id='word_1_752' title='bbox 895 5387 1324 5455; x_wconf 88' lang='lat' dir='ltr'><strong>ecclesiasticis,</strong></span> <span class='ocrx_word' id='word_1_753' title='bbox 1358 5392 1680 5446; x_wconf 88' lang='lat' dir='ltr'><strong>secundum</strong></span> <span class='ocrx_word' id='word_1_754' title='bbox 1711 5392 1972 5448; x_wconf 88' lang='lat' dir='ltr'><strong>traditio-</strong></span> 
     </span>
    </p>
   </div>
   <div class='ocr_carea' id='block_1_103' title="bbox 330 5475 1974 5549">
    <p class='ocr_par' dir='ltr' id='par_1_103' title="bbox 330 5475 1974 5549">
     <span class='ocr_line' id='line_1_103' title="bbox 330 5475 1974 5549; baseline 0.008 -25"><span class='ocrx_word' id='word_1_755' title='bbox 330 5488 463 5526; x_wconf 90' lang='lat' dir='ltr'><strong>nem</strong></span> <span class='ocrx_word' id='word_1_756' title='bbox 507 5475 856 5532; x_wconf 89' lang='lat' dir='ltr'><strong>catholicam</strong></span> <span class='ocrx_word' id='word_1_757' title='bbox 905 5483 964 5534; x_wconf 90' lang='lat' dir='ltr'><strong>et</strong></span> <span class='ocrx_word' id='word_1_758' title='bbox 1011 5477 1267 5534; x_wconf 71' lang='lat' dir='ltr'><strong>ecclesiae</strong></span> <span class='ocrx_word' id='word_1_759' title='bbox 1316 5479 1752 5549; x_wconf 86' lang='lat' dir='ltr'><strong>magistrorum,</strong></span> <span class='ocrx_word' id='word_1_760' title='bbox 1805 5483 1974 5538; x_wconf 91' lang='lat' dir='ltr'><strong>nobis</strong></span> 
     </span>
    </p>
   </div>
   <div class='ocr_carea' id='block_1_104' title="bbox 326 5563 1970 5641">
    <p class='ocr_par' dir='ltr' id='par_1_104' title="bbox 326 5563 1970 5641">
     <span class='ocr_line' id='line_1_104' title="bbox 326 5563 1970 5641; baseline 0.008 -29"><span class='ocrx_word' id='word_1_761' title='bbox 326 5563 416 5613; x_wconf 91' lang='lat' dir='ltr'><strong>est</strong></span> <span class='ocrx_word' id='word_1_762' title='bbox 457 5563 710 5619; x_wconf 88' lang='lat' dir='ltr'><strong>tenenda</strong></span> <span class='ocrx_word' id='word_1_763' title='bbox 757 5565 1050 5622; x_wconf 88' lang='lat' dir='ltr'><strong>discretio.</strong></span> <span class='ocrx_word' id='word_1_764' title='bbox 1081 5589 1108 5615; x_wconf 92' lang='grc'><strong>››</strong></span> <span class='ocrx_word' id='word_1_765' title='bbox 1129 5566 1224 5621; x_wconf 88' lang='lat' dir='ltr'><strong>Ait</strong></span> <span class='ocrx_word' id='word_1_766' title='bbox 1278 5565 1435 5620; x_wconf 91' lang='lat' dir='ltr'><strong>enim</strong></span> <span class='ocrx_word' id='word_1_767' title='bbox 1495 5567 1700 5623; x_wconf 88' lang='lat' dir='ltr'><strong>beatus</strong></span> <span class='ocrx_word' id='word_1_768' title='bbox 1757 5569 1970 5641; x_wconf 82' lang='lat' dir='ltr'><strong>Grego-</strong></span> 
     </span>
    </p>
   </div>
   <div class='ocr_carea' id='block_1_105' title="bbox 326 5643 1969 5727">
    <p class='ocr_par' dir='ltr' id='par_1_105' title="bbox 326 5643 1969 5727">
     <span class='ocr_line' id='line_1_105' title="bbox 326 5643 1969 5727; baseline 0.008 -28"><span class='ocrx_word' id='word_1_769' title='bbox 326 5643 449 5702; x_wconf 84' lang='lat' dir='ltr'><strong>rius</strong></span> <span class='ocrx_word' id='word_1_770' title='bbox 477 5648 689 5716; x_wconf 80' lang='lat' dir='ltr'><strong>(Moral.</strong></span> <span class='ocrx_word' id='word_1_771' title='bbox 737 5669 852 5720; x_wconf 70' lang='lat' dir='ltr'><strong>xxx,</strong></span> <span class='ocrx_word' id='word_1_772' title='bbox 903 5670 1021 5725; x_wconf 79' lang='lat' dir='ltr'><strong>cup.</strong></span> <span class='ocrx_word' id='word_1_773' title='bbox 1054 5655 1113 5722; x_wconf 85' lang='lat'><strong>9)</strong></span> <span class='ocrx_word' id='word_1_774' title='bbox 1141 5671 1154 5709; x_wconf 89' lang='lat'>:</span> <span class='ocrx_word' id='word_1_775' title='bbox 1181 5675 1210 5704; x_wconf 87' lang='lat'><strong>«</strong></span> <span class='ocrx_word' id='word_1_776' title='bbox 1242 5654 1676 5727; x_wconf 86' lang='lat' dir='ltr'><strong>Nonnunquam</strong></span> <span class='ocrx_word' id='word_1_777' title='bbox 1727 5673 1762 5712; x_wconf 88' lang='lat' dir='ltr'><strong>a</strong></span> <span class='ocrx_word' id='word_1_778' title='bbox 1809 5662 1969 5712; x_wconf 89' lang='lat' dir='ltr'><strong>reatu</strong></span> 
     </span>
    </p>
   </div>
   <div class='ocr_carea' id='block_1_106' title="bbox 2089 4672 3720 4754">
    <p class='ocr_par' dir='ltr' id='par_1_106' title="bbox 2089 4672 3720 4754">
     <span class='ocr_line' id='line_1_106' title="bbox 2089 4672 3720 4754; baseline -0.004 -16"><span class='ocrx_word' id='word_1_779' title='bbox 2089 4682 2232 4754; x_wconf 89' lang='lat' dir='ltr'><strong>quin</strong></span> <span class='ocrx_word' id='word_1_780' title='bbox 2263 4687 2464 4738; x_wconf 89' lang='lat' dir='ltr'><strong>contra</strong></span> <span class='ocrx_word' id='word_1_781' title='bbox 2493 4682 2682 4739; x_wconf 89' lang='lat' dir='ltr'><strong>claves</strong></span> <span class='ocrx_word' id='word_1_782' title='bbox 2713 4684 2882 4738; x_wconf 89' lang='lat' dir='ltr'><strong>datas</strong></span> <span class='ocrx_word' id='word_1_783' title='bbox 2917 4680 3186 4738; x_wconf 65' lang='lat' dir='ltr'><strong>Ecclesiae</strong></span> <span class='ocrx_word' id='word_1_784' title='bbox 3218 4678 3636 4754; x_wconf 86' lang='lat' dir='ltr'><strong>disputabitur,</strong></span> <span class='ocrx_word' id='word_1_785' title='bbox 3661 4672 3720 4728; x_wconf 75' lang='lat' dir='ltr'><strong>de</strong></span> 
     </span>
    </p>
   </div>
   <div class='ocr_carea' id='block_1_107' title="bbox 2093 4765 3723 4842">
    <p class='ocr_par' dir='ltr' id='par_1_107' title="bbox 2093 4765 3723 4842">
     <span class='ocr_line' id='line_1_107' title="bbox 2093 4765 3723 4842; baseline -0.002 -17"><span class='ocrx_word' id='word_1_786' title='bbox 2093 4771 2312 4842; x_wconf 89' lang='lat' dir='ltr'><strong>quibus</strong></span> <span class='ocrx_word' id='word_1_787' title='bbox 2360 4771 2582 4826; x_wconf 83' lang='lat' dir='ltr'><strong>dictum</strong></span> <span class='ocrx_word' id='word_1_788' title='bbox 2629 4775 2764 4826; x_wconf 85' lang='lat' dir='ltr'><strong>est:</strong></span> <span class='ocrx_word' id='word_1_789' title='bbox 2803 4771 2932 4840; x_wconf 64' lang='lat' dir='ltr'><strong>Quae</strong></span> <span class='ocrx_word' id='word_1_790' title='bbox 2953 4770 3229 4826; x_wconf 79' lang='lat' dir='ltr'><strong>solveritis</strong></span> <span class='ocrx_word' id='word_1_791' title='bbox 3281 4773 3346 4826; x_wconf 85' lang='lat' dir='ltr'><strong>in</strong></span> <span class='ocrx_word' id='word_1_792' title='bbox 3395 4777 3559 4834; x_wconf 81' lang='lat' dir='ltr'><strong>terra,</strong></span> <span class='ocrx_word' id='word_1_793' title='bbox 3587 4765 3723 4820; x_wconf 60' lang='lat' dir='ltr'><strong>erui“</strong></span> 
     </span>
    </p>
   </div>
   <div class='ocr_carea' id='block_1_108' title="bbox 2087 4850 3719 4932">
    <p class='ocr_par' dir='ltr' id='par_1_108' title="bbox 2087 4850 3719 4932">
     <span class='ocr_line' id='line_1_108' title="bbox 2087 4850 3719 4932; baseline -0.009 -17"><span class='ocrx_word' id='word_1_794' title='bbox 2087 4861 2269 4915; x_wconf 79' lang='lat' dir='ltr'><strong>sol-uta</strong></span> <span class='ocrx_word' id='word_1_795' title='bbox 2309 4869 2360 4916; x_wconf 87' lang='lat' dir='ltr'><strong>et</strong></span> <span class='ocrx_word' id='word_1_796' title='bbox 2403 4863 2463 4916; x_wconf 83' lang='lat' dir='ltr'><strong>in</strong></span> <span class='ocrx_word' id='word_1_797' title='bbox 2505 4861 2637 4916; x_wconf 66' lang='lat' dir='ltr'><strong>ea&#39;lo</strong></span> <span class='ocrx_word' id='word_1_798' title='bbox 2681 4859 2892 4932; x_wconf 76' lang='lat' dir='ltr'><strong>(Matth.</strong></span> <span class='ocrx_word' id='word_1_799' title='bbox 2925 4876 3039 4927; x_wconf 79' lang='lat' dir='ltr'><strong>xvr,</strong></span> <span class='ocrx_word' id='word_1_800' title='bbox 3074 4860 3183 4928; x_wconf 86' lang='grc'><strong>10).</strong></span> <span class='ocrx_word' id='word_1_801' title='bbox 3215 4859 3336 4915; x_wconf 89' lang='lat' dir='ltr'><strong>Sed</strong></span> <span class='ocrx_word' id='word_1_802' title='bbox 3388 4874 3461 4914; x_wconf 90' lang='lat' dir='ltr'><strong>ne</strong></span> <span class='ocrx_word' id='word_1_803' title='bbox 3509 4850 3719 4911; x_wconf 75' lang='lat' dir='ltr'><strong>forsitan</strong></span> 
     </span>
    </p>
   </div>
   <div class='ocr_carea' id='block_1_109' title="bbox 2087 4937 3717 5021">
    <p class='ocr_par' dir='ltr' id='par_1_109' title="bbox 2087 4937 3717 5021">
     <span class='ocr_line' id='line_1_109' title="bbox 2087 4937 3717 5021; baseline -0.004 -17"><span class='ocrx_word' id='word_1_804' title='bbox 2087 4948 2262 5004; x_wconf 89' lang='lat' dir='ltr'><strong>etiam</strong></span> <span class='ocrx_word' id='word_1_805' title='bbox 2295 4950 2539 5005; x_wconf 87' lang='lat' dir='ltr'><strong>detectis</strong></span> <span class='ocrx_word' id='word_1_806' title='bbox 2566 4948 2912 5006; x_wconf 89' lang='lat' dir='ltr'><strong>criminibus</strong></span> <span class='ocrx_word' id='word_1_807' title='bbox 2945 4966 3048 5021; x_wconf 89' lang='lat' dir='ltr'><strong>spe</strong></span> <span class='ocrx_word' id='word_1_808' title='bbox 3089 4948 3341 5004; x_wconf 90' lang='lat' dir='ltr'><strong>honoris</strong></span> <span class='ocrx_word' id='word_1_809' title='bbox 3371 4937 3717 5005; x_wconf 78' lang='lat' dir='ltr'><strong>ecclesiastici</strong></span> 
     </span>
    </p>
   </div>
   <div class='ocr_carea' id='block_1_110' title="bbox 2085 5027 3712 5109">
    <p class='ocr_par' dir='ltr' id='par_1_110' title="bbox 2085 5027 3712 5109">
     <span class='ocr_line' id='line_1_110' title="bbox 2085 5027 3712 5109; baseline -0.001 -17"><span class='ocrx_word' id='word_1_810' title='bbox 2085 5037 2321 5094; x_wconf 89' lang='lat' dir='ltr'><strong>animus</strong></span> <span class='ocrx_word' id='word_1_811' title='bbox 2352 5039 2748 5093; x_wconf 83' lang='lat' dir='ltr'><strong>intumescens</strong></span> <span class='ocrx_word' id='word_1_812' title='bbox 2793 5037 3044 5109; x_wconf 88' lang='lat' dir='ltr'><strong>superbe</strong></span> <span class='ocrx_word' id='word_1_813' title='bbox 3074 5041 3277 5108; x_wconf 82' lang='lat' dir='ltr'><strong>ageret</strong></span> <span class='ocrx_word' id='word_1_814' title='bbox 3318 5027 3712 5108; x_wconf 64' lang='lat' dir='ltr'><strong>paenitentiam,</strong></span> 
     </span>
    </p>
   </div>
   <div class='ocr_carea' id='block_1_111' title="bbox 2083 5121 3716 5198">
    <p class='ocr_par' dir='ltr' id='par_1_111' title="bbox 2083 5121 3716 5198">
     <span class='ocr_line' id='line_1_111' title="bbox 2083 5121 3716 5198; baseline -0.007 -16"><span class='ocrx_word' id='word_1_815' title='bbox 2083 5126 2450 5182; x_wconf 87' lang='lat' dir='ltr'><strong>severissime</strong></span> <span class='ocrx_word' id='word_1_816' title='bbox 2482 5125 2720 5197; x_wconf 89' lang='lat' dir='ltr'><strong>placuit,</strong></span> <span class='ocrx_word' id='word_1_817' title='bbox 2746 5130 2812 5180; x_wconf 90' lang='lat' dir='ltr'><strong>ut</strong></span> <span class='ocrx_word' id='word_1_818' title='bbox 2840 5130 2973 5198; x_wconf 89' lang='lat' dir='ltr'><strong>post</strong></span> <span class='ocrx_word' id='word_1_819' title='bbox 2991 5129 3180 5182; x_wconf 87' lang='lat' dir='ltr'><strong>actam</strong></span> <span class='ocrx_word' id='word_1_820' title='bbox 3203 5125 3281 5180; x_wconf 91' lang='lat' dir='ltr'><strong>de</strong></span> <span class='ocrx_word' id='word_1_821' title='bbox 3313 5123 3560 5182; x_wconf 85' lang='lat' dir='ltr'><strong>crimine</strong></span> <span class='ocrx_word' id='word_1_822' title='bbox 3582 5121 3716 5174; x_wconf 85' lang='lat' dir='ltr'><strong>dam-</strong></span> 
     </span>
    </p>
   </div>
   <div class='ocr_carea' id='block_1_112' title="bbox 2083 5213 3712 5287">
    <p class='ocr_par' dir='ltr' id='par_1_112' title="bbox 2083 5213 3712 5287">
     <span class='ocr_line' id='line_1_112' title="bbox 2083 5213 3712 5287; baseline -0.001 -19"><span class='ocrx_word' id='word_1_823' title='bbox 2083 5215 2263 5269; x_wconf 88' lang='lat' dir='ltr'><strong>nabili</strong></span> <span class='ocrx_word' id='word_1_824' title='bbox 2297 5215 2697 5287; x_wconf 79' lang='lat' dir='ltr'><strong>paenitentiam</strong></span> <span class='ocrx_word' id='word_1_825' title='bbox 2731 5231 2902 5272; x_wconf 87' lang='lat' dir='ltr'><strong>nemo</strong></span> <span class='ocrx_word' id='word_1_826' title='bbox 2945 5214 3025 5270; x_wconf 88' lang='lat' dir='ltr'><strong>sit</strong></span> <span class='ocrx_word' id='word_1_827' title='bbox 3071 5213 3350 5278; x_wconf 86' lang='lat' dir='ltr'><strong>clericus,</strong></span> <span class='ocrx_word' id='word_1_828' title='bbox 3377 5219 3447 5268; x_wconf 86' lang='lat' dir='ltr'><strong>ut</strong></span> <span class='ocrx_word' id='word_1_829' title='bbox 3473 5213 3712 5280; x_wconf 71' lang='lat' dir='ltr'><strong>despera&#39;</strong></span> 
     </span>
    </p>
   </div>
   <div class='ocr_carea' id='block_1_113' title="bbox 2083 5295 3717 5376">
    <p class='ocr_par' dir='ltr' id='par_1_113' title="bbox 2083 5295 3717 5376">
     <span class='ocr_line' id='line_1_113' title="bbox 2083 5295 3717 5376; baseline -0.007 -18"><span class='ocrx_word' id='word_1_830' title='bbox 2083 5303 2238 5358; x_wconf 89' lang='lat' dir='ltr'><strong>tione</strong></span> <span class='ocrx_word' id='word_1_831' title='bbox 2259 5303 2602 5376; x_wconf 86' lang='lat' dir='ltr'><strong>temporalia</strong></span> <span class='ocrx_word' id='word_1_832' title='bbox 2617 5302 2946 5359; x_wconf 89' lang='lat' dir='ltr'><strong>altitudinis</strong></span> <span class='ocrx_word' id='word_1_833' title='bbox 2963 5303 3256 5360; x_wconf 89' lang='lat' dir='ltr'><strong>medicina</strong></span> <span class='ocrx_word' id='word_1_834' title='bbox 3275 5304 3474 5374; x_wconf 88' lang='lat' dir='ltr'><strong>major</strong></span> <span class='ocrx_word' id='word_1_835' title='bbox 3487 5306 3544 5356; x_wconf 90' lang='lat' dir='ltr'><strong>et</strong></span> <span class='ocrx_word' id='word_1_836' title='bbox 3559 5295 3717 5352; x_wconf 86' lang='lat' dir='ltr'><strong>verior</strong></span> 
     </span>
    </p>
   </div>
   <div class='ocr_carea' id='block_1_114' title="bbox 2081 5381 3715 5450">
    <p class='ocr_par' dir='ltr' id='par_1_114' title="bbox 2081 5381 3715 5450">
     <span class='ocr_line' id='line_1_114' title="bbox 2081 5381 3715 5450; baseline -0.007 -2"><span class='ocrx_word' id='word_1_837' title='bbox 2081 5398 2235 5448; x_wconf 88' lang='lat' dir='ltr'><strong>esset</strong></span> <span class='ocrx_word' id='word_1_838' title='bbox 2254 5392 2627 5449; x_wconf 89' lang='lat' dir='ltr'><strong>humilitatis.</strong></span> <span class='ocrx_word' id='word_1_839' title='bbox 2649 5393 2794 5450; x_wconf 87' lang='lat' dir='ltr'><strong>Nam</strong></span> <span class='ocrx_word' id='word_1_840' title='bbox 2815 5396 2872 5448; x_wconf 87' lang='lat' dir='ltr'><strong>et</strong></span> <span class='ocrx_word' id='word_1_841' title='bbox 2901 5397 3142 5448; x_wconf 88' lang='lat' dir='ltr'><strong>sanctus</strong></span> <span class='ocrx_word' id='word_1_842' title='bbox 3161 5391 3352 5446; x_wconf 87' lang='lat' dir='ltr'><strong>David</strong></span> <span class='ocrx_word' id='word_1_843' title='bbox 3376 5391 3451 5446; x_wconf 92' lang='lat' dir='ltr'><strong>de</strong></span> <span class='ocrx_word' id='word_1_844' title='bbox 3481 5381 3715 5445; x_wconf 89' lang='lat' dir='ltr'><strong>crimini-</strong></span> 
     </span>
    </p>
   </div>
   <div class='ocr_carea' id='block_1_115' title="bbox 2081 5472 3718 5554">
    <p class='ocr_par' dir='ltr' id='par_1_115' title="bbox 2081 5472 3718 5554">
     <span class='ocr_line' id='line_1_115' title="bbox 2081 5472 3718 5554; baseline -0.006 -18"><span class='ocrx_word' id='word_1_845' title='bbox 2081 5482 2192 5543; x_wconf 89' lang='lat' dir='ltr'><strong>bus</strong></span> <span class='ocrx_word' id='word_1_846' title='bbox 2218 5472 2534 5538; x_wconf 86' lang='lat' dir='ltr'><strong>mortiferis</strong></span> <span class='ocrx_word' id='word_1_847' title='bbox 2553 5481 2670 5554; x_wconf 85' lang='lat' dir='ltr'><strong>cgit</strong></span> <span class='ocrx_word' id='word_1_848' title='bbox 2689 5481 3112 5552; x_wconf 78' lang='lat' dir='ltr'><strong>paenitentiam,</strong></span> <span class='ocrx_word' id='word_1_849' title='bbox 3135 5485 3190 5538; x_wconf 88' lang='lat' dir='ltr'><strong>et</strong></span> <span class='ocrx_word' id='word_1_850' title='bbox 3211 5483 3421 5535; x_wconf 86' lang='lat' dir='ltr'><strong>tamen</strong></span> <span class='ocrx_word' id='word_1_851' title='bbox 3445 5480 3503 5534; x_wconf 92' lang='lat' dir='ltr'><strong>in</strong></span> <span class='ocrx_word' id='word_1_852' title='bbox 3525 5477 3718 5532; x_wconf 87' lang='lat' dir='ltr'><strong>honore</strong></span> 
     </span>
    </p>
   </div>
   <div class='ocr_carea' id='block_1_116' title="bbox 2081 5563 3718 5642">
    <p class='ocr_par' dir='ltr' id='par_1_116' title="bbox 2081 5563 3718 5642">
     <span class='ocr_line' id='line_1_116' title="bbox 2081 5563 3718 5642; baseline -0.007 -16"><span class='ocrx_word' id='word_1_853' title='bbox 2081 5588 2189 5626; x_wconf 91' lang='lat' dir='ltr'><strong>suo</strong></span> <span class='ocrx_word' id='word_1_854' title='bbox 2211 5571 2468 5642; x_wconf 88' lang='lat' dir='ltr'><strong>perstitit</strong></span> <span class='ocrx_word' id='word_1_855' title='bbox 2487 5588 2500 5624; x_wconf 90' lang='lat'><strong>:</strong></span> <span class='ocrx_word' id='word_1_856' title='bbox 2519 5575 2578 5626; x_wconf 91' lang='lat' dir='ltr'><strong>et</strong></span> <span class='ocrx_word' id='word_1_857' title='bbox 2593 5572 2828 5626; x_wconf 88' lang='lat' dir='ltr'><strong>beatum</strong></span> <span class='ocrx_word' id='word_1_858' title='bbox 2849 5569 3354 5642; x_wconf 86' lang='lat' dir='ltr'><strong>Petrum,quando</strong></span> <span class='ocrx_word' id='word_1_859' title='bbox 3373 5563 3718 5624; x_wconf 83' lang='lat' dir='ltr'><strong>amarissime</strong></span> 
     </span>
    </p>
   </div>
   <div class='ocr_carea' id='block_1_117' title="bbox 2081 5649 3718 5731">
    <p class='ocr_par' dir='ltr' id='par_1_117' title="bbox 2081 5649 3718 5731">
     <span class='ocr_line' id='line_1_117' title="bbox 2081 5649 3718 5731; baseline -0.005 -17"><span class='ocrx_word' id='word_1_860' title='bbox 2081 5657 2367 5731; x_wconf 79' lang='lat' dir='ltr'><strong>lacrymas</strong></span> <span class='ocrx_word' id='word_1_861' title='bbox 2397 5659 2792 5730; x_wconf 89' lang='lat' dir='ltr'><strong>fudit,utique</strong></span> <span class='ocrx_word' id='word_1_862' title='bbox 2808 5658 3123 5715; x_wconf 90' lang='lat' dir='ltr'><strong>Dominum</strong></span> <span class='ocrx_word' id='word_1_863' title='bbox 3155 5673 3417 5730; x_wconf 86' lang='lat' dir='ltr'><strong>negasse</strong></span> <span class='ocrx_word' id='word_1_864' title='bbox 3448 5649 3718 5731; x_wconf 66' lang='lat' dir='ltr'><strong>paenituit,</strong></span> 
     </span>
    </p>
   </div>
  </div>
