3916 6190
206 350 335 412 ’198

1300 351 1685 414 CAPITULA
1729 349 1932 411 ALIIS
1978 345 2554 411 SUPERADDITA.

3502 346 3622 408 ηθι

1016 752 1372 813 CAPITULA
1407 752 1605 809 ANNO
1643 752 1743 808 XII
1780 749 2263 807 EPISCOPATUS
2303 748 2822 806 SUPERADDITA.

1708 876 2133 887 __———

211 964 375 1052 Haec
408 967 705 1051 capitula
735 987 916 1032 anno
947 987 1041 1032 xn
1074 969 1494 1052 episc0patus
1524 970 1761 1047 nostri,
1794 988 1860 1033 ιν
1892 968 2047 1032 Idus
2079 967 2333 1041 Junius,
2368 968 2516 1030 aliis
2542 967 2854 1049 capitulis
2899 986 3050 1048 quae
3086 968 3230 1049 jam
3279 984 3623 1029 consacer-

286 1050 588 1119 adotibus
619 1058 864 1120 nostris
894 1050 1321 1136 dederamus,
1348 1060 1818 1122 auctoritatem
1849 1057 2126 1121 Patrum
2157 1062 2542 1140 sequentes,
2568 1056 3174 1138 superaddidimus,
3211 1059 3279 1118 et
3308 1054 3626 1119 fratribus

306 1164 405 1207 ac
426 1146 1017 1210 consacerdotibus
1050 1148 1293 1210 nostris
1324 1149 1746 1212 observanda
1776 1146 2197 1210 tradidimus.

202 1299 342 1356 Cap.
385 1300 430 1356 Ι.
464 1331 533 1342 --
568 1299 718 1369 Quod
741 1301 1051 1373 presbyteri
1075 1318 1272 1358 curare
1298 1303 1543 1369 debeant,
1576 1312 1635 1359 ut
1663 1303 1875 1375 publici
1902 1301 1955 1368 Α
1982 1307 2206 1367 veatur,
2226 1305 2290 1356 ut
2309 1316 2480 1357 nemo
2502 1300 2809 1373 pmnitens,
2827 1304 2886 1355 et
2909 1314 3043 1355 cum
3065 1299 3369 1355 devotione
3399 1303 3623 1372 petens,

266 1380 591 1443 peccatores

268 1443 548 1518 quomodo
583 1443 742 1518 illam
771 1451 959 1513 agant.
991 1445 1067 1501 Dc
1089 1443 1249 1517 poma
1273 1443 1463 1502 eorum
1479 1443 1588 1518 qui
1606 1446 1675 1501 ad
1704 1443 1872 1513 prmi-

268 1515 512 1577 tentiam
564 1515 1154 1590 venirecontemnunt,
1188 1525 1239 1572 et
1280 1515 1739 1590 presbyterorum,
1773 1519 1872 1590 qui

261 1592 585 1661 peccatores
605 1602 717 1661 non
749 1585 1030 1661 indicant,-
1060 1596 1111 1643 σε
1151 1585 1294 1659 quod
1325 1585 1520 1645 ultir'na
1548 1585 1871 1661 pleniten'tia

262 1657 424 1712 nulli
450 1657 716 1729 neganda
740 1659 836 1714 sit.

746 1375 995 1429 ﬂentium
1009 1376 1306 1446 accipiam,
1320 1384 1372 1431 et
1399 1377 1646 1446 episc0po
1666 1376 1871 1445 referre

278 1816 363 1873 Ut.
377 1818 792 1891 unusquisque
814 1822 1088 1879 sacerdos
1117 1822 1432 1879 maximam
1447 1824 1869 1896 providentiam

205 1905 452 1972 habeat,
469 1910 784 1979 quatenus,
796 1908 846 1964 si
876 1910 1023 1966 forte
1051 1910 1111 1965 in
1140 1912 1416 1984 parochia
1431 1926 1540 1969 sua
1570 1913 1869 1985 publicum

204 1994 631 2064 homicidium,
650 2001 757 2053 aut
798 1998 1174 2069 adulterium,
1225 2000 1346 2058 sive
1407 2004 1753 2075 perjurium,
1783 2002 1870 2060 vel

208 2084 618 2156 quodcunque
648 2085 953 2143 criminale
982 2094 1283 2160 peccatum
1316 2092 1547 2163 publice
1576 2099 1870 2165 perpetra-

208 2177 340 2229 tum
378 2173 884 2243 fuerit,statim,si
914 2182 1213 2235 auctorem
1242 2179 1380 2236 facti
1395 2180 1485 2237 vel
1510 2182 1873 2239 consentien-

209 2265 332 2318 tem
354 2262 528 2320 adire
546 2263 820 2336 potuerit,
835 2263 1104 2325 hortetur
1121 2280 1258 2324 eum
1277 2274 1572 2341 quatenus
1591 2272 1664 2327 ad
1689 2271 1870 2344 pumi-

208 2353 475 2407 tentiam
529 2351 727 2408 veniat
771 2370 969 2410 coram
1012 2356 1232 2415 decano
1274 2361 1334 2412 et
1381 2360 1872 2432 compresbyteris

208 2438 365 2505 suis,
395 2443 461 2495 et
481 2439 770 2512 quidquid
803 2441 915 2515 ipsi
947 2442 1083 2499 inde
1114 2444 1442 2502 invenerint
1484 2447 1573 2504 vel
1623 2448 1871 2519 egerint,

210 2527 322 2584 hoc
355 2529 790 2587 mmministris
821 2533 1057 2601 nostris,
1081 2535 1382 2607 magistris
1411 2536 1671 2610 suis,qui
1706 2539 1766 2594 in
1797 2539 1877 2595 ci-

209 2615 397 2673 vitate
426 2618 783 2687 consistunt,
818 2620 1145 2678 innotescat
1175 2639 1188 2678 :
1224 2628 1289 2678 ut
1334 2623 1487 2682 infra
1534 2626 1869 2698 quindecim

215 2704 345 2762 dies
372 2707 457 2762 ad
488 2710 752 2764 nostram
782 2710 1151 2781 praesentiam
1200 2712 1472 2784 publicus
1502 2719 1788 2787 peccator,
1822 2715 1873 2772 si

218 2794 382 2851 intra
402 2796 754 2869 parochiam
786 2803 1047 2854 nostram
1063 2800 1389 2871 fuerimus,
1407 2803 1686 2869 veniat,et
1703 2805 1875 2874 juxta

211 2883 597 2941 traditionem
623 2885 965 2943 canonicam
996 2888 1293 2959 publicam
1315 2890 1715 2962 pmnitentiam
1734 2904 1871 2948 cum

213 2989 438 3030 manus
470 2973 843 3046 impositione
889 2975 1139 3048 accipiat
1182 2979 1319 3035 etsi
1360 2978 1595 3052 longius
1623 2998 1657 3036 a
1705 2998 1872 3053 paro-

212 3061 361 3118 chia‘
377 3066 591 3118 nostra
618 3062 925 3132 fuerimus,
958 3080 1150 3122 annus
1199 3070 1259 3123 et
1306 3067 1433 3124 dies
1481 3067 1872 3125 Kalendarum

196 3149 526 3207 subtiliter
552 3151 940 3221 describatur,
974 3158 1197 3226 quanto
1226 3161 1530 3228 peccatum
1571 3158 1872 3231 publicum

211 3238 477 3311 quisque
504 3238 767 3309 admisit,
799 3244 858 3296 et
884 3242 1120 3313 quando
1168 3245 1242 3299 ad
1288 3245 1689 3317 pcenitentiam
1723 3250 1867 3304 731

211 3343 418 3384 coram
453 3327 742 3385 ministr'm
763 3329 938 3397 venit,
954 3330 1040 3388 vel
1070 3333 1307 3405 quando
1335 3335 1408 3390 ad
1438 3334 1873 3408 impcsitionem

213 3432 439 3472 manus
471 3419 686 3473 nostra;
717 3419 998 3490 pervenit.
1022 3420 1092 3476 Et
1136 3439 1372 3494 semper
1408 3424 1480 3480 de
1512 3423 1784 3481 Kalendis
1814 3425 1874 3481 in

215 3503 504 3562 Kalendis
532 3506 855 3579 mensium,
886 3509 1121 3580 quando
1160 3511 1481 3584 presbyteri
1514 3513 1586 3569 de
1617 3513 1874 3571 decaniis

215 3593 397 3650 simul
454 3594 830 3664 conveniunt,
885 3596 1258 3656 collationem
1317 3601 1389 3657 de
1457 3603 1874 3674 pamitentibus

213 3683 341 3739 suis
372 3682 921 3757 habeant,qualiter
948 3686 1357 3761 unusquisque
1388 3707 1560 3747 suam
1591 3692 1872 3764 paeniten-

210 3770 359 3828 tiam
389 3771 591 3841 faciat,
622 3776 681 3829 et
722 3773 892 3830 nobis
939 3791 1043 3846 per
1084 3777 1563 3835 comministrum
1604 3786 1871 3838 nostrum

213 3860 613 3930 renuntietur,
627 3866 693 3917 ut
709 3861 781 3917 in
812 3862 1041 3920 actione
1055 3863 1408 3937 pcunitentizs
1428 3884 1672 3940 pensare
1691 3868 1875 3925 valea-

214 3950 629 4021 mus,quaudo
658 3950 912 4024 quisque
940 3952 1227 4024 pmnitens
1258 3955 1621 4012 reconciliari
1640 3958 1868 4013 debeat.

212 4037 286 4093 Et
313 4036 370 4094 si
388 4037 541 4093 forte
560 4038 697 4111 quis
714 4039 786 4095 ad
813 4039 1218 4112 pusuitentiam
1240 4043 1434 4099 venire
1456 4043 1706 4100 noluerit
1720 4040 1945 4109 intra-.C

214 4124 562 4198 quindecim
617 4125 744 4183 dies
801 4132 938 4199 post
994 4130 1485 4201 perpetrationem
1534 4132 1774 4204 peccati,
1815 4137 1875 4189 et

213 4212 1038 4289 exhortationempresbyteri
1068 4217 1128 4273 in
1152 4218 1336 4290 cujus.
1361 4220 1637 4291 parochia
1674 4224 1871 4277 actum

192 4302 417 4373 .rfuerit,
439 4306 507 4358 et.
524 4302 900 4360 sedulitatem
930 4304 1137 4361 decani
1174 4322 1244 4363 ac
1271 4309 1872 4382 compresbyterorum

214 4407 487 4459 mrum,
500 4395 681 4464 atque
708 4392 1052 4451 instantiam
1082 4394 1620 4453 comministrorum
1652 4403 1875 4455 nostro-

214 4496 376 4547 rum,
390 4480 745 4536 decernatur
763 4480 1019 4553 qualiter
1038 4481 1139 4554 qui
1176 4488 1480 4555 peccatum
1503 4486 1870 4558 perpetravit,

216 4573 276 4624 et
290 4569 370 4625 ad
396 4568 801 4640 pmnitentiam
824 4570 1013 4627 redire
1023 4572 1401 4641 contemnitm
1416 4578 1568 4629 metu
1582 4573 1869 4642 Ecclesiae,

217 4658 406 4715 donec
432 4659 509 4715 ad
541 4659 948 4731 paenitentiam
980 4661 1197 4728 redeat,
1231 4666 1586 4735 segregatur.
1619 4664 1689 4718 Et
1728 4663 1874 4719 sciat

216 4746 477 4820 quisque
490 4747 813 4820 presbyter,
826 4747 966 4821 quia
984 4749 1034 4805 si
1057 4767 1160 4822 per
1176 4749 1363 4807 alium
1382 4750 1552 4807 nobis
1572 4752 1872 4824 cognitum

219 4837 397 4893 fuerit
420 4836 580 4909 quod
613 4837 673 4892 in
702 4854 833 4893 sua
853 4838 1130 4909 parochia
1158 4838 1526 4907 admittatur,
1557 4844 1616 4897 et
1646 4841 1872 4896 tardius

214 4925 295 4982 ad
321 4929 587 4982 mtrem
619 4925 1203 4999 notitiamperlatum
1236 4927 1660 4996 fueritytantos
1690 4929 1815 4985 dies
1839 4947 1874 4987 a

220 5011 550 5071 ministerio
567 5030 901 5087 suspensus
922 5015 982 5071 in
999 5031 1148 5087 pane
1165 5019 1223 5071 et
1242 5031 1397 5088 aqua
1410 5016 1877 5074 excommunin

198 5104 320 5159 tus
349 5102 693 5172 morabitur,
718 5106 972 5176 quantos
1000 5103 1128 5161 dies
1160 5108 1424 5161 nostram
1454 5104 1542 5162 vel
1573 5105 1875 5162 commini-

199 5192 480 5245 strorum
510 5189 1146 5248 uestrorum-notitiam
1176 5190 1308 5263 ipsa
1331 5191 1507 5261 actio,
1540 5192 1668 5250 sine
1712 5192 1872 5250 illius

217 5277 617 5350 suggestione,
631 5273 709 5336 'et
736 5279 931 5337 debita
957 5296 1025 5336 ac
1046 5280 1222 5352 jussu
1259 5282 1731 5349 oommcnitione,
1764 5300 1862 5339 su-

218 5367 626 5438 pertransierit
647 5385 660 5425 :
684 5372 743 5425 et
761 5367 822 5424 in
843 5370 935 5441 cui
946 5387 1015 5425 us
1025 5369 1383 5443 negligentia
1398 5374 1666 5441 peccator
1686 5372 1874 5443 publi-
1900 5410 1905 5423 ξ

217 5470 329 5511 eus
359 5470 474 5512 non
503 5458 900 5515 commonitus
929 5462 1062 5531 post
1080 5463 1274 5516 tantos
1295 5459 1421 5515 dies
1451 5458 1605 5515 sicut
1632 5461 1873 5532 praeﬁxi-

219 5559 362 5599 mus
408 5544 634 5612 abierit,
666 5546 815 5604 sciat
861 5564 924 5604 se
970 5547 1223 5620 quisque
1270 5548 1575 5621 presbyter
1620 5549 1869 5621 gradum

219 5631 607 5689 amissurum.
641 5634 759 5692 Hoc
789 5640 984 5693 tamen
1010 5635 1368 5693 omnimodis
1387 5637 1458 5694 ab
1481 5636 1754 5694 omnibus
1774 5654 1868 5694 ca-

1978 1391 2191 1447 nltima
2229 1389 2571 1462 paenitentia
2597 1388 2686 1445 vel
2716 1387 2925 1465 ultimo
2954 1388 3164 1444 viatico
3194 1388 3577 1443 dct'raudetur
3609 1405 3623 1443 :

1978 1496 2047 1537 ea
2074 1478 2493 1546 convenientia,
2528 1482 2595 1533 ut
2624 1476 2674 1533 si
2704 1474 3079 1544 convaluerit,
3105 1474 3429 1532 secundum
3451 1476 3629 1534 eccle-

1979 1568 2248 1626 siasticas
2279 1567 2515 1641 regulas
2543 1565 2945 1640 paenitentiam
2996 1568 3149 1638 agat,
3180 1568 3238 1621 et
3282 1564 3626 1621 reconcilia-

1975 1659 2220 1726 tionem,
2252 1661 2540 1729 quantum
2569 1656 2723 1712 Dens
2754 1654 2867 1710 sibi
2916 1653 3287 1722 concesserit,
3317 1653 3379 1709 in
3422 1652 3627 1710 ordine

1978 1744 2389 1820 pumitentium
2418 1748 2653 1818 expetat
2680 1748 2738 1800 et
2765 1747 3075 1815 exspectet.

1978 1878 2111 1953 CAP.
2145 1873 2215 1928 II.
2249 1906 2316 1953 —_—
2352 1873 2413 1931 Ut
2434 1888 2537 1953 pro
2578 1872 2702 1953 loco.
2734 1868 3034 1943 sepultum?
3079 1868 3227 1953 nihil
3271 1870 3547 1953 exigatur,
3575 1877 3628 1953 et
3732 1918 3737 1931 ,

2051 1947 2228 2001 ιοειιπι
2278 1939 2635 2001 Ιιέθνσὶἰίῑίινιό
2672 1939 2804 2013 juré
2838 1957 2994 1997 neuio
3039 1939 3150 1996 sibi
3194 1939 3426 2008 arroget,
3457 1940 3548 2013 sed
3591 1951 3628 1996 α

2044 2018 2358 2089 presbytero
2386 2016 2648 2086 accipiat;
2674 2012 2728 2070 et
2756 2013 2822 2068 de
2845 2014 3108 2084 sepulcris
3134 2028 3246 2067 non
3263 2012 3552 2068 violandis.

2048 2134 2123 2190 Ut
2153 2150 2256 2207 pro
2288 2131 2412 2187 loco
2457 2128 2793 2203 sepulturae,
2827 2126 2979 2184 sicut
3030 2144 3197 2183 sacra
3243 2126 3302 2182 et
3347 2124 3629 2183 canonica

1980 2222 2171 2279 sanxit
2200 2219 2725 2287 auctoritas,nemo
2755 2235 2789 2273 a
2819 2231 3171 2290 quocunque
3193 2212 3475 2288 quiddam
3497 2229 3627 2275 exe-

1980 2311 2061 2367 nii
2093 2310 2302 2383 exigat.
2326 2308 2385 2365 Si
2410 2312 2605 2364 autem
2637 2305 2857 2379 aliquid
2883 2305 3196 2378 quisquam
3221 2303 3403 2377 gratis
3424 2303 3629 2367 offerre

1979 2399 2243 2466 voluerit,
2262 2401 2393 2471 post
2414 2395 2712 2470 sepultum
2734 2394 2894 2452 chari
2918 2393 3008 2451 sui
3028 2391 3116 2450 vel
3139 2394 3325 2450 chara:
3347 2409 3467 2451 sua:
3500 2408 3627 2449 cor-

1980 2506 2112 2563 pus,
2135 2487 2245 2544 boc
2268 2487 2487 2559 suscipi
2520 2503 2636 2541 non
2663 2487 2943 2541 vetemus.
2971 2483 3043 2539 Et
3071 2498 3242 2538 nemo
3269 2479 3628 2539 Christiano-

1980 2596 2108 2634 rum
2145 2579 2479 2651 praasumat,
2494 2574 2661 2647 quasi
2686 2572 3048 2630 haereditario
3063 2572 3216 2644 jure,
3236 2570 3307 2626 de
3328 2570 3630 2644 sepultura

1883 2668 1949 2736 ςΒ
1979 2664 2327 2722 contendere
2360 2680 2373 2718 :
2407 2665 2508 2721 sed
2542 2663 2601 2718 in
2652 2659 2970 2719 sacerdotis
3019 2654 3384 2735 providentia
3431 2658 3528 2727 sit,
3564 2656 3631 2715 ut

1982 2752 2318 2828 parochiani
2350 2752 2462 2819 sui,
2481 2751 2807 2807 secundum
2827 2748 3220 2807 Christianam
3239 2745 3627 2817 devotionem,

1982 2843 2041 2898 in
2060 2842 2206 2899 locis
2224 2842 2439 2915 quibus
2456 2837 2667 2897 viderit
2686 2837 3197 2911 sepelianturlpse
3212 2840 3409 2892 tamen
3432 2850 3628 2892 sacer-

1982 2933 2108 3000 dos,
2125 2948 2349 2987 memor
2377 2928 2600 2985 ordinis
2622 2926 2736 2995 sui,
2760 2926 3059 3001 provideat
3077 2930 3134 2982 et
3156 2941 3473 2997 congruam
3498 2924 3627 2981 cui-

1982 3038 2095 3095 que
2116 3019 2499 3093 sepulturam,
2533 3022 2592 3074 et
2621 3035 2693 3073 ne
2733 3015 3099 3081 scandalum,
3124 3017 3409 3087 quantum
3457 3012 3626 3069 vitari

1982 3114 2194 3184 potest,
2230 3110 2329 3164 fiat
2359 3106 2483 3164 suis
2508 3104 2899 3180 parochianis.
2926 3105 3004 3162 Et
3041 3102 3362 3179 provideat,
3374 3100 3528 3159 sicut
3556 3101 3628 3160 de

1984 3197 2308 3254 ministerio
2339 3215 2445 3253 suo
2475 3200 2535 3253 et
2562 3212 2758 3250 coram
2788 3195 2908 3251 Deo
2947 3197 3007 3250 et
3035 3208 3232 3251 coram
3262 3190 3473 3248 saeculo
3504 3190 3630 3248 vult

1982 3288 2256 3361 gaudere,
2288 3290 2353 3343 ut
2382 3283 2603 3341 nullius
2633 3282 2948 3339 Christiani
2997 3294 3207 3355 corpus
3251 3281 3322 3337 de
3359 3277 3627 3353 sepulcro

1983 3395 2089 3433 suo
2114 3375 2401 3448 ejiciatur,
2416 3378 2475 3431 et
2507 3391 2611 3430 nec
2640 3366 2912 3445 sepulcra
2940 3370 3404 3445 confri'ngantur,
3417 3364 3505 3427 vel
3533 3378 3627 3450 ca-

1982 3465 2214 3522 minatzn
2247 3463 2398 3520 sicut
2428 3462 2618 3519 solent
2642 3450 2778 3517 inde
2810 3458 2952 3517 [iant
2982 3477 2996 3516 :
3029 3458 3170 3534 quia
3199 3454 3355 3515 sicut
3397 3457 3630 3515 crudele

1980 3560 2070 3612 est
2100 3571 2457 3628 quemquam
2480 3553 2550 3608 de
2579 3551 2754 3607 domo
2775 3568 2883 3608 sua
2911 3546 3287 3623 expellere,et
3306 3547 3631 3604 misericor-

1981 3644 2088 3699 dias
2119 3660 2268 3716 opus
2297 3646 2407 3709 est,
2441 3656 2691 3714 egenum
2722 3641 2780 3695 et
2806 3655 3020 3713 vagum
3045 3637 3216 3709 juxta
3256 3630 3628 3693 Deminicum

1980 3731 2204 3788 dictum
2251 3730 2312 3786 in
2360 3730 2602 3787 domum
2649 3727 2906 3801 recipere
2937 3725 3140 3784 εἴδω
3169 3723 3252 3783 ita
3278 3720 3629 3799 sacrilegum

1980 3825 2318 3893 est,corpus
2343 3819 2607 3875 indevote
2624 3835 2692 3873 ac
2723 3813 3043 3891 irreligioso
3073 3816 3308 3888 propter
3336 3811 3631 3886 cupidita-

1978 3915 2095 3967 tem
2128 3928 2163 3966 a
2189 3908 2456 3982 sepulcro
2485 3905 2827 3980 ejicere,ubi
2858 3903 3109 3978 quisque
3142 3899 3502 3960 Dominicam
3530 3918 3629 3958 vo-

1981 3998 2292 4064 cationem,
2326 4002 2393 4053 ut
2423 3997 2483 4052 in
2511 3998 2764 4053 adventu
2807 3992 2958 4067 justi
2986 3986 3216 4067 ‘judicis
3251 3995 3537 4066 resurgat,
3568 3990 3629 4046 in

1981 4105 2123 4161 pace
2152 4087 2460 4160 quiescens
2490 4086 2771 4141 debuerat
2794 4086 3147 4157 exspectare.

1961 4215 2114 4267 ·οΑῐ›.
2150 4210 2248 4267 llI.
2276 4241 2345 4251 —
2380 4210 2444 4267 Ut
2467 4208 2659 4264 nullus
2696 4208 2929 4263 missam
2955 4206 3183 4264 celebret
3226 4206 3291 4260 in
3321 4204 3492 4260 altari
3518 4218 3628 4259 non

2051 4281 2477 4348 consecrato,vel
2506 4282 2626 4336 sine
2655 4279 2845 4335 tabula
2862 4280 2931 4333 ab
2959 4278 3205 4350 episcopo
3221 4278 3553 4331 consecrata.

2054 4399 2129 4454 Ut
2155 4398 2295 4470 quia
2325 4394 2565 4468 quidam
2596 4391 2943 4467 presbyteri,
2976 4394 3184 4463 preter
3209 4387 3518 4447 ecclesiam
3565 4387 3626 4444 in

1980 4505 2100 4560 qua
2119 4485 2338 4542 titulati
2369 4488 2528 4551 sunt,
2553 4483 2731 4539 etiam
2762 4479 3017 4553 capellas
3046 4479 3287 4545 habent,
3302 4482 3360 4535 et
3385 4476 3627 4550 quidam

1980 4576 2158 4633 etiam
2186 4579 2407 4630 veteres
2432 4570 2708 4628 ecclesias
2738 4573 3092 4637 restaurant,
3114 4572 3220 4623 aut
3242 4565 3454 4623 altaria
3483 4583 3632 4623 nova

1982 4666 2336 4721 construunt
2365 4665 2600 4733 propter
2629 4658 2741 4714 loci
2772 4655 3260 4722 convenientiam,
3290 4654 3377 4711 vel
3404 4653 3631 4711 immu-

1982 4758 2139 4822 tant;
2171 4768 2342 4807 nemo
2371 4750 2842 4822 presbyterorum
2890 4746 2949 4801 in
2998 4744 3204 4801 altario
3248 4744 3328 4799 ab
3357 4744 3630 4817 episcopo

1983 4860 2099 4898 non
2119 4842 2457 4897 consecrato
2477 4856 2547 4893 an
2556 4840 2610 4892 te
2638 4834 3134 4892 consecrationem
3152 4837 3630 4905 cantarepresu—

1982 4932 2125 4984 mat.
2151 4927 2532 4997 Quapropter,
2582 4922 2633 4979 si
2681 4922 3000 4979 necessitas
3034 4919 3395 4994 .p’oposcerit,
3446 4921 3628 4976 donec

1980 5015 2228 5072 ecclesia
2245 5012 2333 5069 vel
2349 5012 2557 5069 altaria
2576 5014 3010 5077 consecrantur,
3029 5014 3091 5067 et
3109 5010 3168 5066 in
3195 5007 3433 5082 capellis
3452 5006 3627 5063 etiam

1976 5122 2109 5178 quae
2128 5101 2626 5160 consecrationem
2641 5116 2756 5157 non
2778 5097 3364 5167 merentuhtabulam
3376 5095 3627 5167 quisque

1980 5194 2301 5267 presbyter,
2332 5189 2427 5247 eui
2459 5188 2867 5247 necessarium
2886 5188 3080 5254 fuerit,
3115 5188 3509 5242 de-marmore
3538 5181 3626 5240 vel

1983 5282 2151 5355 nigra
2174 5285 2359 5354 petra,
2381 5283 2484 5335 aut
2512 5278 2637 5334 litio
2656 5274 3433 5340 honestissimc,secundum
3448 5288 3625 5329 suam

1980 5369 2451 5445 possibilitatem,
2486 5367 2727 5423 honeste
2755 5367 3085 5422 affectatam
3116 5363 3347 5429 habeat,
3367 5364 3428 5416 et
3457 5360 3626 5418 nobis

1976 5460 2053 5516 ad
2070 5459 2532 5515 consecrandum
2559 5457 2780 5522 atterat,
2799 5470 2975 5526 quam
2991 5464 3191 5509 secum
3211 5466 3347 5506 cum
3367 5448 3629 5522 expedie-

1978 5550 2055 5604 rit
2084 5548 2324 5616 deferat,
2352 5547 2410 5602 in
2442 5562 2562 5619 qua
2590 5561 2755 5601 sacra
2782 5541 3061 5615 mysteria
3086 5539 3412 5597 secundum
3430 5536 3625 5601 tritum

1977 5636 2441 5695 ecclesiasticum
2464 5650 2636 5707 agere
2657 5630 2867 5689 valeat.
