3934 6182
219 328 336 390 797

1182 325 1576 389 CAPI'I‘ULA
1620 324 1699 385 IN
1746 324 2059 386 SYNODO
2104 321 2401 385 BHEMIS
2445 322 2673 384 DATA.

3510 317 3632 382 798

219 461 357 520 CAP.
391 461 463 519 Il.
495 466 566 504 -‘-
598 461 747 531 Quod
762 462 1000 545 proieci}
1362 459 1510 545 nihil
1532 477 1566 516 a
1594 476 1868 532 quoquam
1894 459 1950 525 Α
1978 457 2358 515 interdictum
2388 457 2558 515 toties
2589 461 2926 530 usurpatur.
2958 458 3028 512 Et
3071 456 3269 512 sciatis
3308 472 3412 527 pro
3441 459 3619 545 certo,

666 532 881 608 requiri
908 535 991 592 vel
1020 535 1197 607 accipi
1224 532 1429 589 debeat.

288 642 453 714 Smpe
481 657 585 698 vos
603 641 882 698 admonui
905 642 976 698 de
1008 640 1442 707 matriculariis,
1457 640 1659 712 quales
1682 641 1866 697 susci-

218 748 353 805 pere
365 731 710 800 debeatis,et
720 730 970 803 qualiter
980 731 1065 787 eis
1077 734 1301 802 partem
1319 729 1557 786 decima;
1570 729 1869 802 dispensa-

217 838 278 876 re
299 820 567 877 debeatis
592 838 607 877 :
634 820 737 877 sed
748 820 1211 876 admonitionem
1224 820 1631 885 nostram,imo
1643 818 1744 875 Dei
1766 835 1869 890 per

217 914 480 965 nostram
511 909 908 983 exiguitatem,
937 911 1226 982 quosdam
1264 908 1679 981 parvipendere
1707 925 1865 964 com-

215 997 357 1071 peri.
394 999 559 1055 Unde
589 1015 826 1055 necesse
855 998 1001 1054 mihi
1031 1003 1122 1055 est
1149 998 1377 1065 iterare,
1400 999 1552 1070 quod
1579 998 1864 1070 quosdam

212 1102 504 1159 cognosco
526 1086 1117 1161 negligerelnterdixi
1137 1087 1296 1143 enim
1317 1086 1480 1143 vobis
1493 1088 1593 1142 Dei
1616 1087 1865 1143 auctori-

212 1179 350 1242 tate,
374 1180 444 1232 ut
473 1193 645 1232 nemo
678 1177 978 1250 presbyter
1007 1194 1109 1248 pro
1155 1176 1280 1232 loco
1326 1176 1646 1232 matriculaa
1680 1176 1864 1248 quod-

209 1282 444 1339 cunque
470 1266 732 1334 xenium,
753 1266 843 1322 vel
874 1266 1175 1322 servitium
1205 1265 1266 1320 in
1296 1265 1607 1333 messe,vel
1639 1265 1698 1320 in
1730 1282 1869 1338 qno-

209 1371 447 1427 cunque
476 1372 584 1412 suo
603 1355 856 1423 servitio,
874 1358 1190 1428 praesumat
1208 1355 1504 1427 requirere
1522 1355 1611 1410 val
1636 1355 1864 1426 accipe-

209 1459 270 1499 re
293 1460 309 1498 :
333 1448 396 1499 et
425 1444 842 1501 matriculariis
867 1445 1127 1501 debitam
1159 1450 1385 1518 partem
1416 1443 1863 1516 decimae,quam

210 1532 417 1590 ﬁdeles
432 1550 537 1605 pro
555 1535 810 1606 peccatis
824 1534 950 1592 suis
961 1535 1318 1591 redimendis
1330 1533 1575 1590 Domino
1587 1534 1860 1600 olferunt,

207 1638 386 1678 nemo
418 1628 737 1695 presumat
763 1625 1033 1680 vendere.
1065 1625 1229 1691 Quod
1260 1628 1318 1679 et
1347 1640 1504 1679 nunc
1533 1622 1749 1679 iterum
1781 1623 1865 1678 in-

206 1710 457 1779 terdico,
488 1713 806 1769 ostendens
834 1713 999 1769 vobis
1030 1712 1289 1768 divinam
1326 1712 1755 1769 auctoritatem.
1791 1711 1864 1768 Ut

204 1799 367 1856 enim
399 1799 655 1873 plurima
684 1801 756 1857 de
786 1801 1007 1858 sanctis
1037 1800 1356 1874 Scripturis
1396 1801 1858 1893 praetermittam,
1892 1827 1939 1893 B

203 1892 260 1944 et
288 1905 485 1961 pauca
509 1889 671 1946 vobis
701 1891 804 1946 sed
835 1890 1147 1947 notissima
1177 1889 1237 1945 in
1270 1888 1527 1946 medinm
1560 1891 1853 1956 devocem,

201 1982 453 2035 sanctus
478 1978 735 2052 Spiritus
776 1997 878 2053 per
907 1980 1147 2036 beatum
1179 1980 1353 2035 David
1405 1980 1558 2052 quod
1606 1978 1857 2036 cantatis

199 2067 464 2123 cantavit
494 2083 507 2122 :
535 2073 677 2125 Deus
732 2086 902 2135 meus,
932 2068 1309 2126 misericordia
1355 2077 1452 2124 tua
1488 2070 1660 2138 (Psal.
1694 2086 1853 2137 xvm,

201 2155 290 2226 18)
324 2172 340 2211 :
374 2158 437 2212 et
464 2145 689 2212 decima
719 2174 755 2212 a
783 2155 1057 2212 fidelibus
1087 2155 1650 2223 data,misericordia
1678 2162 1787 2227 est,
1802 2160 1856 2212 et

201 2242 620 2301 misericordia
640 2262 769 2318 qua:
793 2245 948 2303 Deus
966 2246 1268 2302 estdatur:
1289 2263 1416 2317 quae
1457 2244 1858 2301 misericordia

198 2332 359 2389 dicet
386 2332 450 2389 in
463 2334 689 2405 judicio
712 2335 1190 2391 misericordibus
1216 2352 1229 2389 :
1256 2334 1517 2402 Quandia
1533 2335 1737 2405 fecistis
1756 2336 1859 2390 uni

199 2436 269 2478 ex
294 2424 559 2479 minimis
589 2424 728 2489 istis,
760 2425 902 2480 mihi
926 2426 1135 2497 fecistis
1162 2423 1365 2497 (Matth.
1398 2441 1530 2491 xxv,
1562 2425 1672 2492 40).
1695 2423 1855 2480 Elec-

201 2525 456 2584 mosyna
481 2510 639 2567 enim
672 2513 884 2582 Graece,
919 2512 1319 2569 misericordia
1346 2512 1565 2568 dicitur
1603 2513 1805 2568 Latine
1837 2530 1851 2569 :

202 2602 258 2654 et
279 2599 388 2672 qui
437 2599 866 2675 eleemosynam
914 2603 1131 2669 vendit,
1157 2602 1369 2669 Deum,
1400 2602 1458 2656 id
1506 2605 1597 2658 est
1635 2602 1859 2657 miseri-

204 2688 471 2744 cordiam
502 2693 783 2758 nostram,
813 2690 1013 2746 vendit
1045 2706 1057 2747 :
1094 2694 1152 2746 et
1179 2690 1391 2747 similis
1437 2694 1529 2747 est
1563 2691 1749 2758 Judaa,
1783 2690 1855 2745 de

202 2793 318 2849 quo
353 2777 414 2833 in
445 2778 755 2852 Evangelio
786 2780 1070 2853 scriptum
1101 2784 1211 2851 est,
1235 2781 1378 2853 quia
1422 2779 1646 2836 loculos
1675 2781 1852 2837 habe-

200 2866 299 2922 bat
359 2866 548 2923 Judas
594 2870 774 2936 (Joan.
806 2887 926 2937 xm,
974 2870 1088 2938 29).
1127 2870 1210 2926 Ea
1264 2887 1392 2943 quae
1449 2870 1851 2937 mittebantur,

198 2953 257 3010 id
302 2960 401 3012 est
448 2973 575 3029 quas
625 2958 827 3014 fideles
872 2959 1121 3015 Domino
1174 2960 1413 3028 dabant,
1445 2960 1601 3014 unde
1640 2959 1764 3031 ipse
1795 2962 1854 3015 et

196 3042 286 3098 sui
337 3043 614 3119 discipuli
672 3048 997 3104 secundum
1046 3065 1283 3105 carnem
1341 3048 1751 3118 subsisterent,
1793 3051 1852 3103 et

198 3134 351 3190 ἠδ
373 3133 777 3209 eleemosynas
806 3136 1090 3194 Dominus
1136 3138 1611 3205 faciebat,Judas
1652 3143 1846 3211 porta-

195 3223 313 3293 bat,
333 3223 399 3279 id
424 3229 515 3281 est
544 3192 884 3298 asportabat
927 3231 984 3283 et
1030 3192 1497 3283 rs..s..'..;."a
1516 3192 1845 3301 iam,
1879 3192 1922 3259 (ἶ

194 3313 293 3384 qui
326 3313 405 3369 de
427 3314 825 3388 redemptione
855 3320 1247 3388 peccatorum,
1280 3317 1339 3373 id
1371 3320 1461 3373 est
1501 3318 1574 3373 de
1620 3318 1849 3373 decima

196 3402 486 3470 ﬁdelium,
504 3404 896 3476 quodcunque
917 3404 1186 3461 exenium
1219 3405 1465 3478 requirit
1492 3410 1594 3461 aut
1614 3406 1843 3477 accipit,

196 3506 308 3546 non
344 3495 440 3547 est
459 3491 675 3565 dignus
696 3493 852 3549 inter
880 3494 1249 3567 presbyteros
1264 3494 1721 3566 nuncupari,sed
1753 3495 1847 3550 de-

185 3576 288 3649 jici
323 3596 338 3634 :
378 3580 534 3636 sicut
559 3581 746 3638 Judas
768 3582 1220 3654 nuncupabatur
1244 3581 1397 3637 inter
1415 3582 1843 3654 apostolos,sed

193 3666 263 3724 de
291 3669 697 3741 apostolorum
729 3688 973 3727 numero
1002 3671 1283 3743 dejectus,
1305 3675 1363 3728 et
1390 3670 1450 3726 in
1482 3670 1841 3727 consortium

193 3755 412 3812 diaboli
432 3762 524 3814 est
542 3758 602 3813 in
623 3762 906 3815 aeternum
927 3760 1295 3832 abjectus.Et
1315 3760 1535 3826 sciatis,
1551 3760 1690 3832 quia
1708 3760 1843 3832 qui-

191 3859 426 3917 cunque
445 3847 747 3920 presbyter
774 3865 843 3904 ex
875 3849 985 3905 hoc
1011 3849 1176 3904 Judas
1215 3848 1518 3904 latrocinio
1550 3849 1723 3905 fuerit
1752 3866 1839 3904 re-

188 3932 402 4003 victus,
434 3951 553 3990 non
573 3935 766 3992 solum
797 3954 833 3992 a
861 3937 1241 4010 presbyterali
1272 3936 1473 3993 ordine
1511 3937 1835 4009 dejicietur,

189 4022 287 4077 sed
321 4040 434 4080 nec
462 4022 639 4080 etiam
672 4030 897 4097 partem
926 4027 998 4082 de
1026 4025 1130 4082 illa
1157 4025 1407 4094 decima,
1439 4043 1618 4097 quam
1640 4026 1837 4082 matri-

187 4108 396 4165 cularii
410 4110 991 4185 accipiunt,accipere
1008 4113 1435 4186 promerebitur
1460 4130 1473 4169 :
1498 4114 1599 4169 sed
1612 4118 1836 4188 partem

187 4214 319 4254 cum
351 4197 457 4256 illo
486 4198 744 4269 habebit,
770 4201 941 4273 cuius
972 4203 1095 4259 ﬁeri
1124 4220 1366 4260 consors
1398 4202 1691 4259 maluerit.
1717 4227 1745 4253 «
1770 4204 1834 4259 In

186 4286 489 4360 se,inquit
515 4292 759 4346 sanctus
788 4290 1022 4347 Hilarus
1052 4308 1222 4363 papa,
1255 4291 1541 4363 quidquid
1571 4290 1628 4346 in
1654 4291 1833 4347 alium

187 4376 315 4446 quis
350 4393 469 4432 non
520 4379 817 4445 resecarit,
850 4378 1132 4447 inveniet;
1168 4401 1195 4430 ››
1226 4384 1284 4435 et
1326 4384 1568 4436 sanctus
1615 4380 1834 4453 Grego-

186 4463 307 4520 rius
338 4483 355 4521 :
394 4487 424 4517 α
454 4466 564 4531 Qui
597 4483 711 4522 non
744 4467 984 4540 corrigit
1012 4468 1702 4535 resecanda,committit.
1734 4493 1761 4519 ››

1978 548 2119 621 quia
2138 565 2253 603 non
2285 549 2344 604 in
2375 565 2727 622 quocunque
2754 549 3048 622 requiram
3070 553 3141 608 de
3162 553 3624 626 visozconcubitu

1977 642 2168 693 vestro
2201 654 2337 694 cum
2368 636 2601 693 feminis
2632 639 2734 695 sed
2781 639 2852 694 de
2898 639 3209 698 interdicto
3252 645 3531 702 canonico
3565 645 3626 702 in

1977 743 2219 783 accessu
2250 728 2323 782 ad
2357 726 2626 796 feminas,
2661 727 2901 800 quia,ut
2958 728 3189 788 Hilarus
3238 748 3388 805 papa
3434 732 3577 790 dicit
3608 753 3622 791 :

1977 815 2153 888 (epist.
2187 816 2258 871 ad
2289 817 2577 885 Veronam,
2601 818 2781 873 Leoni.
2814 825 2866 873 et
2898 819 3124 887 Pictur.)
3152 835 3165 874 :
3198 820 3324 875 Non
3346 821 3545 878 minus
3564 822 3624 879 in

1975 910 2310 961 sanctarum
2322 905 2704 962 traditionum
2716 906 3051 964 sanctiones
3063 907 3623 982 delinquitur,quam

1976 995 2037 1051 in
2057 995 2243 1067 ipsius
2267 995 2493 1051 Domini
2516 994 2792 1067 injuriam
2818 995 3139 1067 prosilitur.
3154 997 3224 1053 Et
3248 997 3342 1054 cui
3365 1002 3623 1056 vestrum

1976 1084 2230 1156 amplius
2252 1084 2535 1157 placuerit
2553 1082 2813 1140 indebita
2840 1085 3191 1142 feminarum
3233 1085 3623 1155 familiaritas,

1976 1190 2151 1245 quam
2174 1173 2325 1229 sacri
2346 1173 2652 1229 ministerii
2677 1173 3146 1245 puritas,habeat
3167 1175 3320 1246 quod
3344 1174 3583 1250 elegerit
3607 1194 3620 1232 :

1975 1263 2113 1334 quia
2139 1261 2380 1318 insimul
2411 1268 2467 1318 et
2497 1262 2647 1325 sacri
2695 1262 3007 1318 ministerii
3036 1263 3377 1336 puritatem,
3408 1269 3466 1320 et
3511 1265 3622 1322 im-

1974 1352 2178 1408 mundi
2202 1353 2567 1408 contubernii
2591 1354 2804 1409 habere
2826 1371 2943 1409 non
2964 1353 3178 1426 poterit
3200 1353 3618 1426 impuritatem.

1973 1440 2290 1513 Dejicietur
2314 1459 2451 1515 ergo
2483 1460 2518 1498 a
2547 1459 2713 1498 sacro
2754 1442 3207 1511 ministerio,cui
3262 1461 3378 1499 non
3408 1444 3623 1516 poterit

1973 1532 2250 1603 prodesse
2279 1530 2587 1603 correptio.
2609 1531 2773 1588 Sicut
2803 1536 3044 1588 sanctus
3066 1533 3177 1588 Leo
3209 1550 3361 1606 papa
3381 1534 3454 1589 ad
3465 1535 3619 1590 Ana-

1971 1618 2179 1675 tolium
2228 1619 2939 1693 Constantinopolitanum
2988 1620 3329 1693 episcopum
3367 1622 3621 1678 decrevit

1972 1708 2171 1765 dicens
2201 1710 2379 1782 (epist.
2400 1709 2491 1781 82)
2526 1727 2538 1766 :
2574 1734 2601 1760 ‹‹
2635 1710 2817 1766 Debet
2846 1709 3152 1784 diligentia
3190 1717 3292 1767 tua
3312 1710 3620 1785 vigilanter

1972 1799 2262 1866 insistere,
2295 1799 2375 1856 ita
2404 1804 2471 1854 ut
2518 1798 2631 1865 his,
2665 1798 2883 1871 quibus
2931 1800 3206 1872 prodesse
3249 1818 3364 1858 non
3408 1802 3619 1874 poterit

1968 1888 2276 1961 correptio,
2312 1905 2426 1944 non
2455 1892 2658 1960 parcat
2708 1888 2980 1945 abscisio.
3016 1888 3255 1961 Oportet
3301 1890 3459 1947 enim
3508 1908 3616 1948 nos

1966 1977 2295 2051 Evangelici
2327 1976 2667 2033 meminisse
2698 1977 2980 2043 mandati,
3005 1978 3161 2050 quod
3194 1978 3266 2033 ab
3299 1977 3429 2051 ipsa
3464 1980 3614 2049 veri:

1966 2074 2084 2125 tate
2113 2067 2470 2140 praecipitur,
2502 2070 2567 2122 ut
2595 2067 2645 2122 si
2678 2084 2785 2123 nos
2816 2066 3043 2138 oculus,
3076 2071 3179 2123 aut
3197 2084 3322 2140 pes,
3355 2073 3458 2125 aut
3485 2069 3616 2126 dex-

1965 2163 2088 2215 tera
2117 2157 2594 2229 scandalizaverit
2621 2174 2854 2225 manus,
2878 2174 2914 2214 a
2931 2175 3210 2231 compage
3231 2159 3492 2231 corporis
3516 2177 3617 2217 au-

1965 2249 2231 2305 feratur:
2266 2248 2407 2319 quia
2462 2246 2674 2304 melius
2731 2251 2822 2303 est
2868 2246 2962 2302 his
3013 2247 3071 2302 in
3118 2248 3378 2305 Ecclesia
3418 2266 3615 2307 carere

1966 2337 2463 2409 membris,quam
2493 2354 2626 2393 cum
2658 2336 2802 2409 ipsis
2853 2336 2912 2392 in
2943 2341 3157 2393 aeterna
3185 2337 3269 2395 ire
3300 2337 3609 2411 supplicia.

1961 2426 2306 2497 Abjicienda
2347 2444 2589 2499 prorsus
2637 2427 2912 2498 pestifera
2940 2427 3063 2482 haec
3090 2444 3125 2483 a
3154 2428 3497 2485 sacerdotali
3527 2428 3610 2486 vi-

1964 2533 2102 2589 gore
2150 2515 2427 2587 patientia
2481 2521 2589 2587 est,
2623 2534 2750 2588 quae
2797 2516 3034 2572 sibimet
3078 2517 3331 2588 peccatis
3360 2517 3611 2576 aliorum

1965 2607 2255 2678 parcendo
2288 2623 2402 2661 non
2437 2606 2622 2677 parcit
2645 2622 2657 2659 :
2678 2606 2834 2661 sicut
2854 2604 2979 2660 Heli
2995 2606 3294 2677 quondam
3314 2603 3608 2676 sacerdOs,

1963 2694 2215 2750 ﬁliorum
2236 2712 2478 2750 suorum
2501 2692 2715 2749 delicta
2735 2693 3055 2760 tolerando,
3077 2710 3213 2748 cum
3234 2693 3381 2765 ipsis
3401 2694 3607 2750 divina

1955 2784 2203 2855 justitize
2224 2782 2576 2839 sententiam
2594 2782 2811 2837 meruit
2825 2781 3095 2853 experiri,
3108 2781 3249 2852 quia
3267 2781 3431 2855 segni
3457 2784 3608 2840 786

1961 2871 2327 2949 indulgentia
2345 2870 2739 2927 dissimulavit
2770 2869 3017 2942 plectere
3051 2873 3382 2941 peccatores
3401 2871 3451 2938 (1
3478 2873 3601 2942 Reg.

1960 2962 2057 3025 ιν).
2090 2984 2119 3012 »
2151 2993 2220 3001 —
2240 2984 2268 3011 «
2297 2961 2465 3025 Cum,
2485 2960 2680 3032 inquit
2710 2958 3192 3028 Ambrosius,uni
3218 2959 3492 3016 sacerdos
3521 2957 3606 3014 in-

1957 3050 2158 3122 dulget
2186 3050 2449 3123 indigno,
2484 3048 2769 3122 plurimos
2800 3047 2939 3103 facit
2968 3046 3358 3119 prolapsionis
3405 3050 3603 3103 conta-

1957 3140 2118 3212 gium
2161 3139 2487 3211 provocari;
2522 3137 2769 3193 facilitas
2816 3136 2975 3193 enim
3022 3135 3601 3193 venia3~incentivum

1954 3228 2162 3285 tribuit
2191 3227 2588 3300 delinquendi.
2626 3250 2653 3276 ››
2686 3228 2756 3282 Et
2784 3231 3027 3282 sanctus
3057 3224 3372 3298 Gregorius
3404 3242 3418 3280 :
3454 3229 3601 3282 Dum

1954 3317 2111 3372 enim
2133 3334 2289 3371 unus
2307 3314 2881 3387 corripitur,plurimi
2899 3314 3377 3377 emendantur,et
3388 3312 3601 3376 melius

1954 3411 2061 3474 est,
2083 3410 2149 3462 ut
2178 3423 2281 3478 pro
2303 3404 2622 3461 multorum
2644 3404 2962 3461 salvatione
2985 3420 3139 3459 unus
3155 3403 3598 3471 condemnetur,

1953 3513 2130 3567 quam
2166 3512 2266 3567 per
2288 3494 2464 3559 unius
2501 3493 2799 3549 licentiam
2828 3492 2998 3547 multi
3026 3490 3452 3564 periclitentur.
3485 3490 3601 3547 Nec

1954 3583 2169 3639 mirum
2203 3584 2250 3638 si
2285 3583 2434 3639 inter
2464 3583 2732 3639 homines
2763 3582 2883 3637 haec
2912 3580 3058 3636 ratio
3088 3580 3441 3650 custoditur,
3463 3595 3599 3636 cum

1953 3674 2105 3729 inter
2124 3674 2400 3744 jumenta
2431 3672 2550 3728 haec
2578 3671 2700 3727 fieri
2732 3687 2987 3743 persepe
3017 3669 3419 3743 cognovimus,
3439 3671 3504 3723 ut
3532 3684 3600 3724 ea

1949 3780 2078 3834 quae
2110 3762 2365 3819 scabiem
2397 3766 2500 3818 aut
2526 3759 2928 3833 impetiginem
2960 3759 3174 3816 habere
3194 3758 3486 3825 videntur,
3506 3774 3595 3813 se-

1949 3856 2229 3922 parentur
2258 3869 2293 3907 a
2338 3851 2518 3916 sanis,
2551 3869 2624 3906 ne
2672 3850 2906 3906 illorum
2956 3849 3158 3905 morbo
3197 3851 3403 3902 caetera
3430 3846 3595 3901 dam-

1948 3944 2180 4008 nentur,
2213 3939 2301 3996 vel
2334 3945 2592 4011 pereant.
2625 3939 2820 3994 Satius
2858 3942 2948 3993 est
2975 3936 3240 4003 enim,ut
3286 3933 3596 3991 manifeste

1946 4029 2515 4101 corrigantur,quam
2539 4044 2643 4099 pro
2665 4026 2782 4083 illis
2804 4025 2973 4080 bonis
2990 4023 3593 4096 pereant,sicutverus

1945 4115 2200 4189 agricola
2221 4121 2417 4172 noster
2431 4114 2697 4171 Christus
2709 4112 2994 4170 Dominus
3015 4112 3076 4168 in
3094 4109 3404 4185 Evangelia
3424 4127 3592 4166 mon-

1943 4206 2318 4271 strat,dicens
2338 4222 2352 4261 :
2378 4205 2599 4261 Omnem
2616 4204 2899 4275 palmitem
2918 4218 3025 4258 non
3047 4204 3309 4271 ferentem
3324 4202 3590 4270 fructum,

1943 4294 2169 4350 scilicet
2198 4296 2361 4351 bonae
2391 4292 2765 4366 operationis,
2798 4291 2988 4347 tollam
3031 4306 3157 4344 eam
3189 4288 3363 4357 (Joan.
3382 4304 3476 4354 xv,
3507 4286 3585 4359 2).

1942 4384 2013 4439 Et
2042 4383 2150 4439 hoc
2179 4388 2269 4440 est
2299 4383 2452 4455 quod
2485 4399 2519 4438 a
2548 4380 2793 4437 Domino
2841 4396 2944 4451 per
2983 4378 3217 4450 Moysen
3252 4374 3311 4430 in
3337 4374 3587 4431 Levitico

1941 4473 2189 4545 ﬁgurate
2221 4473 2554 4545 praecipitur
2582 4471 2769 4543 (Leuit.
2792 4468 2930 4541 xw),
2957 4472 3022 4524 ut
3039 4465 3190 4538 lapis
3224 4465 3283 4521 in
3304 4466 3478 4521 domo
3504 4463 3585 4520 le-

182 4567 316 4626 CAP.
353 4572 454 4646 Ill.
488 4604 558 4613 -—
588 4572 665 4646 De
713 4574 950 4646 indebita
1007 4591 1221 4631 accessu
1271 4574 1343 4630 ad
1394 4577 1651 4646 feminas,
1694 4585 1745 4631 et
1801 4594 1836 4631 α
1864 4563 1909 4627 D
1940 4578 2152 4633 prosus
2182 4579 2218 4617 a
2246 4558 2930 4631 sa‘cerdoteinspiciatur,
2959 4561 3018 4613 et
3042 4557 3091 4612 si
3140 4555 3436 4628 puriﬁcari
3484 4571 3584 4646 ne-

245 4645 561 4700 ministerio
588 4644 911 4717 dejiciendis
940 4648 1010 4702 iis
1039 4649 1137 4718 qui
1162 4663 1220 4702 se
1246 4664 1362 4701 non
1389 4644 1746 4703 correxerint.

246 4732 384 4789 Jam
415 4733 582 4790 vobis
624 4735 946 4806 capitulum
988 4752 1057 4790 ex
1104 4737 1325 4793 sanctis
1368 4736 1684 4807 Scripturis
1712 4738 1770 4791 et
1797 4755 1831 4791 a

178 4820 603 4878 catholicorum
617 4822 788 4879 dictis
798 4825 1007 4881 donavi
1025 4826 1096 4880 de
1117 4824 1546 4881 inconvenienti
1567 4842 1827 4892 accessu,

177 4913 232 4964 et
275 4910 545 4968 indebita
600 4912 995 4970 familiaritate
1053 4914 1125 4970 ad
1183 4914 1451 4970 feminas.
1493 4914 1605 4970 Sed
1661 4913 1827 4969 video

177 5000 468 5068 quosdam
498 5004 757 5058 vestrum
789 5002 935 5058 illud
965 5003 1401 5075 parvipendere.
1420 5002 1583 5058 Unde
1614 5003 1823 5058 iterum

175 5083 321 5142 illud
341 5086 405 5143 in
426 5094 716 5145 conventu
739 5084 930 5147 v'estro
953 5090 1082 5147 volo
1105 5090 1355 5159 recitari,
1380 5108 1515 5147 cum
1537 5090 1827 5147 sententia

174 5174 390 5231 Zozimi
429 5194 593 5249 papae
636 5178 885 5235 dicentis
914 5182 998 5249 (in
1026 5179 1219 5236 deeret.
1255 5198 1306 5237 c.
1336 5183 1428 5247 2);
1462 5178 1620 5236 Sciat
1663 5180 1823 5252 quis-

173 5264 307 5334 quis
339 5264 452 5321 hoc
483 5267 810 5339 postposita
840 5268 1077 5323 Patrum
1107 5273 1165 5324 et
1184 5268 1514 5341 apostolicae
1545 5268 1705 5325 sedis
1728 5286 1825 5324 au-

171 5352 442 5409 ctoritate
459 5354 833 5427 neglexerit,a
852 5355 1021 5412 nobis
1042 5356 1367 5415 districtius
1381 5357 1819 5423 vindicandum,

172 5444 234 5495 ut
263 5441 383 5497 loci
411 5443 504 5499 sui
536 5444 777 5502 minime
806 5446 1034 5502 dubitet
1062 5445 1174 5503 sibi
1206 5464 1320 5502 non
1351 5450 1616 5502 constare
1647 5447 1821 5502 ratio-

171 5545 328 5598 nem,
363 5530 414 5587 si
442 5531 554 5589 hoc
584 5538 753 5607 putat
802 5539 935 5608 post
980 5540 1067 5593 tot
1108 5535 1531 5608 prohibitiones
1580 5535 1821 5608 impune

162 5632 343 5689 posse
373 5621 606 5678 tentari.
633 5622 1009 5682 Contumelia;
1039 5625 1197 5682 enim
1215 5625 1408 5682 studio
1429 5625 1514 5697 ﬁt,
1533 5625 1820 5697 quidquid

1936 4648 2207 4722 quiverit,
2232 4650 2359 4721 jam
2407 4650 2559 4704 inter
2598 4648 2936 4702 immundos
2978 4648 3369 4717 computetur,
3403 4659 3469 4698 ac
3517 4643 3589 4698 de

1937 4740 2140 4794 ordine
2164 4740 2519 4793 mundorum
2549 4736 2830 4810 lapidum,
2859 4736 2915 4790 id
2937 4739 3027 4791 est
3054 4733 3583 4805 ecclesiasticorum

1935 4827 2229 4883 consortio
2246 4830 2685 4899 eruatur,atque
2697 4824 2849 4881 alius
2865 4824 2965 4897 qui
2979 4824 3194 4896 dignus
3211 4821 3433 4878 estloco
3454 4821 3584 4891 ejus

1936 4916 2352 4972 substituatur.
2386 4915 2667 4972 Videlicet
2706 4916 2931 4988 abjecto
2972 4913 3046 4970 de
3091 4910 3331 4981 cmlesti,
3386 4910 3442 4965 id
3494 4911 3584 4965 est

1933 5004 2327 5062 ecclesiastico
2359 5004 2622 5070 aedilicio,
2646 5009 2925 5076 tanquam
2956 5005 3186 5059 mortuo
3208 4999 3420 5071 lapide,
3436 5012 3579 5066 quo-

1936 5093 2078 5150 libet
2104 5095 2295 5161 noxio,
2323 5094 2421 5166 qui
2454 5093 2645 5149 noluit
2675 5110 2905 5149 seavare
2951 5092 3107 5165 quod
3155 5088 3406 5145 dicitur:
3446 5086 3580 5139 Tene

1932 5182 2072 5253 quod
2097 5183 2276 5249 habes,
2307 5200 2377 5238 ne
2403 5184 2550 5239 alias
2581 5185 2814 5254 accipiat
2835 5198 3090 5238 coronam
3117 5187 3267 5235 tuam
3288 5176 3464 5249 (Apoc-
3495 5188 3575 5240 1η,

1932 5272 2040 5338 ei),
2076 5272 2239 5343 juxta
2269 5272 2503 5327 Petrum
2530 5272 2883 5343 apostolum,
2906 5274 3183 5340 tanquam
3209 5265 3358 5338 lapis
3388 5262 3572 5332 vivus,

1931 5358 1990 5414 in
2022 5360 2195 5415 domo
2217 5359 2485 5431 spiritali,
2514 5361 2569 5415 in
2605 5359 2845 5415 zedificio
2877 5357 3098 5414 scilicet
3140 5359 3354 5411 sanctae
3376 5352 3573 5409 Eccle-

1931 5448 2029 5502 siae
2060 5449 2385 5505 Jerusalem
2417 5448 2680 5517 cmleztis,
2704 5465 2833 5519 quae
2883 5447 3113 5501 constat
3158 5461 3227 5499 ex
3265 5441 3488 5516 angelis
3516 5447 3576 5499 et

1930 5536 2360 5604 hominibus,et
2386 5539 2708 5594 aediﬁcatur
2737 5539 2802 5590 ut
2829 5531 3229 5601 civitas,utilis
3260 5532 3572 5606 supersedi-

1928 5626 2152 5683 ficetur.
