3916 6190
878 302 1267 366 CAPITULA
1308 302 2026 369 MGMDIACONIBUS
2068 303 2610 377 PRESBYTERIS
2655 308 2885 369 DATA.

3459 313 3582 393 303

166 437 261 494 vel
289 439 520 493 vestros
567 435 855 509 proprios,
886 434 979 491 vel
1024 433 1386 507 propinquos
1431 439 1676 506 vestros,
1726 452 1830 507 per
1856 439 1907 507 Α
1939 434 2561 495 dicitzNon-obturabis
2598 454 2657 493 os
2696 439 2817 495 bovi
2852 443 3138 503 trituranti
3165 446 3213 511 (1
3244 446 3378 503 Tim.
3410 463 3467 516 v,
3499 429 3617 520 8):

167 542 325 601 quos
350 525 495 581 illos
519 525 779 598 gravatis
801 525 873 580 in.
893 524 1029 581 cibo
1067 529 1126 580 et
1161 528 1321 596 potu,
1345 528 1402 580 et
1433 524 1595 582 fodro
1626 525 1699 581 ad
1730 540 1827 581 ca~

170 615 386 671 ballos.
410 615 484 671 Et
530 613 822 687 providete
869 630 942 669 ne
986 614 1259 670 homines
1281 613 1483 679 vestri,
1504 614 1604 686 qui
1635 614 1828 671 vobis-

170 721 309 760 cum
344 704 534 771 ibunt,
558 702 693 758 illos
712 702 1091 770 dehonorent,
1113 702 1202 757 vel
1236 701 1574 758 hominibus
1595 702 1828 758 illorum

172 810 382 867 graves
411 791 554 847 sint.
580 792 696 847 Nec
726 792 826 846 diu
859 791 919 846 in
961 790 1369 847 mansionibus
1407 791 1669 862 ipsorum
1702 807 1829 863 pre-

169 882 483 954 sbyterum
528 879 923 936 immoremini
958 896 972 935 :
1003 883 1063 935 et
1110 878 1161 934 si
1208 878 1526 936 necessitas
1554 878 1826 948 evenerit,

172 974 236 1025 ut
275 969 337 1025 in
390 968 588 1041 aliquo
642 965 767 1023 loco
814 967 1115 1023 immorari
1165 967 1447 1037 debeatis,
1499 966 1585 1024 sic
1631 968 1831 1041 dispo-

169 1058 291 1113 nite
321 1055 606 1113 viotualia
634 1061 828 1112 vestra
866 1073 969 1129 per
1014 1055 1544 1114 circummanentes
1590 1057 1829 1135 presby-

169 1151 352 1214 teros,
386 1150 455 1202 ut
503 1144 727 1201 nemini
778 1161 982 1218 graves
1013 1144 1165 1211 sitis,
1196 1148 1253 1200 et
1297 1161 1411 1201 non
1451 1145 1620 1202 otiosi
1652 1151 1710 1201 et
1741 1145 1829 1201 in-

170 1234 464 1291 fructuosi
510 1233 804 1303 stipendia
849 1233 1245 1289 ecclesiastica
1291 1233 1625 1303 insumatis,
1677 1235 1833 1290 sicut

173 1340 277 1379 nec
308 1339 423 1396 ego
444 1318 791 1395 gratiosum
823 1322 1198 1403 presbyteris,
1221 1339 1323 1398 per
1348 1338 1510 1396 quae
1526 1324 1832 1397 panochias

169 1427 495 1468 circumeo.

211 1537 371 1594 πο
400 1535 539 1592 CAP.
568 1535 636 1591 II.
656 1566 727 1576 -—
751 1535 814 1592 Ut
844 1534 1127 1607 parochias
1156 1551 1266 1591 non
1295 1538 1574 1592 occasione
1602 1538 1791 1604 victus,

463 1606 557 1663 sed
586 1606 962 1664 instructionis
989 1622 1158 1662 causa
1189 1609 1543 1664 circumeant.

242 1714 319 1771 Ut
348 1730 469 1771 non
513 1712 819 1770 occasione
847 1712 1035 1768 victus
1083 1712 1390 1785 parochias
1436 1713 1828 1783 circumeatis,

174 1809 476 1877 quatenus
505 1802 576 1859 de
605 1801 853 1858 aliorum
886 1800 1197 1875 stipendiis
1225 1801 1485 1863 viventes
1514 1807 1705 1861 vestra
1738 1803 1836 1859 sti,
1870 1808 1927 1879 B,

173 1891 394 1965 pendis
419 1889 777 1947 conservetis
803 1906 817 1945 :
842 1889 942 1945 sed
974 1890 1151 1945 verbo
1181 1894 1241 1945 et
1278 1889 1563 1964 exemplo,
1586 1907 1702 1947 non
1732 1909 1831 1948 so-

172 1980 296 2035 lum
325 1979 723 2054 presbyteros,
748 1977 849 2034 sed
881 1981 940 2033 et
969 1976 1169 2045 laicos,
1191 1977 1260 2034 de
1291 1983 1483 2035 vestra
1511 1979 1665 2036 bona
1691 1996 1832 2036 con-

173 2068 508 2125 versatione
537 2072 596 2124 et
634 2065 1015 2140 inquisitione
1059 2067 1387 2123 secundum
1441 2066 1833 2125 ministerium

175 2156 339 2213 vobis
371 2156 762 2212 commissum
793 2153 1121 2211 instruatis.

228 2282 371 2338 Car.
406 2282 509 2341 Ill.
533 2312 603 2323 —
622 2281 702 2338 Ne
726 2296 960 2355 munera
986 2298 1019 2339 a
1041 2281 1372 2355 presbyteris
1397 2284 1692 2355 accipiant,
1722 2292 1784 2339 ut

637 2368 828 2410 comm
853 2353 992 2408 vitia
1016 2353 1384 2409 dissimulent.

250 2457 326 2515 Ut
354 2473 392 2515 a
421 2457 782 2534 presbyteris
816 2458 1021 2514 exenia
1059 2474 1174 2514 non
1200 2458 1522 2532 accipiatis,
1546 2463 1837 2532 quatenus

180 2546 429 2607 illorum
454 2546 614 2607 mala
644 2547 799 2603 fama
827 2547 1225 2620 cooperiatur;
1246 2548 1347 2604 sed
1367 2549 1649 2604 omnibus
1664 2550 1838 2605 verbo

179 2644 243 2691 er
264 2634 537 2708 exemplo
569 2640 773 2692 notum
804 2636 994 2703 facite,
1027 2636 1166 2708 quia
1207 2636 1341 2709 plus
1369 2636 1521 2692 valet
1550 2639 1704 2710 apud
1737 2655 1838 2693 vos

181 2725 279 2782 Dei
309 2729 372 2781 et
401 2723 656 2797 proximi
686 2723 942 2793 dilectio,
964 2740 1147 2797 quam
1172 2730 1469 2781 terrenum
1490 2725 1720 2782 lucrum
1750 2743 1839 2782 ac-

181 2813 457 2886 quirendi
481 2812 713 2869 occasio
736 2829 753 2869 :
774 2811 910 2885 plus
941 2812 1291 2885 benignitasf
1314 2829 1489 2886 quam
1537 2813 1835 2884 severitas,

179 2901 315 2975 plus
357 2901 748 2958 commonitio
790 2918 969 2977 quam
1018 2902 1353 2971 commotio,
1399 2902 1537 2975 plus
1579 2903 1838 2960 ohai‘itas

179 3004 357 3065 quam
389 2994 676 3063 potestas.
699 2990 852 3063 Erga
880 2990 1065 3047 bonos
1093 2996 1152 3047 et
1194 2991 1341 3048 bene
1388 2996 1625 3064 agentes
1653 2996 1839 3047 estote

177 3076 438 3149 aequales
468 3081 536 3132 ut
559 3078 766 3132 fratres
791 3094 805 3133 :
828 3093 968 3150 erga
986 3093 1196 3150 pravos
1215 3082 1402 3136 estote
1422 3079 1694 3135 vition
1718 3096 1838 3135 cor-

1937 522 2214 580 solatium
2246 524 2490 598 praebeo,
2515 529 2581 581 ut
2608 528 2976 600 presbyteros
3004 548 3119 588 non
3153 536 3422 606 gravatis.

1935 633 2069 712 CAv.
2101 628 2225 712 VII.
2247 661 2315 670 —
2339 631 2404 687 Ut
2434 631 2725 702 parochias
2770 637 3084 712 rusticanus
3123 641 3453 712 confundere
3496 642 3582 701 vel

2006 700 2249 781 dividere
2276 700 2856 781 nonprtesumant,_ct
2884 714 2954 781 ut
2975 700 3234 765 ecclesias
3255 728 3458 781 omnes,
3486 700 3579 769 ca?

2004 773 2284 845 pellasque
2314 774 2432 829 illis
2458 775 2724 846 subjectus
2756 776 3082 835 describant.

2008 869 2291 943 Expresso
2336 870 2499 926 vobis
2547 870 2605 927 in
2658 873 2894 930 nomine
2933 875 3146 933 Christi
3196 878 3487 951 prmeipio,
3521 883 3586 938 ut

1939 957 2272 1019 rusticanus
2302 960 2610 1031 parochias
2639 978 2742 1034 pro
2771 962 3025 1036 alicujus
3045 964 3305 1021 amicitia
3330 967 3419 1024 vel
3446 968 3587 1040 peti-

1939 1044 2116 1113 tione,
2139 1050 2241 1101 aut
2270 1063 2372 1117 pro
2402 1047 2598 1120 aliquo
2627 1050 2886 1121 praemio,
2910 1070 3025 1119 non
3056 1055 3426 1126 praesumatis
3455 1072 3589 1113 con-

1940 1131 2217 1223 fundere,
2246 1148 2352 1189 nec
2382 1132 2678 1192 dividere:
2713 1154 2901 1211 neque
2947 1140 3227 1223 ecclesias
3274 1142 3428 1210 illas,
3457 1160 3587 1217 qua

1940 1236 2008 1276 ex
2038 1222 2282 1293 antiquo
2313 1224 2682 1295 presbyteros
2712 1224 2922 1281 habere
2953 1218 3423 1299 solitaa'l‘uerunt,
3457 1232 3588 1291 aliis

1940 1309 2202 1369 ecclesiis
2241 1311 2411 1382 Quasi
2459 1311 2584 1369 loco
2630 1314 3003 1386 capellarum;
3041 1332 3156 1381 non
3202 1321 3584 1393 .ubjiciatis:

1942 1410 2128 1470 neque
2157 1397 2513 1470 capellas‘de
2549 1401 2666 1456 illis
2694 1402 2977 1469 ecclesiis,
3010 1402 3228 1483 quibus
3259 1410 3587 1482 antiquitus

1939 1487 2215 1558 subjectae
2247 1490 2503 1555 fuerunt,
2535 1489 2608 1545 ad
2638 1489 2785 1546 alias
2815 1491 3093 1551 ecclesias
3122 1497 3412 1567 subjicere
3441 1516 3586 1571 proa-

1940 1577 2212 1631 sumatis.
2241 1578 2311 1632 Et
2340 1594 2441 1649 per
2468 1595 2640 1634 omne
2672 1581 3065 1638 ministerium
3097 1588 3377 1654 vestrum,
3409 1604 3589 1646 unus-

1941 1664 2191 1736 quisque
2219 1671 2478 1721 vestrum
2510 1668 2803 1723 describat
2848 1686 3053 1727 omnes
3080 1672 3357 1731 ecclesias
3403 1681 3462 1732 et
3507 1675 3587 1732 ti-

1943 1753 2123 1819 tulos,
2163 1771 2291 1826 quis
2338 1756 2667 1828 antiquitus
2715 1758 3083 1831 presbyteros
3128 1761 3476 1834 habuerunt,
3528 1769 3588 1822 et

1936 1840 2193 1913 capellas
2223 1843 2550 1915 antiquitus
2589 1843 2713 1903 illis
2745 1847 3067 1925 subjectus,
3097 1855 3155 1906 et
3192 1851 3336 1908 mihi
3370 1854 3586 1927 scripto

1942 1930 2291 1986 renuntiate.

1940 2037 2259 2117 CassVIII.
2292 2058 2359 2117 ‘_——
2394 2039 2455 2117 (It
2500 2040 2669 2117 nulli
2701 2043 2969 2117 capellam
3022 2045 3171 2102 domi
3222 2047 3436 2117 habere,
3493 2058 3591 2106 aut

2011 2110 2240 2202 missurn
2281 2111 2342 2202 in
2388 2110 2544 2202 d‘mno
2588 2110 2858 2202 celebrari
2894 2118 3028 2197 sine
3080 2120 3319 2202 episcopi
3365 2110 3589 2202 licentia

2008 2180 2303 2307 gantiedant
2333 2198 2352 2236 :
2381 2189 2434 2237 et
2470 2190 2531 2237 ut
2569 2185 2807 2255 capellas
2852 2180 3127 2265 ejusmodi
3164 2180 3348 2247 omnes
3391 2192 3591 2249 descri-

2048 2269 2120 2306 an
2148 2292 2161 2305 .

2015 2349 2196 2405 Nemo
2226 2355 2484 2407 vestrum
2514 2351 2801 2425 capellam
2843 2354 3019 2419 alicui
3048 2356 3110 2415 in
3137 2358 3313 2417 domo
3344 2376 3451 2417 sua
3480 2359 3592 2427 hair

1943 2438 2080 2494 bere
2109 2439 2391 2495 concedat
2416 2440 2544 2497 sine
2564 2441 2967 2512 mealicentia,
2992 2461 3180 2519 neque
3199 2448 3262 2505 in
3276 2450 3457 2508 domo
3480 2466 3591 2507 sua

1945 2527 2158 2584 missas
2206 2527 2485 2585 celebrari
2532 2531 2814 2589 concedat
2859 2531 2988 2590 sine
3033 2551 3167 2592 mea
3210 2534 3492 2599 licentia:
3531 2544 3591 2596 et

1947 2614 2354 2687 unusquisque
2384 2623 2642 2673 vestrum
2672 2619 2967 2681 describat
3017 2639 3121 2695 per
3163 2641 3351 2683 suum.
3390 2626 3592 2685 minis-

1943 2703 2179 2771 terium,
2203 2704 2539 2775 quicunque
2559 2705 2844 2777 capellam
2864 2714 3027 2764 extra
3043 2713 3350 2769 ecclesiam
3379 2716 3591 2787 princi-

1944 2792 2136 2865 palem
2177 2792 2355 2849 habet
2383 2810 2418 2848 a
2446 2798 2704 2867 tempore
2751 2796 2970 2854 Ebonis
2998 2815 3187 2872 usque
3232 2803 3305 2859 ad
3351 2808 3589 2877 tempus

1946 2898 2167 2950 meum,
2188 2887 2245 2937 et
2264 2899 2298 2936 a
2320 2886 2580 2954 tempore
2608 2899 2757 2953 meo,
2780 2884 2869 2941 vel
2899 2903 3029 2943 mea
3048 2887 3135 2947 vel
3155 2888 3396 2949 alterius
3416 2889 3591 2949 licen-

1943 2970 2026 3025 tia
2054 2970 2290 3041 factam,
2313 2975 2371 3026 et
2407 2969 2464 3025 in
2497 2972 2906 3046 cujuscunque
2951 2977 3275 3050 presbyteri
3312 2980 3591 3053 parocbia

1943 3075 2305 3132 quascunque
2333 3057 2420 3119 vel
2451 3060 2856 3134 cuiuscunque
2886 3062 3108 3136 capella
3136 3064 3215 3121 sit
3244 3066 3414 3122 facta.

181 3171 461 3232 rectores,
484 3168 544 3220 et
563 3165 811 3221 ll'atrum
834 3170 1144 3223 amatores.
1164 3166 1447 3223 Similiter
1465 3171 1523 3224 et
1536 3184 1674 3241 erga
1694 3166 1838 3225 alios
1867 3173 1910 3238 ρ
1944 3164 2079 3220 CAP.
2115 3164 2329 3247 IX.._-.—A
2348 3165 2427 3247 ille
2844 3184 2945 3239 pro
2999 3187 3225 3247 munere
3278 3173 3466 3247 aliqua
3518 3175 3589 3232 ad

179 3254 239 3309 in
259 3253 483 3309 vostris
510 3252 859 3310 ministeriis
882 3253 1313 3328 delinquentes.

214 3383 348 3436 Car.
385 3376 485 3439 IV.
510 3408 577 3419 —
595 3377 675 3435 Ne
697 3396 732 3435 a
754 3378 1096 3455 presbyteris
1114 3380 1414 3455 quidquam
1446 3388 1635 3453 petant
1661 3381 1802 3455 quod

569 3465 751 3507 secum
778 3452 1037 3523 auferant
1062 3452 1193 3508 dum
1219 3452 1462 3509 redeunt.

249 3557 504 3627 Quando
558 3555 866 3633 parochias
910 3556 1194 3629 circuitis,
1231 3555 1412 3616 nolite
1456 3574 1662 3635 graves
1709 3576 1838 3617 esse

182 3646 573 3725 presbyteris,
626 3650 887 3720 petentes
942 3647 1279 3722 friskingas,
1319 3648 1406 3704 vel
1466 3649 1680 3723 pisces,
1737 3653 1839 3705 aut

187 3735 545 3805 formaticos,
578 3741 683 3793 aut
728 3753 1046 3807 annonam,
1076 3741 1178 3794 aut
1207 3737 1352 3795 alias
1383 3736 1681 3811 quaslibet
1722 3756 1834 3809 res,

187 3829 249 3880 nt
275 3822 550 3881 habeatis
592 3825 828 3897 quando
866 3825 939 3881 ad
986 3825 1278 3881 civitatem
1325 3826 1537 3883 reversi
1587 3826 1837 3897 fueritis,

188 3913 341 3969 unde
371 3912 553 3986 quasi
588 3912 867 3971 fratribus
899 3914 1271 3972 refectionem
1296 3914 1542 3985 faciatis,
1567 3920 1633 3971 ut
1662 3916 1837 3973 salvis

185 4001 499 4144 stipendiis
527 4002 742 4059 vestris
774 4001 1041 4060 habeatis
1061 4003 1218 4060 unde
1238 4020 1339 4061 vos
1367 4007 1427 4061 et
1453 4008 1677 4062 vestros
1706 4020 1823 4061 con-

225 4089 442 4144 uestis.

225 4089 442 4145 nostis.

253 4215 393 4272 Car.
418 4212 487 4291 γ.
510 4244 581 4256 --
600 4213 679 4273 Ne
691 4212 958 4291 denarios
985 4233 1034 4291 a
1045 4216 1379 4291 presbyteris
1407 4216 1491 4273 vel
1512 4217 1769 4291 eulogiae

337 4288 589 4358 erigant,
612 4285 705 4343 sed
732 4295 919 4359 sponte
946 4285 1131 4343 oblata
1160 4285 1372 4345 tantum
1400 4285 1693 4361 accipiant.

254 4391 448 4457 Nolite
472 4390 647 4465 quasi
676 4408 781 4466 pro
802 4390 997 4465 aliquo
1017 4393 1307 4466 adjutorio
1327 4394 1398 4450 ad
1423 4408 1840 4468 quamcunque

190 4496 317 4537 rem
341 4479 617 4538 denarios
647 4481 803 4559 apud
841 4481 1210 4556 presbyteros
1261 4482 1570 4556 postuletis
1602 4501 1615 4541 :
1651 4500 1838 4558 neque

188 4566 425 4643 quando
453 4569 527 4625 ad
549 4569 865 4645 synodum,
883 4570 973 4628 vel
995 4586 1099 4643 pro
1122 4570 1502 4645 inquisitione
1527 4573 1837 4629 ministerii

187 4657 299 4728 sui,
324 4674 430 4715 seu
467 4674 573 4734 pro
599 4657 859 4717 chrisma
894 4656 1235 4733 accipiendo
1258 4660 1542 4731 venerint,
1575 4661 1837 4735 eulogias

188 4745 457 4820 exigatis,
479 4746 584 4811 sed
615 4746 666 4803 si
696 4747 790 4804 cui
817 4748 962 4805 forte
988 4750 1363 4806 commodum
1393 4750 1567 4807 tuerit
1594 4768 1699 4825 pro
1729 4768 1838 4809 sua

186 4835 484 4907 voluntate
528 4840 586 4895 et
631 4837 1047 4897 commoditate
1103 4837 1325 4912 aliquid
1375 4839 1558 4914 gratis
1607 4841 1833 4909 oﬂ‘errs,

189 4940 323 4980 cum
352 4923 677 4997 gratiarum
709 4925 934 4983 actione
963 4926 1227 5000 accipite.

189 5049 323 5111 ω.
350 5049 445 5107 VI.
468 5081 537 5093 —
557 5050 636 5111 Ne
657 5050 946 5123 pascendis
971 5054 1090 5111 suis
1125 5053 1210 5110 vel
1257 5055 1563 5111 amicorum
1608 5054 1837 5113 caballis

700 5123 1040 5197 presbyteros
1067 5134 1316 5194 gravent.

255 5227 637 5302 "militequ
660 5245 767 5303 per
790 5230 1184 5303 precationem
1205 5232 1463 5293 caballos
1480 5237 1725 5301 vestros,
1746 5233 1835 5291 vel

188 5317 518 5381 “niueum
540 5323 887 5388 vestium,
912 5320 985 5378 ad
1028 5325 1265 5394 pastum
1299 5322 1654 5397 presbyteris
1683 5338 1837 5389 com.

188 5406 469 5471 Ile-dare
522 5408 918 5481 promisistis,
956 5426 1149 5483 neque
1192 5413 1357 5471 740
1400 5429 1718 5484 annonam,
1744 5411 1835 5473 vel

188 5493 647 5565 mehei:
673 5496 941 5571 exigatis.
967 5498 1100 5557 Ideo
1125 5500 1283 5561 enim
1302 5499 1473 5559 vobis
1498 5502 1572 5560 de
1598 5501 1839 5559 faculta-

191 5584 354 5649 tibus
372 5585 1008 5662 Militia
1052 5591 1210 5664 quod
1252 5591 1566 5665 Apostolus
1596 5591 1668 5652 de
1710 5590 1839 5668 lego

2014 3236 2512 3293 reconciliationem
2558 3236 2921 3306 adducantur,
2960 3242 3045 3297 vel
3084 3251 3207 3314 post
3248 3236 3387 3300 eam'
3408 3248 3586 3316 negli-

2016 3315 2238 3362 aantur.
3580 3356 3586 3361 .

2014 3323 2238 3377 gantur.

2016 3403 2271 3460 Sollicito
2299 3404 2615 3497 providete,
2648 3421 2874 3497 negvos,
2904 3408 2990 3466 vel
3029 3413 3371 3487 presbyteri,
3404 3416 3591 3497 negli-

1944 3498 2149 3567 genter
2175 3492 2523 3566 pmnitentcs
2543 3511 2646 3566 pro
2667 3494 2865 3568 aliquo
2885 3515 3127 3556 munere
3155 3501 3228 3558 ad
3260 3492 3594 3563 reconcilio.

1945 3583 2163 3638 tionem
2195 3582 2521 3651 adducatis,
2543 3581 2629 3639 vel
2654 3589 2787 3657 post
2815 3588 3344 3648 reconciliationem
3365 3609 3465 3651 eos
3496 3612 3593 3651 ne-

1944 3673 2199 3747 gligatis,
2224 3672 2380 3745 quod
2412 3673 2810 3731 Simoniacum
2839 3681 2948 3735 est.

1981 3781 2118 3837 CAP.
2148 3781 2216 3837 Χ.
2246 3810 2316 3825 -
2346 3782 2421 3836 De
2447 3781 2676 3854 relapsis
2703 3791 2822 3856 post
2850 3785 3139 3857 publicam.
3156 3792 3551 3862 penitentiam.

2017 3878 2275 3937 Sollicito
2304 3878 2615 3951 providete,
2640 3880 2775 3938 utsi
2806 3881 2989 3956 aliqui
3019 3891 3152 3958 post
3180 3888 3595 3953 reconciliatio-

1946 3960 2081 4025 nem
2131 3967 2428 4042 publicam
2458 3969 2517 4024 in
2550 3970 2851 4042 publicum
2898 3978 3206 4046 peccatum
3254 3974 3591 4053 occiderint,

1946 4057 2021 4113 ad
2064 4057 2334 4114 notitiam
2382 4074 2574 4115 meam
2620 4059 2947 4132 perferatis,
2982 4066 3046 4121 ut
3091 4064 3293 4123 sciatis
3339 4066 3594 4141 qualiter

1946 4146 2082 4203 inde
2109 4149 2169 4203 et
2195 4162 2299 4202 vos
2321 4150 2381 4202 et
2407 4146 2729 4222 presbyteri
2759 4165 2929 4222 agere
2956 4151 3239 4211 debeatis.

1980 4253 2116 4309 CAP.
2148 4252 2239 4309 XI.
2264 4283 2332 4294 —
2360 4252 2438 4309 Ne
2465 4251 2535 4333 ad
2563 4252 3305 4333 ordinationeraprogaliqno
3328 4278 3559 4327 mum:

2415 4324 2759 4382 adducantur
2783 4343 2891 4383 non

2018 4412 2274 4470 Sollicito
2302 4412 2597 4487 providete
2619 4414 2691 4470 de
2713 4413 2833 4471 vita
2858 4419 2916 4471 et
2944 4415 3192 4477 scientia
3218 4418 3586 4495 clericorum,

1870 4546 1915 4610 Β
1945 4519 2096 4575 quos
2127 4502 2201 4559 ad
2233 4504 2377 4559 ’141
2405 4501 2832 4610 ordinationem
2863 4504 3167 4610 adducetis
3198 4525 3212 4565 :
3246 4525 3317 4565 ne
3348 4525 3452 4584 pro
3482 4509 3589 4567 ali-

1944 4608 2073 4664 quo
2092 4608 2335 4648 munere
2361 4591 2506 4648 tales
2535 4592 2611 4648 ad
2639 4591 3032 4651 ordinandum
3056 4594 3468 4670 introducatis,
3489 4598 3592 4675 qui

1942 4680 2237 4738 introduci
2257 4697 2375 4737 non
2396 4681 2627 4750 debent,
2652 4680 2929 4753 quoniam
2959 4683 3362 4747 Simoniacum
3389 4693 3499 4747 est.

1977 4786 2113 4843 Cap.
2147 4786 2266 4843 XII.
2290 4816 2359 4826 -—
2384 4787 2447 4844 Ut
2474 4786 2694 4844 videant
2733 4789 2994 4861 qumodo
3021 4793 3265 4865 capitula
3290 4796 3407 4853 sibi
3430 4795 3565 4857 data

2455 4875 2736 4933 observent
2753 4878 3077 4951 presbyteri.

2015 4962 2271 5020 Sollicito
2290 4964 2607 5037 providste,
2619 4968 2945 5025 secundum
2961 4969 3222 5043 capitula
3240 4952 3591 5047 presbyteris

1943 5070 1979 5109 a
2007 5052 2175 5109 nobis
2205 5053 2363 5122 data,
2386 5053 2458 5109 de
2487 5055 2754 5127 portione
2781 5056 3061 5129 ecclesiis,
3084 5059 3227 5132 quid
3255 5062 3391 5118 inde
3420 5062 3479 5119 in
3504 5078 3592 5125 eo-

1941 5142 2135 5200 clesiis
2166 5146 2367 5215 pareat
2398 5160 2410 5199 :
2445 5143 2548 5201 sed
2595 5148 2654 5202 et
2702 5146 2774 5202 de
2805 5147 3222 5206 matriculariis
3250 5155 3309 5205 et
3338 5150 3409 5206 de
3456 5149 3589 5213 aliis

1942 5232 2215 5308 capitulis
2245 5233 2599 5308 presbyteris
2628 5252 2664 5290 a
2695 5235 2864 5292 nobis
2894 5236 3068 5306 datis,
3101 5236 3351 5310 qualiter
3383 5236 3484 5297 illa
3511 5243 3590 5297 ιο.

1944 5327 2121 5379 aeaut
2149 5326 2207 5380 et
2229 5328 2593 5380 conservent.

1942 5429 2078 5487 Car.
2100 5430 2247 5487 XIII.
2271 5463 2338 5472 —-
2361 5432 2632 5500 Quomodo
2658 5432 2942 5503 eligendus
2969 5434 3041 5489 sit
3059 5433 3295 5490 decenas
3326 5437 3385 5493 in
3412 5436 3590 5499 locum

2066 5565 2082 5587 .
2450 5503 2694 5577 defuncti
2724 5506 2807 5562 vel
2837 5507 2895 5561 in
2904 5505 3074 5561 utilis.

2015 5590 2076 5650 Si
2104 5592 2362 5651 decenas
2381 5592 2442 5652 in
2462 5593 2788 5653 ministerio
2807 5596 2998 5652 vestro
3019 5596 3120 5653 aut
3137 5595 3462 5685 negligens,
3484 5605 3591 5695 aut
3614 5656 3619 5661 .
