3934 6182
391 260 513 321 803

1340 262 1719 325 HINCMARI
1768 261 2213 327 RHEMENSIS
2255 264 2848 330 ARCHIEPISGOPI

3613 283 3708 346 ωι

391 391 616 448 inutilis
663 396 720 450 et
766 391 1179 466 incorrigibilis
1211 394 1405 463 fuerit,
1435 395 1522 451 vel
1572 395 1785 467 aliquis
1831 413 2032 452 eorum
2063 397 2116 463 Α
2148 402 2238 452 est
2268 397 2499 453 interim
2548 363 2909 470 constituite,
2942 403 3124 458 donec
3168 403 3243 459 ad
3289 421 3457 462 meam
3490 411 3705 471 notitiam

262 530 277 537 -
386 480 614 550 obierit,
647 498 763 537 non
812 481 1239 538 inconsiderate
1286 483 1574 539 decanum
1625 485 1842 558 eligite.
1867 487 1936 540 Et
1984 486 2031 541 si
2143 486 2346 542 electio
2391 487 2492 542 illa
2522 490 2822 560 referatur,
2844 494 2902 545 et
2931 508 3060 547 mea
3089 492 3457 552 constiutione
3498 504 3585 556 aut
3606 517 3712 559 con-

383 583 492 643 ego
523 569 583 625 in
615 569 936 644 longinquo
968 588 1126 641 sum,
1148 571 1435 628 decanum
1469 572 1635 628 illum
1670 575 1768 646 qui
1812 573 2033 630 electus
2144 576 2429 644 firmetur,
2462 581 2564 631 aut
2592 576 2959 634 immutetur.

384 728 3709 761 Μ

1467 1075 2112 1135 ARCHIEPISCOPI
2169 1077 2653 1136 RHEMENSIS

551 1278 569 1391 ι
707 1146 2543 1418 donoNATloNES
2679 1254 3444 1385 REGl/E

1078 1790 1902 1907 CORONATIO
2005 1791 2531 1907 CAROLI
2630 1795 3056 1911 CALVI

1339 1999 1586 2076 Quando
1630 2001 1691 2060 in
1735 2020 1919 2080 regno
1961 1999 2245 2063 Lotlzarz'i
2278 2014 2643 2064 consecratus
2677 2014 2782 2064 est.

316 2306 321 2311 ’
356 2306 528 2374 Ordo
561 2304 849 2389 qualiter
882 2299 1170 2389 Carnows
1208 2316 1327 2389 rex
1366 2297 1493 2360 fuit
1535 2301 1896 2389 coronatus
1919 2298 2005 2389 in
2042 2296 2273 2389 Mettis
2316 2297 2611 2374 civitate,
2644 2318 2826 2364 anno
2858 2296 3012 2375 869,
3057 2300 3127 2364 in
3176 2318 3413 2366 mense
3450 2298 3706 2383 Septem-

441 2386 606 2471 bris,
647 2413 690 2460 ν
728 2392 882 2457 ldus
934 2386 1383 2473 Septembres,
1425 2404 1576 2468 quae
1625 2386 1852 2449 evenit
1898 2387 2005 2450 die
2042 2386 2338 2456 Veneris.
2383 2406 2539 2451 cum
2596 2389 2740 2452 istis
2778 2390 3139 2472 episcopis,
3174 2391 3489 2456 videlicet
3544 2389 3708 2453 Hinc-

355 2488 363 2521 -‘
441 2503 632 2551 mare
672 2481 1197 2563 archiepiscopo,
1241 2474 1588 2547 Adventio,
1625 2474 1894 2545 Attene.
1939 2475 2244 2554 Arnulfo,
2278 2475 2642 2552 Francoue,
2673 2477 3032 2543 llinemaro
3071 2484 3139 2543 et
3171 2477 3439 2555 Odone;
3481 2477 3710 2561 quando

441 2575 780 2659 quondam
809 2588 929 2634 rex
967 2567 1337 2642 Lotharius,
1379 2564 1552 2628 ﬁlius
1592 2563 1888 2628 Lotharii
1917 2565 2368 2647 imperatoris,
2414 2567 2540 2629 fuit
2568 2572 2879 2633 mortuus
2918 2568 2986 2631 in
3027 2567 3370 2633 Placentia
3407 2569 3673 2632 civitate.

346 2766 746 2855 Annuntz'alio
774 2760 1344 2855 Αὴᾱυιληιιίχρρίξσορί
1373 2768 1510 2821 ante
1540 2760 1773 2818 initium
1803 2759 1995 2852 messes
2021 2761 2068 2827 B
2098 2759 2297 2831 praesit
2325 2763 2383 2814 et
2407 2759 2612 2831 prosit,
2644 2758 2874 2817 videtur
2918 2760 3110 2828 nobis,
3143 2760 3193 2816 si
3233 2760 3402 2816 vobis
3447 2759 3636 2834 placet,
3660 2760 3716 2812 ut

427 2851 489 2910 in
519 2848 763 2910 ecclesia
795 2845 866 2905 S.
902 2840 1199 2924 Stephani
1235 2840 1434 2901 coram
1480 2858 1636 2919 rege,
1670 2849 1726 2899 et
1766 2840 1988 2920 episco—

418 2932 534 3012 pz's,
569 2938 628 2990 et
652 2927 789 2990 aliis
812 2923 1292 3007 quamplurimas.

411 3064 547 3119 CAP.
573 3063 616 3118 Ι.
640 3092 708 3101 -
728 3060 844 3115 Vos
873 3057 1057 3126 scitis,
1082 3059 1139 3110 et
1169 3053 1372 3109 multis
1400 3053 1459 3107 in
1492 3050 1763 3125 plurimis
1795 3049 1989 3121 regnis

341 3156 431 3209 est
460 3149 784 3223 cognitum,
817 3148 1068 3218 quantos
1106 3147 1163 3198 et
1194 3141 1396 3214 quales
1442 3144 1682 3196 eventus
1730 3144 1989 3210 tempore

340 3239 588 3297 senioris
610 3235 815 3302 nostri,
840 3250 1016 3306 quem
1048 3231 1334 3286 hactenus
1359 3227 1696 3296 habuimus,
1722 3243 1826 3299 pro
1851 3233 1988 3280 cau-

339 3329 424 3385 sis
455 3323 781 3381 notissimis
812 3318 1203 3377 communiter
1245 3314 1659 3380 sustinuimus,
1683 3318 1738 3368 et
1768 3316 1987 3384 quanto

338 3414 557 3482 dolore,
582 3415 917 3484 quantaque
945 3406 1217 3482 angustia
1248 3406 1318 3462 de
1339 3403 1499 3459 illius
1524 3403 1781 3467 infausta
1801 3404 1987 3456 morte

339 3519 526 3575 nuper
544 3500 820 3558 cordibus
851 3496 1103 3572 perculsi
1137 3511 1368 3550 sumus.
1396 3492 1555 3548 Unde
1577 3491 1817 3546 unicum
1842 3490 1989 3544 refu-

335 3594 499 3668 gium
524 3595 580 3648 et
599 3588 974 3663 singulariter
993 3585 1226 3642 salubre
1249 3581 1581 3645 consilium,
1604 3597 1736 3653 rege
1756 3583 1813 3634 et
1833 3578 1988 3651 prin-

335 3683 462 3756 cipe
492 3685 693 3737 nostro
716 3676 994 3734 desdituti
1034 3691 1100 3730 ac
1132 3672 1398 3740 desolati,
1421 3670 1591 3726 nobis
1629 3670 1780 3726 742
1803 3668 1986 3723 omni-

334 3773 446 3828 bus
475 3786 603 3827 esse
634 3764 1155 3831 consideravimus,
1180 3766 1244 3817 ut
1266 3759 1514 3833 jEjuniis
1544 3763 1601 3814 et
1621 3756 1984 3813 orationibus

333 3861 403 3918 ad
431 3875 566 3916 eum
588 3871 696 3912 nos
717 3857 1186 3912 converteremus
1209 3850 1309 3922 qui
1331 3852 1420 3904 est
1442 3848 1675 3919 adjutor
1698 3846 1758 3900 in
1781 3861 1985 3917 Oppor.

330 3946 707 4015 tunitatibus,
740 3944 799 3999 in
828 3939 1226 4008 tribulatione,
1257 3942 1315 3995 et
1342 3938 1513 4009 cujus
1536 3940 1624 3993 est
1644 3936 1981 4016 consilium,

330 4055 398 4095 ac
430 4037 602 4109 cujus
631 4038 722 4091 est
752 4048 1019 4105 regnum,
1043 4034 1101 4086 et
1120 4034 1188 4085 ut
1205 4029 1490 4101 scriptum
1513 4029 1602 4083 est
1622 4026 1715 4082 cui
1737 4025 1986 4084 voluerit

2098 2847 2253 2904 sicut
2282 2853 2415 2921 post
2443 2847 2602 2904 illius
2628 2850 2803 2904 verba
2821 2848 2985 2905 vobis
3015 2849 3551 2917 manifestabimus,
3577 2847 3716 2919 signo

2097 2936 2425 2993 certissimo
2446 2937 3088 3011 demonstremus,quia
3109 2937 3284 2993 illum
3309 2955 3345 2994 a
3365 2938 3480 2994 Deo
3500 2935 3715 2992 electum

2097 3029 2154 3079 et
2175 3026 2343 3082 nobis
2364 3026 2567 3081 datum
2590 3026 2914 3099 principem
2936 3026 3257 3097 credimus,
3285 3032 3346 3084 et
3366 3027 3553 3083 eidem
3571 3022 3717 3095 largi-

2096 3113 2206 3169 tori
2237 3115 2353 3170 Deo
2383 3133 2452 3172 ex
2489 3116 2615 3172 suis
2661 3116 2960 3173 beneﬁciis
2993 3135 3108 3175 non
3156 3118 3355 3174 simus
3394 3111 3714 3189 ingrati,sed

2095 3204 2415 3274 gratiarum
2442 3205 2702 3261 actiones
2729 3205 2813 3261 illi
2835 3206 3170 3273 referentes,
3195 3223 3443 3263 oremus
3465 3207 3719 3277 quatenus

2095 3296 2152 3348 et
2172 3310 2308 3349 eum
2329 3294 2499 3349 nobis
2521 3295 2593 3349 ad
2615 3293 2866 3350 salutem
2889 3299 2945 3351 et
2965 3294 3374 3351 defensionem
3398 3297 3603 3351 sancta:
3622 3305 3717 3345 sua

2096 3381 2385 3450 Ecclesiae,
2413 3386 2469 3437 et
2499 3383 2570 3438 ad
2603 3382 2886 3438 auxilium
2917 3386 3093 3455 atque
3122 3383 3460 3455 profectum
3489 3379 3719 3437 omnium

2095 3475 2383 3540 nostrum,
2408 3488 2541 3526 cum
2569 3470 2758 3527 salute
2778 3488 2844 3527 ac
2864 3488 3027 3543 pace,
3050 3476 3108 3526 et
3132 3470 3560 3544 tranquillitate
3582 3464 3719 3523 nobis

2095 3563 2395 3615 conservet
2425 3558 2669 3626 diutius,
2692 3563 2750 3613 et
2779 3576 2885 3615 nos
2922 3559 3078 3615 ﬁdeli
3107 3560 3426 3615 devotione
3462 3556 3547 3613 illi
3582 3554 3721 3611 obse-

2093 3652 2361 3719 quentes,
2382 3652 2558 3720 atque
2596 3651 2733 3720 opta
2776 3647 3094 3704 salvatione
3132 3648 3427 3716 fruentes,
3452 3646 3562 3703 sub
3590 3642 3721 3699 illius

2094 3736 2601 3792 administratione
2631 3737 2690 3792 in
2723 3753 2829 3792 suo
2858 3738 3144 3809 gubernet
3172 3736 3447 3793 servitio.

2165 3858 2300 3914 CAP.
2329 3859 2423 3915 III.
2446 3891 2515 3900 —
2540 3860 2611 3915 Et
2631 3859 2679 3916 si
2709 3859 2796 3915 illi
2827 3858 3035 3932 placet,
3059 3859 3315 3934 dignum
3350 3860 3467 3934 ipsi
3488 3862 3545 3916 et
3560 3871 3721 3914 neces-

2093 3948 2315 4005 sarium
2346 3948 2515 4004 nobis
2544 3965 2673 4004 esse
2698 3948 2948 4015 videtur,
2972 3953 3038 4004 ut
3054 3966 3122 4004 ex
3142 3949 3281 4021 ejus
3306 3966 3412 4006 ore
3443 3948 3726 4006 audiamus

2093 4038 2248 4110 quod
2281 4057 2315 4094 a
2345 4037 2846 4094 Christianissimo
2876 4053 3030 4112 rege,
3063 4037 3223 4095 ﬁdeli
3280 4043 3344 4096 et
3394 4035 3650 4095 unanimi
3676 4034 3723 4088 in

328 4124 490 4184 dabit
518 4123 687 4195 illud,
713 4126 770 4179 et
798 4122 857 4177 in
891 4137 1069 4176 manu
1100 4119 1271 4191 cujus
1297 4117 1473 4172 corda
1501 4119 1642 4171 sunt
1670 4131 1896 4189 regum,
1919 4121 1978 4173 et
2007 4127 2050 4195 (ξ
2089 4126 2322 4183 servitio
2354 4126 2513 4182 illius
2542 4125 2780 4200 populo,
2804 4126 3120 4199 unicuique
3146 4126 3210 4183 iu
3238 4128 3458 4185 οι-(ιίηθ
3487 4143 3592 4184 suo
3618 4139 3728 4180 οοιι.

326 4214 465 4272 facit
493 4211 804 4270 unanimes
843 4209 1106 4266 habitare
1135 4208 1193 4263 in
1225 4208 1419 4275 domo,
1453 4205 1683 4262 solvens
1714 4205 1975 4261 medium

326 4304 607 4376 parietem
619 4305 676 4358 et
692 4299 910 4357 faciens
930 4298 1177 4370 utraque
1194 4312 1380 4352 unum
1395 4312 1408 4350 :
1423 4295 1799 4366 deprecantes
1814 4293 1976 4350 illius

325 4391 812 4457 misericordiam,
835 4392 901 4443 ut
928 4388 1091 4443 daret
1118 4384 1287 4441 nobis
1326 4399 1521 4456 regem
1552 4398 1618 4437 ac
1649 4381 1972 4455 principem

324 4481 650 4536 secundum
670 4495 769 4534 cor
798 4493 996 4546 suum,
1017 4474 1117 4547 qui
1142 4474 1201 4529 in
1214 4471 1438 4545 judicio
1460 4475 1518 4527 et
1528 4470 1762 4542 justitia
1782 4487 1889 4527 nos
1911 4470 1972 4526 in

322 4565 482 4620 omni
508 4564 709 4620 ordine
738 4580 805 4619 ac
835 4561 1194 4635 professione
1233 4561 1474 4632 regeret,
1499 4557 1767 4625 salvaret,
1796 4562 1971 4630 atque

322 4652 656 4709 defenderet
675 4652 846 4723 juxta
862 4650 1222 4706 voluntatem
1251 4652 1400 4721 ejus,
1424 4653 1480 4703 et
1509 4649 1685 4703 corda
1703 4647 1968 4702 omnium

321 4746 587 4797 nostrum
611 4739 968 4795 unanimiter
987 4739 1045 4793 in
1069 4754 1204 4794 eum
1227 4736 1536 4793 inclinaret
1557 4741 1731 4809 atque
1753 4737 1968 4805 uniret,

319 4846 493 4903 quem
518 4829 643 4903 ipse
664 4829 735 4884 ad
759 4827 1010 4883 salutem
1028 4830 1085 4881 et
1104 4826 1427 4897 profectum
1451 4829 1716 4881 nostrum
1741 4824 1967 4897 praesci-

316 4921 442 4973 tum
465 4921 522 4974 et
537 4915 787 4972 electum
802 4919 977 4986 atque
997 4914 1477 4985 praedestinatum
1499 4913 1751 4969 habebat
1766 4930 1968 4969 secun-

316 5007 458 5062 dum
492 4996 955 5061 misericOrdiam
987 5019 1176 5058 suam.

322 5130 331 5136 '
385 5122 520 5178 CAP.
545 5120 615 5177 II.
658 5151 728 5161 -—
757 5118 906 5187 Quia
933 5117 1184 5191 denique
1214 5116 1571 5174 voluntatem
1606 5117 1727 5186 Dei,
1752 5118 1850 5190 qui
1873 5135 1968 5175 vo-

313 5209 599 5267 luntatem
619 5208 953 5265 timentium
977 5224 1037 5264 se
1060 5206 1214 5276 facit,
1231 5211 1289 5262 et
1304 5205 1737 5280 deprecationes
1758 5223 1961 5263 eorum

311 5299 568 5368 exaudit,
596 5298 656 5353 in
696 5297 968 5353 concordi
1018 5295 1404 5351 unanimitate
1452 5299 1652 5350 nostra
1692 5296 1960 5353 videmus

310 5387 657 5460 hunc-regni
688 5386 867 5458 hujus
887 5385 1174 5441 heredem
1195 5400 1324 5439 esse
1353 5383 1707 5456 legitimum,
1730 5385 1822 5440 cui
1851 5403 1957 5441 nos

311 5480 516 5555 sponte
544 5474 971 5543 commisimus,
1006 5473 1289 5529 domuum
1317 5470 1584 5528 videlicet
1613 5478 1957 5545 praesentem
1985 5497 2034 5561 Β

2084 4215 2242 4272 venit
2268 4214 2491 4284 audire,
2516 4231 2582 4271 ac
2612 4215 2817 4271 devota
2846 4219 3041 4271 mente
3070 4216 3411 4289 suscipere.

2155 4318 2283 4369 Post
2312 4314 2430 4370 haec
2457 4328 2558 4368 rex
2579 4312 2814 4370 Carolus
2838 4312 2957 4369 haec
2975 4326 3100 4385 quae
3127 4321 3452 4386 sequuntur
3480 4327 3578 4385 per
3602 4325 3651 4366 se
3676 4306 3727 4363 in

2081 4401 2267 4458 eadem
2297 4402 2523 4459 ecclesia
2551 4401 2758 4457 cunctis
2786 4400 3135 4457 audientibus
3159 4400 3549 4458 denuntiavit.
3658 4404 3661 4407 “

2152 4500 2298 4566 Quia
2326 4500 2479 4556 sicut
2508 4499 2601 4556 isti
2624 4498 2982 4555 venerabiles
2998 4498 3481 4573 episcopiunius
3508 4513 3579 4555 ex
3602 4490 3728 4568 ipsis

2076 4605 2214 4644 voce
2243 4589 2533 4659 dixerunt,
2555 4592 2613 4644 et
2641 4587 2814 4645 certis
2844 4586 3078 4644 indiciis
3106 4604 3175 4643 ex
3212 4593 3428 4645 vestra
3458 4580 3725 4644 unanimi-

2076 4680 2194 4732 tate
2252 4680 2745 4746 monstraverunt,
2787 4680 2846 4732 et
2898 4693 2998 4731 vos
3055 4674 3473 4746 acclamastis,
3505 4690 3598 4732 me
3640 4665 3727 4726 Dei

2076 4765 2354 4822 electione
2372 4766 2443 4822 ad
2463 4769 2717 4822 vestram
2734 4764 3111 4821 salvationem
3130 4769 3187 4819 et
3203 4766 3560 4839 profectum
3576 4765 3727 4832 atque

2076 4855 2336 4926 regimen
2366 4858 2423 4910 et
2451 4853 2931 4927 gubernationem
2980 4853 3095 4908 huc
3142 4853 3473 4911 advenisse
3501 4870 3515 4909 :
3548 4846 3725 4908 sciatis

2074 4959 2168 4998 me
2200 4943 2477 4998 honorem
2510 4947 2567 4999 et
2596 4942 2817 4998 cultum
2840 4942 2941 4998 Dei
2973 4945 3148 5014 atque
3177 4948 3548 4999 sanctarum
3576 4935 3729 4996 eccle-

2072 5031 2295 5087 siarum
2342 5031 2589 5087 Domino
2638 5032 2948 5104 adjuvante
2988 5046 3367 5101 conservare,
3423 5035 3486 5088 et
3532 5040 3723 5086 unum-

2073 5136 2364 5192 quemque
2386 5125 2644 5176 vestrum
2666 5120 2990 5176 secundum
3013 5117 3104 5174 sui
3126 5118 3373 5177 ordinis
3394 5119 3725 5193 dignitatem

2070 5212 2128 5263 et
2156 5224 2466 5281 personam
2490 5210 2662 5280 juxta
2683 5225 2878 5265 meum
2901 5209 3051 5265 scire
3071 5212 3128 5263 et
3155 5224 3345 5281 posse
3373 5209 3663 5265 honorare
3676 5204 3725 5257 οἱ

2069 5296 2311 5367 salvare,
2334 5301 2392 5352 et
2430 5296 2781 5353 honoratum
2810 5313 2876 5353 ac
2924 5296 3211 5354 salvatum
3245 5300 3471 5355 tenere
3496 5294 3658 5361 velle,
3678 5293 3731 5347 et

2068 5385 2383 5457 unicuique
2402 5385 2462 5440 in
2480 5402 2592 5441 suo
2612 5384 2815 5441 ordine
2834 5384 3161 5442 secundum
3182 5383 3311 5441 sibi
3334 5385 3730 5459 competent“

2066 5475 2223 5547 leges
2252 5478 2373 5529 tam
2403 5473 2830 5531 ecclesiasticas
2851 5490 3029 5547 quam
3061 5468 3444 5545 mundanas,
3468 5475 3657 5549 legem
3682 5472 3735 5525 θὶ

310 5572 516 5639 regem
556 5579 621 5621 ac
666 5562 992 5641 principem
1039 5566 1309 5621 nostrum
1348 5560 1637 5631 Carolum,
1671 5566 1763 5618 ut'
1785 5562 1955 5622 nobis
1988 5560 2017 5561 ί
2056 5561 2355 5637 justitiam
2376 5577 2736 5635 conservare,
2755 5562 2945 5623 iubeo
2966 5567 3031 5622 ut
3049 5563 3732 5642 honorregiusetpoto‘
