3934 6182
219 300 336 360 805

1047 302 1649 366 CORONATIONES
1697 305 1978 365 REGIAE.
2014 338 2089 350 —
2122 307 2168 366 Ι.
2218 309 2502 371 CAROLI
2548 311 2801 372 CALVI.

3504 319 3624 379 806

221 439 338 490 stas
367 450 434 490 ac
463 433 660 490 debita
690 434 1040 501 obedientia,
1077 439 1249 506 atque
1282 437 1640 508 adjutorium
1673 438 1743 492 ad
1776 455 1861 493 re-
1894 440 1945 505 Α
1977 455 2104 493 cam
2137 439 2255 494 Noe
2313 440 2741 512 signiﬁcantem
2797 445 3063 500 Ecclesize
3123 448 3404 505 unitatem
3461 451 3622 508 nullo

220 540 400 594 gnum
433 523 577 578 mihi
611 541 645 578 a
675 523 792 578 Deo
826 525 974 579 748
1007 524 1208 578 datum
1240 524 1658 580 continendum
1689 531 1746 582 et
1775 528 1870 581 de-

221 613 569 668 fensandum
588 613 661 667 ab
683 628 1033 684 unoquoque
1052 622 1311 668 vestrum
1335 615 1658 669 secundum
1691 632 1865 670 suum

221 700 484 756 ordinem
502 705 561 757 et
575 699 919 772 dignitatem
945 706 1118 773 atque
1140 702 1586 773 possibilitatem
1612 704 1753 758 mihi
1772 722 1866 760 ex-

221 789 512 854 hibeatur,
547 788 699 844 sicut
725 790 900 844 vestri
932 794 1328 847 antecessores
1362 792 1870 863 fideliter,juste,et

225 877 649 934 rationabiliter
676 877 824 932 meis
855 879 1322 935 antecessoribus
1353 880 1759 936 exhibuerunt.

226 1021 625 1082 Αηηωιιιάηό
671 1019 1000 1104 Hincmart'
1031 1021 1487 1104 Δανθζιίρριὲίιορί
1525 1025 1585 1084 in
1632 1024 1870 1086 ecclesia

771 1101 986 1162 Sancti
1010 1101 1321 1184 Stcphaizi.

287 1235 426 1289 CAP.
465 1235 508 1289 l.
539 1234 619 1288 Ne
642 1233 812 1289 alicui
848 1236 992 1289 forte
1022 1234 1288 1290 videatur
1309 1237 1626 1309 incongrue
1649 1256 1713 1292 ac
1730 1256 1870 1310 pree-

221 1322 547 1396 sumptiose
587 1340 680 1378 me
711 1340 777 1378 ac
808 1325 1113 1396 provincia:
1147 1330 1358 1380 nostrae
1388 1328 1745 1382 venerabiles
1776 1345 1871 1384 co-

221 1413 529 1485 episcopos
558 1413 764 1478 facere,
788 1412 1065 1484 quoniam
1089 1415 1159 1468 de
1192 1419 1371 1470 altera
1402 1417 1697 1488 provincia
1725 1419 1874 1473 ordi-

222 1501 446 1556 nationi
471 1506 528 1556 et
551 1501 746 1556 causis
777 1501 956 1572 hujus
970 1501 1276 1574 provincia:
1308 1521 1413 1558 nos
1446 1505 1870 1575 immiscemus,

220 1589 364 1645 sciat
382 1606 495 1645 nos
517 1593 720 1645 contra
739 1606 992 1646 canones
1013 1607 1210 1646 sacros
1243 1609 1356 1646 non
1387 1608 1578 1664 agere,
1593 1595 1872 1665 quoniam

223 1679 574 1736 Rhemensis
605 1684 664 1735 et
693 1680 1054 1735 Trevirensis
1103 1680 1370 1736 Ecclesia}
1403 1681 1461 1736 in
1493 1682 1603 1738 hac
1643 1684 1874 1755 regione

223 1769 476 1842 Belgica,
511 1786 649 1825 cum
695 1768 807 1824 sibi
857 1769 1191 1825 commissis
1233 1770 1528 1838 Ecclesiis,
1561 1789 1788 1827 sorores
1818 1778 1876 1829 et

222 1875 344 1912 com
353 1856 743 1929 provinciales
762 1857 1073 1924 habentur,
1098 1857 1250 1914 sicut
1271 1860 1590 1915 auctoritas
1611 1861 1876 1917 ecclesia-

222 1948 370 2002 stica
401 1951 459 2002 et
489 1945 904 2018 antiquissima
952 1948 1320 2003 demonstrat
1363 1950 1726 2005 consuetudo
1762 1967 1774 2006 :
1810 1968 1875 2005 ac

223 2054 322 2108 per
341 2037 460 2092 hoc
484 2036 749 2093 unanimi
773 2054 1060 2092 consensu
1087 2041 1143 2092 et
1163 2037 1703 2110 synodaliajudicia
1723 2057 1877 2095 exer-

222 2141 372 2193 cere,
405 2130 465 2180 et
507 2142 636 2198 quae
677 2143 711 2180 a
749 2126 969 2182 sanctis
1023 2126 1291 2181 Patribus
1343 2128 1662 2182 constituta
1715 2134 1874 2199 sunt,

223 2214 440 2269 debent
471 2214 836 2269 concorditer
874 2213 1187 2278 custodire,
1221 2214 1330 2270 hac
1362 2215 1643 2288 privilegii
1676 2218 1875 2271 condi-

221 2303 377 2357 tione
405 2307 726 2368 servata,ut
744 2302 1016 2375 quiprior
1037 2303 1106 2358 de
1132 2303 1446 2360 Rhemensi
1470 2309 1526 2359 et
1550 2305 1875 2361 Trevirensi

218 2389 514 2464 episcopis
547 2391 723 2447 fuerit
754 2392 1079 2461 ordinatus,
1105 2393 1263 2463 prior
1293 2393 1467 2448 etiam
1499 2393 1802 2449 habeatur.

286 2483 428 2535 CAP.
459 2481 526 2536 ll.
542 2481 613 2536 Et
635 2480 724 2536 lex
745 2480 1026 2536 divinitus
1047 2480 1332 2552 inspirata
1354 2481 1613 2553 praecipit
1634 2482 1834 2538 dicens
1861 2501 1874 2538 :

218 2568 277 2623 Si
307 2570 603 2624 transieris
659 2586 754 2641 per
805 2586 1035 2625 messem
1085 2572 1253 2624 amici
1282 2572 1366 2625 tui
1391 2572 1650 2642 colligens
1677 2575 1874 2644 spicas,

218 2675 391 2713 manu
453 2659 782 2728 confricabis
830 2659 900 2713 ad
945 2658 1406 2727 manducandum,
1443 2659 1647 2715 falcem
1682 2667 1876 2716 autem

223 2764 335 2802 non
368 2747 602 2815 mittas,
632 2746 719 2802 vel
770 2748 913 2818 falce
965 2764 1077 2802 non
1130 2755 1302 2804 metas
1355 2753 1541 2817 (Deut.
1572 2767 1731 2814 xxm,
1763 2750 1875 2821 25).

225 2835 437 2891 Messis
459 2840 549 2892 est
569 2835 844 2908 populus,
868 2840 932 2891 ut
962 2837 1245 2892 Dominus
1277 2825 1566 2893 monstrat
1596 2838 1656 2893 in
1688 2839 1879 2893 Evan-

223 2924 398 2996 gelio,
425 2924 626 2980 dicens
650 2942 662 2980 :
688 2924 869 2980 Messi:
897 2925 1116 2996 quidem
1135 2934 1214 2981 est
1233 2926 1678 2998 multa,operarii
1698 2936 1880 2982 autem

218 3017 408 3084 pauci.
445 3014 638 3086 Regale
691 3014 975 3069 dominum
1024 3017 1235 3079 messis,
1265 3023 1327 3070 ut
1378 3017 1559 3071 mittat
1604 3017 1879 3087 operarios

226 3104 285 3156 in
340 3119 577 3158 messem
627 3120 782 3158 suam
825 3102 1029 3174 (Matth.
1065 3121 1140 3169 ιχ,
1173 3105 1264 3171 37,
1295 3105 1386 3176 38)
1419 3121 1432 3158 :
1469 3104 1608 3176 quia
1645 3121 1746 3161 vos
1777 3122 1879 3176 pro

1979 532 2218 599 cogente
2248 537 2643 586 convenerunt
2675 549 2687 586 :
2722 532 2859 604 quia
2891 540 3102 589 sanctze
3136 539 3427 593 memoriae
3461 545 3625 612 pater

1977 618 2402 688 suus,domnus
2433 620 2760 676 Ludovicus
2791 622 2927 676 Pius
2961 623 3273 694 imperator
3300 629 3620 700 Augustus,

1977 723 2044 760 ex
2077 708 2347 779 progenie
2382 710 2654 763 Ludovici
2688 711 2841 782 regis
2877 711 3226 767 Francorum
3261 714 3480 787 inclyti.
3517 735 3618 788 per

1978 795 2130 850 beati
2154 797 2397 868 Remigii
2421 802 2767 853 Francorum
2792 799 3035 871 apostoli
3057 801 3402 858 catholicam
3417 807 3618 876 prendi-

1978 885 2262 940 cationem
2293 903 2426 940 cum
2454 887 2679 960 integra
2699 891 2869 958 gente
2900 889 3181 956 conversi,
3205 895 3414 946 etcum
3437 895 3624 950 tribus

1983 975 2332 1029 Francorum
2351 974 2894 1048 millibus,exceptis
2911 977 3168 1049 parvulis
3181 983 3236 1034 et
3257 980 3625 1050 mulieribus,

1979 1062 2176 1134 vigilia
2206 1064 2393 1118 sancti
2425 1064 2656 1119 Pascha:
2679 1065 2737 1119 in
2761 1065 3073 1123 Rhemensi
3109 1069 3413 1142 metropoli
3446 1071 3629 1142 bapti-

1981 1151 2111 1216 zati,
2147 1155 2203 1205 et
2231 1151 2459 1206 coalitus
2493 1159 2730 1226 sumpto
2761 1154 3096 1224 chrismate,
3129 1159 3284 1213 unde
3313 1158 3506 1214 adhuc
3532 1159 3630 1216 ha-

1982 1241 2207 1305 bemus,
2243 1242 2506 1311 peruncti
2548 1247 2605 1296 et
2654 1243 2710 1297 in
2759 1259 2953 1314 regem
2999 1246 3234 1312 sacrati,
3262 1251 3497 1302 exortus
3526 1264 3631 1321 per

1982 1329 2217 1384 beatum
2241 1329 2571 1396 Arnulfum,
2589 1332 2758 1402 cujus
2778 1349 2951 1387 carne
2971 1333 3124 1388 idem
3150 1335 3474 1392 Ludovicus
3497 1338 3629 1410 pius

1979 1421 2282 1488 Augustus
2305 1419 2588 1491 originem
2614 1421 2778 1475 duxit
2800 1421 3077 1486 carnis,et
3097 1441 3129 1477 a
3162 1424 3456 1496 Stephano
3479 1443 3630 1500 papa

1983 1508 2244 1562 Romano
2265 1511 2398 1562 ante
2421 1513 2632 1563 sanctae
2654 1509 2754 1564 Dei
2786 1509 3083 1582 genitricis
3111 1516 3170 1567 et
3199 1529 3430 1586 semper
3449 1515 3632 1589 Virgi-

1983 1595 2074 1650 nis
2097 1597 2288 1650 Maria:
2313 1597 2514 1662 altare,
2539 1597 2744 1652 Bhemi
2767 1599 2825 1652 in
2847 1597 3256 1671 imperatorem
3280 1607 3369 1658 est
3397 1619 3632 1661 corona-

1985 1688 2164 1751 tus,et
2184 1685 2421 1740 demum
2445 1686 2696 1742 factione
2716 1690 3109 1758 quorumdam
3137 1695 3363 1747 terreno
3385 1692 3629 1764 imperio

1984 1773 2390 1839 destitutus,in
2425 1774 2758 1845 praedictam
2792 1777 2950 1849 regni
2985 1781 3631 1850 partem,unanimitate

1985 1861 2390 1933 episcoporum
2414 1867 2471 1917 et
2497 1863 2684 1918 fidelis
2708 1865 3072 1936 populi,ante
3093 1867 3428 1938 sepulcrum
3444 1869 3630 1925 sancti

1986 1949 2239 2022 Dionysii
2265 1951 2460 2005 eximii
2484 1952 2756 2024 martyris
2788 1953 3053 2009 Ecclesiae
3080 1961 3293 2010 sanctae
3317 1963 3406 2013 est
3438 1959 3628 2014 reddi-

1985 2043 2100 2104 tus,
2127 2039 2260 2093 etin
2301 2038 2410 2094 hac
2433 2041 2626 2100 domo.
2652 2045 2787 2095 ante
2818 2041 3000 2097 altare
3031 2046 3475 2119 protomartyris
3505 2049 3629 2103 Ste-

1986 2125 2364 2197 phani,cujus
2387 2144 2596 2181 nomen
2622 2127 3064 2200 interpretatum
3079 2137 3628 2204 resonatcoronatus,

1985 2231 2089 2285 per
2117 2214 2347 2271 Domini
2379 2217 2707 2271 sacerdotes
2738 2217 3155 2275 acclamatione
3186 2221 3377 2277 fidelis
3407 2223 3628 2294 populi,

1987 2302 2138 2357 sicut
2159 2303 2411 2358 vidimus
2435 2304 2530 2376 qui
2555 2304 3094 2372 adfuimus,corona
3116 2310 3631 2383 regniestimperio

1987 2391 2315 2446 restitutus.
2351 2393 2419 2445 Et
2449 2391 2606 2463 quia,
2642 2397 2705 2447 ut
2737 2394 2794 2447 in
2832 2395 3015 2450 sacris
3047 2395 3311 2453 historiis
3358 2399 3628 2473 legimus,

1989 2481 2414 2551 reges,quando
2438 2497 2615 2553 regna
2635 2482 3412 2558 obtinuerunt,singulorum
3427 2505 3632 2561 regno-

1987 2585 2117 2621 rum
2145 2568 2254 2622 sibi
2289 2567 2619 2624 diademata
2651 2571 3074 2642 imposuerunt,
3102 2592 3215 2629 non
3243 2576 3631 2649 incongruum

1986 2657 2215 2710 videtur
2237 2657 2364 2712 istis
2388 2659 2816 2715 venerabilibus
2846 2661 3156 2733 episcopis,
3183 2663 3233 2717 si
3263 2669 3466 2719 vestrae
3486 2683 3634 2720 una-

1989 2743 2241 2797 nimitati
2293 2744 2501 2815 placet,
2531 2749 2594 2798 ut
2641 2746 2700 2800 in
2753 2749 2991 2802 obtentu
3032 2750 3215 2821 regni,
3251 2754 3406 2808 unde
3433 2770 3534 2809 vos
3557 2754 3630 2810 ad

1987 2830 2154 2886 illum
2197 2837 2402 2904 sponte
2451 2835 2826 2902 convenistis,
2857 2840 2914 2890 et
2941 2853 3041 2891 vos
3071 2837 3122 2891 ei
3153 2842 3630 2911 commendastis,

1989 2920 2333 2975 sacerdotali
2367 2922 2689 2977 ministerio
2720 2928 2853 2978 ante
2883 2923 3066 2980 altare
3087 2925 3194 2981 hoc
3225 2934 3554 3000 coronetur,
3577 2936 3634 2986 et

1989 3026 2154 3064 sacra
2181 3010 2453 3065 unctione
2485 3011 2730 3065 Domino
2774 3019 3163 3070 consecretur.
3197 3017 3359 3080 Quod
3392 3017 3441 3072 si
3470 3018 3633 3075 vobis

1991 3099 2182 3170 placet
2205 3099 2453 3171 prOpriis
2472 3100 2713 3155 vocibus
2734 3107 3069 3157 consonate.
3095 3104 3163 3157 Et
3184 3103 3240 3159 in
3265 3104 3373 3161 hoc
3403 3107 3631 3163 concla-

226 3191 399 3247 nobis
431 3191 719 3263 episcopis
751 3191 974 3247 debetis
1004 3197 1270 3258 orare,ut
1297 3193 1463 3248 vobis
1492 3193 1664 3265 digne
1698 3195 1878 3265 possi-
1908 3177 1950 3243 C
1991 3188 2288 3243 mentibus
2319 3189 2613 3256 omnibus,
2647 3189 2790 3244 dixit
2821 3191 2973 3246 idem
3005 3192 3341 3266 episcopus:
3374 3197 3633 3269 Agamus

226 3297 360 3336 mus
395 3279 582 3352 loqui.
619 3278 825 3336 Messis
883 3286 1080 3336 autem
1140 3281 1313 3336 amici
1369 3287 1458 3336 est
1510 3282 1763 3355 populus
1818 3283 1879 3338 in

225 3369 531 3442 provincia
556 3368 719 3425 alteri
750 3369 1194 3442 metropolitano
1226 3372 1561 3427 commissa.
1598 3371 1758 3426 Unde
1779 3389 1880 3427 vos

224 3458 541 3528 hortando,
575 3458 740 3530 quasi
781 3476 961 3514 manu
1011 3460 1203 3531 operis
1256 3459 1648 3528 confricando,
1682 3461 1754 3515 ad
1779 3461 1880 3516 Dei

222 3547 614 3613 voluntatem,
642 3551 699 3603 et
727 3552 978 3604 vestram
1014 3547 1263 3604 salutem
1298 3548 1355 3603 in
1384 3565 1595 3620 corpus
1635 3549 1880 3605 unitatis

221 3636 500 3693 Ecclesiae
523 3637 784 3692 valemus
803 3641 860 3692 et
881 3637 1163 3693 debemus
1187 3637 1481 3708 trajicere:
1504 3637 1561 3692 in
1586 3638 1901 3709 parochia—-

225 3742 330 3781 nos
363 3729 567 3781 autem
600 3726 1026 3797 provinciarum
1068 3726 1199 3781 aliis
1228 3726 1691 3799 metropolitanis
1722 3745 1880 3783 com-

223 3815 552 3870 missarum
584 3814 787 3870 falcem
812 3814 1020 3886 judicii
1051 3832 1164 3870 non
1200 3815 1773 3887 mittimus,quianec
1795 3821 1883 3872 est

225 3903 404 3969 unde,
442 3919 548 3958 nec
580 3906 846 3959 nostrum
878 3919 1004 3960 esse
1034 3903 1495 3960 consideramus.

291 3994 434 4048 CAP.
475 3992 568 4047 ΙΙΙ.
600 3993 701 4047 Est
730 3996 788 4047 et
818 3991 934 4047 alia
982 4009 1178 4059 causa,
1213 3992 1313 4065 qui
1365 3993 1462 4048 isti
1520 3995 1880 4050 venerabiles

221 4080 427 4136 domni
450 4086 511 4136 et
526 4081 848 4137 confratres
870 4081 1052 4137 nostri
1075 4082 1384 4153 provincia:
1406 4082 1578 4139 istius
1598 4083 1878 4155 episcOpi,

223 4187 337 4226 non
369 4170 660 4226 habentes
688 4169 1202 4242 metropolitanum
1231 4171 1879 4244 episcopum,exiguita-

221 4264 339 4313 tem
377 4261 644 4314 nostram
693 4258 779 4314 sic
825 4259 882 4313 in
937 4259 1082 4327 suis,
1119 4259 1271 4315 sicut
1321 4264 1376 4315 et
1419 4261 1476 4315 in
1527 4259 1881 4332 specialibus

219 4347 424 4404 causis
448 4346 690 4412 nostris,
711 4363 816 4402 nos
838 4347 1092 4403 fraterna
1111 4347 1391 4404 charitate
1404 4349 1618 4419 jubent
1640 4353 1697 4404 et
1717 4365 1881 4404 com-

220 4439 476 4495 monent
505 4451 695 4507 agere.
726 4435 828 4491 Est
859 4436 957 4503 ita,
1011 4437 1212 4492 domni
1263 4439 1468 4493 fratres
1489 4438 1516 4492 ‘I
1541 4439 1608 4493 Et
1639 4455 1880 4510 respon-

221 4525 444 4581 derunt
474 4523 586 4596 ipsi
612 4525 870 4597 episcopi
905 4541 917 4581 :
953 4525 1036 4580 Ita
1065 4530 1174 4580 est.

290 4614 435 4670 CAP.
475 4612 567 4668 IV.
602 4612 812 4669 Praeter
850 4630 937 4679 ea,
973 4630 1098 4685 quae
1157 4615 1412 4669 domnus
1469 4613 1776 4687 episcopus
1824 4620 1882 4672 et

220 4703 406 4758 frater
436 4705 638 4757 noster
663 4701 980 4757 Adventius
1025 4703 1189 4758 vobis
1220 4719 1287 4758 ex
1318 4721 1425 4758 sua
1455 4707 1512 4758 et
1542 4708 1881 4759 caaterorum

219 4805 474 4846 suorum
533 4790 602 4844 ac
654 4794 984 4845 nostrorum
1043 4790 1289 4844 fratrum
1351 4793 1407 4843 et
1461 4790 1880 4845 venerabilium

217 4879 640 4950 episcoporum
685 4894 823 4933 voce
873 4877 1038 4945 dixit,
1073 4877 1132 4932 in
1190 4877 1299 4932 hoc
1351 4877 1528 4932 etiam
1589 4878 1882 4933 advertere

219 4967 498 5038 potestis,
526 4965 882 5021 voluntatem
917 4965 1017 5021 Dei
1050 4983 1197 5033 esse,
1234 4971 1296 5020 ut
1327 4983 1581 5037 praesens
1629 4967 1882 5022 domnus

218 5060 275 5109 et
305 5071 413 5110 rex
445 5058 665 5121 noster,
698 5053 798 5126 qui
850 5054 907 5108 in
946 5057 1109 5126 parte
1158 5054 1343 5126 regni,
1376 5071 1552 5126 quam
1597 5054 1883 5110 hactenus

217 5148 385 5199 tenet
413 5148 472 5197 et
501 5142 712 5212 tenuit,
745 5147 802 5197 et
835 5141 1000 5197 nobis
1034 5158 1098 5196 ac
1131 5141 1391 5196 ccclesiis
1427 5142 1664 5209 nostris,
1694 5148 1750 5197 et
1779 5161 1879 5215 po-

218 5231 362 5304 pulo
388 5231 504 5286 sibi
529 5231 845 5286 commisso
877 5230 1099 5285 utiliter
1120 5233 1329 5302 praaest
1352 5246 1416 5284 ac
1441 5231 1688 5302 praefuit,
1712 5236 1768 5286 et
1790 5249 1880 5286 sa-

216 5319 478 5375 lubriter
496 5318 735 5390 prodest
756 5322 812 5374 et
832 5317 1071 5391 profuit,
1095 5318 1226 5372 inde
1257 5319 1327 5373 ad
1363 5318 1518 5374 hunc
1549 5319 1738 5374 locum
1771 5319 1880 5374 Do-

216 5409 386 5464 mino
422 5407 670 5463 ducente
714 5407 1056 5480 pervenerit.
1091 5409 1240 5462 744
1274 5409 1396 5472 Quo
1423 5407 1600 5462 etiam
1622 5425 1723 5463 vos
1754 5409 1880 5478 ejus

214 5497 616 5570 inspiratione
645 5496 1029 5562 confluxistis,
1063 5501 1119 5551 et
1148 5495 1263 5568 ipsi
1311 5513 1412 5551 vos
1465 5500 1670 5569 sponte
1719 5512 1880 5551 com-

214 5586 584 5659 mendastis,
607 5587 780 5666 cujus
816 5586 1099 5645 instinctu
1131 5585 1454 5646 animantia
1483 5586 1682 5644 omnia
1712 5586 1771 5644 in
1798 5604 1884 5645 ar-

1988 3293 2124 3350 ergo
2145 3277 2501 3333 unanimiter
2528 3278 2640 3333 Deo
2663 3279 3284 3350 gratias,decantantcs
3309 3301 3320 3340 :
3347 3286 3426 3340 Te
3449 3286 3632 3342 Deum

1989 3365 2320 3422 laudamus.

1991 3526 2428 3565 BENEIHCTIONES
2468 3527 2654 3566 SUPER
2694 3529 2878 3569 REGEM
2909 3529 3177 3571 CAROLUM
3207 3534 3352 3572 ANTE
3391 3536 3632 3588 MISSAM,

2441 3617 2508 3654 ET
2544 3618 2761 3656 ALTARE
2798 3619 2848 3656 S.
2892 3620 3186 3659 STEPHANI.

2059 3724 2375 3778 Adventius
2405 3725 2714 3797 episcopus
2760 3727 3054 3782 Metensis.
3087 3729 3241 3785 Deus
3272 3732 3370 3803 qui
3403 3733 3636 3806 populis

1991 3813 2108 3867 tuis
2123 3812 2760 3884 indulgentiaconsulis
2772 3820 2828 3870 et
2848 3833 3045 3871 amore
3066 3817 3488 3884 dominaris,da
3500 3821 3636 3877 huic

1990 3901 2209 3956 famulo
2235 3907 2332 3956 tuo
2365 3901 2634 3972 spiritum
2668 3903 2985 3975 sapientiae,
3006 3906 3098 3961 cui
3131 3907 3343 3963 dedisti
3376 3910 3635 3982 regimen

1989 3989 2311 4061 disciplinae
2346 4006 2358 4044 :
2395 3993 2460 4043 ut
2488 3990 2593 4044 tibi
2624 3995 2743 4046 toto
2784 3993 2954 4046 corde
3001 3995 3260 4056 devotus.
3293 4001 3350 4052 et
3381 3997 3440 4053 in
3473 3999 3636 4072 regni

1990 4077 2270 4149 regimine
2292 4083 2524 4133 maneat
2545 4095 2776 4149 semper
2798 4080 3064 4150 idoneus,
3091 4088 3149 4138 et
3167 4084 3226 4140 in
3250 4086 3418 4142 bonis
3440 4088 3634 4160 operi-

1989 4167 2101 4221 bus
2124 4180 2517 4237 perseverans,
2534 4167 2605 4221 ad
2629 4171 2910 4222 aeternum
2934 4186 3178 4242 regnum
3207 4177 3260 4228 te
3282 4173 3427 4230 duce
3446 4175 3639 4232 valeat

1991 4254 2308 4327 pervenire.
2347 4255 2450 4308 Per
2481 4255 2814 4320 Dominum,
2846 4260 2955 4312 etc.

2065 4344 2230 4398 llatto
2253 4341 2658 4397 Virdunensis.
2681 4342 2886 4398 Gratia:
2909 4348 3042 4411 tuae,
3068 4361 3429 4416 quaesumus,
3445 4349 3639 4406 Domi-

1990 4431 2225 4499 ne,huic
2238 4430 2454 4486 famulo
2468 4435 2568 4487 tuo
2579 4431 2771 4488 tribue
2792 4431 3120 4504 largitatem
3137 4449 3149 4487 :
3167 4438 3231 4489 ut
3245 4437 3522 4493 mandata
3533 4442 3638 4496 tua

1990 4525 2045 4576 te
2067 4525 2342 4591 operante
2373 4521 2669 4587 sectando,
2695 4520 3151 4578 consolationem
3183 4525 3486 4595 praesentis
3505 4526 3636 4582 vita:

1990 4609 2271 4681 percipiat
2301 4613 2358 4664 et
2389 4610 2616 4664 futurze.
2652 4609 2756 4664 Per
2785 4609 3119 4665 Dominum.

2059 4697 2338 4753 Arnulfus
2369 4697 2682 4752 Tullensis.
2716 4698 2944 4753 Nostris
2977 4717 3335 4770 quaesumus,
3369 4702 3636 4773 Domine,

1991 4787 2046 4840 in
2073 4787 2354 4859 regimine
2377 4786 2548 4840 istius
2571 4786 2773 4840 famuli
2799 4785 2881 4841 tui
2906 4788 3221 4860 prepitiare
3251 4792 3634 4864 temporibus,

1993 4881 2057 4930 ut
2087 4882 2186 4930 tuo
2220 4892 2459 4930 munere
2492 4874 2796 4947 dirigatur,
2824 4880 2881 4930 et
2913 4882 3112 4933 nostra
3143 4881 3428 4936 securitas
3452 4886 3508 4936 et
3539 4881 3637 4937 de-

1989 4965 2142 5019 votio
2171 4963 2522 5018 Christiana.
2559 4963 2663 5017 Per
2693 4963 3027 5019 Dominum.

2065 5056 2101 5107 7
2117 5053 2214 5108 45
2241 5054 2457 5106 France
2479 5053 2860 5125 'I‘ungrensis.
2885 5054 3352 5125 Da,quaesumus,
3369 5057 3635 5125 Domine,

1992 5142 2125 5196 huic
2177 5140 2394 5196 famulo
2443 5146 2542 5195 tuo
2598 5141 2849 5196 salutem
2906 5144 3119 5199 mentis
3151 5150 3206 5198 et
3236 5145 3492 5218 corporis
3524 5162 3540 5203 :
3574 5151 3638 5202 ut

1991 5233 2158 5286 bonis
2202 5231 2477 5302 operibus
2516 5230 2872 5298 inhmrendo,
2907 5237 3009 5288 tua
3068 5250 3299 5305 semper
3345 5240 3638 5290 mereatur

1989 5321 2199 5375 virtute
2225 5320 2476 5374 defendi.
2512 5320 2617 5374 Per
2641 5320 2976 5375 Dominum.

2061 5409 2409 5464 Hincmarus
2455 5409 2880 5463 Laudunensis.
2936 5409 3403 5467 Benedictionem
3451 5417 3634 5480 tuam,

1989 5497 2250 5562 Domine,
2284 5495 2376 5549 hic
2426 5495 2682 5550 famulus
2729 5501 2867 5549 tuus
2919 5495 3185 5567 accipiat,
3233 5515 3352 5570 qua
3399 5517 3638 5574 corpore

1990 5585 2246 5645 salvatus
2275 5603 2340 5642 ac
2370 5590 2584 5656 mente,
2617 5589 2672 5644 et
2701 5589 2929 5662 gratam
2960 5585 3066 5643 tibi
3099 5603 3332 5663 semper
3368 5589 3637 5652 exhibeat
