3934 6182
323 301 447 363 ωἳ

1253 290 1637 354 ill‘NCMAllI
1681 286 2133 351 RHEMENSIS
2177 289 2801 354 ARCHIEPISCOPI.

326 430 686 495 servitutem,
713 430 772 483 et
801 424 1233 497 propitiationis
1277 428 1395 481 tua
1434 422 1715 480 beneﬁcia
1743 437 1977 494 semper
2001 422 2057 489 Α
2086 421 2448 492 pensatione,
2479 427 2537 480 et
2574 428 2677 483 tua
2731 424 3259 495 administratione,
3294 442 3396 499 per
3452 425 3720 484 diuturna

324 517 602 575 inveniat.
637 516 744 571 Per
770 512 1109 570 Dominum.

396 606 519 663 Odo
543 602 987 662 Bcllovacensis.
1008 602 1299 658 Conserva
1323 620 1684 675 quaesumus,
1708 600 1975 665 Domine,

325 696 484 755 hunc
503 692 797 750 famulum
816 697 1008 761 tuum,
1032 695 1090 748 et
1107 690 1576 747 benedictionum
1600 696 1834 746 tuarum
1850 707 1978 762 pro-

327 784 510 858 pitius
540 783 803 841 ubertate
832 781 1098 855 puriﬁca,
1117 784 1183 835 ut
1210 779 1640 837 eruditionibus
1674 778 1791 834 tuis
1821 794 1973 833 scm-

326 890 434 946 per
457 870 889 945 multiplicetur
913 874 973 927 et
1003 869 1195 926 donis.
1230 868 1336 925 Per
1365 866 1704 924 Dominum.

578 1029 911 1073 BENEDICI‘IO
952 1028 1234 1073 HINCMARI
1272 1027 1723 1069 ARCHIEPISCOPI.

400 1139 686 1199 Extendat
702 1137 1075 1210 omnipotens
1107 1135 1390 1193 Dominus
1412 1136 1705 1191 dexteram
1730 1152 1847 1190 sua
1870 1134 1974 1190 be-

330 1227 697 1295 nedictionis,
720 1232 781 1282 et
804 1226 1063 1283 effundat
1093 1241 1270 1297 super
1297 1229 1354 1280 te
1385 1226 1603 1280 donum
1636 1242 1755 1279 sua
1780 1222 1974 1296 propi~

328 1316 612 1388 tiationis,
631 1319 695 1372 et
718 1314 1041 1372 circumdet
1071 1317 1126 1369 te
1156 1313 1311 1370 felici
1346 1330 1513 1370 muro
1543 1313 1822 1369 custodia
1853 1329 1974 1367 sua

329 1404 725 1479 protectionis,
757 1407 971 1459 sancta
1004 1402 1220 1471 Maria,
1252 1406 1311 1457 et
1339 1402 1605 1457 omnium
1636 1405 1973 1457 sanctorum

329 1490 826 1553 intercedentibus
860 1490 1101 1547 meritis.
1138 1491 1342 1546 Amen.
1369 1490 1673 1564 indulgeat
1693 1489 1797 1545 tibi
1820 1488 1975 1545 mala

327 1582 675 1653 omnia-qua
704 1579 961 1653 gessisti,
983 1585 1043 1636 et
1064 1580 1285 1636 tribuat
1304 1578 1409 1635 tibi
1431 1580 1681 1651 gratiam
1706 1583 1764 1634 et
1794 1578 1977 1634 mise—

328 1670 664 1737 ricordiam,
694 1685 872 1741 quam
894 1667 1199 1725 humiliter
1215 1668 1291 1724 ab
1311 1686 1378 1724 eo
1399 1667 1666 1739 deposcis
1690 1684 1703 1722 :
1740 1666 1973 1723 liberate-

2086 515 2351 582 tempora
2379 517 2436 567 te
2468 513 2642 573 faciat
2672 513 2921 572 feliciter
2961 514 3288 587 gubernare
3320 529 3335 569 :
3369 530 3487 587 quo
3514 514 3721 571 divinis

2086 599 2327 655 monitis
2357 603 3107 673 parentes,adversitatibus
3137 603 3413 659 omnibus
3442 608 3719 671 mutes,

2085 686 2255 743 bonis
2287 689 2563 745 omnibus
2607 690 3012 759 exuberantes,
3042 697 3145 747 tuo
3204 691 3527 748 ministerio
3572 691 3722 748 ﬁdeli

2086 790 2284 831 amore
2312 777 2724 851 obsequentes,
2758 784 2817 835 et
2863 780 2922 835 in
2971 781 3241 852 prasenti
3299 779 3512 836 saculo
3567 780 3722 852 pacis

2084 865 2508 938 tranquillitate
2533 868 2822 938 fruantur,
2837 874 2896 925 et
2924 874 3118 925 tecum
3149 873 3499 925 aternorum
3512 868 3722 926 civium

2083 954 2375 1011 consortio
2406 956 2581 1029 potiri
2613 962 2968 1015 mereantur.
2998 960 3203 1015 Amen.
3236 960 3397 1031 Quod
3431 957 3555 1035 ipse
3586 976 3722 1033 pra-

2083 1045 2239 1095 stare
2269 1041 2563 1115 dignetur.

2152 1129 2231 1184 Ad
2262 1132 2366 1186 ista
2394 1133 2559 1188 verba
2587 1152 2606 1189 :
2637 1133 2883 1191 Coronet
2911 1138 2966 1192 te
2994 1135 3299 1204 Dominus,
3347 1137 3617 1193 miserunt
3647 1137 3727 1193 illi

2081 1220 2319 1291 episcopi
2345 1236 2601 1278 coronam
2629 1225 2691 1278 in
2720 1226 2914 1296 capite.

2154 1306 2399 1365 Coronct
2419 1312 2474 1365 te
2497 1310 2784 1367 Dominus
2805 1330 3020 1369 corona
3044 1313 3243 1386 gloria
3276 1313 3723 1387 atquojustitia,

2085 1398 2150 1451 ut
2177 1413 2312 1454 cum
2360 1399 2479 1455 ﬁde
2524 1405 2700 1468 recta,
2732 1404 2790 1456 et
2819 1400 3131 1476 multiplici
3171 1404 3724 1475 bonorum-operum

2083 1484 2298 1555 fructu,
2340 1488 2415 1544 ad
2453 1506 2730 1546 coronam
2761 1491 3065 1562 pervenias
3092 1490 3256 1564 mgni
3288 1492 3577 1565 perpetui,
3609 1491 3725 1564 ipso

2080 1572 2386 1647 largiente,
2407 1578 2579 1649 cujus
2607 1584 2698 1636 est
2726 1585 3061 1652 regnum,et
3086 1579 3398 1653 imperium
3430 1581 3492 1636 in
3522 1579 3724 1637 secula

2081 1663 2453 1722 saeculorum.

327 1776 442 1832 que
462 1762 523 1817 te
541 1758 615 1817 ab
636 1756 1088 1816 adversitatibus
1108 1756 1357 1825 cunctis,
1378 1761 1438 1812 et
1458 1756 1531 1812 ab
1551 1757 1825 1813 omnibus
1843 1755 1974 1812 visi-
2004 1798 2051 1862 Β
2098 1752 2231 1862 mild
2251 1755 2357 1862 ista
2380 1756 2542 1812 verba
2571 1774 2590 1811 :
2620 1756 2728 1812 Det
2783 1758 2890 1813 tibi
2948 1758 3235 1816 Dominus
3273 1758 3438 1829 vello,
3470 1758 3722 1817 dada-mu

328 1847 539 1907 bilium
569 1851 626 1905 et
658 1844 1041 1903 invisibilium
1072 1844 1446 1903 inimicorum
1479 1845 1734 1901 insidiis.
1764 1846 1970 1902 Amen.

327 1936 575 2011 Kngelos
612 1950 752 1993 suos
791 1934 977 1991 bonos
1013 1950 1245 2007 semper
1262 1936 1321 1990 et
1350 1934 1589 2006 ubique,
1611 1934 1711 2007 qui
1742 1938 1798 1990 te
1829 1952 1972 2006 pra-

327 2026 557 2093 cedant,
588 2022 963 2087 comitentur,
993 2026 1053 2080 et
1075 2022 1611 2094 subsequantur,ad
1645 2023 1972 2079 custodiam

327 2114 413 2173 tui
445 2117 624 2187 ponat
651 2129 664 2169 :
697 2117 759 2169 et
786 2128 820 2167 a
851 2115 1084 2184 peccato
1118 2127 1221 2167 seu
1271 2109 1486 2182 gladio,
1514 2116 1580 2187 et.
1603 2112 1675 2167 ab
1706 2112 1971 2168 omnium

327 2201 721 2277 periculorum
759 2199 1118 2267 discrimine,
1152 2203 1210 2256 te
1266 2216 1374 2255 sua
1430 2200 1692 2272 potentia
1743 2200 1971 2257 liberet.

324 2293 530 2350 Alnen.
555 2289 837 2349 Inimicos.
849 2292 983 2345 tuos
995 2288 1067 2345 ad
1080 2287 1241 2359 pacis
1263 2287 1686 2361 charitatisque
1706 2288 1972 2362 benigni-

325 2383 506 2439 tatem
536 2382 856 2446 convertat,
881 2382 941 2434 et
967 2376 1124 2449 apud
1180 2376 1444 2433 odiontes
1474 2381 1529 2434 te
1559 2378 1885 2449 gratiosum
1916 2383 1975 2435 et

327 2468 641 2529 amabilem
669 2465 866 2534 faciat,
897 2465 1222 2538 pertinaces
1251 2482 1484 2538 quoque
1512 2465 1573 2521 in
1604 2466 1690 2522 tui
1721 2466 1971 2522 insecta~

327 2558 486 2617 tione
515 2561 574 2614 et
602 2555 735 2613 odio
767 2554 1107 2612 confusione
1158 2553 1400 2611 salutari
1456 2554 1679 2621 induat,
1712 2571 1890 2628 super
1916 2559 1974 2610 te

328 2650 526 2705 autem
558 2644 945 2703 sanctiﬁcatio
971 2643 1325 2716 sempiterna
1356 2644 1633 2700 efﬁorcat.
1665 2646 1870 2701 Amen.

395 2735 477 2792 Ad
506 2737 610 2793 ista
637 2733 804 2795 verba
834 2752 852 2789 :
884 2732 1131 2789 Coronet
1159 2736 1215 2788 te
1244 2732 1552 2799 Dominus,
1578 2736 1807 2793 inunail
1848 2752 1975 2792 eum

326 2826 652 2891 [lineatam
705 2824 1141 2895 archiepiscopus
1186 2822 1252 2877 de
1277 2822 1570 2880 chrismate
1596 2824 1667 2880 ad
1695 2825 1975 2882 dexteram

327 2914 716 2981 auriculam,el
744 2915 806 2969 in
830 2915 1012 2985 [torua
1038 2928 1209 2983 usque
1233 2910 1305 2966 ad
1321 2913 1608 2970 sinistram
1636 2916 1970 2985 auriculam,

325 3010 378 3062 el
414 3006 479 3060 in.
502 3004 693 3076 capite.

397 3092 647 3150 Coronet
671 3096 728 3147 te
758 3086 1042 3149 Dominus
1068 3110 1282 3150 corona
1321 3094 1515 3167 gloria
1545 3094 1605 3149 in
1638 3094 1972 3149 misericor-

2084 1842 2174 1898 illi
2198 1844 2443 1914 palmam
2469 1853 2522 1901 et
2545 1854 2834 1917 sceptrum.

2152 1931 2260 1987 Det
2279 1932 2386 1987 tibi
2411 1933 2696 1990 Dominus
2717 1935 2863 1991 velle
2900 1940 2960 1992 et
2992 1953 3163 2010 posse
3195 1953 3324 2010 qua
3354 1936 3642 2010 praecipit,
3669 1940 3727 1992 ut

2082 2020 2141 2075 in
2165 2020 2326 2092 regni
2351 2021 2633 2094 regimine
2664 2025 2990 2080 secundum
3020 2024 3382 2081 voluntatem
3412 2042 3590 2082 suam
3614 2041 3724 2098 pro-

2084 2109 2306 2176 ﬁciens,
2337 2126 2473 2166 cum
2523 2110 2723 2184 palma
2767 2114 3191 2186 perseverantis
3227 2114 3480 2173 victoria
3513 2115 3599 2171 ad
3620 2114 3723 2189 pai-

2082 2213 2241 2254 mam
2273 2198 2575 2270 pervcnias
2606 2199 2803 2273 gloria
2834 2202 3226 2275 sempiterna.
3262 2202 3462 2260 Gratia
3500 2203 3720 2261 Domini

2082 2285 2266 2341 nostri
2291 2286 2431 2343 Jesu
2462 2288 2702 2362 Christi,
2735 2290 2835 2362 qui
2864 2290 3024 2346 vivit.

2578 2448 2894 2493 ORATIONES
2933 2450 2994 2490 IN
3034 2450 3226 2491 MIBSA.

2152 2553 2236 2608 Da
2266 2554 2457 2622 nobis,
2489 2555 2862 2628 omnipotens
2918 2556 3093 2626 Deus,
3129 2561 3195 2613 ut
3250 2557 3401 2614 beati
3455 2558 3724 2633 Gargonii

2082 2643 2357 2715 martyris
2387 2643 2473 2698 tui
2523 2645 2855 2700 veneranda
2899 2645 3246 2703 solemnitas
3278 2651 3341 2703 ct
3363 2647 3722 2705 devotionem

2056 2730 2251 2788 nobis
2277 2737 2491 2805 augeat
2521 2736 2580 2788 et
2608 2732 2881 2789 salutem.
2917 2734 3024 2790 Per
3050 2735 3391 2792 Dominum.

2154 2820 2339 2877 Oratio
2354 2838 2455 2894 pro
2480 2838 2623 2891 rege.
2655 2823 3022 2892 Quasumus,
3054 2824 3522 2898 omnipotens,ut
3553 2825 3726 2882 fama.

2081 2908 2177 2966 lus
2208 2912 2473 2983 tuus,qui
2502 2916 2608 2967 tua
2636 2912 3011 2969 miseratione
3041 2914 3306 2986 suscepit
3327 2912 3493 2987 regni
3528 2915 3726 2988 guber-

2081 2999 2313 3069 nacula,
2336 3017 2371 3056 a
2398 3005 2456 3056 te
2483 3001 2766 3057 virtutum
2796 3001 2972 3058 etiam
3011 3000 3292 3076 percipiat
3322 3002 3682 3061 incrementa
3708 3019 3722 3060 :

2080 3088 2297 3160 quibus
2326 3090 2595 3145 decenter
2617 3094 2879 3161 ornatus,
2912 3095 2969 3147 et
2996 3090 3267 3147 vitiorum
3298 3096 3571 3148 monstra
3598 3092 3726 3147 vita-

326 3180 424 3240 dia
469 3186 527 3238 et
574 3179 1048 3238 miserationibus
1092 3183 1239 3249 suis,
1271 3165 1348 3239 et
1374 3188 1558 3256 ungat
1600 3187 1655 3237 te
1702 3183 1760 3237 in
1811 3182 1971 3255 regni
2004 3165 2047 3229 C
2087 3194 2168 3245 re,
2202 3183 2260 3233 et
2307 3180 2379 3233 ad
2428 3182 2483 3234 te
2532 3178 2632 3251 qui
2679 3179 2793 3247 via,
2825 3180 3058 3249 veritas,
3091 3186 3150 3236 et
3175 3181 3302 3236 vita
3322 3197 3405 3249 es,
3436 3181 3724 3253 gratiosus

328 3269 609 3343 regimine
633 3268 757 3326 oleo
777 3269 977 3340 gratia
997 3269 1252 3341 Spiritus
1273 3271 1457 3326 sancti
1479 3270 1590 3340 sui,
1615 3271 1772 3325 unde
1804 3271 1972 3325 unxit

327 3357 677 3423 sacerdotes,
710 3372 895 3427 reges,
928 3357 1265 3428 prophetas,
1303 3362 1360 3413 et
1402 3362 1705 3431 martyres,
1741 3359 1838 3430 qui
1871 3375 1974 3430 per

325 3445 499 3500 ﬁdem
521 3444 786 3500 vicerunt
806 3460 1003 3517 regna,
1027 3449 1084 3499 et
1112 3446 1331 3517 operati
1366 3451 1503 3501 sunt
1524 3446 1845 3519 justitiam,
1877 3451 1970 3502 at-

326 3548 439 3604 que
469 3530 661 3604 adepti
693 3535 833 3587 sunt
863 3531 1282 3604 promissiones
1313 3549 1326 3589 :
1360 3534 1699 3607 eisdemque
1728 3535 1972 3607 promis-

326 3621 592 3678 sionibus
624 3620 813 3694 gratia
841 3621 940 3676 Dei
971 3621 1187 3694 dignus
1230 3622 1522 3693 efﬁciaris,
1555 3628 1843 3696 quatenus
1874 3641 1969 3680 co-

325 3726 455 3769 rum
489 3708 783 3767 consortio
814 3710 873 3767 in
904 3709 1125 3767 calesti
1178 3727 1356 3783 regno
1409 3712 1626 3784 perfrui
1669 3714 1967 3769 merearis.

323 3800 528 3859 Aman.
559 3797 954 3855 Victoriosum
976 3802 1031 3853 te
1051 3803 1227 3871 atque
1245 3800 1732 3873 triumphatorem
1754 3801 1824 3857 de
1840 3801 1972 3858 visi-

326 3886 544 3947 bilibus
566 3891 741 3959 atque
762 3885 1157 3943 invisibilibus
1177 3887 1447 3945 hostibus
1467 3905 1698 3962 semper
1715 3889 1931 3945 efﬁciat
1952 3907 1965 3947 :

324 3979 384 4035 et
411 3974 599 4037 sancti
630 3974 887 4033 nominis
917 3974 1009 4033 sui
1066 3975 1337 4033 timorem
1377 3977 1596 4049 pariter
1622 3982 1681 4034 et
1709 3994 1967 4037 amorem

324 4063 609 4130 continue.
621 4064 789 4124 cordi.
813 4067 917 4123 tuo
948 4063 1240 4134 infundat,
1275 4065 1415 4122 etin
1444 4066 1558 4122 ﬁde
1588 4071 1748 4124 recta
1776 4084 1845 4124 ac
1874 4067 1971 4124 bo»

324 4151 417 4217 nis
447 4152 724 4226 operibus
751 4152 1233 4225 perseverabilem
1266 4155 1489 4222 reddat,
1508 4160 1567 4213 et
1594 4173 1734 4230 pace
1764 4156 1823 4212 in
1846 4156 1968 4213 die-

322 4242 435 4299 bus
456 4242 576 4299 tuis
594 4258 892 4312 concessa,
918 4258 1055 4299 cum
1076 4241 1276 4315 palma
1300 4243 1554 4300 victoria
1574 4249 1631 4302 te
1657 4247 1732 4302 ad
1764 4263 1967 4319 perpe-

320 4335 491 4393 tuum
510 4348 759 4405 regnum
781 4332 1291 4404 perdueatJtmen.
1305 4333 1375 4389 Et
1392 4332 1495 4405 qui
1514 4336 1570 4389 te
1587 4333 1773 4390 voluit
1791 4351 1970 4408 super

320 4420 605 4495 populum
635 4438 811 4478 suum
840 4422 1197 4478 constituere
1225 4437 1442 4495 regem,
1478 4424 1629 4478 146
1657 4427 1717 4479 ct
1745 4423 1805 4478 in
1828 4441 1967 4496 pra-

2078 3266 2265 3323 valeat
2296 3267 2612 3339 pervenire.
2645 3268 2751 3334 Qui
2784 3268 2931 3325 vivis
2958 3274 3017 3326 et
3044 3285 3254 3343 regnas
3285 3286 3417 3325 cum
3449 3274 3590 3329 Deo.

2149 3357 2325 3428 Super
2368 3357 2572 3413 oblata.
2625 3358 2889 3430 Respice,
2931 3358 3196 3428 Domine,
3230 3372 3478 3415 munera
3534 3356 3723 3433 populi

2078 3444 2163 3500 tui
2189 3445 2499 3502 festivitate
2522 3446 2732 3513 votiva,
2758 3451 2821 3502 ut
2839 3450 2953 3511 tua
2984 3447 3320 3504 testiﬁcatio
3351 3447 3619 3505 veritatis
3637 3463 3725 3503 no

2080 3534 2173 3589 bis
2201 3534 2471 3606 proﬁciat
2491 3535 2565 3590 ad
2596 3534 2868 3591 salutem.
2894 3536 3000 3592 Per
3028 3536 3366 3592 Dominum.

2149 3624 2412 3691 Munera,
2438 3624 3070 3697 quasumus,Domine,
3094 3624 3288 3681 oblata
3317 3625 3651 3682 sanctiﬁca:
3668 3626 3725 3679 ut

2080 3712 2250 3768 nobis
2271 3711 2563 3785 Unigeniti
2586 3713 2672 3769 tui
2702 3730 2916 3786 corpus
2937 3718 2995 3769 et
3014 3713 3258 3787 sanguis
3281 3714 3445 3782 ﬁant,
3469 3719 3535 3771 et
3562 3717 3721 3771 Cato-

2078 3796 2135 3855 lo
2167 3797 2289 3871 regi
2341 3803 2543 3855 nostro
2594 3800 2666 3856 ad
2697 3799 3080 3857 obtinendam
3109 3800 3319 3858 anima
3348 3802 3723 3876 corporisque

2078 3885 2350 3955 salutem,
2384 3892 2441 3944 te
2470 3887 2755 3962 largiente
2792 3905 3218 3964 usquequaque
3259 3891 3593 3964 proﬁciant.
3625 3889 3723 3946 Per

2077 3977 2373 4034 eumdem.

2146 4067 2603 4125 Postcommunio.
2655 4068 3169 4134 Sacramentorum
3217 4070 3479 4135 tuorum,
3539 4066 3723 4125 Domi-

2077 4172 2170 4225 ne,
2196 4156 2532 4214 communio
2563 4161 2801 4231 sumpta
2829 4174 2938 4215 nos
2967 4156 3303 4227 salvet,etin
3323 4161 3439 4214 tua
3467 4155 3722 4214 veritatis

2077 4244 2207 4302 luce
2235 4245 2564 4303 conﬁrmet.
2597 4245 2707 4302 Per
2732 4245 3066 4304 Dominum.

2149 4337 2296 4391 ⁸147
2324 4334 2474 4404 Hac,
2498 4334 2764 4405 Domine,
2788 4334 3126 4392 communio
3142 4333 3721 4393 salutaris-famulum

2074 4429 2244 4481 tuum
2275 4424 2347 4480 ab
2390 4423 2671 4481 omnibus
2725 4429 2961 4481 tueatur
3016 4424 3323 4482 adversis:
3358 4426 3723 4498 quatenuset

321 4508 473 4567 senti
501 4508 714 4567 seculo
745 4509 997 4578 felicem,
1025 4514 1085 4565 et
1123 4513 1349 4566 aeterna
1403 4510 1698 4567 felicitatis
1743 4511 1969 4569 tribuat
1994 4532 2044 4597 ι)
2076 4512 2481 4571 ecclesiastica
2513 4514 2675 4585 pacis
2705 4513 2966 4570 obtineat
2995 4511 3579 4587 tranquillitatem,et
3598 4514 3723 4587 post

320 4614 449 4655 esse
480 4603 830 4656 consortem.
860 4602 1066 4658 Amen.
1100 4600 1330 4656 Clemm
1360 4618 1427 4656 ac
1457 4601 1762 4675 populum,
1788 4618 1966 4675 quem
2074 4603 2249 4659 istius
2268 4601 2548 4674 temporis
2563 4603 2878 4659 decursum
2903 4604 2973 4661 ad
3000 4607 3275 4660 aternam
3303 4603 3607 4678 perveniat
3621 4601 3720 4658 hc-

320 4703 429 4747 sua
447 4686 629 4745 voluit
647 4688 1033 4761 opitulatione
1052 4694 1165 4745 tua
1187 4690 1436 4746 subdere
1455 4690 1681 4763 ditioni,
1704 4709 1813 4749 sua
1842 4692 1967 4749 dis-

2076 4692 2401 4748 reditatem.
2438 4691 2545 4747 Per
2573 4691 2908 4748 Dominum.
