3934 6182
375 295 487 359 8M

1320 293 1698 354 nmcmm
1749 293 2196 392 RHEMIENSIS
2241 269 2835 355 ARCHIEPISCOPI
3167 283 3171 290 '
3597 298 3692 362 se

374 431 522 504 ﬁlios
547 430 666 503 ejus
693 431 877 486 dicens
909 447 927 484 :
953 430 1045 484 Sic
1076 428 1395 484 benedicelis
1433 429 1631 501 populo
1676 445 1814 496 meo,
1845 435 1898 484 et
1925 444 2018 500 ego
2049 431 2098 496 Α
2131 425 2521 499 periculorum
2581 426 2919 482 discrimine
2976 430 3032 482 te
3089 443 3196 482 sua
3241 429 3476 499 potentia
3507 429 3694 490 liberet.

379 519 692 576 benedicam
718 522 772 575 ei
799 520 981 588 (Num.
1014 535 1092 583 Vl,
1125 519 1196 573 23
1223 527 1273 573 et
1303 521 1416 586 27),
1458 516 1765 572 benedicat
1805 515 1933 583 tibi,
1965 520 2023 572 et

379 608 672 665 custodiat
698 612 775 662 te.
809 610 1012 664 Amen.

448 697 746 754 Illuminet
777 697 978 752 faciem
1012 715 1180 752 suam
1213 713 1314 768 per
1343 700 1418 763 te,
1451 702 1505 752 et
1537 697 1881 752 misereatur
1912 694 2016 750 tui.

373 787 578 840 Amen.

439 873 752 930 Convertat
775 875 1001 932 vultum
1036 892 1210 931 suum
1243 877 1315 931 ad
1347 880 1422 942 te,
1455 878 1511 930 et
1541 875 1718 930 donet
1769 874 1866 930 tibi
1914 891 2020 946 pa-

375 979 523 1020 cem.
552 964 759 1019 Amen.

373 1111 380 1119 ,
445 1051 730 1108 Extendat
761 1053 1055 1108 dexteram
1087 1071 1204 1108 sum
1239 1052 1742 1121 benedictionis,et
1762 1054 2023 1108 ell‘undat

373 1156 550 1212 super
577 1145 636 1197 te
663 1141 883 1198 donum
917 1159 1034 1198 sua:
1067 1142 1496 1215 propitationis,
1520 1145 1576 1197 et
1609 1141 1933 1197 circumdet
1963 1145 2020 1196 te

373 1229 524 1286 felici
553 1246 722 1285 muro
742 1231 1020 1286 custodiae
1043 1248 1161 1287 suo:
1185 1231 1803 1304 protectionis,sancta3
1826 1231 2018 1286 Mariae

373 1322 431 1373 et
487 1318 750 1374 omnium
811 1324 1147 1375 sanctorum
1207 1320 1704 1376 intercedentibus
1772 1319 2016 1374 meritis.

371 1410 574 1464 Amen.
602 1407 907 1481 Indulgent
955 1410 1062 1465 tibi
1097 1409 1252 1466 mala
1281 1410 1479 1466 omnia
1522 1428 1648 1482 qua:
1679 1409 1932 1482 gessisti,
1965 1413 2021 1465 et

372 1495 592 1552 tribuat
620 1496 723 1552 tibi
757 1499 1008 1570 gratiam
1039 1503 1098 1554 ct
1129 1498 1611 1564 miscricordiam,
1631 1516 1808 1572 quam
1831 1498 2022 1554 humi-

369 1582 504 1640 liter
535 1585 605 1640 ab
637 1601 702 1642 co
735 1587 1002 1660 deposcis
1035 1607 1053 1644 :
1085 1587 1404 1660 liberetque
1429 1592 1486 1642 te
1535 1588 1608 1642 ab
1657 1587 2018 1643 adversitati-

371 1672 484 1730 bus
514 1675 764 1741 cunctis,
792 1680 848 1731 et
877 1675 950 1730 ab
981 1677 1258 1732 omnibus
1301 1676 1621 1732 visibilium
1653 1681 1709 1731 et
1758 1675 2018 1732 invisibi-

370 1760 518 1818 lium
545 1761 918 1818 inimicorum
953 1764 1208 1821 insidiis.
1243 1767 1448 1821 Amen.

379 1863 382 1867 ‘
444 1849 792 1924 Multiplicet
821 1852 880 1908 in
899 1858 954 1909 te
985 1855 1213 1926 copiam
1232 1873 1350 1911 sua:
1373 1855 1876 1920 benedictionis,et
1893 1872 2024 1910 con-

374 1939 567 1996 firmet
593 1939 654 1996 in
685 1952 788 2014 spe
819 1943 983 2019 regni
1015 1942 1288 2000 caelestis.
1322 1945 1524 2010 Amen,

441 2028 619 2086 Actus
647 2033 779 2086 tuos
810 2031 1082 2104 corrigat,
1118 2032 1293 2088 vitam
1325 2034 1612 2100 emendet,
1647 2049 1839 2089 mores
1871 2049 2022 2089 com~

364 2121 571 2189 ‘ponat,
605 2121 663 2174 et
692 2123 747 2175 te
776 2121 848 2175 ad
881 2120 1134 2176 caelestis
1167 2120 1422 2194 paradisi
1455 2121 1853 2178 haereditatcm
1889 2139 2020 2194 per-

363 2203 568 2263 ducat.
595 2208 800 2265 Amen.

445 2295 688 2370 Talique
721 2297 1042 2354 intentione
1074 2299 1280 2372 repleri
1315 2298 1528 2363 valeas,
1561 2317 1689 2370 qua:
1721 2299 1770 2354 ei
1801 2300 1858 2355 in
1893 2317 2020 2372 per-

374 2388 619 2458 petuum
650 2386 895 2459 placeat.
930 2390 1133 2444 Amen.

445 2474 696 2548 Angelos
727 2493 866 2533 suos
897 2479 1079 2534 bonos
1100 2496 1330 2551 semper
1361 2483 1416 2535 ct
1436 2479 1779 2552 ubique,qui
1807 2483 1862 2535 te
1887 2497 2024 2552 prae-

376 2563 608 2636 cedant,
631 2555 1004 2633 comitentur,
1037 2573 1093 2623 et
1123 2569 1656 2640 subscquantur,ad
1691 2569 2021 2624 custodiam

375 2651 462 2708 tui
494 2657 674 2726 ponat
707 2671 721 2710 :
751 2660 809 2711 et
839 2673 872 2712 a
901 2661 1136 2728 peccato
1167 2673 1272 2712 seu
1313 2655 1528 2729 gladio,
1561 2661 1618 2713 et
1653 2657 1724 2713 ab
1755 2657 2021 2713 omnium

2131 517 2336 570 Amen.

2200 603 2474 660 Inimicos
2493 607 2622 659 tuos
2635 605 2706 660 ad
2727 603 3325 677 pacis,charitatisque
3339 606 3698 681 benignitatem

2129 698 2447 758 convertat,
2481 696 2537 748 et
2567 693 2898 750 odientibus
2927 699 2984 750 te
3012 695 3330 768 gratiosum
3361 699 3412 751 et
3439 697 3701 755 amabilem

2128 781 2656 854 faciatzpertinaccs
2686 800 2918 856 quoque
2946 783 3007 838 in
3037 783 3121 838 tui
3152 781 3506 842 insectatione
3531 790 3580 841 et
3599 787 3704 844 odio

2129 871 2470 926 confusione
2496 870 2739 926 salutari
2773 871 3185 946 induatzsuper
3215 877 3266 930 te
3295 878 3472 930 autem
3503 875 3712 932 sanctiﬁ-

2127 960 2279 1015 catio
2309 960 2666 1032 sempiterna
2697 961 2976 1017 efﬂoreat.
2999 964 3204 1018 Amen.

2198 1049 2524 1106 Victoriosu
2535 1065 2589 1104 m
2604 1055 2656 1106 te
2669 1054 2843 1123 atque
2858 1051 2926 1106 tri
2936 1051 3339 1124 umphatorcm
3353 1053 3420 1109 de
3434 1053 3713 1110 visibilibus

2127 1141 2300 1210 atque
2332 1137 2728 1195 invisibilibus
2758 1139 3028 1196 hostibus
3065 1140 3342 1198 Dominus
3382 1159 3591 1215 semper
3613 1142 3711 1198 effi-

2125 1225 2324 1282 ciatzct
2353 1228 2538 1284 sancti
2573 1228 2826 1283 nominis
2858 1229 2951 1284 sui
2984 1229 3247 1285 timorem
3278 1230 3484 1302 pariter
3509 1234 3559 1286 et
3581 1247 3714 1286 amo-

2129 1333 2249 1370 rem
2283 1315 2556 1371 continuc
2587 1317 2746 1372 cordi
2779 1321 2876 1372 tuo
2910 1317 3264 1375 infundatzet
3293 1319 3349 1374 in
3381 1319 3485 1374 fide
3507 1325 3640 1375 recta
3664 1337 3715 1375 ac

2129 1405 2298 1461 bonis
2327 1405 2603 1478 operibus
2634 1407 3117 1479 perseverabilem
3173 1409 3372 1464 reddat
3403 1425 3416 1470 :
3446 1413 3498 1464 et
3526 1409 3718 1482 pacein

2128 1493 2336 1549 diebus
2365 1493 2480 1551 tuis
2511 1512 2806 1565 concessa,
2841 1512 2975 1552 cum
3008 1514 3222 1554 corona
3251 1497 3490 1554 victoriae
3527 1497 3589 1553 ad
3615 1515 3718 1569 per-

2127 1586 2369 1654 petuum
2403 1588 2458 1638 te
2487 1601 2734 1656 regnum
2765 1585 3066 1658 perducat.
3098 1589 3303 1644 Amen.

2203 1673 2354 1728 750
2385 1673 2454 1728 Et
2483 1673 2586 1745 qui
2619 1677 2671 1729 te
2701 1673 2885 1730 voluit
2916 1691 3094 1748 super
3122 1675 3405 1750 populum
3439 1691 3594 1732 suum
3621 1691 3724 1730 con-

2077 1811 2098 1841 ,
2129 1761 2370 1816 stituere
2418 1777 2634 1833 regem,
2667 1765 2725 1816 et
2772 1761 2829 1816 in
2882 1763 3152 1835 praesenti
3183 1763 3393 1820 saeculo
3434 1762 3652 1830 felicem.
3681 1765 3725 1818 et

2131 1853 2355 1905 aeterna:
2390 1850 2680 1907 felicitatis
2711 1850 2932 1908 tribuat
2961 1869 3090 1909 esse
3117 1857 3466 1910 consortem.
3497 1855 3671 1908 Amen.

2202 1938 2430 1995 Clerum
2458 1955 2525 1994 ac
2556 1938 3043 2012 populum,quem
3074 1958 3182 1998 sua
3203 1940 3386 1998 voluit
3401 1939 3728 2016 opitulatione

2131 2031 2244 2083 tua:
2275 2029 2524 2084 subdere
2554 2028 2896 2096 ditioni,sua
2925 2029 3446 2102 dispensatione,et
3474 2035 3566 2086 tua
3588 2027 3732 2086 admi-

2131 2117 2477 2174 nistratione
2507 2131 2610 2190 per
2638 2118 2918 2174 diuturna
2947 2123 3212 2192 tempora
3245 2124 3302 2177 te
3334 2119 3502 2175 faciat
3536 2116 3732 2174 feliciter

2131 2206 2474 2278 gubernare:
2509 2223 2624 2278 quo
2655 2207 2867 2262 divinis
2898 2208 3140 2264 monitis
3171 2205 3734 2282 parentes,adversita-

2129 2297 2292 2352 tibus
2321 2295 2552 2352 cunctis
2581 2297 3044 2366 carentes,bonis
3072 2295 3354 2354 om'nibus
3385 2297 3731 2360 exuberantes,

2129 2389 2230 2441 tuo
2263 2385 2590 2442 ministerio
2624 2385 2778 2446 fideli
2809 2404 3006 2443 amore
3037 2388 3514 2460 obsequentes,et
3541 2385 3591 2441 in
3619 2401 3735 2458 pre-

2131 2475 2278 2531 senti
2307 2473 2518 2532 szcculo
2541 2475 2702 2548 pacis
2731 2474 3150 2548 tranquillitate
3179 2475 3474 2543 fruantur,
3503 2479 3554 2532 et
3577 2479 3736 2530 tecum

2131 2569 2478 2622 aeternorum
2537 2565 2752 2621 civium
2817 2565 3111 2622 consortio
3181 2565 3362 2640 potiri
3421 2567 3734 2622 mereantur.

2129 2656 2332 2711 Amen.
2367 2655 2530 2721 Quod
2559 2654 2684 2726 ipse
2715 2659 2991 2728 prmstare
3020 2655 3328 2729 dignetur.

1997 2876 2174 2980 Ill.

636 3109 643 3116 -
751 3195 758 3202 ,
871 3019 880 3025 ’
993 3065 1684 3182 CORONATIO
1761 3023 2202 3180 JUDITH
2281 3065 2726 3182 CAROLI
2804 3067 3163 3181 FILle

1491 3243 1635 3308 Cum
1663 3265 1799 3328 rege
1826 3246 2154 3328 Anglorum
2182 3245 2530 3330 desponsata
2558 3255 2660 3308 est.

687 3448 1088 3506 BENEDICTIO
1134 3449 1352 3508 SUPER
1391 3449 1708 3521 REGINAM,

589 3582 754 3638 quam
783 3566 1064 3639 Edelul/“us
1093 3583 1194 3622 rem
1235 3569 1439 3638 accepit
1468 3569 1529 3622 in
1558 3584 1804 3637 uxorem,

445 3717 644 3774 Nubas
679 3717 739 3773 in
767 3716 1295 3789 Christo,obnupta
1327 3718 1479 3773 nube
1509 3718 1750 3788 caelesti,
1769 3722 1826 3774 et
1854 3719 2017 3774 refri-

373 3809 574 3878 gerata
601 3805 788 3878 gratia
817 3803 1087 3878 spiritali,
1120 3822 1186 3860 ac
1211 3808 1470 3878 protecta
1500 3806 1571 3861 ab
1620 3805 1778 3861 omni
1817 3806 2021 3863 illicita

376 3893 869 3968 concupiscentia,
901 3909 1123 3966 panges
1153 3894 1341 3950 fmdus
1371 3911 1505 3950 cum
1555 3895 1740 3950 oculis
1787 3895 1924 3962 tuis,
1955 3902 2018 3952 ut

376 3999 492 4040 non
521 3982 720 4040 videas
741 3983 999 4039 alienum
1017 3982 1204 4038 virum
1218 3983 1290 4038 ad
1307 3982 1840 4056 concupiscendum
1857 4001 2015 4052 eum,

375 4076 570 4129 etnon
593 4071 898 4128 mcecheris
919 4072 978 4128 in
999 4089 1236 4145 corpore
1256 4070 1344 4128 vel
1367 4072 1539 4128 corde
1558 4076 1678 4142 tuo,
1705 4077 1762 4128 et
1791 4079 2018 4131 avertas

373 4161 574 4218 oculos
603 4166 736 4218 tuos
767 4178 838 4230 ne
861 4161 1095 4218 videant
1120 4161 1437 4216 vanitatem
1471 4178 1484 4218 :
1518 4165 1806 4234 quatenus
1837 4161 1896 4217 in
1927 4163 2020 4220 via

374 4249 606 4306 Domini
635 4250 962 4318 viviﬁcaris,
991 4254 1057 4306 ut
1085 4250 1278 4323 possis
1308 4250 1497 4306 dicere
1521 4267 1658 4306 cum
1681 4251 1967 4324 Propheta
1999 4269 2014 4306 :

372 4339 453 4394 Ad
481 4347 532 4395 le
559 4339 736 4396 levavi
761 4341 942 4396 oculos
963 4355 1113 4395 meos
1143 4341 1240 4412 qui
1263 4339 1478 4395 habitas
1531 4341 1591 4395 in
1639 4341 1790 4396 cazlis
1837 4342 2012 4411 (Psal.

373 4431 567 4498 cxxn).
597 4428 704 4484 Et:
738 4429 934 4484 Levavi
959 4428 1140 4485 oculos
1179 4443 1320 4483 meos
1372 4429 1428 4484 in
1478 4436 1701 4498 montes,
1735 4427 1879 4484 mule
1925 4446 2012 4486 ve—

371 4517 492 4572 niat
519 4517 798 4572 auxilium
823 4518 967 4572 mihi
995 4517 1168 4586 (Psal.
1211 4518 1360 4584 cxx).
1397 4517 1499 4572 Per
1535 4516 1927 4586 Conditorem,
1959 4522 2016 4574 et

373 4604 840 4676 Redemptorem,
875 4622 940 4660 ac
971 4605 1286 4660 Dominum
1319 4606 1818 4680 nostrum‘Jesum
1851 4607 2012 4663 Chri-

370 4697 552 4765 stum,
583 4693 685 4766 qui
713 4711 845 4749 cum
878 4695 1042 4750 Patre
1073 4699 1128 4751 et
1158 4694 1377 4766 Spiritu
1409 4701 1610 4751 sancto
1640 4695 1777 4752 vivit
1807 4699 1864 4752 et
1895 4715 2016 4771 reg-

371 4785 472 4839 nat
499 4782 559 4838 in
591 4781 803 4839 saecula
833 4783 1202 4840 saeculorum.

441 4871 713 4941 Benedic,
743 4872 1009 4940 Domine,
1043 4873 1152 4928 has
1197 4865 1382 4938 dotes,
1415 4879 1472 4929 ct
1516 4874 1868 4947 accipientes
1911 4879 2013 4932 tua

353 4961 767 5019 .benedictione
797 4961 997 5018 dotare
1028 4961 1288 5034 digneris
1320 4979 1332 5016 :
1369 4966 1432 5016 ut
1460 4963 1717 5037 conjugii
1750 4965 1923 5020 ﬁdem
1955 4969 2012 5020 et

364 5054 560 5107 torum
589 5049 1034 5106 immaculatum
1066 5055 1382 5118 servantes,
1401 5056 1737 5108 sanctorum
1771 5053 2010 5126 patriar-

363 5139 611 5198 charum
662 5139 870 5197 ascisci
919 5143 1255 5196 mereantur
1299 5142 1608 5198 consortio.
1659 5147 1768 5198 Per
1817 5143 2010 5199 Domi‘

365 5245 530 5286 num.

355 5364 360 5368 .
430 5317 641 5392 Accipe
671 5317 1117 5385 annulum,ﬁdei
1153 5321 1209 5372 et
1225 5316 1550 5373 dilectionis
1568 5319 2008 5393 signum,atque

361 5405 690 5480 conjugalis
721 5406 1152 5479 conjunctionis
1181 5405 1502 5473 vinculum,
1536 5411 1602 5461 ut
1632 5425 1746 5462 non
1778 5414 2009 5481 separet

361 5492 537 5550 homo
568 5505 715 5567 ques
743 5495 1048 5568 conjungit
1080 5495 1253 5551 Deus.
1288 5495 1395 5561 Qui
1423 5493 1560 5551 vivit
1606 5499 1661 5552 et
1711 5501 1916 5570 regnat
1946 5497 2006 5554 in

361 5579 560 5638 Omnia
588 5582 802 5640 saecula
829 5583 1195 5642 saeculorum.

2049 3453 2094 3522 (ἶ
2203 3452 2544 3525 Despondeo
2593 3456 2650 3508 te
2698 3451 2801 3508 uni
2847 3452 2968 3508 viro
3006 3451 3304 3526 virginem
3338 3455 3581 3514 castam,
3607 3449 3747 3517 atque

2127 3541 2403 3614 pudicam
2455 3542 2712 3597 futuram
2760 3541 3094 3614 conjugem,
3125 3545 3191 3598 ut
3245 3545 3471 3598 sancta:
3517 3535 3751 3594 mulieres

2129 3631 2288 3686 tuere
2334 3629 2476 3686 viris
2523 3630 2670 3699 suis,
2723 3631 2887 3698 Sara,
2938 3630 3220 3698 Rebecca,
3279 3629 3522 3700 Rachel,
3558 3623 3747 3686 Esther,

2125 3717 2351 3788 Judith,
2383 3721 2570 3786 Anna,
2603 3717 2826 3785 Noemi,
2852 3717 3078 3774 favente
3107 3722 3361 3774 auctore
3391 3720 3453 3774 et
3471 3709 3754 3772 sanctiﬁca-

2127 3812 2249 3864 tore
2279 3807 2641 3880 nuptiarum,
2675 3807 2814 3864 Jesu
2845 3806 3076 3864 Christo
3119 3806 3384 3864 Domino
3435 3808 3643 3868 nostro,
3669 3795 3749 3870 qui

2125 3888 2280 3952 vivit‘
2293 3901 2349 3952 et
2379 3902 2584 3970 regnat
2615 3897 2674 3952 in
2705 3896 2885 3952 szeula
2917 3883 3298 3952 saeculorum.

2197 3986 2374 4054 Deus,
2406 3985 2506 4058 qui
2539 3985 2596 4040 in
2628 3984 2832 4042 mundi
2865 3984 3181 4042 crescentis
3218 3985 3472 4042 exordio
3503 3974 3754 4050 multipli-

2126 4075 2322 4130 canda:
2355 4073 2500 4148 proli
2533 4072 3226 4146 benedixisti,propitiare
3251 4065 3755 4148 supplicationibus

2125 4163 2364 4230 nostris,
2395 4167 2452 4219 et
2479 4163 2618 4220 huic
2650 4161 2866 4220 famulo
2895 4166 3018 4232 tuo,
3060 4167 3118 4219 et
3165 4162 3319 4220 huic
3371 4159 3606 4219 famula:
3647 4161 3754 4220 tua,

2123 4269 2294 4324 opem
2325 4256 2436 4307 tuae
2481 4251 2904 4308 benedictionis
2942 4251 3210 4324 infunde,
3263 4256 3336 4308 ut
3385 4252 3448 4308 in
3499 4239 3757 4321 conjugnli

2127 4341 2270 4396 75]
2307 4342 2598 4397 consortio
2629 4341 2954 4398 secundum
2985 4340 3443 4416 beneplacitum
3484 4346 3663 4405 tuum,
3690 4331 3758 4390 af-

2121 4429 2274 4484 fectu
2321 4431 2602 4503 compari,
2635 4435 2828 4486 mente
2876 4429 3192 4499 consimili,
3223 4430 3555 4488 sanctitate
3583 4427 3759 4482 mutua

2120 4517 2486 4591 copulentur.
2519 4519 2650 4574 Dita
2679 4535 2777 4576 eos
2810 4518 3098 4575 fructibus
3130 4521 3371 4576 sanctis
3423 4525 3484 4576 et
3513 4514 3761 4592 operibus

2121 4607 2462 4662 benedictis.
2497 4607 2607 4662 Fac
2635 4605 2766 4663 illos
2796 4605 2970 4662 talem
3003 4607 3270 4664 sobolem
3311 4623 3620 4683 generare,
3645 4601 3758 4674 ’φιε

2121 4695 2191 4750 ad
2227 4695 2306 4750 tui
2341 4695 2594 4768 paradisi
2627 4695 2910 4767 pertineat
2939 4693 3381 4754 hzereditatem.
3430 4696 3628 4770 Aperi,
3671 4689 3761 4746 Do-

2121 4783 2298 4850 mine,
2321 4785 2539 4860 januas
2563 4784 2710 4852 C(Bll,
2745 4788 2801 4840 et
2829 4783 3002 4840 visita
3029 4801 3128 4842 eos
3154 4785 3216 4840 in
3253 4803 3432 4859 pace.
3467 4785 3644 4858 Irriga
3667 4785 3759 4834 ter-

2121 4890 2246 4928 ram
2278 4877 2574 4942 eorum,ut
2600 4873 2888 4946 germinet
2917 4873 3170 4928 fructum
3205 4864 3767 4947 spiritalem:sancti-

2121 4962 2229 5017 lica
2257 4978 2376 5028 eos,
2409 4961 2508 5034 qui
2538 4962 2710 5018 datus
2740 4978 2804 5018 es
2834 4961 3004 5018 nobis
3034 4978 3103 5018 ex
3144 4963 3394 5036 virgine
3429 4981 3443 5020 :
3479 4967 3540 5020 et
3583 4961 3763 5035 praesta

2117 5051 2202 5106 eis
2231 5053 2496 5123 tempora
2514 5049 2878 5124 salutis,qu£e
2909 5054 3044 5106 ante
3065 5055 3242 5107 tuum
3279 5052 3616 5110 adventum
3643 5063 3766 5123 pre-

2117 5139 2264 5195 dixit
2291 5143 2531 5196 sanctus
2561 5140 2846 5214 propheta
2871 5140 3148 5209 Joannes,
3164 5143 3235 5196 ut
3266 5141 3374 5198 hic
3398 5141 3766 5198 ﬁdeliter-creo

2117 5229 2342 5298 dant,et
2371 5229 2536 5284 beate
2566 5227 2822 5286 viventes
2849 5230 3029 5286 vitam
3051 5234 3110 5286 et
3138 5245 3411 5304 regnum
3433 5239 3771 5300 consequar

2117 5321 2214 5373 tur
2243 5321 2546 5386 aeternum,
2579 5317 2767 5391 gratia
2797 5323 2919 5386 tua,
2951 5318 3181 5376 Christe
3245 5319 3528 5376 salvator
3573 5318 3766 5380 noster,

2117 5408 2216 5481 qui
2247 5425 2383 5464 cum
2413 5408 2528 5464 Deo
2561 5408 2746 5478 Patre,
2783 5409 2841 5464 in
2872 5409 3098 5465 unitate
3141 5408 3424 5482 Spiritus
3475 5403 3681 5476 sancti,
3699 5399 3771 5458 vi-

2114 5497 2201 5554 vis
2230 5502 2286 5554 et
2314 5513 2524 5571 regnas
2553 5496 2728 5568 Deus,
2761 5514 2864 5570 per
2893 5497 3106 5554 omnia.
