3934 6182
239 323 362 385 847

1147 325 1644 387 EXPLANATlO
1690 325 1768 386 IN
1816 323 2242 388 FERCULUM
2289 325 2757 390 SALOMONIS.

3528 332 3661 406 :8d8

246 457 521 514 ﬂorentes
579 455 639 511 in
695 455 992 514 voluntate
1049 456 1282 514 Domini
1307 475 1321 528 ;
1353 460 1410 513 et
1439 475 1551 530 pax
1595 457 1898 514 vobiscum
1927 457 1984 528 Α
2013 457 2308 515 catholica:
2331 459 2743 516 communione
2766 467 3220 534 perseverantes,
3242 465 3316 522 ad
3341 463 3519 538 vitam
3539 481 3666 540 per-

249 549 629 616 permaneat;
665 548 841 617 atque
871 545 930 600 in
963 546 1075 601 fide
1099 549 1277 614 recta,
1311 563 1376 602 ac
1407 545 1575 602 bonis
1606 547 1904 618 operibus,

250 635 306 688 et
321 632 637 689 concordia
659 633 833 702 bona,
857 637 913 690 et
933 651 1132 691 amore
1170 633 1463 708 conjugali
1499 635 1746 702 sincero,
1781 651 1910 690 nec-

254 738 367 778 non
391 726 448 778 et
469 721 529 778 in
555 722 920 779 confessione
951 728 1165 780 sanctae
1198 723 1522 790 Trinitatis,
1555 727 1611 779 et
1639 723 1908 780 Ecclesim

2015 547 2260 604 veniatis
2272 549 2740 615 zeternam.0uod
2757 549 2880 622 ipse
2901 555 3177 624 praestare
3197 553 3664 632 dignetur,cujus

2019 653 2266 710 regnum
2299 642 2356 692 et
2385 638 2700 712 imperium
2729 639 2856 695 sine
2887 641 3002 696 {ine
3031 647 3334 713 permanet
3362 643 3423 702 in
3452 645 3666 702 saecula

2019 725 2386 782 smculorum.
2419 729 2624 782 Amen.

1193 1001 1846 1090 ADMONITIO
1907 1005 2046 1088 AD
2108 1003 2735 1092 LECTOREM

1565 1199 1642 1241 DE
1687 1197 1990 1244 OPUSUCLO
2039 1199 2358 1285 SEQUEN’TI.

329 1365 658 1438 Scripserat
687 1364 1057 1438 Hincmarus,
1085 1368 1231 1420 teste
1257 1365 1911 1432 Flodoardo,metricum

2026 1367 2545 1452 continebat._llzec
2576 1371 2664 1424 est
2695 1385 2821 1452 qua:
2853 1386 3009 1452 nunc
3069 1369 3323 1452 primum
3373 1370 3674 1452 innlucem

259 1437 423 1514 (_)pus
447 1436 752 1514 egregium
783 1437 854 1492 ad
888 1436 1170 1514 Carolum‘
1193 1439 1569 1508 regem,quod
1603 1438 1917 1514 appellavit
2027 1440 2200 1514 datur
2220 1439 2550 1514 errantique
2571 1436 3128 1514 exeniplari.l?rioris
3141 1441 3296 1514 enim
3320 1442 3671 1514 partisnihil

262 1507 570 1580 Ferculum
595 1507 971 1580 'Salomonis,
1000 1507 1279 1580 versibus
1317 1507 1595 1580 constans
1641 1507 1918 1580 quadrin-

259 1578 876 1654 gentisquadraginta
906 1579 1128 1647 sex,cui
1161 1583 1217 1636 et
1247 1579 1449 1654 soluta:
1481 1578 1760 1654 orationis
1785 1598 1914 1652 par-

258 1650 383 1708 tem
421 1650 664 1708 alteram
718 1650 1033 1723 adjecerat,
1067 1669 1194 1724 quae
1253 1651 1410 1707 illius
1469 1650 1914 1724 explicationem

2025 1511 2166 1584 dum
2188 1501 2676 1584 vidimus‘prreter
2694 1501 2898 1568 versus
2915 1501 3399 1584 duodecim,qu‘os
3421 1531 3527 1570 suo
3548 1513 3674 1574 loco

2024 1581 2178 1638 inter
2207 1581 2818 1655 auctoris‘t'ragmeuta
2849 1583 3230 1656 proferemus.

1513 1958 2427 2064 ειΝαΜΑιιι

1373 2157 2028 2215 ARCHIEPISCOPI
2091 2159 2576 2216 RHEMENSIS

349 2323 1392 2506 EXPLANATIQ
1465 2329 1624 2457 IN
1693 2327 2574 2476 FEBCULUM
2655 2230 3599 2472 SALoMONI-s

344 2681 498 2740 156
517 2683 637 2738 Hoc
658 2683 883 2756 regium
923 2681 1230 2749 ferculum,
1257 2683 1415 2754 quod
1447 2684 1710 2740 doctores
1733 2685 1919 2741 sancti
1951 2687 1998 2752 Β
2028 2701 2228 2740 verum
2260 2686 2333 2740 ab
2367 2685 2486 2754 illo,
2521 2685 2620 2757 qui
2681 2685 2800 2740 haec
2857 2686 3060 2741 eadem
3119 2685 3280 2758 ligna
3328 2685 3389 2742 in
3438 2685 3682 2756 aedilicio

264 2771 584 2846 designare
616 2770 822 2828 dicunt
840 2771 1180 2838 Ecclesiam,
1206 2788 1419 2844 corpus
1445 2771 1668 2828 scilicet
1687 2772 1923 2844 Christi,

269 2860 330 2921 in
363 2860 538 2932 cujus
569 2857 790 2916 unitate
818 2859 1006 2915 eidem
1037 2858 1268 2914 Christo
1295 2876 1396 2931 per
1429 2859 1624 2927 ﬁdem,
1655 2864 1718 2916 ut
1748 2878 1926 2933 supra

271 2949 757 3016 monstravimus,
819 2947 1070 3020 quisque
1127 2947 1551 3020 incorporatur,
1603 2948 1808 3006 multis
1865 2950 1924 3004 in

271 3037 583 3110 Scriptura
609 3041 850 3094 vocatur
875 3036 1214 3092 nominibus
1239 3053 1252 3092 :
1281 3041 1347 3092 ut
1367 3041 1458 3093 est
1487 3055 1731 3110 regnum
1762 3039 1927 3094 coelo-

271 3144 428 3192 rum,
462 3125 696 3195 mulier,
729 3143 969 3198 sponsa,
1000 3143 1164 3192 uxor,
1197 3125 1924 3195 columba,dilecta,vinea,

270 3215 419 3284 ovis,
443 3215 614 3282 ovile,
639 3215 863 3284 civitas,
897 3214 1098 3280 turris,
1131 3214 1426 3283 columna,
1461 3216 1922 3285 firmamentum,

269 3305 512 3372 domus,
536 3302 1062 3376 templum,corpus
1086 3303 1322 3371 Christi,
1352 3304 1655 3376 plenitudo
1687 3305 1924 3374 Christi,

268 3411 518 3467 sagena,
551 3393 789 3464 nuptize,
822 3409 1005 3460 coma,
1051 3396 1109 3447 et
1153 3390 1305 3461 aliis,
1363 3409 1490 3464 quae
1549 3392 1728 3449 lector
1785 3395 1930 3450 forte

241 3552 248 3554 _
266 3482 490 3555 poterit
523 3481 798 3548 invenire,
826 3479 962 3536 fecit
995 3480 1106 3536 sibi
1130 3497 1227 3535 rex
1250 3479 1544 3550 Salomon,
1579 3481 1636 3536 id
1669 3485 1758 3537 est
1779 3483 1932 3554 paci-

267 3571 443 3639 ficus,
481 3569 665 3637 Idida,
697 3569 805 3626 hoc
836 3573 925 3625 est
953 3568 1201 3624 dilectus
1242 3569 1496 3634 Domini,
1531 3569 1786 3639 Coelcth,
1821 3571 1963 3626 hoc.

266 3663 360 3716 est
389 3657 768 3715 concionator
797 3658 984 3730 ipsius
1017 3658 1255 3730 quidem
1285 3657 1683 3714 EcclesiaeJlis
1714 3660 1930 3733 quippe

266 3747 473 3804 tribus
522 3746 861 3803 nominibus
908 3751 1149 3802 vocatus
1194 3751 1284 3802 est
1313 3746 1610 3813 Salomon,
1641 3747 1778 3819 quia
1809 3753 1933 3805 tota

266 3840 483 3892 sancta
513 3835 774 3892 Trinitas
805 3834 1109 3891 fabricavit
1133 3833 1418 3908 templum
1440 3836 1558 3890 veri
1577 3837 1927 3906 Salomonis,

265 3924 543 3999 corporis
600 3924 825 3981 scilicet
880 3925 979 3980 Dei
1023 3929 1082 3979 et
1118 3923 1425 3979 hominum
1485 3923 1837 3992 Mcdiatoris,
1871 3926 1928 3979 in

263 4019 442 4072 utero
474 4015 654 4070 beatze
685 4017 742 4069 et
771 4013 1034 4086 gloriosa:
1081 4030 1426 4084 semperque
1477 4013 1732 4086 Virginis
1779 4015 1930 4084 ejus-

262 4104 408 4160 dem
439 4103 742 4178 genitricis
775 4102 1024 4158 dominze
1055 4118 1122 4156 ac
1151 4101 1556 4158 dominatricis
1589 4106 1797 4158 nostrae
1817 4103 1932 4158 Ma-

229 4194 391 4249 τίω.
431 4192 694 4266 Spiritus
743 4191 898 4248 enim
949 4195 1188 4247 sanctus
1237 4191 1572 4262 supervenit
1601 4191 1658 4246 in
1693 4208 1844 4260 eam,
1877 4195 1934 4248 et

260 4282 466 4339 virtus
521 4281 812 4338 Altissimi
864 4280 1049 4354 patris
1096 4279 1470 4336 obumbravit
1521 4279 1604 4334 illi
1641 4296 1653 4335 :
1685 4279 1934 4354 ideoque

229 4377 470 4429 -totum
523 4371 680 4443 quod
731 4387 800 4426 ex
844 4369 1076 4426 duabus
1105 4373 1163 4424 et
1195 4368 1255 4423 in
1301 4369 1530 4424 duabus
1581 4369 1933 4426 substantiis

255 4466 455 4534 atque
479 4459 708 4516 naturis
728 4457 788 4515 in
811 4458 1034 4513 unitate
1052 4455 1230 4512 unius
1253 4473 1512 4528 personae
1541 4475 1610 4512 ex
1630 4475 1698 4514 ea
1729 4463 1932 4515 natum

231 4556 378 4622 -est,
414 4552 698 4606 sanctum
729 4551 990 4614 vocatur,
1016 4550 1075 4601 et
1103 4549 1193 4601 est
1242 4543 1423 4601 Filius
1473 4545 1596 4614 Dei,
1630 4565 1732 4619 per
1760 4567 1930 4620 quem

257 4639 470 4712 gloria
499 4638 558 4692 in
583 4635 827 4692 excelsis
856 4636 972 4690 Deo
1003 4637 1294 4704 cantatur,
1327 4639 1386 4690 et
1426 4635 1483 4689 in
1523 4639 1676 4691 terra
1708 4655 1818 4708 pax
1848 4642 1936 4692 est

256 4727 627 4786 hominibus
663 4726 826 4781 bona)
857 4723 1176 4780 voluntatis
1201 4743 1214 4792 ;
1235 4725 1333 4796 qui
1367 4729 1455 4780 est
1485 4724 1667 4780 Filius
1689 4726 1936 4782 dilectus

257 4819 319 4873 in
357 4833 491 4890 quo
523 4813 677 4869 Patri
725 4814 872 4869 bene
912 4813 1286 4884 complacuit,
1321 4817 1380 4868 et
1410 4832 1444 4868 a
1473 4815 1642 4884 cujus
1674 4815 1816 4868 facie
1849 4819 1938 4870 est

255 4904 529 4964 scientia
557 4907 616 4959 et
649 4901 1076 4968 intellectus,et
1099 4901 1199 4974 qui
1232 4902 1400 4958 docet
1427 4901 1725 4958 hominem
1749 4903 1935 4958 scien-

253 4997 511 5060 tiam,et
527 4991 752 5065 Spiritu
785 4995 986 5048 sancto
1019 5009 1126 5047 suo
1157 4991 1325 5046 docet
1353 4990 1671 5047 Ecclesiam
1703 5009 1937 5048 omnem

252 5084 612 5143 veritatem.
646 5081 803 5138 Fecit
830 5083 1026 5137 autem
1059 5081 1168 5136 hoc
1215 5079 1502 5136 ferculum
1533 5079 1646 5136 sibi
1679 5081 1788 5136 istc
1823 5083 1940 5138 l‘tex

252 5189 492 5248 regum
523 5175 582 5227 et
607 5169 895 5226 Dominus
943 5169 1313 5226 dominorum
1365 5169 1436 5224 de
1478 5168 1655 5242 lignis
1710 5171 1937 5242 Libani,

251 5263 413 5338 quia
435 5259 767 5318 Ecclesiam
792 5260 864 5315 de
886 5259 1138 5315 fortibus
1160 5259 1355 5314 animo
1377 5262 1434 5314 et
1462 5259 1792 5315 constantia
1821 5262 1942 5316 ani-

251 5353 500 5410 mabus
531 5350 880 5406 construxit.
918 5349 1103 5421 Ligna
1131 5347 1348 5420 quippe
1380 5347 1583 5402 Libani
1619 5353 1674 5404 et
1704 5348 1940 5406 celsitu-

1964 4051 2001 4074 f1

1961 4084 2004 4115 υ

2034 2773 2215 2844 hujus
2247 2773 2474 2842 ferculi,
2505 2774 2562 2828 id
2599 2778 2688 2831 est
2735 2773 3022 2841 Ecclesiae,
3058 2773 3394 2830 istiusmodi
3426 2773 3685 2846 gratiosa

2034 2861 2564 2934 praedestinationis
2594 2867 2650 2918 et
2677 2862 2976 2919 electionis
3007 2879 3126 2918 suae
3150 2861 3360 2934 gratia,
3376 2861 3434 2916 id
3447 2864 3538 2918 est
3557 2877 3686 2934 gra-

2035 2951 2109 3007 tis
2139 2952 2294 3018 data,
2315 2952 2671 3023 composuit;
2691 2951 2790 3023 qui
2819 2967 3023 3006 omnes
3054 2949 3322 3006 homines
3350 2948 3474 3004 vult
3493 2947 3684 3015 salvos

2037 3039 2180 3105 ﬁeri,
2213 3043 2271 3096 et
2311 3039 2606 3096 neminem
2661 3039 2789 3094 vult
2845 3038 3052 3112 perire.
3087 3038 3160 3095 Ut
3205 3037 3364 3094 enim
3409 3037 3482 3094 de
3524 3041 3687 3096 costa

2036 3127 2380 3184 dormientis
2431 3129 2565 3183 Adae
2605 3127 2664 3182 in
2697 3127 2967 3200 paradiso
3023 3125 3326 3184 fabricavit
3375 3126 3573 3195 Evam,
3605 3124 3688 3182 ita

2036 3216 2348 3272 ineli‘abilis
2394 3216 2801 3272 misericordiae
2858 3215 3048 3289 gratia
3076 3216 3134 3270 in
3166 3233 3336 3272 cruce
3365 3211 3684 3284 dormiens,

2037 3307 2108 3362 de
2153 3306 2336 3362 latere
2386 3323 2492 3362 suo
2543 3305 2903 3378 profundens
2947 3321 3161 3378 aquam
3209 3308 3266 3361 et
3312 3303 3684 3378 sanguinem,

2039 3393 2254 3467 quibus
2295 3399 2353 3450 et
2401 3395 2628 3450 lavacro
2690 3395 2977 3467 rigaretur
3018 3398 3074 3450 et
3121 3391 3350 3466 poculo,
3383 3391 3690 3450 aadificavit

2037 3483 2356 3539 Ecclesiam
2386 3501 2399 3551 ;
2433 3501 2608 3556 quam
2655 3484 2904 3538 mundat
2948 3482 3176 3538 lavacro
3219 3498 3384 3554 aqua:
3431 3480 3576 3538 .151
3625 3481 3686 3544 in

2037 3573 2232 3639 verbo,
2265 3576 2322 3626 et
2369 3572 2604 3628 redimit
2651 3571 2939 3644 sanguine
2988 3570 3263 3643 pretioso,
3309 3573 3374 3624 ut
3420 3567 3689 3628 videlicet

2039 3661 2174 3734 agni
2231 3660 2591 3716 immaculati
2645 3664 2702 3716 et
2762 3658 3226 3728 incontaminati,
3259 3655 3361 3731 qui
3418 3661 3510 3714 est
3563 3656 3689 3730 ipse

2038 3750 2304 3806 Christus
2350 3750 2542 3817 Jcsus,
2576 3754 2632 3805 et
2661 3748 2987 3804 sanctiﬁcat
3032 3746 3254 3820 Spiritu
3304 3749 3508 3803 sancto
3557 3762 3686 3814 suo,

2039 3839 2267 3895 salvum
2295 3841 2511 3895 faciens
2537 3839 2591 3894 in
2615 3837 2888 3912 singulis,
2911 3837 3012 3910 qui
3031 3841 3121 3893 est
3137 3852 3346 3909 passus
3377 3852 3480 3908 pro
3505 3833 3690 3896 omni-

2039 3929 2173 3995 bus,
2198 3933 2388 3983 totum
2411 3928 2730 3991 hominem,
2749 3927 3016 3983 videlicet
3035 3943 3247 3998 corpus
3269 3929 3325 3980 et
3345 3924 3692 3992 animam,et

2043 4017 2150 4071 hoc
2173 4017 2230 4070 in
2255 4017 2516 4083 sabbato,
2545 4015 2600 4069 id
2622 4019 2712 4070 est
2734 4015 2792 4069 in
2814 4015 3009 4085 requie
3030 4015 3274 4070 unitatis
3305 4012 3595 4078 Ecclesiae,
3628 4011 3688 4068 in

2042 4122 2161 4176 qua
2181 4121 2284 4176 per
2303 4103 2620 4160 salutarem
2641 4121 2805 4175 spem
2831 4103 3027 4158 ﬁdeles
3049 4103 3118 4158 ad
3143 4101 3405 4172 requiem
3438 4101 3692 4158 tendunt

2041 4197 2380 4266 perpetuam
2409 4210 2422 4261 ;
2455 4209 2556 4264 spe
2585 4191 2740 4248 enim
2773 4191 2916 4248 salvi
2947 4189 3087 4246 facti
3119 4206 3348 4246 sumus.

2115 4284 2301 4354 Hujus
2335 4281 2538 4340 ferculi
2569 4281 2852 4338 columnae
2876 4284 3017 4338 sunt
3045 4277 3342 4351 dum,quia
3355 4275 3540 4334 turbae
3561 4291 3690 4348 quae

2043 4376 2487 4447 praecesserunt,
2519 4375 2578 4426 et
2627 4388 2754 4443 quae
2815 4369 3188 4426 Dominicum
3245 4366 3692 4438 subsequuntur

2045 4464 2380 4529 adventum,
2442 4479 2544 4532 per
2598 4460 2772 4515 fidem
2830 4455 3164 4514 Mediatoris
3222 4453 3431 4528 ipsius,
3486 4451 3690 4510 videli-

2043 4557 2134 4608 cet
2174 4551 2398 4623 pacifici
2461 4549 2611 4622 regis
2669 4552 2725 4602 et
2780 4546 2982 4604 ferculi
3035 4543 3402 4623 aedificatoris
3459 4541 3691 4599 salvataa

2045 4621 2219 4712 atque
2277 4621 2588 4705 salvanda},
2649 4637 2824 4692 unius
2880 4636 3264 4706 ejusdemque
3327 4621 3694 4689 credulitatis

2045 4729 2408 4784 confessione
2440 4727 2696 4782 clamant
2726 4726 2984 4780 dicentes
3009 4725 3244 4780 Osanna
3274 4741 3286 4778 :
3323 4728 3430 4778 I’er
3456 4725 3696 4791 gratiam

2045 4822 2211 4884 enim,
2248 4816 2437 4888 inquit
2470 4817 2692 4882 Petrus,
2722 4815 2940 4869 Domini
2994 4815 3118 4868 Jesu
3175 4812 3448 4868 credimus
3486 4811 3696 4866 salvari

2046 4906 2498 4980 quemadmodum
2544 4914 2595 4960 et
2640 4898 2730 4960 illi
2759 4904 2893 4974 (Act.
2928 4921 3019 4972 xv,
3056 4904 3165 4972 11).
3196 4901 3297 4962 Vel
3355 4903 3539 4956 certe.
3566 4898 3694 4953 dua:

2047 4995 2332 5051 columna:
2391 4997 2530 5049 sunt
2589 4993 2812 5062 ferculi,
2847 4993 2987 5064 quia
3042 4991 3313 5064 quisquis
3361 4989 3418 5044 in
3471 4985 3695 5042 unitate

2049 5083 2351 5158 praesentis
2394 5082 2662 5138 Ecclesiae
2707 5099 2842 5136 cum
2876 5082 2988 5136 fide
3021 5085 3177 5136 recta
3205 5083 3264 5136 et
3290 5075 3566 5150 operibus
3593 5073 3696 5134 bo-

2051 5175 2142 5229 nis
2174 5171 2646 5246 perseveraverit,
2681 5170 2741 5225 in
2776 5172 2990 5234 futura,
3024 5169 3080 5222 id
3125 5172 3215 5223 est
3251 5167 3313 5220 in
3344 5167 3560 5220 aeterna
3586 5163 3697 5218 Ec-

2049 5263 2246 5330 clesia,
2273 5263 2342 5318 de
2373 5259 2806 5332 incorruptione
2865 5259 3074 5314 anima:
3131 5253 3307 5311 simul
3353 5257 3412 5310 et
3439 5249 3700 5324 corporis

2052 5351 2426 5408 inenarrabili
2450 5349 2834 5406 exsultatione
2858 5347 3111 5418 repletus
3143 5347 3314 5415 atque
3338 5340 3702 5416 glorificatus

253 5444 414 5500 dine
443 5443 514 5496 et
543 5438 738 5511 specie
781 5441 839 5494 et
887 5438 978 5494 sui
1021 5443 1231 5492 natura
1289 5437 1636 5509 imputribili
1691 5439 1943 5495 multum
1979 5423 2022 5487 ί)
2054 5443 2179 5498 sine
2212 5444 2325 5496 line
2355 5437 2942 5514 gaudebit.Quoniam
2963 5436 3117 5495 Deus
3133 5431 3406 5488 omniain
3425 5446 3704 5486 mensura

253 5526 692 5607 praeminent.
716 5527 812 5584 Sic
829 5527 951 5583 haec
973 5526 1134 5598 ligna
1156 5525 1523 5582 rationabilia
1553 5530 1727 5598 atque
1753 5529 1946 5585 fructi-

253 5623 416 5688 fera,
458 5615 560 5674 his
591 5621 646 5672 et
678 5615 809 5673 aliis
849 5615 1166 5673 virtutibus
1217 5613 1611 5686 prmeminent,
1643 5633 1761 5705 non
1795 5636 1827 5674 a
1859 5637 1940 5686 se,

2054 5532 2114 5588 in
2147 5549 2264 5603 qua
2293 5533 2522 5586 constat
2550 5528 2826 5600 qualitas,
2861 5525 2918 5579 in
2952 5538 3194 5579 numero
3223 5539 3340 5594 quo
3371 5519 3704 5578 continetur

2055 5620 2377 5694 quantitas,
2416 5619 2470 5673 in
2506 5619 2758 5690 pondere
2817 5632 2932 5686 quo
2989 5611 3356 5686 significatur
3395 5609 3542 5668 ratio
3572 5625 3701 5682 per-
