3934 6182
335 371 456 434 819

1241 373 1624 436 HINCMARI
1671 353 2116 436 RHEMENSIS
2160 370 2855 437 ABCHIEPISCOI'US.

3576 376 3675 440 820

335 508 582 580 mquata,
615 523 731 580 qua
770 504 1003 580 pondus
1038 505 1274 563 virtutis
1302 525 1418 563 non
1449 506 1643 564 oneris
1664 505 1980 563 electorum
2009 504 2065 572 Α
2095 503 2308 561 cimam
2330 504 2462 576 tria,
2490 511 2713 562 sextam
2745 505 3026 579 quinque,
3061 505 3320 579 quintam
3348 523 3454 580 sex,
3481 511 3677 568 tertiam

335 595 633 670 accipiunt
661 595 996 664 animas,illo
1027 597 1372 670 disponente
1393 597 1493 670 qui
1525 597 1850 654 secundum
1871 595 1982 652 Job

330 685 514 758 posuit
568 687 744 742 ventis
795 685 1008 758 pondus
1053 685 1170 756 (Job
1197 703 1395 751 xxvm,
1425 684 1516 756 25)
1551 703 1564 742 :
1599 689 1664 740 ut
1693 686 1766 740 ab
1801 685 1984 740 inten-

335 773 494 830 tione
524 773 624 830 Dei
657 791 772 830 non
787 775 913 848 jam
942 773 1054 830 levi
1087 779 1250 830 motu
1281 773 1594 843 dissiliant,
1627 774 1728 830 sed
1759 773 1817 829 in
1847 789 1982 828 eum

335 863 452 918 ﬁxa
477 861 820 920 constantia:
867 863 1150 936 gravitate
1194 863 1522 920 consistant
1551 880 1564 918 ε
1599 880 1702 935 per
1731 880 1860 935 quae
1883 863 1982 934 ju-

336 950 489 1008 dicio
519 955 577 1008 et
603 951 665 1006 in
696 951 910 1007 saecula
949 951 1112 1008 illius
1157 950 1355 1007 omnia
1397 955 1690 1018 constant,
1724 968 1826 1026 per
1853 969 1982 1024 qua:

337 1041 626 1097 mundum
649 1039 952 1097 constituit
968 1040 1257 1113 gubernat
1274 1040 1716 1113 ctjudicaturus
1741 1046 1848 1107 est,
1881 1039 1982 1112 qui

335 1128 750 1202 comprehendi
797 1128 886 1185 vel
935 1129 1279 1202 reprehendi
1327 1147 1443 1186 non
1499 1133 1711 1203 potest,
1745 1129 1984 1202 praemia

333 1217 425 1273 vel
464 1235 668 1292 pcenas
715 1217 967 1291 singulis
1025 1218 1360 1274 redditurus
1409 1223 1621 1274 cuncta
1667 1217 1979 1290 disposuit.

337 1307 532 1364 Prima
561 1307 734 1364 istius
763 1307 1038 1364 columna
1066 1307 1268 1363 ferculi
1301 1308 1492 1364 tribus
1513 1312 1571 1364 et
1596 1307 1832 1380 triginta
1851 1324 1984 1364 con-

336 1399 456 1454 stat
483 1395 754 1469 capitulis
788 1413 802 1453 :
836 1397 975 1470 quia
1015 1397 1288 1470 quisquis
1336 1397 1396 1452 in
1443 1397 1681 1454 nomine
1711 1396 1897 1452 Patris
1927 1400 1985 1452 et

339 1483 468 1542 Filii
499 1489 558 1542 et
585 1483 839 1558 Spiritus
879 1485 1064 1542 sancti
1117 1485 1448 1558 baptizatus
1480 1502 1545 1542 ex
1579 1503 1732 1559 aqua
1759 1491 1818 1542 et
1849 1487 1982 1559 Spi-

337 1573 456 1631 ritu
486 1577 688 1632 sancto
717 1573 1061 1644 renascitur,
1093 1573 1360 1647 Decalogi
1399 1575 1677 1631 mandata
1705 1591 1839 1631 cum
1871 1576 1984 1631 ﬁde

335 1667 551 1720 sancta
582 1662 887 1720 Trinitatis
936 1680 1172 1720 necesse
1201 1667 1290 1720 est
1319 1668 1755 1737 perseveranter
1781 1669 1983 1720 custo-

335 1752 478 1822 diat,
512 1751 563 1808 si
595 1751 668 1808 ad
699 1751 878 1808 vitam
907 1751 1033 1808 vult
1061 1753 1359 1825 pervenire
1391 1757 1758 1826 perpetuam.
1788 1755 1858 1809 Et
1883 1755 1982 1809 de-

336 1839 538 1898 narius
559 1857 842 1898 numerus
859 1841 1113 1898 ternario
1134 1841 1499 1914 superposito
1519 1841 1575 1898 in
1589 1841 1808 1899 eisdem
1833 1843 1986 1914 capi-

335 1927 479 1986 tulis
509 1933 598 1988 ter
625 1928 862 1986 ducitur
893 1946 908 1984 :
941 1929 1079 2004 quia
1129 1931 1359 2000 mulier,
1391 1930 1678 1987 catholica
1715 1931 1984 1988 videlicet

335 2017 612 2088 Ecclesia,
639 2023 946 2094 acceptum
996 2019 1370 2090 fermentum,
1415 2024 1628 2077 sanctae
1676 2020 1984 2078 Trinitatis

337 2106 562 2164 scilicet
591 2107 787 2181 ﬁdem,
803 2126 906 2184 per
931 2108 1302 2166 dilectionem
1333 2113 1668 2182 operantem
1701 2109 1761 2166 in
1787 2109 1982 2166 farinae

339 2201 468 2254 sata
485 2196 600 2254 tria
623 2197 950 2266 abscondit,
975 2199 1210 2272 quando
1238 2199 1410 2266 Asiae,
1430 2199 1634 2256 Africae
1664 2203 1722 2256 et
1742 2199 1982 2272 Europae

337 2284 501 2342 illam
521 2286 836 2359 praedicare
858 2291 1151 2360 procurat,
1175 2288 1354 2344 donec
1379 2289 1980 2355 fermenteturtotum,

335 2373 396 2430 id
426 2375 518 2432 est
545 2373 672 2431 orbi
702 2374 972 2432 universo
1009 2375 1358 2448 praedicetur
1398 2377 1774 2450 Evangelium
1821 2377 1984 2449 regni

337 2467 640 2538 acceptum
671 2481 706 2521 a
736 2464 982 2520 Domino
1011 2465 1151 2521 Jesu
1183 2465 1414 2522 Christo
1447 2467 1519 2522 de
1540 2465 1632 2522 his
1663 2483 1790 2539 qum
1813 2467 1986 2538 erepit

336 2557 395 2610 et
421 2553 662 2626 perfecit
709 2553 895 2612 facere
945 2558 1002 2611 et
1039 2555 1265 2612 docere.
1299 2557 1494 2612 Tertio
1527 2555 1620 2612 die
1651 2557 1709 2610 in
1740 2572 1983 2629 evange-

335 2641 448 2700 lica
475 2641 722 2700 lectione
763 2647 1219 2701 commemorato
1267 2644 1424 2700 venit
1454 2646 1526 2701 ad
1559 2644 1794 2718 nuptias
1831 2663 1842 2701 :
1875 2645 1986 2702 hoc

336 2735 427 2790 est
455 2732 625 2789 tertio
655 2732 862 2790 mundi
895 2736 1156 2806 tempore
1185 2751 1289 2808 per
1316 2733 1738 2790 incarnationis
1769 2739 1982 2808 myste-

335 2820 490 2877 rium
511 2822 778 2878 eamdem
801 2827 1066 2879 sanctam
1097 2821 1208 2879 sibi
1241 2822 1560 2880 Ecclesiam
1582 2821 1841 2880 sociavit.
1867 2821 1984 2878 Pri-

335 2925 503 2966 mum
533 2909 772 2984 quidem
822 2911 1018 2969 saeculi
1066 2915 1302 2984 tempus
1333 2916 1467 2968 ante
1496 2911 1706 2986 legem,
1739 2911 1982 2984 patriar-

334 2997 580 3056 charum
597 2999 896 3073 exemplis,
919 3001 1244 3057 secundum
1276 3000 1385 3057 sub
1415 2999 1560 3073 lege,
1567 2999 1983 3073 prophetarum

337 3087 833 3162 scriptis,tertium
851 3089 962 3146 sub
973 3090 1183 3164 gratia,
1198 3088 1687 3164 evangelistarum
1703 3089 1981 3162 praeconi-

2090 595 2312 661 decem,
2363 594 2668 651 dimidiam
2720 595 3076 668 quindecim,
3128 613 3254 668 que:
3301 596 3460 653 simul
3503 599 3679 672 juncta

2089 683 2481 756 quadraginta
2499 685 2615 740 duo
2640 689 3054 740 consummant
3079 701 3091 740 :
3113 685 3214 740 ubi
3235 685 3541 758 mystice,ut
3559 687 3679 744 dixi-

2091 788 2244 840 mus,
2269 771 2537 828 innuitur
2557 777 2739 829 totam
2761 772 3030 830 Ecclesiae
3051 773 3450 846 perfectionem
3469 773 3522 831 in
3541 775 3678 832 Chri-

2091 860 2163 916 sti
2188 861 2300 916 fide
2322 867 2378 916 et
2397 861 2586 936 gratia
2614 862 2955 930 consistere,
2979 879 3108 935 quae
3129 879 3164 918 a
3179 861 3506 935 patriarchis
3525 864 3682 936 primo

2090 947 2308 1022 agnita,
2335 951 2735 1024 apostolorum
2766 957 2856 1008 est
2885 949 3062 1008 latius
3091 967 3228 1008 voce
3251 949 3528 1008 dill‘amata
3557 971 3569 1009 :
3596 969 3682 1010 nec

2089 1056 2217 1096 esse
2249 1057 2460 1095 nomen
2491 1040 2646 1096 aliud
2681 1042 2790 1098 sub
2821 1040 2964 1098 cozlo
2994 1041 3054 1096 in
3085 1058 3200 1114 quo
3222 1045 3468 1114 oporteat
3483 1058 3577 1098 nos
3595 1041 3684 1098 sal-

2087 1145 2190 1184 vos
2222 1129 2365 1197 fieri,
2401 1131 2694 1201 quomodo
2737 1129 2795 1185 in
2839 1131 3232 1204 quadraginta
3286 1131 3502 1187 duobus
3551 1131 3687 1186 nulla

2089 1222 2180 1273 est
2209 1216 2514 1290 particula,
2549 1236 2678 1291 quze
2736 1237 2850 1275 non
2903 1218 3229 1292 mqualibus
3276 1217 3550 1274 tricenarii
3597 1237 3686 1274 nu-

2089 1306 2232 1362 meri
2291 1307 2660 1364 contineatur
2719 1309 2777 1362 in
2838 1308 3125 1381 partibus.
3177 1307 3531 1364 Trieenarius
3577 1323 3689 1380 ergo

2090 1412 2372 1451 numerus
2428 1395 2554 1454 suis
2604 1397 2870 1470 partibus
2923 1396 3436 1470 quadragesimum
3475 1385 3690 1468 complet

2089 1488 2148 1540 et
2189 1485 2536 1552 secundum,
2570 1485 2710 1558 quia
2765 1485 3050 1542 Dominus
3107 1485 3421 1542 Ecclesiam
3477 1485 3558 1542 sui
3609 1485 3690 1541 ba-

2091 1574 2387 1646 ptismatis
2409 1575 2792 1632 sacramentis
2812 1579 2870 1632 et
2891 1593 3046 1632 nunc
3067 1575 3425 1632 laborantem
3447 1579 3692 1648 tempora-

2089 1661 2226 1718 liter
2247 1663 2456 1734 munit,
2479 1669 2536 1720 et
2565 1665 2748 1721 finitis
2780 1663 3081 1722 laboribus
3112 1665 3185 1722 ad
3216 1663 3470 1738 requiem
3497 1667 3695 1720 aeterna-

2089 1751 2224 1808 liter
2252 1753 2538 1824 perducit.
2572 1755 2643 1810 Et
2691 1753 3032 1811 tricennalis
3084 1753 3366 1828 baptizati
3421 1751 3691 1810 Salvatoris

2094 1841 2232 1897 retas
2253 1841 2430 1897 etiam
2455 1841 2636 1898 nostri
2657 1841 2998 1915 baptimatis
3021 1843 3294 1899 intimare
3315 1845 3496 1916 potest
3522 1845 3696 1915 myste-

2093 1929 2248 1987 rium
2281 1947 2294 1986 :
2331 1935 2567 2004 prepter
2613 1932 2788 1988 ﬁdem
2841 1932 3063 1990 scilicet
3091 1937 3308 1989 sanctae
3334 1930 3632 2000 Trinitatis,
3649 1935 3696 1986 et

2093 2019 2488 2092 operationem
2539 2019 2809 2094 Dccalogi
2861 2020 3112 2078 revelata
3151 2021 3288 2077 fidei
3319 2019 3697 2095 gratiazquod

2094 2123 2208 2178 quo
2232 2106 2549 2164 sublimius
2572 2107 2922 2182 intelligitur
2945 2125 3010 2165 eo
3029 2113 3086 2165 et
3102 2108 3370 2165 doctrina
3389 2107 3696 2182 publicatur.

2093 2195 2408 2252 Duodenus
2439 2197 2536 2270 qui
2543 2215 2676 2270 ppc,
2699 2215 2872 2272 quem
2897 2202 3112 2272 partes,
3137 2202 3204 2254 ut
3221 2197 3701 2264 diximus,tricena-

2094 2283 2160 2338 rii
2195 2285 2450 2358 pariunt,
2493 2287 2887 2358 apostolorum
2938 2304 3244 2356 numerus,
3299 2285 3696 2360 praedicatorum

2091 2373 2356 2430 videlicet
2377 2373 2642 2431 omnium
2661 2375 2895 2444 chorus,
2921 2379 3010 2431 ter
3037 2381 3384 2448 quaternos,
3405 2375 3514 2434 sive
3529 2377 3701 2447 quater

2094 2466 2291 2518 ternos
2339 2462 2636 2519 continere
2685 2464 3096 2540 dignoscitur:
3131 2465 3276 2538 quia
3323 2466 3494 2521 ﬁdem
3523 2467 3702 2520 sancta

2093 2550 2419 2618 Trinitatis,
2442 2557 2501 2608 et
2523 2555 2776 2626 quatuor
2797 2553 2983 2610 sancti
3003 2554 3307 2628 Evangelii
3325 2555 3518 2625 libros,
3539 2553 3602 2610 ab
3627 2569 3700 2608 or-

2091 2639 2361 2696 thodoxis
2391 2641 2730 2698 doctoribus
2758 2647 2891 2698 ante
2923 2643 3100 2700 ﬁnem
3145 2643 3360 2700 mundi
3391 2645 3598 2716 oportet
3622 2657 3706 2714 per

2095 2731 2347 2801 quatuor
2379 2734 2594 2802 partes,
2629 2731 2880 2787 Orientis
2911 2731 3153 2800 scilicet,
3185 2731 3534 2798 Occidentis,
3561 2728 3704 2802 Aqui-

2091 2816 2244 2874 lonis
2275 2821 2330 2873 et
2357 2818 2576 2885 Austri,
2610 2820 2895 2890 quadrato
2924 2819 3083 2877 orbis
3122 2821 3382 2877 termino
3419 2815 3706 2894 praedicari.

2093 2905 2269 2972 Quasi
2291 2906 2447 2962 enim
2471 2908 2764 2980 quoddam
2787 2913 3232 2966 sacrosanctum
3255 2909 3487 2967 triennii
3510 2913 3708 2978 tempus

2093 2994 2476 3068 baptizandos
2501 2995 2715 3053 habere
2746 2996 2960 3066 docuit,
2993 2999 3093 3070 qui
3123 2999 3232 3069 ait,
3257 3000 3334 3056 Ite
3361 2999 3531 3055 docete
3555 3011 3708 3052 omnes

2091 3092 2290 3154 gentes,
2325 3087 2660 3158 baptizantes
2713 3103 2800 3144 eos
2860 3089 2920 3143 in
2975 3089 3197 3144 nomine
3261 3089 3460 3154 Patris,
3491 3093 3538 3143 et
3579 3083 3706 3147 Filii,

333 3175 584 3250 is,quasi
600 3177 754 3234 tertii
771 3177 884 3234 diei
901 3175 1031 3234 luce
1048 3179 1266 3234 mundo
1296 3177 1542 3246 refulsit,
1565 3179 1624 3234 in
1647 3195 1763 3250 quo
1793 3177 1980 3234 isdem
2090 3181 2142 3229 et
2169 3173 2410 3246 Spiritus
2463 3177 2646 3232 sancti
2691 3176 2892 3248 (Matth.
2943 3191 3140 3246 xxvm,
3179 3176 3270 3250 19)
3307 3193 3320 3234 ;
3373 3173 3535 3249 quasi
3579 3171 3709 3228 idem

332 3264 618 3322 Dominus
635 3269 693 3322 et
707 3265 972 3322 Salvator
986 3270 1185 3322 noster
1204 3283 1308 3338 pro
1330 3265 1729 3338 redemptione
1745 3266 1977 3340 generis
2008 3250 2050 3316 C
2090 3259 2198 3318 hoc
2217 3262 2536 3320 triennium
2556 3281 2660 3336 per
2675 3265 2873 3321 decem
2907 3263 3294 3338 multiplicari
3325 3263 3708 3344 praecepitcuin

332 3351 579 3409 humani
612 3353 949 3410 incarnatus
979 3354 1270 3427 apparuit.
1289 3355 1400 3411 Sed
1433 3358 1490 3410 et
1517 3354 1672 3410 idem
1703 3353 1980 3414 denarius

335 3456 619 3498 numerus
639 3439 698 3496 in
721 3441 1014 3514 trigonum
1033 3444 1246 3498 ductus
1271 3441 1632 3499 tricesimum
1657 3443 1862 3516 implet
1879 3463 1982 3500 nu-

332 3544 584 3596 merum,
615 3546 730 3602 quo
762 3547 915 3587 anno
945 3530 1212 3588 Christus
1242 3531 1570 3604 baptizatus
1599 3538 1810 3590 cuncta
1844 3551 1978 3590 san-

332 3617 606 3676 ctificavit
629 3635 736 3676 suo
775 3618 1128 3693 baptismate
1159 3620 1378 3676 fluenta
1409 3621 1578 3678 nobis
1613 3623 1762 3680 758
1793 3641 1978 3695 aqua--

330 3723 486 3774 rum,
510 3711 568 3764 et
595 3707 775 3782 hujus
806 3708 1288 3765 sanctificationis
1317 3709 1504 3782 gratia
1536 3711 1830 3768 tricesimo
1851 3718 1981 3768 aeta-

328 3797 407 3854 tis
428 3813 580 3854 anno
601 3796 775 3854 Jesus
796 3796 952 3854 venit
973 3796 1031 3852 in
1063 3795 1356 3870 baptisma
1387 3815 1400 3852 ε
1430 3798 1570 3870 quia
1599 3799 1820 3857 scilicet
1849 3806 1982 3873 post

329 3883 626 3957 baptisma
644 3885 803 3942 istud
824 3884 1013 3958 legem
1042 3891 1168 3942 erat
1197 3890 1448 3942 veterem
1481 3886 1803 3945 soluturus.
1837 3891 1976 3946 Pro-

330 3979 528 4046 pterea
557 3991 744 4047 usque
776 3974 846 4030 ad
879 3973 1031 4030 hanc
1073 3979 1324 4044 etatem,
1358 3993 1486 4048 qua:
1538 3976 1736 4034 omnia
1792 3981 1981 4051 potest

329 4079 536 4135 capere
564 4066 821 4136 peccata,
857 4062 916 4119 in
947 4061 1094 4138 legis
1143 4064 1546 4122 observatione
1605 4067 1928 4138 permansit
1961 4085 1974 4124 :

327 4167 400 4207 ne
425 4151 558 4224 quis
588 4150 808 4208 diceret
836 4151 968 4208 ideo
998 4169 1133 4208 cum
1165 4152 1407 4210 solvisse
1437 4151 1646 4224 legem,
1681 4155 1820 4228 quia
1849 4173 1976 4212 eam

325 4257 442 4297 non
473 4239 689 4298 valeret
735 4239 1000 4313 implere.
1033 4241 1234 4314 Neque
1293 4242 1451 4298 enim
1501 4243 1695 4299 omnis
1737 4261 1978 4316 prorsus

325 4333 464 4386 mtas
485 4329 717 4386 cunctis
735 4329 891 4386 vitiis
911 4334 1242 4403 opportuna
1261 4331 1525 4387 est.Nam
1541 4331 1763 4404 primos
1785 4333 1977 4389 adhuc

324 4435 512 4475 annos
539 4417 936 4492 imprudentia
963 4423 1021 4476 et
1051 4417 1421 4476 imbecillitas
1451 4419 1630 4475 animi
1663 4421 1840 4476 simul
1869 4422 1975 4478 ob-

324 4505 558 4562 sident:
593 4507 995 4564 adolescentiae
1026 4525 1159 4564 vero
1187 4513 1421 4581 tempus
1452 4509 1761 4566 ferventior
1790 4510 1976 4584 impu-

2089 3351 2412 3423 subjunxit,
2471 3353 2712 3410 docentes
2769 3371 2857 3411 eos
2908 3371 3122 3412 servare
3210 3356 3402 3413 omnia
3482 3365 3707 3426 quaecun-

2045 3457 2192 3523 .que
2238 3443 2503 3498 mandavi
2576 3445 2728 3500 vobis
2785 3443 2968 3514 (ibid.,
3027 3445 3143 3514 20).
3206 3443 3320 3512 Qui
3393 3442 3576 3499 tribus
3626 3454 3708 3494 an~

2089 3529 2182 3584 nis
2213 3546 2279 3585 ac
2309 3529 2399 3587 bis
2429 3531 2610 3586 ternis
2643 3531 2948 3590 mensibus
2997 3532 3210 3588 mundi
3263 3532 3532 3588 tenebras
3556 3542 3712 3586 exem-

2088 3617 2184 3690 plo
2214 3621 2273 3674 et
2302 3620 2472 3676 verbo
2523 3637 2628 3677 suo
2681 3621 2753 3677 de
2805 3619 3114 3678 dilectione
3159 3619 3266 3678 Dei
3297 3626 3357 3677 et
3386 3617 3618 3692 proximi
3643 3631 3712 3671 sa-

2089 3723 2239 3762 nans
2291 3707 2439 3764 159
2485 3726 2728 3782 corpora
2793 3709 2968 3766 simul
3023 3715 3081 3766 et
3138 3711 3401 3778 animas,
3453 3706 3712 3763 illustrem

2089 3795 2383 3868 dignatur,
2411 3815 2513 3870 pro
2537 3798 2767 3871 generis
2788 3798 3033 3855 humani
3064 3797 3259 3856 salute
3293 3799 3355 3854 in
3385 3814 3553 3855 cruce
3580 3809 3716 3851 occu-

2087 3885 2235 3940 buit.
2267 3885 2577 3942 Evidenter
2601 3889 2938 3960 ostendens,
2971 3887 3110 3960 quia
3140 3887 3412 3960 praelatis
3445 3879 3711 3959 apostolis,

2087 3975 2464 4047 martyribus,
2498 3976 2956 4044 confessoribus,
2984 3977 3338 4050 cmterisque
3391 3971 3641 4032 arctioris
3665 3984 3718 4024 ac

2087 4063 2446 4135 perfectioris
2477 4063 2604 4119 vita:
2631 4063 2790 4132 viris,
2826 4082 3077 4138 quorum
3127 4062 3586 4122 inenarrabilem
3623 4057 3718 4130 glo-

2087 4151 2234 4207 riam
2262 4153 2332 4208 de
2365 4153 2847 4210 manifestissima
2903 4153 3232 4210 divinitatis
3279 4152 3506 4211 visione
3541 4146 3720 4220 sempi-

2085 4244 2262 4296 terna:
2293 4239 2596 4298 Trinitatis
2645 4241 2730 4297 illi
2772 4247 3002 4299 tantum
3044 4242 3270 4312 sciunt,
3303 4242 3406 4316 qui
3438 4259 3504 4298 ea
3532 4231 3718 4312 perfrui

2087 4333 2448 4398 meruerunt,
2483 4334 2622 4386 sunt
2653 4330 2850 4404 plures
2881 4329 2939 4386 in
2970 4330 3233 4388 Ecclesia
3249 4330 3435 4404 justi,
3471 4329 3577 4386 fide
3604 4339 3718 4382 san-

2084 4421 2188 4472 ctae
2221 4415 2546 4485 Trinitatis,
2583 4417 2638 4472 in
2667 4433 2784 4489 qua
2811 4421 2869 4473 et
2897 4416 3228 4474 incarnatio
3280 4415 3516 4474 Domini
3565 4407 3717 4469 nostri

2083 4505 2223 4560 Jesu
2249 4503 2463 4560 Christi
2497 4505 2774 4560 veraciter
2818 4505 3170 4578 continetur,
3203 4523 3332 4580 qua
3363 4522 3481 4562 non
3510 4497 3722 4560 accessit

323 4599 467 4682 gnat
484 4592 668 4682 libido
693 4611 706 4650 :
732 4594 1017 4668 reliquam
1037 4614 1170 4653 vero
1192 4599 1421 4654 aetatem
1443 4597 1696 4655 habendi
1719 4599 1973 4656 maxime
2003 4619 2051 4682 D
2083 4593 2468 4666 quaternilas,
2493 4595 2595 4650 sed
2619 4592 2678 4648 in
2702 4611 2818 4650 uno
2842 4593 2985 4651 Filio
3008 4594 3122 4652 Deo
3145 4599 3207 4652 et
3236 4594 3506 4662 homine,
3531 4589 3622 4664 qui
3647 4589 3721 4682 θξι

325 4681 538 4754 cupido
561 4681 858 4739 sollicitat.
875 4684 1184 4756 Propterea
1203 4685 1382 4758 igitur
1397 4703 1628 4743 omnem
1649 4687 1798 4744 hanc
1815 4688 1972 4744 Chri-

325 4773 455 4826 stus
473 4771 826 4842 exspectavit
852 4776 1104 4842 aetatem,
1128 4791 1232 4846 per
1251 4775 1407 4846 quod
1429 4793 1604 4832 omne
1634 4779 1972 4850 tempusju-

325 4859 547 4914 stitiam
578 4858 724 4931 legis
755 4859 1035 4934 implevit,
1067 4879 1134 4918 ac
1164 4866 1302 4920 tunc
1332 4865 1570 4920 demum
1599 4865 1752 4921 venit
1782 4867 1853 4922 ad
1879 4867 1972 4922 ba-

321 4945 736 5020 ptisma,quasi
749 4949 1052 5006 cumulum
1067 4951 1207 5008 illud
1229 4952 1456 5010 cunctis
1467 4953 1970 5012 observationibus

319 5035 466 5110 legis
487 5036 952 5110 adimplens.Qui
975 5039 1254 5112 quoniam
1275 5040 1425 5113 ipso,
1444 5043 1596 5114 quod
1621 5041 1968 5100 tricenarius

319 5125 632 5195 inchoavit,
657 5125 950 5200 baptismo
973 5127 1152 5184 totius
1176 5129 1252 5184 sit
1271 5129 1537 5186 Ecclesia:
1559 5130 1762 5188 sordes
1783 5131 1970 5204 expia-

319 5217 510 5283 turus,
543 5214 883 5272 eorumdem
914 5233 1145 5289 quoque
1175 5235 1552 5274 numerorum
1601 5220 1849 5293 mystica
1872 5238 1965 5277 co-

318 5303 516 5375 gnatio
547 5303 804 5362 declarat
833 5321 846 5360 :
881 5305 1019 5378 quia
1056 5305 1323 5362 videlicet
1373 5307 1613 5380 triginta
1641 5309 1966 5382 zequalibus

319 5391 443 5447 suis
476 5392 744 5464 partibus
775 5397 1112 5466 computata
1136 5394 1374 5467 pariunt
1404 5395 1658 5468 amplius
1689 5398 1961 5454 duodeci-

317 5481 610 5552 mum,qui
641 5486 730 5536 est
759 5481 1225 5554 patriarcharum
1257 5488 1314 5539 et
1344 5484 1740 5556 apostolorum
1765 5504 1964 5542 nume-

314 5581 434 5632 rus,
458 5571 516 5622 et
544 5568 694 5624 fiunt
723 5570 1114 5644 quadraginta
1143 5573 1279 5628 duo.
1299 5572 1523 5628 [labent
1553 5573 1708 5628 enim
1741 5579 1957 5646 partes,

309 5651 686 5723 tricesimum,
719 5673 928 5725 unum,
971 5659 1530 5730 quintamdecimam
1571 5663 1706 5734 duo,
1743 5663 1958 5720 duode-

2080 4682 2139 4738 in
2171 4683 2356 4756 gloria
2386 4683 2487 4738 Dei
2523 4683 2728 4752 Patris,
2763 4700 2898 4739 cum
2959 4684 3163 4748 eodem
3228 4684 3409 4741 Patre
3450 4685 3507 4740 et
3550 4677 3720 4736 sancto

2079 4772 2302 4844 Spiritu
2324 4777 2624 4844 permanet
2645 4772 2922 4841 Trinitas,
2944 4790 3067 4846 spe,
3082 4773 3382 4830 charitate
3403 4777 3461 4828 ct
3476 4769 3720 4843 operibus

2079 4862 2249 4917 bonis
2281 4861 2537 4934 perfecti,
2563 4862 2660 4933 qui
2696 4865 2826 4933 post
2855 4861 3048 4917 carnis
3071 4861 3442 4918 solutionem
3475 4857 3719 4917 continuo

2079 4949 2248 5006 beata
2278 4950 2532 5022 paradisi
2566 4951 2764 5022 requie
2798 4950 3224 5024 suscipiantur,
3250 4953 3656 5024 exspectantes
3674 4944 3722 4999 in

2078 5056 2292 5112 magno
2321 5040 2556 5113 gaudio,
2591 5039 2648 5096 in
2683 5041 2915 5114 magnis
2965 5041 3485 5114 congaudentium
3530 5034 3722 5099 choris,

2077 5130 2312 5200 quando
2345 5132 2571 5201 recepto
2601 5146 2839 5202 corpore
2886 5129 3122 5186 veniant
3157 5133 3221 5185 et
3253 5132 3585 5203 appareant
3610 5126 3722 5180 ante

2076 5218 2283 5274 faciem
2315 5217 2436 5274 Dei.
2467 5217 2530 5272 In
2561 5218 2806 5274 semisse
2837 5221 3036 5274 autem
3087 5235 3248 5274 anno
3303 5218 3718 5278 demonstrans,

2074 5307 2212 5379 quia
2235 5305 2498 5363 nonnulli
2523 5310 2758 5380 propter
2779 5307 2932 5362 bona
2963 5306 3205 5380 quidem
3231 5324 3423 5380 opera
3442 5307 3514 5363 ad
3538 5304 3720 5360 electo-

2073 5413 2204 5451 rum
2241 5394 2476 5469 quidem
2509 5396 2716 5451 lortem
2747 5396 3138 5468 prmordinati,
3171 5397 3284 5452 sed
3317 5401 3560 5468 propter
3589 5387 3722 5446 mala

2071 5483 2290 5557 aliqua,
2343 5485 2557 5556 quibus
2608 5483 2811 5557 polluti
2857 5484 2929 5540 de
2977 5501 3224 5557 corpore
3287 5486 3567 5541 exierunt
3611 5483 3723 5554 post

2069 5579 2314 5630 mortem
2339 5591 2532 5630 severe
2573 5573 2860 5647 castigati,
2885 5575 3267 5647 excipiuntur
3299 5573 3564 5632 ﬂammis
3585 5567 3720 5644 ignis

2067 5663 2411 5738 purgatorii,
2434 5669 2487 5721 et
2505 5653 2593 5720 vel
2613 5681 2798 5736 usque
2817 5664 2889 5721 ad
2920 5663 3078 5722 diem
3099 5662 3326 5735 judicii
3362 5663 3542 5736 longa
3557 5660 3721 5731 hujus
