3934 6182
247 319 362 385 821

1152 323 1656 388 EXPLANATIO
1699 326 1776 388 IN
1822 325 2246 390 FERCULUM
2291 325 2757 392 SALOMONIS.

3535 325 3654 388 822

247 454 684 515 examinatione
703 473 739 513 a
763 454 1042 514 vitiorum
1062 457 1231 515 sorde
1254 458 1729 529 mundantur,vel
1751 462 1904 517 certe
1930 459 1988 528 Α
2074 458 2249 529 Iertia
2269 457 2361 529 lux
2390 459 2670 529 Dominum
2702 463 3029 529 remeantem
3061 474 3092 510 a
3117 462 3291 529 morte
3322 459 3542 526 recepit.

247 544 418 620 prius
449 543 774 602 amicorum
804 544 1068 602 ﬁdelium
1099 547 1372 619 precibus
1403 547 1896 622 elecmosynisje-

236 634 454 708 juniis,
488 635 747 704 ﬂetibus,
769 637 827 692 et
846 635 1050 694 hostiis
1081 636 1360 693 salutaris
1390 637 1783 699 oblationibus
1805 639 1903 695 ab-

244 723 428 782 soluti
458 725 667 798 pmnis,
698 729 757 782 et
783 725 897 798 ipsi
943 727 1016 782 ad
1065 726 1370 782 beatorum
1421 715 1778 799 perveniunt
1813 745 1899 784 re-

243 813 471 887 quiem.
505 815 618 870 Tot
645 814 820 870 etiam
853 813 1046 884 annis,
1080 815 1138 870 id
1171 819 1260 872 est
1291 815 1483 872 tribus
1529 821 1589 872 et
1635 817 1898 886 dimidio,

240 904 326 960 An
335 901 644 959 tichristus
656 903 750 960 sui
769 903 1085 960 ostentabit
1101 903 1379 977 ﬁgmenta
1394 905 1903 974 mendacii,osten-

244 993 394 1050 dens
423 1009 489 1050 se
513 996 794 1065 tanquam
827 993 956 1066 ipse
984 991 1060 1048 sit
1089 993 1245 1050 Deus
1283 993 1470 1068 signis
1499 999 1556 1051 et
1587 995 1898 1063 mendacii,

241 1080 555 1155 prodigiis,
570 1081 856 1138 adhibens
877 1080 1174 1138 minarum
1195 1087 1372 1155 atque
1393 1100 1696 1154 poenarum
1718 1089 1900 1141 terro-

242 1187 361 1227 res.
396 1171 510 1228 Sed
545 1187 663 1226 non
695 1170 1030 1244 praavalebit
1057 1169 1118 1227 in
1151 1189 1270 1238 eos,
1295 1173 1394 1244 qui
1418 1173 1476 1227 in
1502 1172 1635 1228 fidei
1657 1178 1823 1228 rectae
1845 1177 1901 1230 et

239 1277 494 1333 operum
524 1261 814 1317 bonorum
846 1261 1220 1334 perfectione,
1256 1261 1447 1334 gratia
1494 1261 1683 1334 ipsius
1733 1262 1897 1318 auxi-

237 1349 429 1406 liante
460 1349 795 1422 persistent.
828 1349 936 1417 Qui
968 1349 1026 1406 in
1057 1367 1233 1410 carne
1275 1367 1564 1423 apparens
1609 1351 1802 1407 factus
1832 1369 1900 1407 ex

238 1437 516 1508 muliere,
547 1438 737 1495 factus
762 1439 871 1494 sub
902 1437 1029 1511 lege
1061 1443 1128 1494 ut
1156 1455 1256 1495 eos
1287 1437 1387 1510 qui
1420 1439 1531 1495 sub
1581 1439 1706 1512 lcge
1735 1443 1901 1495 erant

237 1527 652 1592 redimeret,ut
670 1526 1042 1599 adoptionem
1065 1526 1319 1584 filiorum
1348 1527 1900 1601 reciperemus,post

237 1615 754 1674 circumcisionem
786 1616 1086 1672 tricesima
1125 1617 1300 1672 tertia
1347 1615 1439 1673 die
1489 1618 1559 1672 ad
1610 1616 1896 1688 templum

238 1705 483 1764 delatus
510 1710 619 1775 est,
653 1710 712 1762 et
739 1705 951 1779 legalis
989 1723 1094 1779 pro
1142 1722 1209 1762 eo
1255 1723 1503 1763 munera
1549 1706 1765 1775 oblata,
1797 1707 1899 1778 qui

2074 521 2232 571 Trina
2260 521 2374 572 dies
2401 523 2589 572 Jonam
2619 523 2792 572 tenuit
2819 522 2920 572 sub
2948 523 3152 573 viscere
3181 524 3298 575 eeti.

2074 585 2380 649 Trespueri
2395 598 2622 649 crevere
2652 585 2816 649 Deum
2847 587 3102 649 ﬂagrante
3131 588 3360 637 camino.

2071 647 2170 713 Ter
2199 647 2428 698 Sabaoth
2449 651 2702 713 sanctum
2735 647 2972 713 referens
3000 649 3300 713 benedictio
3328 649 3522 713 psallit.

2074 709 2176 774 Ter
2196 710 2701 774 mergendusaqua
2727 713 2808 758 est
2837 711 2920 759 cui
2944 711 3125 774 gratia
3152 711 3310 774 plena
3328 709 3558 762 'lavacri.

2070 772 2312 822 Testibus
2339 772 2393 820 et
2420 772 2625 822 stabilis
2654 775 2862 821 constat
2891 772 3060 821 tribus
3089 772 3226 822 actio
3256 777 3465 823 cuneta.

2071 835 2244 898 Terno
2273 847 2456 884 mense
2487 835 2598 884 suis
2627 834 2857 898 redeunt
2885 848 2981 884 sua
3008 838 3252 898 tempora
3280 836 3554 885 membris.

2071 897 2198 960 Tres
2227 901 2354 960 sunt
2381 901 2582 960 aetates,
2615 897 2728 954 ﬂos,
2759 897 2941 960 robur,
2975 900 3028 960 et
3055 897 3489 960 gegrasenectus.

2070 959 2198 1022 Tres
2227 959 2427 1022 moduli
2459 959 2514 1008 in
2543 960 2732 1016 causis,
2758 959 2942 1022 judex,
2973 959 3245 1018 defensor,
3276 962 3337 1022 et
3366 963 3530 1022 actor.

2071 1021 2197 1070 Tres
2225 1021 2281 1070 in
2311 1022 2468 1071 saecla
2497 1022 2711 1084 gradus,
2743 1021 2908 1076 ortus.
2939 1022 3284 1080 transcursio,
3313 1021 3452 1071 ﬁnis.

2070 1084 2196 1133 Tres
2225 1098 2376 1148 spem
2405 1083 2526 1148 qua:
2557 1084 2793 1148 palpant,
2819 1085 3050 1148 requies,
3081 1084 3192 1144 lux,
3222 1084 3394 1147 gloria
3421 1083 3563 1135 vite.

2011 1190 2243 1261 Septem
2272 1207 2404 1245 vero
2436 1195 2723 1262 praecepta
2753 1187 2936 1246 altera
2963 1190 3165 1246 tabula
3191 1191 3372 1258 dedit,
3404 1207 3657 1263 quorum

2010 1278 2268 1351 primum
2297 1282 2406 1347 est,
2441 1279 2594 1334 sicut
2636 1284 2694 1335 et
2739 1278 3051 1351 Apostolus
3101 1282 3412 1348 monstrat,
3443 1282 3660 1336 Honora

2005 1376 2223 1440 patrem
2273 1375 2325 1423 et
2374 1376 2607 1424 matrem
2651 1368 2869 1439 (Ephes.
2902 1386 2978 1437 v1,
3009 1372 3086 1437 2).
3143 1369 3324 1424 liabet
3381 1373 3659 1441 praeterea

2009 1456 2374 1528 septenarius
2407 1471 2686 1512 numerus
2715 1456 2774 1512 in
2806 1457 3109 1530 Scriptura
3135 1474 3304 1514 sacra
3323 1456 3660 1530 multiplici-

2007 1549 2097 1601 ter
2124 1550 2420 1602 ostensam
2453 1545 2862 1618 perfectionem
2891 1564 3060 1602 suam
3085 1563 3098 1601 :
3123 1545 3390 1602 videlicet
3421 1546 3560 1619 quia
3587 1563 3656 1603 oo

2009 1633 2235 1690 dierum
2278 1651 2544 1701 numero,
2578 1639 2828 1712 testante
2876 1635 3197 1707 Scriptura,
3230 1635 3483 1708 perfecto
3512 1634 3656 1691 cmlo

2007 1727 2066 1779 et
2090 1723 2251 1779 omni
2280 1729 2491 1780 ornatu
2521 1741 2744 1792 eorum,
2780 1725 3062 1797 requievit
3090 1725 3246 1782 Deus
3276 1724 3348 1781 ab
3379 1723 3655 1798 operibus

238 1799 463 1903 cuncta
493 1793 775 1903 divinitus
805 1798 1126 1903 consecrqt‘.
1161 1794 1452 1903 Trigqnus
1499 1795 1678 1903 etiam
1699 1797 1897 1903 ‘D‘eca-
1928 1837 1978 1903 Β
2009 1812 2134 1869 suis
2164 1813 2318 1883 (σεη,
2351 1813 2433 1886 η),
2460 1813 2560 1870 sed
2610 1818 2667 1868 et
2713 1831 2816 1885 per
2860 1793 3059 1886 iegem
3117 1793 3436 1870 sabbatum;
3474 1813 3534 1869 in
3567 1830 3653 1870 re-

237 1884 390 1959 logi,
421 1889 483 1942 et
511 1888 632 1941 tres
663 1883 808 1950 dies,
834 1887 1010 1956 atque
1030 1882 1248 1940 oblatio
1269 1885 1343 1941 ad
1363 1883 1652 1958 templum
1682 1884 1896 1954 delata,

238 1973 377 2031 illos
408 1973 540 2032 dies
581 1978 641 2031 et
686 1973 1041 2030 sacrificium
1090 1971 1380 2042 Ecclesiae,
1411 1991 1540 2046 quae
1569 1979 1659 2030 est
1687 1991 1900 2047 corpus

237 2063 490 2132 Christi,
505 2063 838 2137 designant,
854 2063 925 2118 de
937 2063 1154 2135 quibus
1176 2063 1191 2118 i
1199 2080 1302 2135 pse
1322 2063 1383 2120 in
1402 2063 1714 2137 Evangelio
1735 2063 1896 2132 dicit,

237 2155 372 2212 Ecce
399 2155 564 2228 ejicio
592 2153 870 2211 ἀττγηοπία
893 2161 946 2210 et
971 2154 1234 2209 sanitates
1262 2155 1484 2225 perﬁcio
1503 2155 1660 2210 hodie
1681 2163 1732 2210 et
1751 2171 1896 2222 cras,

233 2253 286 2301 et
314 2245 494 2302 tertia
518 2243 609 2300 die
653 2258 1000 2299 consummor
1028 2243 1180 2312 (Luc.
1211 2259 1334 2309 xm,
1365 2243 1455 2314 32)
1487 2258 1500 2297 :
1537 2243 1678 2315 quia
1706 2242 1897 2315 expel-

234 2331 450 2389 luntur
497 2331 805 2399 daemonia,
851 2347 1009 2397 cum,
1043 2329 1264 2387 relictis
1314 2330 1575 2402 paternis
1615 2329 1896 2403 supersti-

233 2421 532 2490 tionibus,
561 2421 810 2478 credunt
851 2419 910 2475 in
959 2437 1096 2477 eum
1142 2423 1346 2494 gentes
1381 2437 1394 2475 :
1429 2424 1486 2475 et
1515 2419 1900 2492 perficiuntur

236 2510 554 2580 sanitates,
593 2526 729 2566 cum
777 2510 1105 2566 secundum
1153 2510 1282 2580 ejus
1329 2513 1619 2581 praecepta
1661 2508 1893 2578 vivitur,

237 2605 633 2675 posteaquam
662 2599 840 2655 fuerit
869 2597 1101 2655 diabolo
1131 2601 1189 2655 et
1207 2597 1345 2654 huic
1367 2597 1578 2654 saeculo
1605 2599 1900 2654 renuntia-

235 2692 390 2759 tum,
428 2704 620 2762 usque
641 2686 704 2744 in
736 2688 912 2744 finem
951 2686 1414 2754 resurrectionis,
1447 2704 1566 2758 qua
1614 2691 1895 2759 tanquam

237 2778 417 2836 tertia
445 2777 975 2845 consummabitur,
1001 2776 1110 2832 hoc
1141 2779 1230 2832 est
1260 2777 1328 2831 ad
1352 2775 1776 2848 plenitudinem
1799 2794 1900 2831 an-

233 2866 493 2941 gelicam
524 2882 629 2940 per
655 2865 916 2938 corporis
956 2865 1133 2921 etiam
1181 2864 1680 2920 immortalitatem
1729 2865 1898 2936 perfi-

233 2955 429 3013 cietur
459 2954 736 3012 Ecclesia.
768 2956 1133 3027 Quapropter
1162 2953 1340 3025 hujus
1392 2953 1624 3009 numeri
1673 2953 1896 3010 ratione

231 3043 487 3101 devotus
508 3043 757 3116 quilibet
778 3041 1035 3116 colligat,
1052 3041 1192 3115 quia
1212 3041 1308 3098 ille
1332 3061 1366 3098 a
1387 3041 1758 3115 corruptione
1777 3059 1898 3098 cor-

228 3132 396 3206 poris
431 3136 491 3190 et
519 3131 727 3189 animm
759 3136 988 3188 tantum
1020 3130 1469 3203 salvabitur,qui
1499 3130 1559 3187 in
1593 3131 1708 3187 ﬁde
1738 3135 1896 3188 recta

228 3205 359 3296 quae
396 3221 657 3278 ternario
707 3237 970 3288 numero,
1004 3225 1062 3276 et
1108 3221 1168 3276 in
1217 3219 1494 3294 operibus
1542 3220 1734 3292 bonis,
1767 3237 1896 3292 qua
1928 3205 1971 3272 C

226 3308 602 3383 decalogo,id
615 3313 705 3366 est
724 3325 968 3365 numero
989 3313 1294 3365 constante
1317 3307 1554 3365 denario
1576 3307 1894 3382 designan-

227 3403 347 3468 tur,
375 3398 444 3454 in
473 3397 667 3454 virum
699 3397 1119 3470 perfectum,in
1144 3415 1485 3453 mensuram
1506 3397 1696 3453 aetatis
1717 3397 1896 3471 pleni-

225 3487 468 3544 tudinis
525 3484 762 3555 Christi,
805 3485 864 3540 in
922 3485 1016 3542 die
1075 3485 1565 3542 remunerationis
1624 3486 1894 3542 inventus

225 3575 435 3634 fuerit.

301 3665 469 3722 τοο
498 3663 777 3720 Ducentis
805 3663 982 3720 etiam
1009 3667 1066 3720 et
1094 3663 1292 3720 decem
1332 3662 1619 3731 versibus,
1652 3664 1722 3719 de
1751 3664 1892 3737 dog-

225 3753 501 3811 matibus
531 3752 944 3810 ecclesiasticis
973 3755 1178 3808 contra
1205 3768 1380 3826 prave
1410 3752 1728 3808 sentientes
1759 3753 1892 3808 doo-

227 3848 440 3899 torum
473 3840 723 3918 loquens
754 3840 1048 3910 sensibus,
1073 3841 1193 3897 haec
1213 3839 1489 3896 columna
1519 3845 1783 3896 constare
1814 3840 1896 3896 di-

225 3931 548 4006 gnoscitur
575 3947 592 3986 :
625 3931 796 4002 cujus
824 3934 914 3987 est
940 3929 1374 4002 supputationis
1405 3929 1518 3986 ista
1546 3928 1896 3996 intentio,ut

225 4022 503 4094 primum
527 4019 1148 4091 incipiamusaminori
1171 4017 1497 4084 numero,id
1513 4022 1648 4073 esta
1669 4019 1890 4085 decem,

224 4115 284 4165 et
311 4109 394 4166 ab
428 4123 499 4166 eo
525 4108 971 4181 progrediamur
999 4109 1058 4163 in
1098 4107 1496 4180 postmodum.
1530 4106 1610 4161 De
1658 4106 1894 4163 denario

224 4198 463 4271 quippe
493 4213 738 4252 numero
769 4195 1040 4252 catholici
1085 4196 1349 4251 doctores
1390 4194 1578 4250 multa
1625 4194 1897 4250 dixerunt

225 4286 465 4343 diserta
492 4290 552 4341 et
581 4285 772 4352 fortia,
805 4302 874 4340 ex
903 4283 1119 4357 quibus
1149 4284 1418 4356 quaedam
1450 4283 1545 4339 hic
1565 4283 1895 4355 compendii

223 4375 436 4432 studio
487 4374 770 4430 adnotare
822 4373 1040 4430 curavi.
1081 4372 1297 4429 Dicunt
1344 4388 1598 4444 namque
1646 4372 1787 4444 quia
1834 4373 1892 4428 in

222 4462 521 4536 decalogo
552 4462 631 4518 sit
656 4466 1031 4518 consecratus
1063 4478 1076 4517 :
1109 4462 1280 4534 cujus
1319 4459 1601 4534 decalogi,
1635 4461 1892 4533 psalterii

2008 1900 2207 1974 quiem
2239 1902 2444 1958 datum
2473 1906 2564 1960 est
2591 1901 2784 1972 (Exod.
2813 1902 2950 1975 xvx).
2985 1903 3054 1958 Et
3087 1903 3144 1957 in
3194 1903 3383 1976 capite
3431 1906 3654 1968 nostro,

2009 1990 2326 2048 Mediatore
2356 1990 2582 2048 scilicet
2603 1991 2704 2048 Dei
2735 1995 2794 2048 et
2821 1991 3131 2048 hominum
3162 1991 3398 2047 homine
3425 1990 3654 2046 Christo

2004 2079 2168 2146 Jesu,
2183 2079 2467 2152 propheta
2495 2080 2898 2154 septiformem
2922 2081 3109 2138 sancti
3129 2080 3384 2153 Spiritus
3403 2079 3654 2152 gratiam

2007 2169 2371 2224 enumeravit
2399 2172 2528 2238 (Isa.
2561 2170 2659 2241 xu).
2694 2171 2928 2242 Septem
2959 2187 3191 2242 quoque
3221 2168 3442 2234 oculos,
3475 2172 3536 2224 et
3563 2183 3652 2224 so-

2008 2263 2166 2330 ptem
2195 2257 2567 2324 candelabra,
2599 2263 2656 2314 et
2683 2263 2907 2331 septem
2937 2258 3150 2331 sigilla,
3172 2261 3232 2314 et
3251 2261 3474 2330 septem
3503 2255 3654 2313 toni-

2007 2350 2157 2413 trua,
2192 2364 2296 2418 pro
2323 2347 2674 2418 perfectione
2704 2347 3006 2420 Scriptura
3035 2364 3202 2403 sacra
3244 2347 3568 2413 enumerat,
3597 2347 3659 2401 et

2007 2452 2110 2507 per
2138 2440 2363 2508 septem
2394 2435 2519 2492 dies
2548 2453 2721 2492 omne
2749 2437 3029 2492 saeculum
3060 2435 3310 2491 volvitur
3336 2435 3519 2506 (Apoc.
3545 2450 3656 2502 I,v,

2005 2543 2081 2592 νι,
2106 2525 2183 2596 x).
2209 2525 2279 2580 Et
2308 2525 2402 2580 his
2434 2525 2666 2581 duobus
2697 2525 2968 2596 perfectis
2997 2523 3549 2592 numeris,ternario
3571 2522 3655 2578 vi-

2006 2613 2219 2669 delicet
2245 2617 2304 2670 et
2331 2615 2660 2686 septenario
2708 2613 2989 2670 denarius
3036 2617 3284 2670 constat.
3318 2613 3422 2668 Est
3451 2611 3653 2682 etiam,

2006 2701 2284 2774 quoniam
2313 2703 2610 2774 geminato
2642 2703 2913 2774 quinario
2945 2721 3209 2772 numero,
3235 2701 3334 2774 qui
3361 2701 3652 2774 perfectus

2004 2796 2096 2846 est
2125 2791 2183 2846 in
2215 2790 2476 2862 quinque
2506 2791 2833 2847 notissimis
2863 2790 3122 2863 corporis
3152 2789 3336 2846 nostri
3357 2788 3650 2857 sensibus,

2005 2885 2062 2936 et
2091 2879 2149 2934 in
2180 2879 2439 2952 quinque
2468 2879 2635 2936 libris
2683 2879 2886 2952 Moysi,
2921 2882 3169 2934 constat.
3201 2878 3314 2935 Sed
3343 2882 3403 2934 et
3431 2877 3504 2933 ab
3535 2891 3652 2933 uno

2004 2985 2108 3041 per
2135 2969 2399 3024 ordinem
2434 2985 2620 3040 usque
2650 2967 2722 3022 ad
2755 2971 3006 3039 quatuor
3029 2983 3304 3023 numeros
3325 2963 3654 3038 completur

2009 3060 2151 3114 76]
2190 3057 2484 3113 denarius.
2520 3055 2712 3112 Unum
2757 3055 2914 3111 enim
2946 3060 3004 3111 et
3032 3055 3148 3111 duo
3177 3059 3237 3111 et
3265 3059 3384 3111 tres
3411 3059 3471 3110 et
3499 3071 3651 3127 qua-

2005 3151 2140 3202 tuor
2169 3145 2344 3202 simul
2377 3145 2725 3210 ducti,ﬁunt
2745 3145 2944 3200 decem
2969 3161 2983 3199 :
3011 3144 3149 3216 quia
3167 3143 3314 3216 legis
3332 3141 3654 3216 Decalog‘us

2006 3252 2110 3308 per
2139 3239 2391 3308 quatuor
2421 3233 2604 3289 libros
2635 3232 2822 3289 sancti
2853 3232 3148 3308 Evangelii
3179 3231 3558 3306 adimpletur.
3591 3233 3661 3289 Et

2003 3324 2250 3379 fortasse
2283 3327 2588 3395 propterea
2617 3320 2718 3394 qui
2747 3322 3159 3378 conducuntur
3189 3320 3262 3377 ad
3292 3319 3654 3388 vineam,ac-—

2005 3413 2231 3484 cipiunt
2262 3412 2497 3467 nomine
2528 3409 2812 3466 mercedis
2843 3410 3173 3476 denarium,
3199 3408 3298 3482 qui
3321 3425 3424 3482 per
3441 3410 3651 3465 semet-

2005 3501 2199 3574 ipsum
2231 3499 2659 3572 multiplicatus
2687 3500 2746 3554 in
2775 3498 3176 3554 centenarium
3225 3496 3436 3571 surgit,
3465 3500 3524 3554 et
3551 3512 3654 3570 per

2005 3589 2404 3644 centenarium
2431 3605 2742 3644 numerum
2768 3605 2982 3662 magna
3001 3586 3277 3660 perfectio
3289 3585 3650 3659 designatur.

2006 3678 2111 3733 Per
2130 3677 2495 3751 geminatum
2518 3681 2715 3732 autem
2739 3676 3223 3743 centenarium,et
3244 3675 3522 3748 perfectio
3539 3674 3655 3748 spi-

2003 3766 2154 3822 ritus
2185 3766 2286 3838 qui
2321 3765 2378 3820 in
2409 3765 2519 3821 hac
2551 3765 2667 3821 vita
2707 3765 2907 3821 electis
2953 3764 3255 3832 tribuitur,
3287 3767 3345 3820 et
3373 3766 3655 3837 perpetua

2001 3854 2120 3910 vita
2149 3855 2438 3927 signatur.
2467 3854 2627 3910 Unde
2656 3854 2875 3911 eisdem
2901 3853 3102 3910 electis
3121 3853 3246 3909 suis
3266 3851 3552 3908 Dominus
3572 3850 3656 3908 di—

2003 3943 2084 3999 cit
2115 3961 2128 3998 :
2166 3945 2362 4000 Omnis
2391 3945 2490 4014 qui
2519 3943 2784 4016 relinquit
2809 3944 3032 3998 domum
3057 3943 3140 3998 vel
3158 3943 3376 4012 fratres,
3395 3948 3493 3997 aut
3509 3955 3656 3998 soro-

2005 4049 2110 4098 res,
2139 4041 2234 4086 aut
2259 4040 2491 4103 putrem,
2523 4040 2619 4087 aut
2647 4040 2894 4100 matrem,
2927 4040 3024 4087 aut
3062 4047 3308 4098 uxorem,
3341 4038 3438 4085 aut
3483 4030 3652 4099 ﬂtios,

2003 4129 2099 4176 aut
2131 4138 2294 4189 agros
2319 4129 2542 4190 propter
2571 4138 2763 4176 nonwn
2795 4135 2996 4184 mwm,
3017 4117 3336 4188 centuplum
3357 4119 3586 4189 accipiet
3603 4125 3656 4172 et

2003 4210 2173 4263 vitam
2231 4215 2496 4264 aeternam
2547 4207 2843 4277 possidebit
2890 4206 3097 4274 (Matth.
3150 4222 3264 4272 nx,
3305 4205 3420 4272 29).
3454 4203 3655 4275 Neque

2003 4295 2160 4350 enim
2191 4299 2432 4350 sanctus
2463 4293 2715 4366 quisque
2745 4293 2872 4349 ideo
2902 4297 3132 4348 terrena
3168 4291 3406 4356 deserit,
3437 4293 3501 4346 ut
3531 4289 3654 4346 haec

2005 4384 2305 4456 possidere
2335 4383 2394 4438 in
2424 4382 2534 4438 hoc
2577 4382 2797 4437 mundo
2844 4369 3234 4453 multiplicius
3277 4377 3483 4452 possit,
3515 4377 3656 4450 quia

2005 4472 2276 4545 quisquis
2300 4476 2528 4528 terreno
2547 4470 2743 4526 studio
2762 4475 2977 4525 terram
2995 4467 3514 4540 relinquit,terram
3537 4485 3654 4523 non

223 4549 511 4641 videlicet
539 4551 741 4641 decem
771 4550 1146 4641 chordarum,
1177 4549 1896 4641 _dec‘em_prwceptz_11_)eus
1927 4577 1972 4641 ι)
2005 4561 2284 4634 relinquit
2312 4562 2414 4616 sed
2445 4560 2669 4632 appetit
2703 4577 2714 4615 :
2750 4576 2937 4631 neque
2969 4558 3071 4630 qui
3101 4574 3281 4614 unam
3303 4572 3542 4614 uxorem
3563 4556 3658 4614 de-

223 4637 468 4697 famnlo
498 4656 606 4696 suo
639 4639 822 4712 Moysi
853 4639 911 4694 in
942 4644 1140 4696 monte
1171 4639 1231 4694 in
1263 4639 1495 4694 duabus
1516 4637 1734 4694 tabulis
1757 4638 1898 4710 lapi-

226 4728 366 4786 deis
398 4727 735 4800 conscripta
763 4727 922 4784 dedit
956 4746 970 4784 :
1005 4729 1118 4784 tria
1141 4729 1199 4782 in
1234 4745 1354 4784 una
1384 4726 1583 4783 tabula
1610 4728 1680 4782 ad
1716 4732 1894 4783 Deum

227 4817 620 4890 pertinentia,
655 4816 795 4890 quia
823 4816 978 4874 Deus
1008 4817 1267 4873 Trinitas
1299 4821 1406 4886 est,
1441 4819 1500 4871 et
1526 4815 1584 4870 in
1627 4817 1896 4889 redemp-

224 4905 422 4962 tionis
451 4911 664 4962 nostrm
698 4905 974 4978 mysterio
1008 4911 1126 4962 tres
1155 4909 1293 4962 sunt
1342 4905 1440 4977 qui
1493 4905 1895 4960 testimonium

225 4995 408 5062 dant,
435 4993 705 5067 spiritus,
728 5011 902 5067 aqua,
926 4998 983 5051 et
1003 4994 1332 5067 sanguis,et
1363 4998 1480 5049 tres
1513 5011 1696 5049 unum
1720 4998 1858 5050 sunt
1880 5011 1892 5048 :

225 5082 493 5157 spiritus
519 5082 722 5155 utique
754 5081 1257 5152 sanctificationis,
1281 5085 1338 5138 et
1357 5080 1599 5156 sanguis
1631 5084 1895 5156 redemp-

221 5171 447 5243 tionis,
468 5177 526 5228 et
549 5188 704 5244 aqua
733 5171 1106 5245 baptismatis
1131 5189 1144 5229 :
1170 5189 1296 5244 qua:
1320 5172 1436 5228 tria
1465 5189 1650 5226 unum
1682 5176 1900 5229 suntet

222 5259 548 5316 individua
576 5265 837 5330 manent,
869 5260 1133 5334 nihilque
1164 5259 1342 5316 etiam
1364 5277 1398 5316 a
1417 5260 1508 5316 sui
1541 5260 1898 5319 connexionc

220 5349 312 5422 sej
323 5347 594 5421 ungitur,
627 5354 685 5406 et
714 5354 780 5405 ut
808 5351 1014 5406 beat-us
1045 5353 1241 5406 cantat
1267 5349 1614 5404 Ambrosius
1648 5367 1661 5404 :

288 5500 498 5565 Omnia
524 5501 666 5551 trina
694 5501 878 5565 vigent
906 5502 1006 5552 sub
1034 5501 1313 5564 majestate
1341 5502 1614 5565 Tonantis.

288 5563 434 5626 Tres
463 5564 687 5626 Patenet
704 5563 1189 5623 Vérbum,sanctus
1217 5577 1432 5626 quoque
1449 5564 1688 5626 Spiritus
1710 5579 1895 5615 unum.

291 5625 470 5676 Trina
497 5625 746 5676 salutaris
775 5629 982 5691 species
1011 5627 1201 5686 crucis,
1235 5625 1708 5689 una’redemptrix.

2007 4650 2148 4706 serit
2177 4654 2414 4706 centum
2445 4651 2792 4720 accepturus
2820 4653 2928 4703 est.
2964 4647 3075 4702 Sed
3111 4664 3213 4719 per
3253 4645 3656 4702 centenarium

2006 4757 2316 4794 numerum
2376 4737 2652 4810 perfectio
2696 4734 3082 4808 designatur:
3117 4738 3430 4808 postquam
3477 4735 3656 4791 etiam

2006 4829 2126 4884 vita
2155 4833 2370 4882 aeterna
2404 4826 2798 4898 promittitur;
2825 4825 2965 4898 quia
2994 4824 3262 4898 quisquis
3288 4842 3390 4897 pro
3420 4824 3521 4879 Dei
3553 4841 3656 4879 no-

2010 4917 2166 4972 mine
2197 4915 2542 4987 temporalia
2581 4918 2755 4986 atquc
2805 4919 3031 4970 terrena
3079 4913 3443 4979 contemmit,
3476 4916 3534 4967 et
3563 4911 3657 4966 hic

2006 5005 2420 5078 perfectionem
2443 5021 2536 5059 me
2559 5005 2657 5060 itis
2679 5004 2977 5076 recipit,ut
2987 5006 3114 5076 jam
3138 5022 3251 5059 non
3275 5004 3511 5074 appetat
3529 5017 3657 5071 quae

2008 5093 2354 5160 contemnit,
2384 5098 2441 5148 et
2469 5091 2528 5147 in
2562 5092 2829 5164 sequenti
2876 5092 3088 5149 smeulo
3136 5093 3209 5148 ad
3258 5091 3385 5147 vita:
3430 5091 3657 5143 aeterna:

2007 5182 2253 5256 gloriam
2286 5182 2571 5254 pervenit,
2605 5200 2732 5252 qua:
2773 5181 3106 5238 centenario
3155 5195 3422 5244 numero,
3453 5174 3555 5248 qui
3584 5177 3659 5232 de

2007 5272 2147 5328 laeva
2177 5273 2528 5328 transfertur
2560 5271 2619 5327 in.
2646 5270 3331 5340 dexteram,designatur.
3357 5265 3518 5322 Unde
3547 5264 3659 5321 hoc

2009 5360 2320 5427 torculum,
2354 5360 2440 5416 vel
2473 5359 2594 5415 hzec
2626 5377 2850 5427 mensa,
2885 5358 3106 5414 scilicet
3149 5357 3352 5410 sancta
3400 5352 3661 5409 Ecclesia

2008 5449 2080 5504 de
2113 5449 2455 5504 fabricatore
2486 5466 2614 5515 suo,
2644 5465 2779 5502 vero
2832 5446 3094 5501 videlicet
3141 5442 3452 5499 Salomone
3495 5441 3657 5510 dicit,

2009 5537 2161 5592 vaa
2183 5539 2300 5608 ejus
2332 5538 2437 5592 sub
2479 5539 2655 5607 capite
2683 5553 2822 5601 meo,
2849 5544 2900 5590 et
2925 5535 3145 5589 dextera
3177 5533 3333 5587 illius
3373 5538 3658 5604 amplexa-

2009 5625 2157 5682 bitur
2185 5644 2268 5682 me
2299 5627 2478 5696 (Cant.
2517 5641 2574 5690 ιι,
2607 5625 2684 5689 6).
2721 5623 2825 5678 Per
2873 5621 3073 5677 laivam
3123 5619 3340 5694 quippe
3384 5620 3513 5692 ejus
3543 5619 3662 5692 vita
