3934 6182
223 338 335 401 829

1121 336 1616 399 EXPLANATIO
1660 336 1738 397 IN
1781 334 2206 400 FERCULUM
2250 316 2721 403 SALOMDNIS.

3505 338 3626 404 830

221 474 485 529 nostrum
515 474 605 527 est
632 487 734 544 per
772 468 940 526 liberi
981 469 1204 526 arbitrii
1244 470 1699 542 subsequentem
1730 469 1863 525 obe-
1894 468 1948 536 Α
1979 485 2187 525 sumus
2208 487 2311 543 per
2328 470 2741 528 abstinentiam
2763 476 3313 547 resurgamus.Qua3
3329 475 3622 533 abstinen-

220 560 519 618 dientiam.
544 559 707 616 Unde
727 563 784 615 et
810 576 929 615 rem
940 558 1337 626 unerabimur,
1358 562 1416 613 et
1436 558 1867 615 misericordias

220 649 450 707 Domini
484 649 544 704 in
575 653 854 705 reternum
886 648 1279 717 cantabimus,
1318 646 1717 703 inobedientes
1764 665 1865 702 au-

218 742 333 795 tem
366 738 577 794 merito
608 737 1066 793 damnabantur.
1091 739 1161 793 Et
1189 736 1325 793 hinc
1375 752 1569 809 regem
1620 736 1868 809 scriptor

217 829 275 884 in
324 827 438 884 isto
490 826 701 883 saeculo
751 827 899 883 bene
949 827 1156 895 vivere,
1182 830 1240 883 et
1286 826 1345 881 in
1399 830 1679 882 aeternum
1729 843 1864 881 cum

217 916 446 974 Christo
480 932 722 989 regnare
764 915 1074 972 desiderat.
1097 916 1178 972 Ea
1221 920 1452 988 propter
1482 919 1537 971 et
1569 914 1627 970 in
1659 916 1863 972 eadem

215 1005 552 1079 prefatione
600 1005 874 1062 denarius
920 1005 1270 1079 geminatur,
1312 1004 1413 1077 qui
1461 1022 1563 1077 per
1613 1008 1865 1077 quatuor

214 1094 404 1151 sancti
434 1094 727 1168 Evangelii
759 1094 941 1150 libros
964 1094 1324 1167 completur:
1347 1095 1489 1167 quia
1508 1099 1564 1151 et
1592 1096 1719 1151 sine
1749 1095 1863 1150 fide

213 1183 578 1256 impossibile
608 1188 698 1240 est
739 1183 967 1257 placere
996 1185 1133 1252 Deo,
1157 1188 1215 1240 et
1244 1185 1389 1240 fides
1421 1184 1545 1241 sine
1585 1184 1860 1256 operibus

213 1277 446 1329 mortua
476 1278 566 1330 est
593 1273 651 1329 in
683 1274 1017 1347 semetipsa.
1043 1274 1153 1329 Sed
1179 1276 1236 1330 et
1260 1274 1318 1328 in
1351 1289 1419 1330 ea
1438 1272 1630 1329 dualis
1654 1291 1858 1330 nume-

211 1380 311 1419 rus
338 1362 713 1436 duplicatur:
740 1362 880 1436 quia
916 1363 1162 1419 scientia
1203 1364 1328 1420 sine
1359 1364 1640 1419 charitate
1670 1362 1855 1431 inflat,

210 1451 468 1509 charitas
498 1457 695 1509 autem
734 1469 869 1508 cum
908 1452 1155 1509 scientia
1191 1471 1337 1509 sana
1375 1452 1657 1509 aedificat:
1682 1456 1739 1508 et
1768 1453 1854 1508 in-

208 1539 477 1597 tellectus
498 1543 589 1597 est
616 1542 806 1598 bonus
832 1541 1110 1599 omnibus
1140 1542 1488 1599 facientibus
1509 1559 1664 1612 eum,
1688 1546 1745 1598 et
1769 1542 1855 1598 di-

204 1629 451 1686 lectione
472 1630 574 1687 Dei
604 1630 860 1704 praalata,
882 1630 977 1687 cui
999 1631 1164 1688 nulla
1191 1631 1424 1693 numeri
1445 1649 1722 1689 mensura
1751 1632 1859 1687 im-

205 1720 467 1792 ponitur,
492 1720 563 1776 de
584 1737 701 1792 qua
722 1737 789 1776 ex
819 1723 938 1777 toto
967 1721 1161 1790 corde,
1185 1724 1243 1777 et
1272 1738 1340 1777 ex
1369 1720 1529 1777 omni
1562 1725 1776 1787 mente,
1800 1724 1857 1776 et

1977 558 2059 614 tia
2086 563 2277 616 totum
2297 562 2425 616 vita:
2448 566 2659 619 nostrae
2682 565 2917 635 tempus
2939 563 2995 617 in
3019 563 3375 621 continentia
3395 583 3429 621 a
3449 565 3622 622 malis

1976 649 2273 720 operibus,
2295 655 2352 707 et
2398 651 2458 706 in
2489 651 2895 709 exercitatione
2924 651 3207 708 virtutum
3252 670 3380 710 esse
3411 656 3621 711 debere

1976 737 2313 810 designans,
2327 757 2429 812 per
2450 741 2837 814 quadraginta
2853 741 3080 797 dierum
3105 758 3413 797 numerum
3433 748 3623 799 custo-

1974 826 2300 900 ditur,quia
2321 829 2473 885 sicut
2492 829 2593 885 filii
2626 830 2898 901 Israel,in
2925 847 3176 903 quorum
3205 829 3399 886 locum
3422 848 3619 888 suces-

1973 914 2183 981 simus,
2202 934 2304 989 per
2324 919 2712 990 quadraginta
2734 936 2938 987 annos,
2958 918 3205 975 transito
3230 919 3377 974 mari
3399 918 3617 987 Rubro,

1972 1004 2032 1059 in
2064 1006 2243 1062 eremi
2274 1008 2541 1063 vastitate
2573 1008 2910 1065 calamitose
2931 1013 3245 1080 antequam
3275 1008 3346 1064 ad
3377 1008 3622 1080 promis-

1972 1093 2154 1149 sionis
2186 1099 2401 1152 terram
2450 1097 2711 1153 venirent
2739 1098 2949 1153 versati
2999 1101 3158 1163 sunt,
3182 1096 3265 1153 ita
3310 1100 3370 1153 et
3420 1114 3527 1152 nos
3558 1097 3619 1151 in

1969 1183 2155 1239 exsilii
2188 1184 2367 1257 hujus
2414 1186 2690 1242 aerumnis
2719 1187 2930 1259 dignas
2976 1186 3382 1242 inob‘edientiae
3415 1203 3618 1258 poenas

1968 1270 2209 1341 luimus,
2234 1279 2550 1347 antequam
2573 1276 2644 1331 ad
2677 1275 2934 1348 paradisi
2956 1275 3173 1348 gaudia
3200 1276 3526 1331 redeamus.
3553 1275 3615 1330 In

1968 1378 2087 1433 qua
2115 1363 2457 1435 probatione
2487 1369 2621 1437 post
2643 1381 2875 1421 sacrum
2906 1363 3201 1438 baptisma
3230 1363 3395 1436 prius
3425 1363 3616 1437 longis

1964 1451 2247 1509 virtutum
2281 1455 2581 1511 exercendi
2620 1454 2929 1527 agonibus,
2963 1472 3029 1511 ac
3060 1453 3269 1510 deinde
3317 1452 3615 1525 perpetuis

1967 1559 2232 1615 supernas
2254 1544 2636 1600 beatitudinis
2656 1562 2865 1602 sumus
2887 1543 3141 1601 donandi
3166 1541 3533 1609 muneribus,
3557 1544 3617 1598 et

1966 1635 2203 1705 accepta
2230 1633 2331 1689 Dci
2361 1633 2509 1707 lege,
2531 1634 2589 1690 id
2622 1639 2712 1691 est
2740 1633 2937 1690 audito
2955 1634 3130 1690 verbo
3151 1632 3368 1701 divino,
3391 1631 3464 1686 de
3494 1629 3612 1702 pri-

1964 1738 2067 1778 sca
2085 1726 2288 1779 nostra
2306 1724 2743 1781 conversatione
2763 1722 2981 1797 egredi,
2997 1740 3064 1779 ac
3085 1720 3463 1779 solitudinem
3482 1718 3611 1773 vita:

201 1823 272 1865 ex
329 1810 608 1866 omnibus
662 1809 885 1866 viribus
946 1810 1163 1866 nostris
1219 1810 1578 1883 praecipitur,
1620 1809 1850 1866 dilectio
1879 1843 1928 1908 Β
1964 1811 2246 1883 spiritalis
2276 1816 2505 1869 constat
2538 1814 2746 1870 debere
2789 1830 2894 1869 nos
2930 1810 3175 1885 ingredi,
3209 1814 3276 1865 ut
3302 1807 3423 1865 vita
3452 1824 3610 1864 nova;

200 1897 452 1971 proximi
486 1898 545 1954 in
574 1899 805 1956 duobus
834 1899 1139 1973 praeceptis
1169 1899 1580 1969 subdividitur,
1605 1917 1739 1956 cum
1762 1898 1849 1954 di-

199 1989 359 2044 citur
377 1989 528 2060 (Tob.
553 2007 639 2058 Iv;
672 1990 853 2046 Matth.
876 1990 1203 2063 vn):Quod
1252 1988 1357 2044 tibi
1409 1989 1531 2045 fieri
1581 2007 1695 2045 non
1743 1988 1851 2058 vis,

197 2076 297 2133 alii
324 2096 396 2133 ne
414 2078 637 2150 feceris,
652 2083 711 2135 et
732 2097 856 2151 qua:
875 2079 1048 2135 vultis
1068 2083 1132 2135 ut
1149 2078 1365 2135 faciant
1379 2078 1543 2135 vobis
1558 2079 1855 2149 homines,

195 2173 256 2224 et
285 2184 391 2224 vos
423 2168 625 2223 eadem
653 2168 822 2224 facite
849 2167 987 2224 illis.

266 2257 596 2330 Completio
624 2258 913 2330 siquidem
938 2275 1233 2314 summam
1257 2275 1531 2315 versuum
1556 2259 1853 2330 proferens

196 2352 332 2403 octo
380 2348 648 2417 versibus
697 2347 908 2420 agitur,
931 2351 988 2403 et
1036 2348 1147 2403 sub
1199 2346 1403 2403 ferculi
1463 2346 1849 2415 reclinatorio,

194 2436 359 2508 quod
391 2436 837 2492 resurrectionis
866 2440 1129 2493 octavam
1157 2436 1308 2493 diem
1336 2438 1719 2505 demonstrat,
1745 2455 1849 2509 po-

194 2524 399 2580 nitur:
426 2525 564 2596 quia
591 2525 745 2580 sicut
766 2529 906 2581 sunt
933 2526 1060 2581 duae
1085 2530 1323 2593 mortes,
1348 2525 1607 2597 corporis
1629 2525 1852 2582 scilicet

193 2630 302 2686 per
331 2613 729 2687 egressionem
752 2614 825 2670 ab
846 2632 911 2671 eo
933 2614 1163 2681 animae,
1185 2618 1241 2670 ct
1270 2613 1479 2671 animai
1511 2631 1614 2687 per
1639 2613 1853 2669 admis-

192 2701 426 2759 sionem
448 2701 507 2758 in
529 2720 592 2759 se
616 2703 837 2776 peccati
858 2720 871 2759 :
892 2704 975 2759 ita
994 2707 1049 2759 et
1066 2704 1193 2759 dum
1215 2707 1354 2760 sunt
1374 2703 1847 2771 resurrectiones,

190 2789 410 2846 animai
440 2789 726 2857 videlicet,
752 2793 985 2864 quando
1011 2792 1389 2865 indulgentiae
1418 2791 1727 2849 vivificatio
1750 2810 1853 2865 per

187 2878 407 2953 dignos
439 2879 790 2953 pamitentia:
841 2881 1064 2937 fructus
1104 2880 1293 2956 gratia
1341 2880 1443 2938 Dei
1491 2882 1847 2954 acquiritur;

192 2968 349 3024 708
371 2972 433 3024 et
453 2969 983 3042 corporis,quando
1016 2971 1074 3027 in
1107 2972 1357 3027 adventu
1388 2970 1621 3027 Domini
1646 2987 1849 3027 omnes

183 3055 468 3114 homines
489 3064 797 3132 resurgent
816 3076 950 3115 cum
968 3060 1309 3133 corporibus
1332 3060 1476 3128 suis,
1492 3063 1549 3117 et
1564 3060 1845 3116 reddituri

184 3150 334 3202 sunt
354 3147 430 3203 de
461 3147 632 3205 factis
661 3147 914 3221 prepriis
945 3148 1230 3205 rationem
1255 3166 1268 3205 :
1293 3153 1350 3205 et
1380 3149 1585 3205 beatus
1606 3149 1707 3221 qui
1738 3148 1845 3204 ha-

182 3234 386 3291 buerit
417 3240 641 3308 partem
665 3236 725 3292 in
747 3236 1169 3294 resurrectione
1191 3237 1400 3310 prima,
1425 3237 1701 3311 quoniam
1730 3255 1845 3295 non
1877 3213 1920 3281 (ἶ

180 3322 440 3380 laadetur
467 3341 501 3380 a
532 3330 718 3381 morte
764 3326 1041 3394 secunda,
1066 3330 1122 3382 et
1152 3325 1396 3399 accipiet
1441 3326 1610 3382 binas
1640 3326 1842 3396 stolas,

181 3411 700 3470 immortalitatem
727 3413 950 3471 scilicet
977 3419 1034 3471 et
1056 3415 1552 3487 incorruptionem
1584 3417 1845 3489 corporis

179 3502 369 3557 simul
392 3506 455 3558 et
474 3503 702 3558 animae.
728 3503 840 3559 Sed
863 3504 1259 3577 significantia
1281 3504 1454 3559 istius
1477 3504 1845 3561 resurrectio-

177 3591 275 3646 nis
309 3590 511 3664 prima
539 3591 740 3648 ordine
772 3597 924 3648 recte
955 3591 1037 3647 illi
1070 3593 1423 3665 supponitur
1452 3611 1578 3666 qua:
1610 3593 1842 3666 praecel-

175 3675 401 3735 lentior
425 3683 516 3735 est
535 3679 820 3753 dignitate
844 3697 857 3735 :
882 3681 1036 3736 sicut
1056 3684 1113 3737 et
1137 3681 1440 3754 Scriptura
1460 3683 1529 3739 de
1552 3699 1840 3755 compun-

171 3768 399 3824 ctionis
420 3784 632 3841 genere
651 3767 827 3824 dicit:
850 3770 1006 3826 Dedit
1032 3770 1124 3826 illi
1146 3778 1303 3842 pater
1329 3788 1482 3838 suus,
1507 3770 1647 3844 quin
1671 3772 1841 3828 Caleb

167 3858 307 3913 Axae
371 3855 541 3925 filiai,
607 3859 845 3928 irrigum
899 3861 1152 3931 superius
1208 3867 1259 3915 et
1313 3861 1552 3929 irrigum
1608 3862 1841 3932 inferius

1961 1902 2419 1960 conversationis
2431 1904 2694 1975 quotidie
2706 1903 2849 1960 casti
2857 1901 3052 1976 gati,si
3072 1904 3284 1957 terram
3303 1900 3617 1973 repromis-

1961 1988 2147 2046 sionis
2178 1991 2394 2047 intrare
2423 1992 2717 2060 volumus,
2749 1992 2917 2065 quasi
2958 1989 3299 2064 quotidiano
3336 1989 3612 2047 Jordanis

1960 2079 2313 2152 baptismate
2361 2080 2637 2154 lacrymis
2685 2081 3083 2138 saluberrima:
3142 2078 3609 2153 compunctionis

1961 2168 2032 2223 ab
2061 2168 2223 2247 omni
2252 2168 2525 2226 vitiorum
2558 2169 2993 2243 subripentium
3024 2168 3368 2242 contagione
3397 2184 3608 2241 purge-

1960 2273 2112 2327 mur,
2138 2259 2303 2330 juxta
2364 2276 2499 2315 eum
2549 2258 2649 2331 qui
2701 2259 2892 2315 dixit:
2946 2258 3159 2314 Lavabo
3203 2274 3303 2329 per
3356 2257 3610 2326 singulas

1957 2355 2134 2403 noctes
2164 2349 2360 2405 lectum
2389 2366 2588 2417 meum,
2623 2350 2881 2422 lacrymis
2914 2356 3144 2405 stratum
3190 2363 3373 2403 meum
3417 2347 3609 2417 rigabo

1957 2437 2134 2504 (Psal.
2158 2454 2235 2503 vr,
2263 2438 2341 2508 7).
2368 2438 2531 2494 Unde
2558 2441 2711 2494 recte
2729 2438 3003 2494 Jordanis
3036 2440 3187 2494 rivus
3203 2436 3412 2508 judicii
3438 2435 3611 2491 inter-

1958 2529 2241 2595 pretatur,
2272 2526 2412 2598 quia
2443 2526 2724 2582 nimirum
2754 2527 2941 2593 electi,
2966 2543 3082 2598 quo
3104 2524 3416 2583 sollicitius
3437 2540 3605 2583 suam

1958 2613 2375 2670 conscientiam
2407 2615 2785 2686 dijudicando
2834 2615 3190 2683 examinant,
3213 2633 3280 2672 eo
3325 2613 3605 2688 largiores

1958 2717 2027 2755 ex
2055 2701 2264 2758 intimo
2295 2704 2487 2759 cordis
2518 2704 2675 2760 fonte
2716 2704 3006 2777 lacrymas
3036 2702 3293 2760 fundunt
3324 2720 3337 2758 :
3375 2707 3439 2758 ut
3468 2702 3606 2775 quia

1959 2790 2156 2845 minus
2185 2792 2470 2864 perfectos
2502 2810 2562 2849 se
2602 2809 2730 2848 esse
2762 2792 3229 2864 deprehendunt,
3254 2792 3456 2847 sordes
3484 2808 3603 2847 suae

1958 2876 2289 2951 fragilitatis
2349 2880 2523 2936 undis
2580 2880 2930 2953 pmnitentiaa
2988 2879 3237 2935 diluant.
3280 2880 3392 2936 Sed
3452 2880 3598 2935 767

1955 2971 2014 3022 et
2044 2966 2436 3039 significantia
2467 2966 2915 3041 quadragenarii
2946 2966 3199 3033 numeri,
3231 2971 3289 3022 et
3320 2966 3602 3022 effusione

1956 3055 2180 3124 diluvii,
2214 3060 2271 3112 et
2301 3056 2361 3112 in
2406 3057 2586 3113 Jacob
2628 3056 2889 3130 planctu,
2921 3056 2980 3111 in
3019 3054 3427 3112 exercitatione
3456 3071 3601 3127 quo-

1955 3161 2069 3217 que
2099 3144 2353 3202 filiorum
2404 3145 2581 3202 Israel
2618 3145 2679 3201 in
2710 3146 2959 3218 deserto,
2991 3149 3165 3217 atque
3217 3144 3276 3200 in
3323 3143 3599 3216 praedica-

1954 3234 2111 3291 tione
2141 3234 2321 3303 Jonae,
2345 3239 2404 3291 et
2433 3234 2564 3291 aliis
2596 3235 2800 3291 multis
2820 3234 3257 3291 ostensionibus
3280 3249 3459 3289 causa
3478 3247 3600 3305 per-

1953 3322 2219 3381 fectionis
2250 3324 2308 3380 in
2340 3324 2642 3397 Scriptura
2670 3323 2865 3396 positi,
2890 3323 3049 3379 aliud
3080 3322 3255 3379 etiam
3296 3336 3598 3393 perneces-

1952 3413 2176 3470 sarium
2209 3412 2439 3469 innuit:
2473 3413 2614 3486 quia
2643 3414 2872 3485 Moyses
2894 3428 3115 3468 morem
3135 3407 3600 3467 circumcisionis

1952 3502 2233 3559 divinitus
2264 3503 2638 3575 imperatum,
2662 3507 2718 3558 et
2738 3500 3185 3575 quadringentis
3214 3504 3271 3556 et
3300 3516 3401 3556 sex
3429 3498 3601 3555 annis

1951 3592 2344 3661 observatum,
2371 3609 2473 3664 per
2492 3591 2880 3664 quadraginta
2907 3607 3094 3646 annos
3124 3589 3182 3645 in
3212 3605 3408 3645 eremo
3427 3584 3600 3645 inter-

1952 3680 2135 3750 misit,
2170 3698 2346 3754 quem
2393 3681 2572 3737 Jesue
2620 3679 2824 3737 cultris
2872 3678 3117 3752 petrinis
3165 3677 3424 3751 perfecit,
3458 3678 3599 3750 quia

1950 3775 2116 3842 petra
2154 3774 2280 3826 erat
2306 3769 2596 3837 Christus,
2629 3773 2686 3826 et
2738 3769 2829 3826 lex
2878 3786 2981 3842 per
3031 3769 3267 3841 Moysen
3299 3767 3437 3823 data
3483 3770 3594 3836 est,

1949 3859 2140 3931 gratia
2184 3863 2241 3915 et
2284 3859 2497 3915 veritas
2544 3876 2648 3931 per
2693 3858 2896 3915 Jesum
2942 3856 3240 3914 Christum
3287 3857 3440 3912 facta
3482 3859 3593 3913 est.

163 3945 380 4014 (ludio.
408 3963 452 4013 ι,
479 3946 596 4013 15);
620 3962 754 4001 cum
786 3946 952 4003 electi
996 3948 1164 4020 prius
1210 3948 1450 4021 plangat
1479 3949 1550 4003 de
1580 3948 1842 4004 inferiori
1950 3948 2109 4003 Idem
2140 3966 2373 4020 quoque
2405 3948 2633 4021 Moyses
2662 3951 2729 4003 ut
2763 3947 2973 4022 legem,
3005 3962 3184 4019 quam
3232 3943 3333 4001 Dei
3380 3941 3595 4018 populo

165 4034 405 4108 irriguo
429 4032 728 4100 anima,ut
748 4051 862 4089 non
882 4034 1133 4090 ducatur
1147 4035 1218 4090 ad
1241 4033 1620 4106 supplicium,
1639 4038 1841 4105 postea
1948 4038 2221 4103 traderet,
2246 4037 2551 4109 acciperet,
2580 4038 2838 4093 secundo
2870 4036 3076 4093 diebus
3103 4034 3491 4107 quadraginta
3512 4034 3598 4106 je-

160 4139 303 4179 vero
340 4122 418 4178 de
461 4120 746 4195 superiori
789 4122 1030 4195 irriguo,
1056 4123 1196 4195 quia
1243 4123 1509 4178 differtur
1556 4139 1591 4177 a
1636 4138 1834 4194 regno.
1937 4124 2376 4195 junavit;Elias
2403 4124 2461 4180 in
2495 4126 2726 4181 deserto
2759 4125 3152 4196 quadraginta
3182 4122 3389 4178 diebus
3420 4122 3597 4177 absti-

161 4211 432 4268 Summa
465 4216 659 4267 autem
692 4210 895 4268 ferculi
942 4227 1218 4267 versuum
1266 4210 1483 4267 heroici
1514 4214 1570 4267 et
1598 4209 1836 4283 elegiaci
1947 4212 2102 4281 nuit;
2136 4213 2263 4286 ipse
2293 4217 2498 4269 auctor
2525 4212 2833 4267 hominum
2866 4213 2938 4267 ad
2971 4210 3238 4267 homines
3265 4208 3501 4265 veniens
3533 4209 3592 4263 in

158 4300 489 4371 carminis,
520 4316 699 4372 quam
740 4316 941 4356 secum
981 4300 1291 4373 complctio
1322 4299 1666 4373 designavit,
1692 4316 1835 4372 qua-
1945 4302 2337 4376 quadraginta
2356 4301 2563 4358 diebus
2586 4300 2814 4357 nullum
2840 4298 3079 4355 omnino
3095 4298 3292 4354 cibum
3313 4296 3589 4369 sumpsit.

156 4389 509 4463 dringentis
540 4390 930 4463 quadraginta
958 4394 1015 4446 et
1056 4408 1159 4447 sex
1196 4390 1463 4447 versibus
1495 4391 1744 4456 constat,
1778 4392 1836 4445 et
1943 4391 2060 4446 Cur
2087 4408 2223 4465 ergo
2252 4389 2313 4446 in
2354 4389 2712 4447 abstinentia
2759 4385 3260 4461 quadragenarius
3307 4400 3592 4440 numerus

153 4495 324 4536 unus
355 4477 563 4534 decies
592 4478 807 4535 ductus
832 4479 1136 4535 denarium
1170 4479 1414 4551 perficit.
1439 4478 1520 4534 De
1550 4495 1665 4551 quo
1697 4476 1837 4550 quia
1944 4480 2289 4547 custoditur,
2311 4478 2422 4536 nisi
2446 4478 2585 4551 quia
2606 4478 2793 4534 virtus
2824 4475 3084 4549 decalegi
3114 4490 3216 4548 per
3243 4474 3425 4530 libros
3454 4489 3591 4545 qua-

148 4569 539 4625 sufﬁcienter
558 4586 739 4641 supra
750 4570 878 4641 jam
897 4569 1298 4636 diximus,boc
1318 4568 1529 4624 iterum
1555 4565 1833 4639 replicare
1865 4583 1911 4648 Π
1942 4574 2076 4625 tuor
2096 4567 2279 4625 sancti
2301 4566 2593 4640 Evangelii
2618 4565 2986 4622 custoditur?
3001 4565 3069 4620 Et
3090 4562 3190 4636 qui
3214 4579 3316 4635 per
3334 4560 3593 4619 carnalia

146 4657 455 4713 vitamus.
476 4656 764 4713 Denarius
785 4656 1001 4714 etenim
1028 4661 1237 4729 quater
1257 4658 1473 4712 ductus
1499 4655 1556 4711 in
1579 4656 1830 4728 quadra—
1944 4658 2234 4714 desideria
2254 4656 2511 4729 decalegi
2542 4656 2821 4711 mandata
2837 4653 3319 4726 contempsimus,
3343 4651 3588 4725 dignum

144 4746 484 4821 genarium
506 4746 697 4818 surgit
720 4764 733 4801 :
759 4745 898 4818 quia
918 4750 1059 4802 tunc
1081 4745 1338 4817 decalegi
1365 4746 1641 4800 mandata
1663 4747 1835 4818 perfi~
1945 4751 2036 4802 est
2060 4750 2121 4801 ut
2140 4746 2406 4801 eamdem
2428 4762 2663 4801 carnem
2687 4748 2893 4817 quater
2912 4742 3106 4798 decies
3138 4741 3473 4815 affligamus
3496 4757 3508 4795 :
3532 4744 3592 4795 et

145 4836 533 4906 cimus,cum
557 4835 813 4906 profecto
836 4839 1087 4907 quatuor
1115 4833 1294 4889 libros
1321 4833 1505 4889 sancti
1540 4834 1829 4905 Evangelii
1943 4839 2008 4889 ut
2030 4853 2131 4907 per
2150 4833 2407 4907 decalegi
2434 4835 2842 4889 mandatorum
2877 4833 3229 4904 custodiam,
3253 4851 3319 4889 ac
3343 4848 3443 4905 per
3472 4831 3589 4889 Deo

143 4922 581 4980 custodimus:
604 4940 750 4995 quos
771 4923 1057 4980 humilius
1079 4921 1576 4989 conservamus,si
1600 4924 1754 4977 unde
1774 4926 1832 4978 et
1939 4924 2179 4997 dignam
2211 4922 2647 4990 abstinentiam,
2670 4924 2741 4978 ad
2771 4927 3046 4979 aeternam
3078 4925 3277 4993 vitam,
3301 4942 3428 4997 qua:
3459 4942 3588 4981 cen-

141 5029 272 5085 quo
296 5015 365 5067 et
393 5009 653 5085 qualiter
681 5011 1001 5068 cecidimus
1031 5011 1391 5068 incessanter
1421 5010 1760 5083 aspicimus.
1782 5011 1828 5066 A
1936 5013 2160 5068 tenario
2193 5029 2435 5068 numero
2467 5011 2827 5084 designatur,
2853 5013 3140 5087 quadriga
3160 5012 3502 5085 Evangelica
3530 5016 3587 5067 et

136 5101 404 5175 regione
437 5098 732 5172 siquidem
762 5105 978 5167 nostra,
1003 5100 1060 5156 id
1094 5105 1183 5157 est
1214 5118 1248 5155 a
1278 5099 1569 5172 paradiso,
1593 5100 1650 5155 in
1673 5099 1825 5155 hanc
1935 5100 2332 5157 cardinalibus
2349 5105 2601 5173 quatuor
2616 5100 2932 5157 virtutibus
2955 5102 3335 5175 perferamur,
3351 5116 3585 5156 necesse

145 5186 509 5248 convallem
550 5186 940 5262 laerymarum
984 5188 1391 5261 superbiendo,
1424 5187 1830 5257 inobediendo,
1940 5194 2030 5245 est
2061 5194 2125 5245 ut
2151 5190 2652 5263 quadragenarius
2684 5207 2965 5247 numerus
2997 5208 3098 5263 per
3125 5188 3382 5261 decalegi
3415 5188 3587 5244 dena-

137 5277 433 5337 visibilia
452 5278 984 5349 sequendo,cibum
998 5277 1241 5334 vetitum
1257 5278 1550 5350 gustando
1567 5276 1832 5333 discessi-
1939 5278 2093 5335 rium
2126 5278 2569 5352 multiplicetur,
2601 5283 2657 5335 ct
2687 5280 2771 5336 sic
2813 5281 2885 5335 ad
2936 5277 3581 5351 quadringentesimum

139 5385 319 5437 mus,
348 5365 461 5420 sed
495 5365 568 5419 ad
598 5382 727 5420 eam
761 5383 994 5421 necesse
1024 5370 1114 5421 est
1145 5370 1209 5421 ut
1239 5366 1449 5431 flendo,
1483 5366 1827 5436 obediendo,
1938 5385 2249 5423 numerum
2283 5369 2573 5424 efferatur.
2600 5368 2996 5439 Quadraginta
3016 5366 3172 5421 enim
3202 5365 3394 5422 decies
3423 5367 3582 5422 ducti

122 5454 418 5513 visibilia
448 5456 901 5521 contemnendo,
933 5460 1112 5527 atque
1155 5455 1479 5527 appetitum
1512 5456 1706 5510 carnis
1740 5473 1825 5511 re-
1936 5456 2395 5529 quadringentos
2444 5458 2728 5521 efficiunt,
2763 5458 2901 5527 quia
2947 5456 3018 5510 ad
3067 5459 3340 5510 mternam
3380 5455 3581 5525 vitam,

126 5542 452 5601 frenando
485 5543 815 5600 redeamus.
840 5545 910 5600 Et
929 5544 1068 5616 quia
1091 5545 1161 5599 ah
1186 5543 1372 5615 ipsius
1403 5543 1656 5615 paradisi
1689 5561 1826 5616 gau-
1935 5563 2060 5618 qua:
2083 5546 2415 5602 centenario
2439 5563 2681 5601 numero
2711 5550 2768 5600 et
2798 5544 2905 5599 hoc
2928 5547 3134 5615 quater
3154 5544 3331 5601 ducto
3362 5546 3581 5619 figura-

124 5634 249 5693 diis
286 5648 414 5705 per
444 5629 644 5687 cibum
669 5632 1013 5703 cecidimus,
1035 5633 1107 5689 ad
1136 5632 1254 5688 haec
1288 5632 1347 5687 in
1381 5637 1666 5703 quantum
1700 5651 1825 5704 pos-
1930 5639 2046 5702 tur,
2071 5634 2236 5691 electi
2268 5651 2492 5701 omnes,
2518 5651 2633 5689 non
2665 5632 2857 5689 solum
2888 5632 2959 5689 de
2989 5632 3426 5708 incorruptione
3456 5635 3580 5694 ani-
