3934 6182
175 341 278 403 833

177 475 293 533 Hac
321 475 388 530 ut
413 471 580 530 vobis
609 471 772 529 nulla
801 472 972 539 desit,
1007 470 1171 528 Carle
1201 471 1398 538 charc,
1431 470 1618 544 gratia

177 565 453 620 Versuum
484 577 762 619 mensura
788 561 1014 635 pandit,
1031 563 1206 633 atque
1227 577 1473 616 terarum
1496 558 1816 632 quantitas.

179 653 340 726 ngis
368 667 595 708 necnon
627 667 833 707 mensa
861 651 1020 707 dives
1053 654 1438 722 cognomento
1471 648 1778 717 ferculum,

181 742 459 815 Prompsit
485 741 651 798 vobis
673 759 818 796 sana
839 740 1110 812 princeps
1127 757 1229 810 per
1247 740 1550 794 doctorum
1576 737 1813 793 fercula.

179 835 300 900 Quae
332 831 508 904 plano
541 847 808 886 sermone
839 831 997 884 dicta
1027 828 1235 882 strinxi
1269 828 1394 899 lege
1425 827 1779 892 carminum,

179 923 238 978 Et
265 937 439 994 prosa
467 920 690 976 diserta
709 919 879 990 junxi
909 918 1156 974 diversis
1190 922 1253 972 ut
1283 917 1498 973 calleas

179 1011 355 1082 Supra
382 1009 653 1080 quaedam
687 1023 894 1080 nempe
925 1008 996 1063 de
1027 1006 1120 1062 his
1149 1005 1452 1080 explanavi
1481 1005 1725 1078 largius,

178 1099 657 1156 Uttranscurrens
668 1097 886 1170 quippe
907 1097 1174 1169 qumdam
1188 1095 1517 1168 computavi
1531 1095 1692 1150 strict
1703 1095 1816 1162 ius,

723 339 1110 400 HINCMARI
1154 336 1560 400 OPUSCULA
1607 336 1866 399 VARIA.
1905 371 1980 379 —
2007 337 2109 399 DE
2155 337 2380 398 REGIS
2423 338 2815 412 PERSONA,
2846 339 3019 402 ETC.

3449 337 3570 399 834

1837 471 1892 538 Α
1921 469 1990 526 Et
2017 470 2067 526 si
2098 469 2343 543 dignum
2374 469 2580 526 stricta
2607 469 2776 526 ducis
2805 469 3079 542 explicari
3103 469 3354 544 plenius.

1926 560 2149 614 Adsum
2179 558 2328 615 votis
2360 559 2506 614 forte
2539 558 2707 614 nobis
2737 557 2787 614 si
2808 559 3104 615 donantur
3130 558 3250 615 otia

1926 648 2176 704 Prendat
2206 665 2304 704 rex
2333 665 2459 722 quae
2489 645 2700 720 praesul
2734 648 2921 716 offert,
2953 651 3011 703 et
3039 648 3404 705 demonstret
3445 665 3572 707 mo-

3325 738 3504 794 .ribue

3325 756 3383 792 .ri

1926 828 2114 882 Sensu
2145 827 2317 882 vel-bo
2349 827 2469 882 hinc
2502 827 2560 882 in
2593 830 2725 882 actu
2759 825 2988 882 cunctis
3016 842 3194 898 regno
3214 737 3468 882 subldifi:

1927 917 2126 988 Longa
2155 915 2288 971 felix
2316 917 2470 971 vivat
2498 915 2610 972 isto
2640 916 2846 972 Carius
2874 914 2993 971 vita
3020 913 3252 982 saeculo,

1924 1003 2095 1060 Vivat
2123 1003 2320 1062 clarus
2339 1022 2572 1077 semper
2591 1003 2746 1060 almo
2767 1009 3107 1060 sanctorum
3139 1003 3198 1059 in
3225 1004 3538 1060 consortio.

1175 1262 2580 1550 HINCMABI

1384 1617 1927 1674 ARCHIEPISCOPI
1963 1617 2375 1674 ItHEMENSlS

923 1789 2023 1949 OPUSCULA
2156 1787 2838 1949 VARIA

651 2283 794 2366 DE
857 2283 1184 2368 REGIS
1242 2282 1759 2370 PERSONA
1821 2283 1965 2367 ET
2033 2281 2383 2368 HEGIO
2446 2279 3118 2368 MINIS'I‘ElilO

1331 2434 1424 2486 AD
1461 2431 1804 2488 CAROLUM
1845 2431 2138 2486 CALVUM
2183 2431 2451 2487 HEGEM.
2493 2464 2502 2472 -

1089 2558 1264 2622 (Apud
1293 2558 1657 2618 Sirmondum,
1691 2571 1752 2605 ex
1783 2557 1965 2606 codice
1995 2557 2049 2605 S.
2084 2557 2306 2620 Remigii
2341 2557 2694 2619 lllnemensis.)

821 2778 1216 2836 ΡΒίΕΡΑΤΙΟ.

258 2921 510 2979 Domino
527 2921 780 2995 glorioso
803 2922 1053 2979 fideliter
1073 2923 1314 2980 devotus
1331 2927 1389 2980 et
1403 2923 1602 2980 devote
1625 2921 1834 2978 ﬁdelis.

257 3011 657 3068 Obaudientes
687 3016 1043 3085 praeceptum
1072 3011 1304 3068 Domini
1352 3029 1455 3084 per
1492 3011 1836 3085 prophetam

183 3099 468 3172 jubentis,
501 3102 784 3170 Interroga
809 3101 1104 3157 sacerdotes
1143 3102 1316 3170 legem
1363 3119 1541 3158 meam
1588 3101 1743 3174 (Agg.
1775 3118 1835 3169 ιι,

194 3192 298 3258 12),
331 3207 516 3263 super
541 3189 897 3262 quibusdam
926 3189 1201 3262 capitulis
1231 3207 1323 3246 me
1353 3189 1655 3246 consulere
1674 3189 1839 3246 vobis

194 3275 433 3350 placuit.
455 3279 538 3336 De
556 3279 772 3351 quibus
793 3278 1072 3350 quoniam
1103 3297 1206 3353 per
1230 3297 1291 3336 se
1306 3279 1532 3336 Veritas
1553 3279 1714 3347 dicit,
1736 3279 1843 3346 Qui

193 3384 228 3422 ιι
250 3369 537 3438 semetipso
563 3368 826 3440 loquitur,
857 3369 1093 3436 gloriam
1116 3370 1402 3440 propriam
1429 3369 1634 3440 quaerit
1661 3368 1840 3440 (Joan,

194 3473 288 3524 vn,
313 3458 430 3524 18),
454 3455 700 3529 dignum
730 3457 870 3512 duxi
902 3473 1017 3512 non
1053 3457 1210 3512 nudo
1242 3474 1370 3512 meo
1391 3473 1659 3514 sermone
1680 3455 1843 3514 vobis

197 3545 543 3618 rependere,
574 3545 675 3602 sed
733 3546 877 3618 quid
923 3546 983 3602 in
1041 3545 1362 3619 Scripturis
1409 3545 1593 3602 sacris
1636 3549 1696 3602 et
1743 3561 1846 3618 per

195 3633 517 3691 catholicos
545 3633 808 3691 doctores
835 3633 973 3690 inde
1002 3633 1280 3708 loquatur
1303 3634 1556 3708 Spiritus
1581 3639 1842 3706 sanctus,

197 3723 490 3796 quosdam
547 3723 866 3780 odoriferos
919 3723 1218 3796 ﬂosculos,
1251 3728 1315 3780 ut
1353 3741 1552 3781 revera
1588 3725 1662 3779 de
1705 3739 1844 3796 agro

196 3812 391 3886 pleno,
427 3811 862 3884 Scripturarum
891 3812 1112 3869 scilicet
1147 3830 1376 3886 campo,
1409 3813 1502 3869 cui
1551 3813 1849 3870 benedixit

197 3900 506 3969 Dominus,
521 3900 771 3958 breviter
789 3901 850 3956 in
875 3918 1057 3957 unum
1079 3901 1242 3959 vobis
1263 3901 1552 3974 colligere.
1567 3903 1636 3958 Et
1657 3902 1849 3960 sciens

198 3989 554 4062 pollicitum,
587 3989 734 4058 Quod
779 3994 1269 4063 supererogaveris,
1319 4007 1416 4060 ego
1461 4008 1587 4046 cum
1632 3991 1849 4048 rediero

196 4080 425 4136 reddam
453 4078 557 4136 tibi
583 4079 736 4148 (Luc.
765 4097 822 4148 x,
850 4082 962 4150 15),
979 4081 1051 4136 de
1071 4079 1164 4136 his
1191 4097 1318 4152 qua:
1342 4080 1502 4153 regio
1524 4077 1850 4136 ministerio

195 4169 362 4228 vobis
391 4186 433 4226 a
459 4169 577 4226 Deo
606 4169 923 4226 commisso
954 4174 1283 4243 competere
1311 4168 1451 4238 vidi,
1485 4168 1654 4242 quasi
1695 4167 1848 4226 scin-

196 4258 357 4315 tillas
387 4258 678 4314 micantes
704 4257 916 4314 lumini
945 4258 1200 4314 scientia:
1230 4262 1430 4316 vestrae
1463 4256 1848 4332 superadjeci.

195 4347 347 4414 Quia
370 4363 534 4415 vero,
567 4351 632 4403 ut
661 4347 932 4404 Comicus
963 4346 1104 4404 dicit
1131 4349 1274 4418 (Ter.
1309 4349 1370 4404 in
1397 4347 1592 4416 Andr.)
1621 4363 1636 4402 :

421 4454 750 4518 Obsequium
777 4455 995 4516 amicos,
1019 4454 1212 4507 veritas
1239 4455 1422 4506 odium
1445 4455 1604 4519 parit,

195 4567 254 4619 et
285 4577 408 4619 non
442 4559 1062 4632 assentatio,videlicet
1091 4561 1368 4632 adulatio,
1391 4561 1640 4636 principi
1671 4579 1738 4618 ac
1759 4561 1856 4618 do-

198 4652 364 4707 mino
375 4653 548 4708 terra:
567 4647 791 4723 placere
812 4651 1254 4719 debet,minime
1275 4654 1471 4708 autem
1493 4652 1853 4708 sacerdotem

195 4741 414 4796 Sectari
447 4754 578 4795 eam
608 4744 854 4812 oportet,
878 4740 930 4796 si
958 4741 1242 4812 quiddam
1274 4741 1607 4797 mordacius
1629 4741 1852 4796 dictum

195 4827 257 4884 in
291 4819 609 4884 sententiis
632 4843 667 4883 a
688 4844 781 4884 me
802 4827 1061 4885 collectis
1079 4830 1150 4885 de
1167 4831 1321 4903 regis
1343 4847 1594 4903 persona
1625 4835 1682 4886 et
1697 4829 1854 4903 regio

198 4915 537 4973 ministerio
566 4915 924 4983 inveneritis,
958 4935 1074 4974 non
1114 4924 1317 4974 contra
1344 4935 1468 4988 vos,
1502 4935 1718 4992 quaeso,
1751 4919 1853 4975 sed

194 5022 304 5079 pro
334 5005 510 5061 vobis
539 5020 637 5060 eas
667 5021 760 5062 me
806 5005 1110 5080 collegisse
1159 5008 1400 5080 putetis,
1431 5009 1708 5081 quoniam
1755 5012 1856 5064 aut

194 5093 381 5150 talem
413 5093 478 5150 in
500 5093 858 5167 benignitate
883 5112 950 5151 ac
970 5096 1246 5166 bonitate,
1281 5097 1434 5154 sicut
1464 5097 1602 5171 ipso:
1633 5096 1854 5152 descri-

193 5183 351 5239 bunt
367 5185 696 5252 sententiae,
719 5201 821 5240 vos
842 5202 969 5242 esse
991 5190 1050 5242 et
1088 5187 1170 5243 sic
1205 5203 1374 5260 agere
1395 5187 1538 5256 scio,
1561 5191 1662 5242 aut
1679 5185 1856 5242 talem

194 5285 330 5328 esse
353 5277 414 5328 et
433 5271 519 5328 sic
539 5289 708 5346 agere
729 5273 1040 5347 cupio.Huj
1050 5291 1119 5331 us
1141 5281 1334 5332 autem
1357 5275 1539 5332 libelli
1558 5274 1856 5332 sententiae

1867 2781 1916 2846 Β
1945 2794 2074 2850 qua:
2094 2777 2143 2832 si
2163 2777 2473 2833 exitialiter
2482 2782 2722 2851 agentes
2737 2777 2906 2834 aliter
2916 2795 3032 2834 non
3045 2781 3344 2853 potuerint
3357 2782 3592 2856 corrigi,

1944 2866 2252 2939 temporali
2285 2871 2471 2923 morte
2499 2867 2921 2940 praecipiuntur
2939 2869 3367 2944 multari,un
3395 2889 3429 2927 a
3457 2857 3593 2945 qui?

1945 2956 2198 3012 busdam
2228 2955 2445 3012 dicitur
2472 2956 2811 3012 contradici.
2843 2959 2995 3014 Tum
3043 2959 3184 3032 quia
3231 2977 3330 3016 rex
3357 2965 3596 3034 propter

1948 3044 2341 3100 ministerium
2368 3044 2615 3118 regium,
2649 3044 2826 3102 etiam
2858 3063 2964 3103 nec
2987 3047 3440 3123 quibuscunque
3468 3065 3594 3123 pra-

1947 3133 2295 3206 pinquitatis
2325 3133 3085 3204 necessitudinibus,contra
3105 3137 3290 3194 Deum
3307 3143 3598 3196 sanctam-

1949 3238 2064 3294 que
2085 3222 2402 3278 Ecclesium
2419 3227 2594 3296 atque
2615 3227 2818 3280 contra
2839 3225 3264 3297 rempublicam
3285 3227 3596 3300 agentibus

1951 3311 2353 3380 criminaliter,
2385 3313 2593 3368 affectu
2622 3312 2840 3368 carnali
2871 3329 3110 3386 parcere
3141 3315 3370 3372 debeat.

1953 3501 2088 3556 CAP.
2122 3500 2164 3555 Ι.
2200 3532 2268 3542 —
2299 3500 2448 3568 Quod
2497 3501 2660 3556 bonos
2704 3516 2855 3586 rcges
2899 3503 3040 3558 Deus
3083 3504 3241 3576 facit,
3271 3505 3445 3562 malos
3477 3523 3600 3579 per-

2687 3591 2878 3648 mittit.

2027 3760 2334 3829 Quoniam,
2371 3763 2437 3814 ut
2479 3759 2765 3832 scriptum
2821 3764 2930 3829 est,
2961 3763 3185 3819 Domini
3236 3771 3316 3820 est
3366 3780 3603 3836 regum

1955 3851 2126 3923 (Psal.
2157 3865 2274 3920 xxx,
2309 3850 2417 3919 l9),
2449 3857 2503 3904 et
2543 3850 2637 3904 cui
2676 3849 2912 3906 voluerit
2957 3850 3112 3908 dabit
3158 3853 3300 3909 illud
3324 3855 3488 3924 (Dan.
3523 3871 3600 3925 tv,

1957 3939 2046 4011 ili)
2081 3955 2094 3994 :
2127 3942 2185 3994 et
2213 3938 2368 3993 sicut
2397 3937 2605 3994 beatus
2631 3938 2998 4010 Augustinus
3027 3938 3088 3996 in
3137 3940 3286 3997 libro
3329 3942 3400 3999 de
3443 3942 3603 4000 Bono

1957 4025 2397 4100 perseverantiae
2415 4026 2557 4082 dicit
2579 4029 2720 4098 (cap.
2743 4028 2799 4100 6)
2822 4043 2836 4083 :
2866 4050 2894 4078 «
2919 4027 3076 4084 Nihil
3098 4029 3166 4085 ﬁt
3187 4029 3301 4087 nisi
3322 4032 3480 4105 quod
3501 4037 3606 4090 aut

1879 4148 1924 4215 Β
1961 4116 2114 4172 Deus
2146 4115 2302 4181 facit,
2318 4118 2419 4170 aut
2440 4113 2564 4170 ﬁeri
2575 4115 2600 4186 j
2611 4120 2737 4214 uste
2761 4115 3105 4187 permittit,»
3125 4134 3260 4175 cum
3279 4119 3416 4176 boni
3439 4137 3605 4194 reges

1959 4203 2386 4277 regnant,sicut
2401 4202 2502 4258 Dei
2523 4201 2712 4275 gratia
2732 4203 2869 4260 boni
2890 4208 3050 4275 sunt,
3073 4204 3156 4262 ita
3173 4209 3232 4262 et
3249 4206 3368 4264 Deo
3399 4213 3606 4281 agente

1960 4297 2226 4365 regnant,
2249 4291 2402 4348 sicut
2421 4291 2546 4364 ipse
2565 4290 2708 4347 dicit
2729 4308 2742 4346 :
2761 4293 2869 4349 Per
2884 4309 2970 4349 me
2988 4309 3140 4364 reges
3165 4303 3398 4367 regnant
3417 4300 3602 4367 (Prov.

1959 4399 2081 4452 vm,
2107 4383 2224 4455 15);
2256 4385 2314 4438 et
2340 4398 2476 4437 cum
2498 4379 2637 4436 mali
2660 4397 2826 4454 reges
2850 4386 3115 4454 regnant,
3129 4383 3284 4440 sicut
3303 4384 3444 4441 mali
3467 4390 3604 4444 sunt

1960 4488 2068 4528 suo
2086 4470 2244 4539 vitio,
2265 4469 2346 4526 ita
2373 4475 2429 4527 et
2449 4485 2694 4542 regnare
2710 4469 3134 4542 permittuntur
3143 4472 3339 4529 divino
3354 4473 3604 4545 judicio,

1961 4560 2256 4616 interdum
2277 4557 2523 4626 occulto,
2541 4559 2644 4615 sed
2665 4576 2971 4632 nunquam
2986 4559 3068 4633 inj
3079 4566 3230 4634 usto,
3247 4561 3401 4620 sicut
3419 4565 3606 4638 scrip-

1960 4655 2088 4705 tum
2119 4653 2243 4704 est:
2271 4649 2376 4717 Qui
2402 4649 2538 4720 facit
2560 4664 2794 4718 regnare
2823 4649 3167 4722 hypocritam
3190 4660 3412 4725 propter
3425 4669 3610 4727 pecca-

1961 4749 2017 4795 ta
2042 4739 2238 4812 populi
2267 4738 2380 4812 (Job
2399 4755 2588 4806 xxxxv,
2621 4739 2731 4810 30).
2764 4740 2917 4795 Facit
2945 4739 3170 4797 dictum
3201 4746 3312 4811 est,
3327 4759 3396 4799 ex
3434 4745 3610 4816 justi-

1961 4828 2053 4884 tiae
2085 4826 2462 4882 retributione
2487 4829 2772 4898 permittit,
2801 4844 2869 4884 co
2893 4827 3207 4887 locutionis
3243 4848 3454 4905 genere
3493 4851 3609 4906 quo

1963 4917 2198 4988 dicitur,
2255 4915 2542 4972 Induravit
2591 4917 2853 4973 Dominus
2904 4935 2999 4975 cor
3051 4920 3363 4978 Pharaoni:
3415 4923 3606 4992 (Exod.

1964 5024 2038 5076 lx,
2076 5007 2182 5077 12).
2211 5005 2494 5061 Induravit
2521 5005 2745 5073 dictum
2779 5011 2888 5074 est,
2921 5025 3025 5080 per
3051 5009 3302 5082 gratiam
3335 5027 3450 5066 non
3482 5027 3608 5066 mo-

1962 5093 2224 5164 livit,sed
2258 5112 2326 5150 ex
2338 5095 2586 5166 justitiaa
2614 5095 2997 5153 retributione
3026 5097 3289 5154 indurari
3320 5097 3608 5170 permisit.

1963 5189 2044 5240 De
2075 5183 2426 5256 quibus,qui
2459 5201 2575 5239 non
2627 5184 2874 5242 faciente
2921 5187 3022 5242 sed
3072 5187 3190 5242 Deo
3238 5185 3611 5259 permittente

1967 5278 2234 5347 regnant,
2253 5272 2538 5329 Dominus
2568 5291 2672 5346 per
2699 5274 3046 5346 prophetam
3067 5275 3351 5346 quaeritur
3369 5273 3608 5332 dicens:

194 5360 464 5417 triformi
486 5365 625 5418 sunt
644 5361 980 5418 collectione
999 5363 1311 5420 distinctae.
1329 5365 1520 5421 Primo
1533 5364 1769 5438 quidem
1788 5365 1860 5420 de
1967 5364 2079 5436 Ipsi
2107 5371 2489 5435 regnaverunt,
2503 5371 2555 5418 et
2581 5380 2691 5419 non
2719 5379 2790 5419 ex
2816 5381 2902 5418 me
2921 5381 2940 5416 :
2956 5364 3236 5435 principes
3263 5364 3610 5432 exstiterunt,

193 5459 462 5523 persona
481 5449 634 5523 regis
649 5454 708 5507 et
726 5449 884 5524 regio
918 5452 1244 5510 ministerio
1282 5454 1340 5509 in
1382 5453 1640 5527 generali
1675 5453 1862 5526 reipu-

1965 5462 2151 5509 etnon
2177 5455 2403 5521 cognovi
2433 5451 2572 5522 (Ose.
2605 5469 2728 5521 vm,
2763 5453 2836 5520 4).
2871 5474 2899 5501 ‹‹
2933 5453 3014 5507 Ex
3041 5468 3125 5521 se,
3158 5451 3352 5528 inquit
3396 5452 3613 5527 Grego-

193 5520 374 5596 blica:
407 5520 608 5596 causa.
638 5520 858 5597 Deinde
887 5557 1016 5613 qua:
1047 5542 1254 5598 debeat
1303 5520 1432 5602 esse
1477 5520 1779 5600 discretio-
1801 5542 1862 5599 in
1893 5520 1942 5586 D
1971 5543 2093 5598 rius
2123 5520 2417 5612 (Pastoral.
2444 5520 2569 5613 cup.
2605 5542 2679 5614 1),
2710 5520 2770 5597 et
2815 5557 2928 5596 non
2975 5557 3044 5594 ex
3101 5520 3342 5599 arbitrio
3393 5520 3614 5601 sum'mi

195 5627 637 5700 misericordia,
651 5633 710 5688 et
737 5628 808 5688 de
833 5629 1056 5689 ultione
1083 5631 1428 5707 specialium
1457 5647 1862 5710 personarum,
1973 5630 2216 5692 rectoris
2248 5635 2514 5706 regnant,
2549 5630 2651 5706 qui
2680 5627 2860 5688 nullis
2873 5627 3014 5688 (uiti
3043 5627 3614 5712 virtutibus,neque-
