3934 6182
368 323 485 382 843

1140 321 1528 384 HINCMARI
1576 325 1818 386 RHEM.
1865 325 2229 386 ARCHIEP.
2277 319 2684 386 OPUSCULA
2732 325 2994 386 VARIA.

3599 329 3698 390 θιι

368 473 540 510 suum
566 455 657 509 cui
686 453 1112 509 volueritetcui
1127 455 1539 524 jusseritdari,
1563 459 1932 530 Augusttnus
1953 457 2011 513 in
2040 458 2096 524 Α
2125 474 2239 529 que
2270 457 2382 529 ipsi
2413 457 2730 529 Spartanos
2761 457 2986 514 mutuis
3016 457 3141 512 suis
3170 456 3434 529 caidihuo,
3447 458 3697 530 adjuvant.

367 545 515 600 libro
546 544 616 599 de
642 543 881 598 Civitate
914 543 1009 596 Dei
1043 544 1430 614 demonstrat,
1465 544 1666 600 dicens
1696 546 1816 617 (lib.
1850 564 1928 613 ιν,
1960 565 2010 602 c.

369 637 456 702 17)
489 651 541 688 :«
573 633 890 688 Victoriam
921 633 1304 704 Omnipotens
1336 633 1536 705 mittit,
1568 639 1742 706 atque
1774 635 1874 690 illa
1895 640 2017 690 tan-

366 741 545 798 quam
581 722 699 794 regi
732 722 974 776 deorum
1007 721 1422 794 obtemperans
1459 724 1528 777 ad
1579 740 1728 794 quos
1767 725 2015 794 jusserit

367 813 544 880 venit,
577 816 633 866 et
663 810 722 865 in
753 827 954 865 eorum
989 815 1150 882 parte
1180 811 1452 864 considit.
1490 812 1603 866 lloc
1633 828 1765 866 vero
1811 813 1884 868 de
1915 813 2014 870 illo

367 917 500 957 vero
533 915 665 972 rege
713 898 1057 955 saeculorum
1089 898 1326 964 dicitur,
1349 899 1504 970 quod
1554 899 1751 956 mittat
1780 918 1894 956 non
1925 901 2015 957 vi-

371 989 638 1058 ctoriam,
672 1005 798 1060 quae
847 986 1012 1042 nulla
1059 987 1391 1042 substantia
1445 991 1554 1054 est,
1588 988 1687 1042 sed
1738 989 2012 1061 angelum

371 1094 568 1143 suum,
599 1080 657 1132 et
684 1075 823 1130 facit
851 1075 1076 1130 vincere
1124 1092 1296 1145 autem
1345 1075 1609 1129 voluerit.
1659 1078 1841 1146 Cujus
1880 1095 2015 1132 con-

371 1165 570 1222 silium
604 1164 896 1220 occultum
931 1180 1060 1218 esse
1093 1167 1300 1235 potest,
1323 1163 1590 1234 iniquum
1620 1183 1732 1219 non
1769 1173 2015 1236 potest.»

369 1292 506 1347 CAP.
558 1289 682 1346 XIII
752 1319 821 1328 —
875 1290 1044 1342 Deum
1103 1288 1321 1359 quando
1374 1297 1662 1361 pugnatur
1711 1299 1910 1358 astare,
1968 1303 2020 1350 et

679 1361 851 1432 justa'e
874 1361 1024 1430 parti
1052 1361 1334 1414 victoriam
1361 1376 1696 1432 praeparare.

443 1475 684 1542 Quando
715 1478 1032 1546 pugnatur,
1070 1479 1246 1528 Deum
1282 1475 1498 1546 apertis
1527 1476 1687 1532 caelis
1717 1483 1928 1548 astare,
1961 1485 2018 1536 et

365 1568 539 1638 justas
571 1563 719 1637 parti
746 1563 1046 1618 victoriam
1071 1563 1634 1638 praestare,nihilque
1665 1567 1735 1622 de
1765 1570 2018 1642 propriis

369 1655 591 1711 viribus
620 1653 1118 1726 praesumendum,
1153 1653 1518 1724 Augustinus
1557 1654 1615 1708 in
1647 1655 1896 1728 epistola
1943 1660 2016 1715 ad

373 1741 735 1800 Bonifacium
767 1741 1152 1806 demonstrat,
1187 1741 1384 1796 dicens
1419 1742 1592 1814 (epist.
1625 1745 1751 1814 205)
1786 1762 1836 1799 ευ
1869 1747 2018 1803 Utile

2123 545 2393 618 Spartani
2425 550 2749 617 quaerentes
2779 561 3106 618 regem,nec
3136 544 3494 611 invenientes,
3512 549 3705 606 caedunt

2124 638 2512 706 sternuntque
2541 633 2758 702 omnia,
2783 638 2973 690 castra
3005 638 3382 706 pervagantur
3406 636 3708 702 universa,et

2124 721 2278 778 inter
2307 723 2522 778 densas
2551 727 2745 777 strues
2771 738 3078 794 corporum
3103 739 3263 778 raros
3283 721 3530 780 homines
3545 724 3708 782 visse-

2123 815 2407 882 quuntur,
2438 810 2684 866 victores
2714 810 2840 866 sine
2868 811 3046 867 dubio
3079 811 3190 867 nisi
3223 810 3364 866 mori
3393 811 3648 885 elegisset.

2124 953 2259 1010 CAP.
2294 952 2406 1009 XV.
2448 985 2515 994 —
2761 969 2861 1025 pro
2909 953 2979 1008 iis
3023 954 3121 1036 qui
3167 954 3226 1008 in
3276 952 3406 1009 bello
3448 953 3712 1012 ceciderunt

2549 1041 2580 1079 ο
2619 1025 2846 1079 lationes
2875 1024 3061 1079 offerri
3090 1023 3331 1079 debeant.

2549 1023 2846 1081 oblationes
2875 1023 3064 1096 offerri
3090 1023 3331 1080 debeant.

2195 1140 2356 1204 Quod
2388 1156 2490 1210 pro
2522 1139 2614 1194 his
2647 1139 2743 1212 qui
2769 1138 2828 1194 in
2861 1137 3012 1194 bello
3045 1137 3294 1194 ﬁdeliter
3320 1139 3581 1196 bellantes
3598 1140 3712 1196 ceci-

2123 1229 2356 1296 derunt,
2385 1227 2708 1284 oblationes
2738 1227 3258 1300 eleemosynarum,
3307 1229 3626 1297 orationum,
3666 1235 3711 1284 et

2126 1335 2301 1374 sacrae
2335 1317 2535 1372 hostiae
2569 1316 2919 1372 ﬁducialiter
2947 1317 3138 1373 oll‘erri
3166 1317 3430 1387 debeant,
3459 1317 3713 1391 Scriptura

2123 1407 2487 1462 demonstrat
2515 1405 2716 1462 dicens
2743 1423 2756 1460 :
2795 1407 2888 1463 Vir
2910 1407 3246 1476 fortissimus
3275 1405 3430 1473 ludo,
3449 1406 3711 1463 collectione

2121 1498 2288 1568 facta,
2319 1493 2599 1550 duodecim
2628 1495 2812 1549 millia
2853 1493 3138 1550 drachma:
3185 1495 3400 1564 argenti
3437 1495 3576 1551 misit
3612 1495 3713 1552 Ilie-

2123 1585 2455 1656 rosolymam
2480 1583 2674 1655 offerre
2702 1599 2766 1639 ea
2794 1582 2876 1638 ibi
2898 1599 2999 1655 pro
3041 1585 3270 1654 peccatis
3299 1590 3620 1652 mortuorum,
3638 1585 3711 1656 ju-

2125 1682 2204 1728 ste
2232 1681 2283 1728 et
2309 1673 2566 1740 religiose
2592 1672 2834 1740 cogitans
2857 1671 2924 1728 de
2952 1673 3349 1728 resurrectione
3374 1672 3446 1742 (Il
3469 1671 3611 1728 lare.
3634 1688 3710 1739 xu,

2127 1764 2310 1829 t3),ut
2339 1759 2509 1816 multi
2537 1759 2795 1816 dicerent
2821 1777 3039 1817 vanum
3069 1765 3128 1817 et
3153 1761 3505 1833 superﬂuum
3524 1777 3632 1817 esse
3648 1761 3711 1816 of-

373 1833 478 1888 tihi
510 1831 745 1903 tuisque
775 1829 926 1884 dabo
955 1829 1505 1903 consilium.Arripc
1537 1833 1810 1890 manibus
1835 1852 2017 1905 arma,

2131 1826 2278 1907 ferre
2309 1866 2412 1922 pro
2435 1849 3086 1906 mortuis.Consideravit
3110 1826 3260 1906 enim
3281 1849 3416 1922 quod
3442 1850 3605 1922 hi,qui
3618 1864 3713 1904 calin

372 1921 555 1978 oratio
579 1936 751 1976 aures
783 1917 976 1990 pulset
1000 1917 1680 1992 auctoris,quia,quando
1701 1929 2016 1995 pugnatur,

369 2011 526 2066 Deus
559 2007 774 2080 apertis
805 2005 966 2062 ccelis
999 2011 1244 2078 spectat,
1277 2013 1334 2062 et
1365 2012 1587 2080 partem
1617 2027 1792 2082 quam
1837 2013 2018 2086 inspi-

371 2099 742 2170 cit,justam,
776 2095 856 2150 ibi
889 2096 989 2150 dat
1019 2095 1296 2166 palmam.
1332 2096 1485 2151 Nihil
1519 2099 1589 2153 dc
1619 2099 1840 2156 viribus
1886 2117 2019 2174 pro-

373 2188 518 2262 priis
542 2202 884 2260 praesumus,
919 2185 989 2239 de
1036 2189 1270 2240 auctore
1327 2183 1576 2257 gloriare
1625 2187 1928 2260 virtutum,
1962 2194 2021 2246 et

371 2275 600 2332 nullum
631 2273 865 2331 curabis
895 2273 1130 2344 penitus
1155 2273 1484 2352 inimicum.
1519 2298 1546 2325 ››

372 2403 507 2459 CAP.
541 2400 784 2475 Χιν.τ
813 2398 962 2475 Quod
1011 2415 1123 2454 non
1167 2415 1273 2475 pro
1317 2401 1592 2475 paucitate
1637 2401 2016 2475 difﬁdendum,

653 2474 706 2527 si
732 2473 995 2526 Dominus
1025 2487 1147 2526 cum
1169 2470 1516 2526 bellatoribus
1544 2470 1732 2544 fuerit;

445 2589 605 2655 Quod
637 2603 751 2642 non
786 2587 845 2640 in
871 2584 1203 2640 multudine
1230 2587 1550 2655 tidendum,
1585 2606 1688 2645 nec
1729 2607 1830 2662 pro
1871 2608 2021 2664 pau-

375 2679 549 2754 citate
577 2675 965 2731 dii'ﬁdendum
997 2673 1055 2728 in
1090 2673 1239 2729 bello
1270 2674 1418 2743 sit,si
1446 2675 1727 2734 Dominus
1750 2695 1884 2735 cum
1910 2680 2023 2736 bel-

374 2766 658 2823 latoribus
687 2763 880 2834 fuerit,
911 2767 968 2818 et
999 2762 1459 2820 famosissimum
1509 2765 1728 2823 bellum
1777 2784 1881 2840 per
1910 2771 2022 2826 Ge-

375 2857 621 2912 deonem
653 2853 894 2909 Domino
925 2851 1268 2924 disponente
1300 2859 1516 2922 actum,
1540 2860 1598 2910 et
1628 2855 1760 2912 libri
1785 2859 2022 2914 Macha-

375 2946 718 3011 baeorum,et
748 2940 991 2997 historia
1022 2940 1208 2997 Orosii
1241 2943 1627 3012 demonstrat,
1659 2945 1717 3000 in
1748 2963 1866 3018 qua
1885 2947 2023 3003 scri-

347 3039 541 3107 'ptum
571 3036 662 3088 est
690 3031 809 3101 (lib.
839 3047 918 3095 x1,
951 3046 1003 3084 c.
1034 3029 1110 3100 9).
1145 3054 1173 3080 «
1207 3030 1417 3086 Xerxes
1451 3049 1546 3086 rex
1577 3032 1883 3090 Persarum
1933 3052 2021 3092 se-

373 3121 669 3197 ptinginta
697 3118 883 3174 millia
911 3123 1270 3172 armatorum
1293 3119 1363 3173 de
1385 3125 1647 3190 reguo,et
1676 3126 1934 3178 trecenta
1953 3123 2023 3180 de

2125 1942 2324 2012 pietate
2369 1939 2754 1994 dormitionem
2806 1946 3140 2011 acceperant,
3205 1941 3459 2010 optimam
3508 1937 3721 1994 haberent

2128 2029 2418 2098 repositam
2445 2027 2703 2097 gratiam.
2737 2026 2938 2082 Sancta
2977 2043 3106 2096 ergo
3153 2035 3204 2082 et
3249 2026 3481 2084 salubris
3505 2034 3575 2082 est
3595 2027 3716 2095 cogi-

2127 2119 2256 2172 tatio
2283 2116 2476 2188 oﬁerre
2509 2115 2846 2186 sacriﬁcium
2891 2131 2992 2188 pro
3039 2115 3332 2187 defunctis,
3382 2123 3441 2172 ut
3483 2132 3514 2170 a
3552 2122 3718 2188 peccat:

2127 2205 2410 2260 solvantur
2438 2203 2618 2276 (ibid.,
2643 2203 2730 2271 45,
2764 2203 2874 2272 46).

2163 2332 2296 2384 CAP.
2329 2327 2471 2383 XVI.
2504 2358 2571 2368 —
2607 2327 2755 2395 Quod
2784 2344 2942 2400 reges
2993 2345 3186 2398 regum
3229 2330 3454 2385 Domino
3477 2329 3695 2394 serviant,

2533 2401 2698 2455 etiam
2729 2399 2872 2468 leges
2902 2399 3080 2456 dando
3109 2416 3206 2473 pro
3239 2402 3379 2472 ipso.

2199 2516 2360 2581 Quod
2395 2531 2508 2570 non
2541 2514 2733 2570 solum
2766 2515 2826 2569 in
2859 2515 2972 2583 his,
3006 2532 3133 2588 qua
3164 2516 3567 2588 praemisimus,
3594 2527 3722 2586 reges

2131 2605 2271 2678 Regi
2303 2621 2505 2678 regum
2536 2603 2793 2660 serviant
2809 2603 3189 2672 Domino,sed
3211 2610 3274 2662 et
3294 2603 3447 2679 leges
3461 2603 3628 2660 dando
3644 2615 3722 2674 pro

2129 2692 2647 2766 ipso,Augustinus
2674 2691 2733 2747 in
2764 2692 3012 2764 epistola
3043 2694 3114 2748 ad
3150 2693 3506 2750 Bonifacium
3529 2692 3721 2747 demon-

2129 2787 2246 2838 trat
2287 2781 2487 2837 dicens
2535 2783 2713 2854 (epist.
2765 2781 2856 2853 50)
2891 2799 2905 2839 :
2939 2805 2967 2832 «
3015 2781 3305 2850 Serviant,
3356 2780 3556 2854 inquit,
3593 2793 3721 2852 reges

2130 2875 2292 2926 terrae
2353 2869 2604 2936 Christo,
2655 2869 2832 2925 etiam
2891 2869 3048 2943 leges
3095 2871 3333 2928 ferendo
3377 2887 3476 2943 pro
3515 2867 3720 2924 Christo.

2130 2959 2429 3025 Quomodo
2475 2951 2612 3032 ergo
2670 2975 2835 3030 reges
2884 2958 3131 3014 Domino
3162 2959 3422 3015 serviunt
3448 2959 3501 3013 in
3532 2957 3715 3018 timore,

2130 3047 2242 3102 nisi
2265 3064 2332 3104 ea
2357 3064 2486 3119 quae
2517 3051 2719 3102 contra
2749 3046 2978 3102 Domini
3000 3047 3175 3119 jussa
3205 3048 3376 3113 ﬁunt,
3407 3045 3723 3118 religiosase-

2129 3135 2370 3192 veritate
2401 3135 2761 3208 prohibendo
2791 3140 2964 3208 atque
3021 3135 3370 3208 plectendo?
3395 3135 3561 3191 Aliter
3597 3130 3718 3187 etim

374 3191 610 3268 auxiliis
640 3211 921 3297 rostratas
951 3206 1126 3297 etiam
1161 3224 1336 3263 naves
1368 3207 1527 3262 mille
1557 3209 1858 3279 ducentas,
1884 3229 2018 3269 one-
2051 3191 2096 3259 (ἶ
2133 3224 2310 3280 servit
2334 3191 2474 3296 quiia
2502 3191 2678 3280 homo
2707 3191 2994 3290 θεμελίων
3013 3191 3154 3297 (illis,
3395 3241 3485 3280 rex
3511 3217 3723 3287 εειουὴ

375 3300 560 3356 rarias
590 3302 787 3354 autem
811 3295 924 3350 tria
943 3295 1125 3350 millia
1147 3312 1388 3350 numero
1421 3297 1699 3354 habuisse
1729 3305 2019 3356 narratur.

375 3393 442 3443 ut
470 3387 678 3442 merito
709 3383 1009 3456 inopinato
1040 3383 1316 3438 exercitui
1368 3385 1786 3459 immensasque
1823 3388 2020 3456 classi,

373 3476 465 3530 vix
497 3475 570 3530 ad
601 3476 802 3546 potum
833 3471 1194 3539 flumina,vix
1224 3476 1408 3528 terras
1439 3474 1510 3528 ad
1544 3474 1896 3546 ingressum,
1928 3478 2023 3533 vix

374 3565 562 3620 maria
589 3563 661 3618 ad
691 3578 932 3618 cursum
967 3561 1267 3617 suffecisse
1296 3567 1683 3618 memoratum
1732 3565 1826 3621 sit.
1875 3566 2021 3624 Huic

270 3716 276 3722 I
373 3649 837 3708 tamincredibili
859 3648 1220 3720 temporibus
1243 3649 1460 3704 nostris
1479 3650 1896 3724 agmini,cujus
1920 3671 2022 3710 nu-

373 3757 601 3797 merum
633 3755 790 3794 nunc
820 3736 1118 3792 difﬁcilius
1147 3740 1237 3792 est
1265 3736 1471 3803 astrui,
1505 3755 1682 3809 quam
1730 3745 1870 3796 tunc
1909 3743 2022 3798 fuit

369 3827 808 3896 vinci,Leonida
837 3842 935 3879 rex
963 3826 1382 3896 Spartanorum
1413 3842 1548 3880 cum
1588 3832 1840 3898 quatuor
1888 3831 2018 3886 mil-

371 3917 528 3972 libus
541 3913 847 3970 hominum
864 3912 923 3966 in
937 3912 1224 3984 angustiis
1241 3912 1758 3986 'I‘hermOpylarum
1771 3918 2016 3974 obstitit.

371 4006 582 4062 Xerxes
614 4007 835 4068 autem,
857 4007 1194 4074 contemptu
1248 4003 1561 4074 paucitatis
1589 4005 1848 4076 objectae,
1883 4007 2018 4063 iniri

371 4110 654 4168 pugnam,
685 4091 910 4148 conseri
943 4107 1182 4146 manum
1216 4091 1486 4164 imperat,
1519 4109 1585 4148 ac
1616 4110 1718 4164 per
1757 4095 2017 4153 triduum

369 4183 716 4240 continuum
749 4199 863 4236 non
896 4181 1146 4235 duorum
1169 4182 1494 4252 pugna,sed
1519 4183 1705 4237 caedes
1727 4184 1902 4241 unius
1924 4202 2020 4257 po-

371 4271 493 4346 puli
526 4271 879 4338 I‘uit.Quarto
910 4273 1102 4324 autem
1125 4269 1218 4323 dic
1239 4285 1374 4324 cum
1394 4269 1614 4325 videret
1646 4272 1899 4328 Leonida
1915 4290 2019 4328 un-

369 4362 545 4434 dique
573 4360 800 4416 hostem
842 4356 1254 4423 circumfundi,
1290 4357 1558 4412 hortatur
1585 4359 1894 4417 auxiliares
1923 4379 2016 4417 so-

370 4451 511 4518 cios,
545 4454 610 4504 ut
635 4446 1046 4504 subtrahentes
1076 4463 1139 4500 se
1169 4463 1376 4517 pugnae
1401 4447 1459 4500 in
1491 4463 1770 4503 cacumen
1799 4451 2016 4506 montis

2130 3313 2306 3369 homo
2335 3313 2498 3380 est,ei
2533 3313 2709 3370 servit
2727 3313 2970 3368 vivendo
2994 3312 3272 3369 ﬁdeliter:
3298 3313 3434 3387 quia
3449 3327 3569 3367 vero
3585 3307 3719 3364 etiam

2130 3419 2228 3457 rex
2260 3407 2367 3470 est,
2401 3401 2576 3458 servit
2604 3400 2760 3474 leges
2782 3403 2950 3473 justa
2978 3401 3380 3474 praecipientes
3408 3405 3464 3457 et
3489 3392 3724 3455 contraria

2129 3490 2505 3564 prohibentes
2526 3489 2890 3546 convenienti
2910 3489 3107 3563 vigore
3137 3487 3620 3546 sanciendo.Sicut
3637 3498 3724 3538 ser-

2127 3579 2267 3635 vivit
2297 3579 2589 3648 Ezechias,
2623 3578 2787 3634 lucos
2817 3581 2874 3634 et
2895 3577 3114 3650 templa
3141 3577 3525 3646 idolorum,et
3545 3572 3630 3630 illa
3650 3585 3723 3626 ex-

2128 3667 2303 3736 celsa,
2319 3685 2444 3740 quae
2476 3672 2679 3724 contra
2707 3667 2809 3723 Dei
2842 3671 3130 3740 praecepta
3159 3667 3400 3724 fuerunt
3427 3664 3722 3722 constructa.

2129 3757 2481 3812 destruendo
2531 3757 2619 3828 (ιν
2666 3756 2794 3826 Reg.
2842 3757 3025 3824 mu).
3076 3755 3244 3812 Sicut
3292 3753 3516 3812 servivit
3553 3746 3720 3811 Josias,

2102 3844 2271 3900 -talia
2299 3849 2357 3900 et
2397 3845 2521 3918 ipse
2553 3844 2815 3901 faciende
2845 3845 2933 3916 (IV
2973 3845 3101 3914 Reg.
3151 3847 3307 3914 xxv).
3359 3843 3514 3901 Sicut
3539 3835 3722 3896 servivit

2127 3950 2227 3988 rex
2252 3932 2998 4000 Ninivitarum,universam
3019 3933 3315 3989 civitatem
3337 3933 3405 3988 ad
3425 3924 3719 4004 placandum

2126 4022 2441 4078 Dominum
2471 4020 2874 4093 compellenda
2904 4023 3046 4092 (Ion.
3079 4022 3186 4094 ιιι).
3207 4022 3376 4079 Sicut
3403 4015 3612 4076 servivit
3641 4013 3720 4068 Da-

2126 4111 2269 4178 rius,
2290 4110 2514 4166 idolum
2534 4109 2994 4184 t'rangendumin
3011 4115 3362 4183 potestatem
3383 4103 3586 4164 Danieli
3609 4101 3718 4156 dan-

2125 4200 2284 4266 do,et
2301 4199 2570 4254 inimicos
2587 4199 2718 4270 ejus
2733 4199 3004 4256 leonibus
3018 4187 3720 4273 ingerendo(Dan.xrv).Sic-

2126 4293 2192 4342 ut
2221 4287 2456 4343 servivit
2487 4286 3042 4356 Nabuchodonosor,
3075 4304 3284 4344 omnes
3335 4287 3394 4342 in
3442 4297 3602 4356 regno
3641 4289 3721 4332 suo

2125 4375 2346 4448 positos
2377 4393 2410 4431 a
2441 4374 2906 4448 blasphemando
2936 4376 3120 4432 Deum
3147 4375 3278 4450 lege
3308 4371 3542 4432 terribili
3569 4361 3721 4442 prohi-

2125 4463 2314 4519 bendo
2344 4466 2620 4533 (Damni).
2655 4464 2716 4519 lu
2751 4463 2859 4520 hoc
2890 4464 3090 4537 itaque
3117 4465 3385 4520 serviunt
3417 4459 3634 4519 Domino
3656 4466 3721 4506 re-

369 4539 636 4602 evadant,
671 4553 736 4591 ac
769 4553 830 4590 se
861 4535 931 4589 ad
955 4533 1494 4626 meliora‘tempora
1533 4541 1824 4592 reservent
1856 4554 1868 4592 :
1903 4537 2016 4594 sibi
2049 4559 2093 4622 ι)
2125 4569 2247 4625 ges,
2280 4553 2630 4624 inquantum
2661 4557 2802 4608 sunt
2829 4533 3016 4626 reges;
3049 4569 3182 4608 cum
3216 4568 3289 4609 ea
3316 4551 3534 4608 facith
3558 4545 3618 4602 ad
3635 4554 3721 4598 ser-

369 4642 502 4681 vero
533 4641 666 4680 cum
699 4622 1002 4696 Spartanis
1023 4623 1148 4677 suis
1177 4622 1350 4680 aliam
1374 4626 1588 4678 sortem
1611 4639 1740 4680 esse
1763 4627 2012 4682 subeun-

371 4712 527 4779 dam,
561 4710 692 4783 plus
724 4727 785 4765 se
817 4709 1014 4782 patriae
1059 4709 1270 4765 debere
1319 4725 1498 4781 quam
1549 4709 1698 4765 vitae.
1740 4711 2012 4769 Dimissis

370 4800 544 4856 sociis
575 4800 894 4872 Spartanos
925 4799 1197 4853 admonet
1241 4799 1310 4854 de
1340 4798 1525 4871 gloria
1565 4799 1907 4872 plurimum,
1939 4803 2012 4860 de

365 4891 486 4946 vita
514 4887 659 4944 nihil
681 4887 1036 4959 sperandum
1069 4903 1081 4941 :
1119 4903 1306 4958 neque
1325 4889 1783 4960 exspectandum
1808 4889 1892 4946 vel
1917 4890 2014 4947 ho-

367 4985 538 5047 stem,
569 4976 658 5034 vel
689 4975 866 5042 diem,
899 4975 1000 5030 sed
1032 4975 1332 5030 occasione
1365 4977 1552 5032 noctis
1583 4980 2015 5051 perrumpenda

365 5073 577 5136 castra,
611 5063 1048 5122 commiscenda
1095 5079 1277 5131 arma,
1325 5065 1730 5121 conturbanda
1777 5067 2014 5139 agmina

367 5159 507 5214 fore.
543 5157 844 5226 Nusquam
875 5153 1120 5208 victores
1150 5150 1454 5208 honestius
1484 5171 1661 5224 quam
1695 5154 1755 5210 in
1803 5156 2012 5212 castris

364 5246 626 5302 hostium
654 5260 781 5300 esse
816 5239 1401 5314 perituros.Persuasi
1437 5241 1615 5313 igitur
1643 5243 1788 5298 mori
1814 5243 2008 5312 malle,

363 5335 423 5390 in
454 5335 736 5390 ultionem
770 5333 976 5386 futurae
1008 5328 1216 5384 mortis
1247 5334 1570 5396 armantur,
1594 5335 1874 5404 tanquam
1897 5333 2009 5406 ipsi

363 5422 665 5479 interitum
687 5437 860 5477 suum
893 5424 950 5475 et
980 5419 1275 5491 exigerent
1301 5421 1360 5471 et
1387 5417 1764 5498 vindicarent.
1798 5421 2010 5478 Mirum

363 5509 806 5579 dictu,sexcenti
831 5508 937 5564 viri
967 5511 1160 5562 castra
1191 5509 1598 5562 sexcentarum
1631 5508 1883 5565 millium
1933 5511 2009 5566 ir-

366 5597 988 5672 rumpunt.Tumultus
1019 5596 1156 5654 totis
1187 5594 1397 5652 castris
1426 5594 1824 5656 oritur.Persaa
1863 5616 2008 5674 quo-

2123 4641 2396 4696 viendum
2425 4639 2531 4709 illi,
2563 4656 2691 4712 quae
2723 4657 2838 4697 non
2867 4645 3116 4713 possunt
3143 4639 3336 4697 facere
3365 4637 3478 4696 nisi
3513 4647 3667 4707 reges-
3700 4647 3720 4675 ι’

2119 4783 2254 4838 CAP.
2285 4782 2452 4838 XVII.
2488 4815 2552 4824 —
2586 4783 2732 4851 Quod
2759 4784 2829 4840 ad
2847 4785 3088 4855 justitiae
3134 4785 3554 4840 observationem
3593 4775 3720 4831 etiam

2668 4855 3094 4926 compellendum
3123 4857 3212 4911 sit.

2191 4979 2353 5045 Quod
2376 4980 2448 5034 ad
2463 4978 2708 5051 justitia:
2733 4978 3194 5036 observationem
3215 4977 3396 5035 etiam
3417 4967 3717 5062 compellet!-

2121 5069 2262 5124 dum
2295 5066 2763 5140 sit,Augustinus
2791 5067 2864 5122 ad
2895 5065 3269 5124 Vincentium
3299 5061 3638 5121 demonstrat
3652 5053 3716 5107 di-

2119 5173 2258 5213 cens
2285 5157 2463 5228 (epist.
2499 5156 2587 5228 48)
2620 5172 2634 5210 :
2669 5179 2696 5206 ‹‹
2733 5156 2928 5226 Putas,
2975 5155 3187 5227 inquit,
3224 5153 3518 5210 neminem
3552 5144 3717 5202 debet!

2119 5243 2247 5316 cogi
2279 5244 2352 5298 ad
2374 5241 2834 5314 justitiam,cum
2865 5242 3025 5315 legas
3047 5239 3529 5315 patremfamilias
3547 5230 3717 5290 dixisso

2121 5331 2300 5388 servis
2335 5347 2348 5386 :
2385 5331 2754 5403 Quoscumque
2776 5334 3098 5388 inveneritis
3133 5333 3311 5400 cogite
3348 5323 3580 5385 intrare?
3602 5318 3718 5389 (ἰσίκ-

2119 5437 2235 5487 xxv,
2266 5421 2383 5488 23.)
2415 5435 2550 5474 cum
2580 5418 2740 5492 legas
2786 5420 2964 5476 etiam
3011 5419 3208 5492 ipsum
3261 5419 3454 5492 primo
3498 5408 3717 5500 Sauluﬂt.

2119 5515 2321 5583 postea
2350 5507 2694 5574 Paulum,ad
2725 5509 3188 5582 cognoscendam
3211 5513 3275 5564 et
3294 5503 3596 5564 tenendam
3611 5507 3722 5583 vel?

2118 5578 2298 5655 tatem
2329 5612 2544 5671 magna
2557 5578 2829 5655 violentia
2847 5597 3063 5655 Christi
3083 5596 3350 5671 cogentis
3366 5609 3491 5652 esse
3508 5578 3722 5657 eam?“
