3934 6182
267 365 386 430 849

1015 438 1020 442 _
1105 368 1208 432 DE
1251 369 1480 432 REGIS
1525 371 1882 434 PERSONA
1927 370 2030 434 ET
2075 371 2310 449 HEGIO
2355 371 2833 438 MINISTERlO.

3557 377 3685 444 850

266 497 638 559 concordiam
670 515 788 558 non
816 497 1066 570 timeret,
1099 501 1302 558 dicens
1335 517 1347 557 :
1380 501 1570 560 Nonne
1599 505 1765 575 quite
1793 502 1916 559 ode-
1947 502 2004 570 Α
2031 503 2211 572 cium,
2232 503 2488 560 animam
2509 505 2638 576 ejus
2657 511 2853 562 tamen
2871 509 3463 578 commendavit,utin
3481 511 3680 572 futuro

263 593 415 654 rum,
445 589 612 655 Deus,
643 587 865 644 oderam
895 589 1040 656 illos,
1073 597 1124 645 et
1149 606 1312 662 super
1340 591 1594 647 inimicos
1624 599 1740 648 tuos
1768 591 1916 648 tabe-

263 677 520 735 δεώαωῖ
565 679 806 750 Perfecto
864 678 986 734 odio
1041 679 1262 735 oderam
1321 680 1466 748 illos,
1517 681 1735 736 inimici
1783 682 1919 752 facti

260 772 401 822 sunt
435 767 580 822 mihi
621 767 795 836 (Psal.
829 784 1096 835 cxxxvm,
1127 769 1217 836 2t,
1250 771 1363 836 22).
1418 769 1690 828 Inimicos
1738 767 1914 824 etiam

261 854 362 912 Dei
392 856 649 928 perfecto
680 855 812 912 odio
841 856 1034 912 odisse
1063 861 1172 924 est,
1207 858 1276 914 ad
1311 858 1465 928 quod
1499 857 1634 913 facti
1667 862 1806 913 sunt
1834 857 1917 914 di-

260 942 462 1016 ligere,
495 948 555 1000 et
582 945 737 1018 quod
769 945 991 1002 faciunt
1019 943 1343 1018 increpare,
1376 963 1568 1002 mores
1600 963 1912 1020 pravorum

263 1047 547 1104 premere,
577 1031 706 1088 vitae
737 1034 1034 1106 prodesse.

262 1191 397 1250 CAP.
428 1191 625 1252 XXIII.
659 1225 727 1234 —
760 1194 910 1264 Quod
954 1197 1132 1251 sancti
1159 1196 1270 1250 viri
1295 1195 1366 1250 ad
1397 1195 1770 1252 incutiendmn
1797 1212 1909 1251 me-

599 1271 716 1320 tum
743 1282 860 1322 reos
886 1274 1056 1322 morte
1072 1267 1206 1337 jure
1231 1269 1568 1339 punivertnt.

329 1387 480 1455 Quia
499 1387 656 1444 enim
679 1387 866 1445 sancti
887 1389 1135 1455 viri,non
1160 1389 1352 1444 solum
1384 1389 1590 1444 talium
1617 1389 1910 1445 amicitias

256 1475 608 1544 vitaverunt,
631 1477 732 1532 sed
764 1479 837 1532 ad
869 1477 1273 1534 ineutiendum
1307 1477 1632 1534 viventibus
1661 1482 1908 1544 metum,

255 1565 434 1622 etiam
447 1565 588 1635 jure
607 1581 736 1621 reos
759 1571 944 1621 morte
965 1565 1912 1640 punierunt,sicutbeatusAugus-

255 1653 422 1712 tinus
442 1652 503 1708 in
531 1652 682 1710 libro
701 1654 772 1710 de
793 1654 1073 1710 Sermrne
1094 1655 1328 1711 Domini
1357 1655 1416 1710 in
1447 1660 1644 1711 monte
1675 1657 1909 1712 demon-

255 1745 423 1812 strat,
456 1741 662 1816 dicens
690 1742 1112 1815 (tib.1,cap.20)
1145 1759 1158 1798 :
1190 1766 1219 1794 «
1251 1743 1444 1817 Magni
1475 1749 1532 1800 et
1561 1745 1748 1800 sancti
1779 1743 1906 1813 viri,

254 1831 353 1906 qui
368 1831 503 1903 iam
521 1831 741 1904 optime
766 1830 986 1887 scirent
1013 1837 1260 1888 mortem
1289 1831 1620 1906 istam,qute
1648 1833 1905 1890 animam
1937 1869 1988 1934 Β

253 1919 525 1980 dissolvit
536 1936 573 1976 a
585 1937 968 1993 corpore,non
978 1937 1107 1978 esse
1125 1922 1450 1978 t'ormidand
1459 1924 1912 1991 am,secundum

252 2025 458 2067 eorum
476 2013 674 2064 tamen
693 2009 1023 2066 aninmrum
1039 2010 1138 2082 qui
1153 2010 1312 2066 illam
1324 2009 1918 2076 timerent,nonnulla.

251 2102 492 2174 peccata
511 2102 696 2154 morte
717 2097 1177 2171 punierunt,quo
1197 2103 1254 2154 et
1267 2099 1600 2155 viventibus
1619 2099 1781 2156 utilis
1793 2116 1908 2156 me~

251 2185 752 2254 tusincuteretur,
777 2185 974 2243 etillis
995 2187 1094 2259 qui
1125 2191 1310 2243 morte
1341 2186 1754 2260 puniebantur,
1788 2205 1904 2244 non

250 2274 384 2348 ipsa
401 2291 564 2331 mors
583 2278 836 2342 noceret,
853 2275 951 2331 sed
976 2277 1463 2348 peccatum,quod
1487 2275 1684 2348 augeri
1709 2280 1908 2349 posset

249 2361 304 2418 si
330 2363 608 2420 viverent.
643 2363 769 2419 Non
801 2366 1018 2420 temere
1047 2363 1133 2418 illi
1155 2363 1528 2434 judicabant,
1551 2364 1766 2436 quibus
1788 2365 1904 2421 tale

239 2451 540 2522 judicium
554 2453 870 2508 donaverat
880 2453 1203 2508 Deus.Inde
1219 2458 1307 2508 est
1327 2455 1481 2524 quod
1506 2453 1661 2510 Elias
1685 2453 1902 2510 multos

248 2544 440 2598 morte
485 2540 696 2608 affecit,
743 2544 800 2596 et
848 2541 1084 2613 propria
1137 2559 1315 2597 manu
1347 2543 1444 2610 (III
1474 2544 1600 2611 Reg.
1633 2543 1814 2615 xvm),
1846 2546 1905 2599 et

249 2627 388 2702 igne
447 2627 730 2686 divinitus
791 2629 1098 2702 impetrato
1130 2631 1220 2701 (IV
1249 2633 1380 2703 Reg.
1414 2634 1476 2699 ι),
1511 2648 1644 2686 cum
1695 2635 1752 2686 et
1801 2631 1899 2687 alii

246 2716 444 2784 multi,
479 2721 538 2773 et
565 2717 748 2774 divini
779 2718 977 2791 magni
1007 2719 1116 2774 viri
1147 2719 1353 2790 eodem
1379 2718 1590 2791 spiritu
1620 2718 1902 2792 tranquil-

246 2804 448 2862 laudis
476 2805 653 2862 rebus
683 2805 962 2862 humanis
993 2823 1108 2863 non
1139 2811 1354 2862 temere
1387 2805 1646 2863 fecerint.
1679 2812 1758 2863 De
1783 2824 1899 2879 quo

245 2895 375 2954 Elia
403 2911 540 2951 cum
571 2895 903 2968 exemplum
947 2896 1250 2952 dedissent
1301 2895 1572 2968 discipuli
1627 2897 1898 2962 Domino,

244 2989 778 3046 commemorantes
836 2985 990 3056 quod
1039 2985 1112 3040 ab
1152 3001 1218 3040 eo
1251 2985 1469 3040 factum
1501 2984 1598 3050 sit,
1626 2989 1693 3040 ut
1721 2984 1896 3040 etiam

242 3071 392 3144 ipsis
423 3073 588 3128 daret
639 3076 985 3144 potestatem
1034 3071 1267 3144 petendi
1298 3073 1368 3127 de
1399 3071 1542 3128 cmlo
1573 3072 1790 3146 ignem,
1823 3073 1897 3128 ad

241 3159 678 3216 consumendos
697 3177 795 3216 eos
817 3160 916 3232 qui
943 3159 1056 3216 sibi
1077 3159 1398 3232 hospitium
1417 3177 1534 3216 non
1552 3160 1894 3232 praeberent,

242 3248 626 3321 reprehendit
655 3248 714 3304 in
747 3249 830 3304 eis
878 3248 1184 3314 Dominus,
1219 3265 1332 3304 non
1384 3249 1716 3321 exemplum
1766 3266 1896 3320 pro-

241 3336 432 3416 phetae
497 3336 706 3402 sancti,
760 3337 863 3393 sed
921 3337 1314 3410 ignorantiam
1365 3336 1721 3403 vindicandi,
1771 3354 1898 3410 quae

242 3425 440 3482 adhuc
494 3431 624 3482 erat
667 3425 725 3481 in
773 3426 1045 3495 rudibus,
1095 3425 1568 3482 animadvertens
1625 3443 1724 3482 eos
1782 3444 1896 3482 non

239 3530 448 3571 amore
501 3515 950 3586 correptionem,
993 3516 1090 3572 sed
1144 3515 1276 3570 odio
1325 3513 1656 3571 desiderare
1709 3515 1896 3572 vindi-

237 3605 398 3659 ctam
432 3603 586 3675 (Luc.
619 3602 720 3674 1x).
753 3604 957 3676 Itaque
987 3607 1370 3676 posteaquam
1403 3621 1501 3659 eos
1533 3602 1731 3658 docuit
1755 3603 1893 3676 quid

235 3695 397 3748 esset
425 3689 674 3763 diligere
703 3691 1036 3764 proximum
1068 3696 1353 3762 tanquam
1385 3691 1670 3763 seipsum,
1701 3691 1897 3748 infuso

235 3779 418 3836 etiam
451 3778 678 3851 Spiritu
707 3784 1116 3850 sancto,quem
1136 3779 1338 3835 decem
1362 3777 1570 3836 diebus
1590 3779 1896 3852 completis

234 3873 372 3939 post
393 3865 801 3925 ascensionem
833 3884 1004 3924 suam
1026 3868 1278 3939 desuper
1293 3871 1358 3923 ut
1375 3867 1724 3940 promiserat
1737 3867 1899 3924 misit

232 3956 378 4024 (Act.
413 3959 506 4025 ιι),
558 3972 676 4012 non
733 3957 1050 4012 defuerunt
1097 3956 1244 4012 tales
1289 3955 1577 4024 vindictae,
1628 3957 1897 4028 quamvis

233 4043 428 4104 multo
461 4043 657 4101 rarius
686 4061 861 4116 quam
895 4045 955 4100 in
987 4044 1176 4100 Veteri
1209 4035 1604 4100 Testamento.
1629 4044 1713 4099 lbi
1737 4044 1894 4100 enim

233 4148 304 4188 ex
324 4131 554 4204 majore
577 4137 738 4204 parte
759 4133 1080 4189 servientes
1097 4132 1305 4188 timore
1326 4131 1741 4203 premebantur
1763 4149 1776 4188 :
1801 4132 1897 4188 hic

231 4225 442 4280 autem
475 4219 734 4278 maxima
762 4219 1074 4277 dilectione
1097 4220 1262 4276 liberi
1291 4218 1723 4276 nutriebantur.
1749 4221 1894 4276 Nam

230 4315 290 4367 et
307 4309 510 4366 verbis
547 4309 797 4380 apostoli
830 4309 1000 4377 Petri,
1023 4309 1279 4365 Ananias
1301 4315 1357 4364 ct
1387 4325 1531 4364 uxor
1558 4309 1710 4380 ejus,
1742 4309 1898 4364 sicut

229 4397 293 4457 in
324 4396 576 4454 Actibus
605 4397 1002 4470 apostolorum
1033 4397 1308 4470 legimus,
1341 4396 1642 4452 exanimes
1673 4397 1894 4453 cecide-

230 4492 398 4548 runt.
435 4501 544 4541 nec
597 4484 928 4542 resuscitati
976 4489 1134 4553 sunt,
1169 4486 1270 4541 sed
1309 4483 1520 4556 sepulti
1553 4483 1686 4550 (Act.
1715 4489 1794 4554 v).
1828 4485 1898 4539 Et

227 4573 280 4630 si
308 4573 456 4633 huic
478 4571 632 4630 libro
665 4572 1045 4646 haeretici,qui
1078 4573 1459 4628 adversantur
1487 4577 1546 4627 et
1571 4571 1761 4628 Veteri
1795 4573 1896 4628 Te-
1931 4595 1974 4658 ι)

226 4667 566 4728 stamento,
591 4659 800 4716 nolunt
815 4662 1068 4729 credere,
1093 4660 1334 4716 Paulum
1367 4659 1698 4733 apostolum
1721 4677 1897 4732 quem

225 4751 557 4811 nobiscum
588 4748 793 4822 legunt
828 4748 1190 4816 intueantur,
1223 4751 1512 4806 dicentem
1543 4751 1612 4805 de
1644 4751 1898 4822 quodam

225 4843 546 4911 peccatore
569 4855 583 4892 :
617 4839 784 4907 Quem
805 4839 1008 4896 tradidi
1037 4839 1262 4896 Satanae
1291 4841 1350 4894 in
1380 4841 1665 4894 interitum
1691 4841 1900 4906 carnis,

223 4937 290 4986 ut
344 4929 547 4985 animo
599 4929 754 4983 salva
803 4930 877 4984 sit
921 4931 972 4995 (I
1021 4929 1143 4984 Cor.
1175 4946 1229 4995 v,
1261 4930 1338 4995 5).
1391 4928 1536 4982 Etsi
1573 4928 1778 4982 nolunt
1810 4927 1902 4982 hic

224 5021 501 5072 mortem
535 5015 858 5090 intelligere
889 5017 1160 5088 (fortasse
1219 5016 1374 5072 enim
1434 5016 1723 5072 incertum
1772 5017 1902 5088 est),

224 5102 574 5177 quamlibet
584 5103 901 5163 vindictam
917 5122 1020 5176 per
1032 5105 1306 5162 Satanam
1323 5105 1534 5160 factam
1547 5105 1619 5160 ab
1631 5104 1906 5176 Apostolo

225 5195 552 5248 tateantur
583 5207 596 5246 :
633 5193 790 5264 quod
819 5209 935 5248 non
965 5208 1094 5248 eam
1126 5193 1258 5248 odio
1289 5191 1392 5246 sed
1437 5208 1633 5246 amore
1677 5190 1903 5258 fecisse,

223 5278 750 5338 manil'estatillud
771 5281 1084 5352 adjectum,
1112 5289 1172 5336 ut
1189 5282 1381 5335 anima
1407 5279 1562 5334 salva
1589 5280 1682 5334 sit.
1701 5280 1816 5334 Aut
1847 5279 1904 5334 in

223 5368 359 5426 illis
395 5367 592 5438 libris,
615 5367 828 5440 quibus
851 5369 964 5441 ipsi
996 5385 1270 5441 magnam
1307 5367 1574 5422 tribuunt
1603 5367 1908 5423 auctorita-

223 5463 392 5530 tem,
407 5455 886 5513 animadvertant
907 5457 1063 5530 quod
1085 5455 1464 5522 dicimus,ubi
1489 5455 1598 5512 seri
1607 5458 1774 5528 ptum
1797 5460 1904 5522 est,

220 5543 588 5622 apostolum
649 5545 936 5600 Thomam
994 5545 1381 5618 imprecatum
1439 5543 1696 5610 cuidam,
1729 5561 1908 5616 aquo

227 5633 456 5708 palma
481 5649 799 5706 percussus
831 5639 1004 5702 esset,
1037 5633 1412 5690 atrocissima:
1446 5633 1652 5689 mortis
1683 5633 1908 5708 suppli-

2025 592 2076 646 ei
2109 592 2320 648 saeculo
2350 597 2720 664 parceretur:
2755 595 2924 667 cujus
2956 613 2989 652 a
3015 594 3180 653 leone
3209 598 3383 655 occisi
3413 616 3448 656 a
3475 605 3680 658 caetero

2025 696 2264 752 corpore
2297 681 2648 754 discerptum
2684 700 2923 738 manum
2959 685 3122 739 canis
3145 685 3346 742 intulit
3368 689 3677 759 mensis,in

2025 767 2242 840 quibus
2281 770 2699 827 convivabatur
2729 771 3050 843 apostolus.
3075 773 3178 828 Cui
3210 775 3512 846 scriptura:
3541 776 3678 834 licet

2026 857 2196 914 nobis
2247 875 2360 912 non
2411 859 2642 914 credere
2676 875 2688 913 :
2725 877 2840 915 non
2872 859 3027 916 enim
3061 865 3149 916 est
3179 861 3236 916 in
3269 861 3551 918 catholico
3580 881 3676 920 ca-

2023 962 2175 1000 none
2200 963 2212 1001 :
2241 944 2324 1000 illi
2365 950 2560 1002 tamen
2591 965 2718 1004 eam
2755 953 2812 1004 et
2836 947 3060 1020 legunt,
3087 953 3144 1004 et
3172 953 3455 1022 tanquam
3485 949 3674 1008 incor-

2023 1033 2426 1106 ruptissimum
2447 1035 2930 1108 verissimamque
2953 1035 3372 1109 honorant,qui
3395 1038 3675 1096 adversus

2021 1122 2352 1194 corporales
2374 1123 2662 1180 vindictas
2684 1142 2810 1196 quae
2835 1131 2972 1180 sunt
2992 1125 3051 1180 in
3069 1125 3262 1181 Veteri
3275 1127 3671 1195 Testamento,

2021 1211 2218 1266 nescio
2239 1228 2356 1283 qua
2376 1212 2632 1268 caecitate
2665 1213 2946 1270 acerrime
2977 1214 3365 1286 smviunt,quo
3397 1215 3596 1272 animo
3617 1220 3676 1272 et

2021 1315 2139 1372 qua
2159 1300 2572 1356 distributione
2601 1305 2930 1374 temporum
2961 1305 3120 1358 facta:
3149 1302 3305 1358 sunt'
3319 1303 3560 1360 omnino
3584 1321 3678 1360 ne-

2020 1387 2293 1444 scientes.
2317 1389 2631 1444 Tenebitur
2660 1408 2796 1462 ergo
2829 1391 2886 1445 in
2917 1391 3026 1446 hoc
3056 1391 3409 1462 injuriarum
3440 1409 3670 1466 genere,

2019 1477 2175 1548 quod
2199 1494 2302 1548 per
2321 1476 2634 1532 vindictam
2659 1477 2862 1547 luitur,
2885 1479 2994 1535 iste
3016 1497 3050 1535 a
3071 1478 3421 1536 Christianis
3437 1481 3672 1547 modus,

2021 1568 2085 1618 ut
2111 1570 2347 1636 accepta
2375 1565 2595 1636 injuria
2639 1584 2752 1621 non
2798 1571 3002 1640 surgat
3032 1566 3090 1622 in
3121 1566 3344 1636 odium,
3379 1567 3479 1623 sed
3511 1569 3672 1624 inﬁr-

2019 1652 2241 1708 mitatis
2274 1653 2676 1710 misericordia
2706 1659 2948 1728 paratus
2979 1657 3056 1710 sit
3087 1655 3324 1712 animus
3357 1655 3526 1728 plura
3549 1673 3674 1729 per-

2019 1741 2159 1813 peti,
2193 1758 2298 1798 nec
2343 1743 2768 1814 correptionem
2818 1743 3094 1816 negligat,
3129 1763 3246 1816 qua
3271 1743 3361 1800 vel
3393 1743 3664 1814 consilio,

2018 1829 2105 1886 vel
2137 1829 2502 1898 auctoritate,
2535 1832 2621 1888 vel
2653 1837 2935 1905 potestate
2965 1831 3050 1888 uti
3081 1837 3291 1905 potest.
3327 1855 3356 1883 »

2019 1955 2154 2010 CAP.
2184 1955 2375 2011 XXIV.
2408 1987 2476 1996 —-
2507 1957 2686 2040 Quod
2715 1957 2958 2040 occide-re
3005 1959 3281 2040 hominem
3323 1975 3435 2014 non
3462 1973 3674 2030 semper!

2602 2037 2963 2084 criminosum
2989 2037 3082 2084 sit.

2087 2143 2250 2207 Quod
2283 2142 2544 2198 occidere
2575 2141 2872 2200 hominem
2893 2161 3008 2200 non
3025 2160 3260 2216 semper
3287 2143 3671 2200 criminosum

2015 2229 2112 2296 sit,
2145 2231 2246 2286 sed
2293 2229 2521 2285 malitia
2569 2248 2685 2285 non
2737 2229 2965 2304 legibus
2995 2232 3258 2288 occidere
3283 2231 3672 2290 criminosum

2015 2319 2113 2389 sit,
2148 2317 2287 2391 quia
2319 2335 2434 2374 non
2469 2320 2686 2374 factum
2719 2319 2775 2374 in
2803 2318 3040 2387 talibus,
3060 2318 3338 2392 quoniam
3371 2318 3668 2380 interdum

2013 2413 2070 2462 et
2101 2412 2256 2462 recte
2288 2409 2373 2473 ﬁt,
2409 2407 2510 2463 sed
2543 2407 2779 2463 animus
2811 2409 2965 2464 male
2995 2408 3308 2464 consulens
3334 2409 3672 2478 damnetur,

2010 2495 2376 2568 Augustinus
2407 2495 2466 2550 in
2497 2495 2645 2552 libro
2679 2497 2750 2551 de
2781 2497 3022 2552 Civitate
3054 2496 3151 2552 Dei
3186 2497 3668 2564 demonstrandi-

2011 2602 2150 2646 cens
2175 2601 2188 2637 :
2215 2608 2241 2634 «
2269 2584 2329 2639 Si
2351 2585 2485 2656 quis
2517 2585 2737 2639 bonum
2772 2585 3064 2656 putaverit
3093 2603 3220 2642 esse
3251 2585 3407 2657 quod
3439 2584 3662 2642 maium

2010 2678 2120 2738 est,
2147 2676 2204 2727 et
2222 2671 2428 2727 lecerit
2443 2671 2554 2727 hoc
2577 2672 2854 2743 putando,
2879 2673 3083 2744 utique
3111 2679 3330 2744 peccat,
3355 2679 3415 2730 et
3434 2691 3504 2729 ea
3523 2676 3664 2730 sunt

2010 2759 2208 2816 omnia
2254 2765 2491 2832 peccata
2550 2759 2912 2832 ignorantiae,
2945 2761 3181 2833 quando
3227 2761 3480 2834 quisque
3512 2761 3660 2818 bene

2011 2848 2134 2904 fieri
2157 2851 2325 2920 putat
2354 2848 2509 2919 quod
2543 2846 2694 2902 male
2724 2850 2809 2902 lit.
2834 2848 2913 2902 De
2930 2847 3264 2904 occidendis
3293 2847 3656 2914 hominibus,

2009 2954 2081 2994 ne
2101 2938 2174 2993 ab
2197 2936 2282 2992 eis
2303 2935 2618 3008 quisquam
2641 2936 2960 3002 occidatur,
2984 2953 3099 2991 non
3133 2935 3278 2991 mihi
3304 2935 3494 3008 placet
3513 2952 3658 2992 con-

2008 3026 2230 3094 silium,
2263 3025 2375 3080 nisi
2428 3026 2574 3080 l'orte
2624 3024 2700 3079 sit
2740 3023 2928 3091 miles,
2965 3028 3065 3079 aut
3096 3023 3332 3096 publica
3362 3023 3658 3080 functione

2007 3118 2294 3180 teneatur,
2317 3117 2379 3168 ut
2407 3130 2521 3168 non
2544 3130 2647 3184 pro
2671 3130 2732 3168 se
2755 3112 2863 3167 hoc
2893 3113 3089 3178 faciat,
3119 3112 3222 3168 sed
3252 3129 3356 3185 pro
3385 3111 3536 3182 aliis,
3569 3111 3661 3167 vel

1928 3230 1972 3297 α
2009 3219 2111 3275 pro
2143 3201 2394 3297 civitate,
2426 3201 2526 3256 ubi
2579 3200 2756 3256 etiam
2807 3200 2928 3297 ipse
2975 3204 3082 3270 est,
3117 3203 3354 3297 accepta
3396 3199 3666 3297 legitima.

2011 3295 2316 3363 potestate,
2341 3289 2388 3344 si
2412 3290 2540 3360 ejus
2579 3288 2849 3362 congruit
2878 3307 3158 3360 personae.
3183 3288 3291 3356 Qui
3313 3305 3445 3345 vero
3472 3287 3658 3362 repel-

2008 3379 2210 3435 luntur
2255 3378 2453 3451 aliquo
2505 3382 2721 3434 terrore
2755 3395 2827 3433 ne
2855 3378 3005 3434 male
3037 3377 3273 3444 faciant,
3303 3377 3482 3434 etiam
3513 3377 3660 3452 ipsis

1983 3467 2228 3540 aliquid
2264 3469 2508 3544 fort_asse
2532 3471 2858 3538 praestatur.
2887 3468 3028 3522 [line
3059 3471 3255 3523 autem
3289 3467 3514 3524 dictum
3544 3471 3656 3535 est,

2008 3557 2126 3613 Non
2154 3559 2472 3612 resistamus
2500 3556 2646 3610 nullo
2677 3555 2887 3624 (Matth.
2920 3573 2973 3623 v,
3005 3556 3119 3624 39),
3154 3573 3226 3610 ne
3254 3573 3356 3612 vos
3403 3555 3660 3612 vindicta

2005 3645 2270 3712 delectet,
2305 3662 2433 3716 qua:
2484 3644 2671 3699 alieno
2722 3643 2876 3699 malo
2909 3643 3171 3699 animum
3203 3643 3412 3717 pascit,
3445 3658 3560 3700 non
3593 3647 3660 3700 ut

2005 3733 2420 3791 correctionem
2455 3733 2760 3788 hominum
2795 3732 3180 3807 negligamus.
3215 3755 3244 3784 η

2007 3860 2116 3914 CAP
2175 3857 2338 3914 XXV.
2394 3890 2460 3898 ——
2516 3859 2709 3930 Regem
2765 3859 3086 3930 iniquorum
3138 3866 3489 3916 correctorem
3545 3874 3661 3916 esse

2699 3938 2960 4000 oportere.

2079 4045 2223 4100 Hinc
2247 4048 2487 4100 sanctus
2517 4044 2844 4116 Cyprianus
2867 4044 2923 4098 in
2947 4061 3098 4098 nono
3129 4043 3443 4100 Abusionis
3472 4045 3656 4117 gradu

2005 4130 2150 4186 dicit
2173 4131 2310 4202 (cap.
2333 4131 2392 4199 9)
2415 4147 2428 4186 :
2465 4153 2493 4180 «
2519 4131 2733 4202 Regem
2765 4137 3145 4186 correctorem
3171 4131 3508 4202 iniquorum
3530 4148 3660 4188 esse

2005 4223 2277 4291 oportet:
2314 4219 2488 4274 debet
2542 4219 2698 4273 furta
2755 4218 3044 4284 cohibere,
3080 4217 3372 4273 adulteria
3423 4217 3657 4290 punire,

2007 4307 2220 4380 impios
2251 4307 2322 4364 de
2351 4312 2504 4362 terra
2549 4307 2810 4386 perdere,
2848 4305 3172 4378 parricidas
3203 4311 3261 4361 et
3291 4307 3658 4377 perjurantes

2004 4396 2192 4452 vivere
2215 4414 2328 4452 non
2353 4395 2564 4452 sinere.
2596 4417 2621 4443 ι»
2643 4396 2713 4450 Et
2733 4395 2869 4450 item
2898 4394 3047 4448 idem
3073 4395 3212 4466 (cap.
3241 4392 3326 4464 11)
3356 4411 3370 4448 :
3413 4417 3440 4442 ‹‹
3467 4393 3658 4449 Unde-

2006 4485 2450 4557 cimusgramus
2464 4480 3659 4555 abusionisestplebssinedisciplina’,quaa

2007 4575 2151 4628 dum
2181 4572 2504 4644 disciplinae
2549 4569 3068 4628 exercitationibus
3100 4588 3215 4626 non
3248 4571 3443 4639 servit,
3475 4571 3661 4627 Deum

2009 4661 2230 4732 absque
2273 4659 2596 4731 disciplina:
2656 4659 2845 4732 rigore
2905 4675 3019 4714 non
3069 4658 3278 4714 evadit.
3311 4657 3477 4715 Sicut
3503 4659 3661 4716 enim

2009 4748 2209 4805 tunica
2228 4753 2414 4804 totum
2439 4765 2654 4820 corpus
2676 4747 2789 4820 tegi
2800 4753 2895 4802 tur
2915 4751 3124 4820 praeter
3160 4751 3354 4820 caput,
3377 4746 3460 4802 ita
3488 4747 3662 4804 disci-

2012 4838 2172 4910 plina
2187 4837 2380 4893 omnis
2403 4837 2678 4902 Ecclesia,
2703 4843 2910 4908 prmter
2929 4835 3394 4910 Christum,quia
3409 4835 3666 4894 Ecclesia

2011 4932 2068 4981 et
2099 4927 2208 4982 sub
2239 4924 2551 4996 disciplina
2603 4926 2730 4996 ejus
2786 4925 3102 4996 proteritur
3143 4930 3201 4980 et
3237 4929 3497 4980 ornat-ur.
3533 4925 3666 4996 Ipsa

2013 5032 2146 5070 vero
2171 5015 2368 5070 tunica
2390 5019 2658 5070 contexta
2689 5017 2939 5086 desuper
2960 5015 3147 5070 fuerat
3165 5031 3268 5086 per
3289 5017 3495 5078 totum,
3527 5011 3665 5082 quia

2015 5104 2202 5160 eidem
2230 5101 2499 5158 Ecclesia:
2521 5102 2835 5174 disciplina
2855 5121 2888 5158 a
2910 5102 3156 5158 Domino
3185 5103 3258 5158 de
3288 5099 3430 5156 cwlo
3457 5099 3663 5154 tribui-

2015 5197 2113 5248 tur
2142 5196 2199 5247 ct
2249 5192 2600 5261 integratur.
2635 5191 2861 5247 Tunica
2919 5191 3074 5246 enim
3134 5188 3396 5260 corporis
3445 5186 3662 5242 Christi

2015 5279 2327 5352 disciplina
2347 5279 2611 5334 Ecclesiae
2633 5285 2740 5335 est.
2767 5279 2872 5346 Qui
2897 5283 3089 5333 autem
3113 5281 3272 5332 extra
3292 5274 3664 5347 disciplinam

2015 5375 2122 5434 est,
2153 5368 2381 5424 alienus
2413 5386 2446 5423 a
2475 5385 2714 5440 corpore
2765 5367 2978 5422 Christi
3028 5371 3135 5421 est.
3169 5365 3291 5421 Non
3325 5364 3666 5422 scindamus

2018 5459 2196 5529 igitur
2243 5456 2427 5519 illam,
2461 5456 2562 5510 sed
2615 5455 2934 5510 sortiamur
2964 5454 3034 5508 de
3061 5451 3178 5508 illa.
3213 5452 3338 5506 Non
3369 5449 3668 5508 solvamus

2018 5547 2342 5620 quidquam
2366 5546 2437 5600 de
2461 5542 2756 5598 mandatis
2779 5540 3014 5607 Christi,
3039 5541 3139 5595 sed
3173 5540 3583 5614 unusquisque
3605 5540 3666 5598 in

2019 5652 2134 5708 quo
2165 5639 2401 5690 vocatus
2432 5636 2539 5699 est,
2576 5631 2633 5684 in
2664 5647 2730 5686 eo
2765 5632 3106 5702 permaneat
3136 5629 3291 5702 apud
3321 5629 3530 5686 Deum.
3566 5652 3594 5679 »
