  <div class='ocr_page' id='page_1' title='image "/cluster/home/n/w/nwhite01/storage/ocr_20150623/125/hvd.32044054759873/431.png"; bbox 0 0 3934 6182; ppageno 0'>
   <div class='ocr_carea' id='block_1_1' title="bbox 285 387 412 456">
    <p class='ocr_par' dir='ltr' id='par_1_1' title="bbox 285 387 412 456">
     <span class='ocr_line' id='line_1_1' title="bbox 285 387 412 456; baseline -0.016 0"><span class='ocrx_word' id='word_1_1' title='bbox 285 387 412 456; x_wconf 75' lang='lat'><strong>851&#39;</strong></span> 
     </span>
    </p>
   </div>
   <div class='ocr_carea' id='block_1_2' title="bbox 1067 395 2908 459">
    <p class='ocr_par' dir='ltr' id='par_1_2' title="bbox 1067 395 2908 459">
     <span class='ocr_line' id='line_1_2' title="bbox 1067 395 2908 459; baseline 0.001 -3"><span class='ocrx_word' id='word_1_2' title='bbox 1067 395 1452 458; x_wconf 80' lang='lat' dir='ltr'><strong>HINCMARI</strong></span> <span class='ocrx_word' id='word_1_3' title='bbox 1498 397 1742 458; x_wconf 75' lang='lat' dir='ltr'><strong>RHEM.</strong></span> <span class='ocrx_word' id='word_1_4' title='bbox 1790 397 2153 459; x_wconf 80' lang='lat' dir='ltr'><strong>ARCHIEP.</strong></span> <span class='ocrx_word' id='word_1_5' title='bbox 2199 396 2604 459; x_wconf 86' lang='lat' dir='ltr'><strong>OPUSCULA</strong></span> <span class='ocrx_word' id='word_1_6' title='bbox 2647 397 2908 458; x_wconf 80' lang='lat' dir='ltr'><strong>VARIA.</strong></span> 
     </span>
    </p>
   </div>
   <div class='ocr_carea' id='block_1_3' title="bbox 3540 401 3692 462">
    <p class='ocr_par' dir='ltr' id='par_1_3' title="bbox 3540 401 3692 462">
     <span class='ocr_line' id='line_1_3' title="bbox 3540 401 3692 462; baseline -0.013 -1"><span class='ocrx_word' id='word_1_7' title='bbox 3540 401 3644 462; x_wconf 75' lang='lat'><strong>852</strong></span> <span class='ocrx_word' id='word_1_8' title='bbox 3689 409 3692 412; x_wconf 80' lang='grc'><strong>’</strong></span> 
     </span>
    </p>
   </div>
   <div class='ocr_carea' id='block_1_4' title="bbox 287 527 3650 614">
    <p class='ocr_par' dir='ltr' id='par_1_4' title="bbox 287 527 3650 614">
     <span class='ocr_line' id='line_1_4' title="bbox 287 527 3650 614; baseline 0 -27"><span class='ocrx_word' id='word_1_9' title='bbox 287 528 480 587; x_wconf 84' lang='lat' dir='ltr'><strong>XXVI.</strong></span> <span class='ocrx_word' id='word_1_10' title='bbox 511 560 580 569; x_wconf 99' lang='lat'><strong>—</strong></span> <span class='ocrx_word' id='word_1_11' title='bbox 794 529 1338 614; x_wconf 43' lang='lat' dir='ltr'><strong>propternvindictam</strong></span> <span class='ocrx_word' id='word_1_12' title='bbox 1383 531 1677 614; x_wconf 74' lang='lat' dir='ltr'><strong>noxiorum</strong></span> <span class='ocrx_word' id='word_1_13' title='bbox 1715 531 1933 600; x_wconf 79' lang='lat' dir='ltr'><strong>gladius</strong></span> <span class='ocrx_word' id='word_1_14' title='bbox 1959 528 2016 596; x_wconf 78' lang='grc' dir='ltr'><strong>Α</strong></span> <span class='ocrx_word' id='word_1_15' title='bbox 2043 527 2443 585; x_wconf 88' lang='lat' dir='ltr'><strong>interdicenda</strong></span> <span class='ocrx_word' id='word_1_16' title='bbox 2466 528 2565 594; x_wconf 89' lang='lat' dir='ltr'><strong>sit,</strong></span> <span class='ocrx_word' id='word_1_17' title='bbox 2588 546 2692 586; x_wconf 90' lang='lat' dir='ltr'><strong>nec</strong></span> <span class='ocrx_word' id='word_1_18' title='bbox 2718 529 3110 586; x_wconf 81' lang='lat' dir='ltr'><strong>reconciliatio</strong></span> <span class='ocrx_word' id='word_1_19' title='bbox 3139 529 3548 602; x_wconf 85' lang='lat' dir='ltr'><strong>deneganda,et</strong></span> <span class='ocrx_word' id='word_1_20' title='bbox 3573 549 3650 588; x_wconf 87' lang='lat' dir='ltr'><strong>sa-</strong></span> 
     </span>
    </p>
   </div>
   <div class='ocr_carea' id='block_1_5' title="bbox 669 603 1556 674">
    <p class='ocr_par' dir='ltr' id='par_1_5' title="bbox 669 603 1556 674">
     <span class='ocr_line' id='line_1_5' title="bbox 669 603 1556 674; baseline -0.001 -17"><span class='ocrx_word' id='word_1_21' title='bbox 669 603 916 674; x_wconf 82' lang='lat' dir='ltr'><strong>principi</strong></span> <span class='ocrx_word' id='word_1_22' title='bbox 941 618 976 658; x_wconf 88' lang='lat' dir='ltr'><strong>a</strong></span> <span class='ocrx_word' id='word_1_23' title='bbox 1001 603 1108 659; x_wconf 87' lang='lat' dir='ltr'><strong>Deo</strong></span> <span class='ocrx_word' id='word_1_24' title='bbox 1132 604 1430 674; x_wconf 86' lang='lat' dir='ltr'><strong>permissus</strong></span> <span class='ocrx_word' id='word_1_25' title='bbox 1459 611 1556 657; x_wconf 84' lang='lat' dir='ltr'><strong>est.</strong></span> 
     </span>
    </p>
   </div>
   <div class='ocr_carea' id='block_1_6' title="bbox 359 716 1936 790">
    <p class='ocr_par' dir='ltr' id='par_1_6' title="bbox 359 716 1936 790">
     <span class='ocr_line' id='line_1_6' title="bbox 359 716 1936 790; baseline 0 -18"><span class='ocrx_word' id='word_1_26' title='bbox 359 717 430 772; x_wconf 87' lang='lat' dir='ltr'><strong>Et</strong></span> <span class='ocrx_word' id='word_1_27' title='bbox 445 716 582 773; x_wconf 90' lang='lat' dir='ltr'><strong>hinc</strong></span> <span class='ocrx_word' id='word_1_28' title='bbox 605 721 844 774; x_wconf 90' lang='lat' dir='ltr'><strong>sanctus</strong></span> <span class='ocrx_word' id='word_1_29' title='bbox 865 717 1240 775; x_wconf 84' lang='lat' dir='ltr'><strong>Innocentius</strong></span> <span class='ocrx_word' id='word_1_30' title='bbox 1261 719 1333 774; x_wconf 92' lang='lat' dir='ltr'><strong>ad</strong></span> <span class='ocrx_word' id='word_1_31' title='bbox 1355 717 1738 790; x_wconf 82' lang='lat' dir='ltr'><strong>Exsuperium</strong></span> <span class='ocrx_word' id='word_1_32' title='bbox 1772 716 1936 773; x_wconf 84' lang='lat' dir='ltr'><strong>Tolo-</strong></span> 
     </span>
    </p>
   </div>
   <div class='ocr_carea' id='block_1_7' title="bbox 289 805 1930 880">
    <p class='ocr_par' dir='ltr' id='par_1_7' title="bbox 289 805 1930 880">
     <span class='ocr_line' id='line_1_7' title="bbox 289 805 1930 880; baseline -0.001 -17"><span class='ocrx_word' id='word_1_33' title='bbox 289 823 502 863; x_wconf 85' lang='lat' dir='ltr'><strong>sanum</strong></span> <span class='ocrx_word' id='word_1_34' title='bbox 524 805 864 880; x_wconf 84' lang='lat' dir='ltr'><strong>episcopum</strong></span> <span class='ocrx_word' id='word_1_35' title='bbox 887 807 946 862; x_wconf 91' lang='lat' dir='ltr'><strong>in</strong></span> <span class='ocrx_word' id='word_1_36' title='bbox 969 807 1225 862; x_wconf 87' lang='lat' dir='ltr'><strong>Decretis</strong></span> <span class='ocrx_word' id='word_1_37' title='bbox 1247 807 1371 863; x_wconf 90' lang='lat' dir='ltr'><strong>suis</strong></span> <span class='ocrx_word' id='word_1_38' title='bbox 1391 824 1404 861; x_wconf 87' lang='lat'>:</span> <span class='ocrx_word' id='word_1_39' title='bbox 1432 829 1459 857; x_wconf 86' lang='lat'><strong>«</strong></span> <span class='ocrx_word' id='word_1_40' title='bbox 1481 807 1802 873; x_wconf 66' lang='lat' dir='ltr'><strong>Quaasitum</strong></span> <span class='ocrx_word' id='word_1_41' title='bbox 1822 811 1930 872; x_wconf 90' lang='lat' dir='ltr'><strong>est,</strong></span> 
     </span>
    </p>
   </div>
   <div class='ocr_carea' id='block_1_8' title="bbox 291 895 1935 969">
    <p class='ocr_par' dir='ltr' id='par_1_8' title="bbox 291 895 1935 969">
     <span class='ocr_line' id='line_1_8' title="bbox 291 895 1935 969; baseline 0 -18"><span class='ocrx_word' id='word_1_42' title='bbox 291 895 503 968; x_wconf 87' lang='lat' dir='ltr'><strong>inquit,</strong></span> <span class='ocrx_word' id='word_1_43' title='bbox 528 913 704 969; x_wconf 82' lang='lat' dir='ltr'><strong>super</strong></span> <span class='ocrx_word' id='word_1_44' title='bbox 723 895 816 952; x_wconf 90' lang='lat' dir='ltr'><strong>his</strong></span> <span class='ocrx_word' id='word_1_45' title='bbox 833 895 932 968; x_wconf 89' lang='lat' dir='ltr'><strong>qui</strong></span> <span class='ocrx_word' id='word_1_46' title='bbox 955 901 1086 968; x_wconf 91' lang='lat' dir='ltr'><strong>post</strong></span> <span class='ocrx_word' id='word_1_47' title='bbox 1107 896 1465 968; x_wconf 82' lang='lat' dir='ltr'><strong>baptismum</strong></span> <span class='ocrx_word' id='word_1_48' title='bbox 1497 895 1935 952; x_wconf 85' lang='lat' dir='ltr'><strong>administrave-</strong></span> 
     </span>
    </p>
   </div>
   <div class='ocr_carea' id='block_1_9' title="bbox 291 984 1934 1054">
    <p class='ocr_par' dir='ltr' id='par_1_9' title="bbox 291 984 1934 1054">
     <span class='ocr_line' id='line_1_9' title="bbox 291 984 1934 1054; baseline -0.001 -14"><span class='ocrx_word' id='word_1_49' title='bbox 291 989 451 1054; x_wconf 89' lang='lat' dir='ltr'><strong>runt,</strong></span> <span class='ocrx_word' id='word_1_50' title='bbox 491 989 549 1040; x_wconf 91' lang='lat' dir='ltr'><strong>et</strong></span> <span class='ocrx_word' id='word_1_51' title='bbox 585 989 687 1040; x_wconf 92' lang='lat' dir='ltr'><strong>aut</strong></span> <span class='ocrx_word' id='word_1_52' title='bbox 715 989 1005 1042; x_wconf 89' lang='lat' dir='ltr'><strong>tormenta</strong></span> <span class='ocrx_word' id='word_1_53' title='bbox 1035 984 1161 1040; x_wconf 91' lang='lat' dir='ltr'><strong>sola</strong></span> <span class='ocrx_word' id='word_1_54' title='bbox 1190 989 1592 1052; x_wconf 85' lang='lat' dir='ltr'><strong>exercuerunt,</strong></span> <span class='ocrx_word' id='word_1_55' title='bbox 1626 989 1728 1040; x_wconf 87' lang='lat' dir='ltr'><strong>aut</strong></span> <span class='ocrx_word' id='word_1_56' title='bbox 1755 985 1934 1040; x_wconf 90' lang='lat' dir='ltr'><strong>etiam</strong></span> 
     </span>
    </p>
   </div>
   <div class='ocr_carea' id='block_1_10' title="bbox 291 1073 1937 1147">
    <p class='ocr_par' dir='ltr' id='par_1_10' title="bbox 291 1073 1937 1147">
     <span class='ocr_line' id='line_1_10' title="bbox 291 1073 1937 1147; baseline -0.001 -17"><span class='ocrx_word' id='word_1_57' title='bbox 291 1073 600 1147; x_wconf 78' lang='lat' dir='ltr'><strong>capitalem</strong></span> <span class='ocrx_word' id='word_1_58' title='bbox 623 1073 914 1147; x_wconf 89' lang='lat' dir='ltr'><strong>protulere</strong></span> <span class='ocrx_word' id='word_1_59' title='bbox 933 1073 1496 1130; x_wconf 83' lang='lat' dir='ltr'><strong>sententiam.Dehis</strong></span> <span class='ocrx_word' id='word_1_60' title='bbox 1517 1073 1661 1130; x_wconf 87' lang='lat' dir='ltr'><strong>nihil</strong></span> <span class='ocrx_word' id='word_1_61' title='bbox 1684 1073 1937 1146; x_wconf 89' lang='lat' dir='ltr'><strong>legimus</strong></span> 
     </span>
    </p>
   </div>
   <div class='ocr_carea' id='block_1_11' title="bbox 293 1161 1939 1235">
    <p class='ocr_par' dir='ltr' id='par_1_11' title="bbox 293 1161 1939 1235">
     <span class='ocr_line' id='line_1_11' title="bbox 293 1161 1939 1235; baseline -0.001 -16"><span class='ocrx_word' id='word_1_62' title='bbox 293 1163 669 1234; x_wconf 86' lang='lat' dir='ltr'><strong>amajoribus</strong></span> <span class='ocrx_word' id='word_1_63' title='bbox 696 1163 1024 1218; x_wconf 87' lang='lat' dir='ltr'><strong>deﬁnitum.</strong></span> <span class='ocrx_word' id='word_1_64' title='bbox 1045 1161 1432 1218; x_wconf 89' lang='lat' dir='ltr'><strong>Meminerant</strong></span> <span class='ocrx_word' id='word_1_65' title='bbox 1460 1163 1618 1220; x_wconf 89' lang='lat' dir='ltr'><strong>enim</strong></span> <span class='ocrx_word' id='word_1_66' title='bbox 1639 1181 1673 1218; x_wconf 90' lang='lat' dir='ltr'><strong>a</strong></span> <span class='ocrx_word' id='word_1_67' title='bbox 1704 1163 1819 1218; x_wconf 91' lang='lat' dir='ltr'><strong>Deo</strong></span> <span class='ocrx_word' id='word_1_68' title='bbox 1842 1180 1939 1235; x_wconf 84' lang='lat' dir='ltr'><strong>po-</strong></span> 
     </span>
    </p>
   </div>
   <div class='ocr_carea' id='block_1_12' title="bbox 293 1251 1932 1326">
    <p class='ocr_par' dir='ltr' id='par_1_12' title="bbox 293 1251 1932 1326">
     <span class='ocr_line' id='line_1_12' title="bbox 293 1251 1932 1326; baseline -0.001 -18"><span class='ocrx_word' id='word_1_69' title='bbox 293 1254 535 1308; x_wconf 88' lang='lat' dir='ltr'><strong>testates</strong></span> <span class='ocrx_word' id='word_1_70' title='bbox 565 1251 671 1308; x_wconf 91' lang='lat' dir='ltr'><strong>has</strong></span> <span class='ocrx_word' id='word_1_71' title='bbox 702 1251 882 1308; x_wconf 87' lang='lat' dir='ltr'><strong>fuisse</strong></span> <span class='ocrx_word' id='word_1_72' title='bbox 911 1268 1242 1319; x_wconf 84' lang='lat' dir='ltr'><strong>concessas,</strong></span> <span class='ocrx_word' id='word_1_73' title='bbox 1271 1255 1328 1308; x_wconf 91' lang='lat' dir='ltr'><strong>et</strong></span> <span class='ocrx_word' id='word_1_74' title='bbox 1355 1256 1592 1326; x_wconf 80' lang='lat' dir='ltr'><strong>propter</strong></span> <span class='ocrx_word' id='word_1_75' title='bbox 1617 1252 1932 1308; x_wconf 88' lang='lat' dir='ltr'><strong>vindictam</strong></span> 
     </span>
    </p>
   </div>
   <div class='ocr_carea' id='block_1_13' title="bbox 295 1340 1934 1415">
    <p class='ocr_par' dir='ltr' id='par_1_13' title="bbox 295 1340 1934 1415">
     <span class='ocr_line' id='line_1_13' title="bbox 295 1340 1934 1415; baseline -0.002 -17"><span class='ocrx_word' id='word_1_76' title='bbox 295 1341 600 1398; x_wconf 85' lang='lat' dir='ltr'><strong>noxiorum</strong></span> <span class='ocrx_word' id='word_1_77' title='bbox 628 1340 892 1415; x_wconf 81' lang='lat' dir='ltr'><strong>gladium</strong></span> <span class='ocrx_word' id='word_1_78' title='bbox 923 1341 1103 1397; x_wconf 80' lang='lat' dir='ltr'><strong>fuisse</strong></span> <span class='ocrx_word' id='word_1_79' title='bbox 1134 1341 1508 1414; x_wconf 90' lang='lat' dir='ltr'><strong>permissum,</strong></span> <span class='ocrx_word' id='word_1_80' title='bbox 1541 1345 1598 1398; x_wconf 90' lang='lat' dir='ltr'><strong>et</strong></span> <span class='ocrx_word' id='word_1_81' title='bbox 1628 1342 1729 1398; x_wconf 88' lang='lat' dir='ltr'><strong>Dei</strong></span> <span class='ocrx_word' id='word_1_82' title='bbox 1753 1340 1934 1397; x_wconf 84' lang='lat' dir='ltr'><strong>&#39;mini-</strong></span> 
     </span>
    </p>
   </div>
   <div class='ocr_carea' id='block_1_14' title="bbox 295 1429 1936 1502">
    <p class='ocr_par' dir='ltr' id='par_1_14' title="bbox 295 1429 1936 1502">
     <span class='ocr_line' id='line_1_14' title="bbox 295 1429 1936 1502; baseline -0.001 -15"><span class='ocrx_word' id='word_1_83' title='bbox 295 1434 482 1487; x_wconf 78' lang='lat' dir='ltr'><strong>atrum</strong></span> <span class='ocrx_word' id='word_1_84' title='bbox 503 1446 630 1487; x_wconf 90' lang='lat' dir='ltr'><strong>esse</strong></span> <span class='ocrx_word' id='word_1_85' title='bbox 645 1430 846 1486; x_wconf 90' lang='lat' dir='ltr'><strong>datum</strong></span> <span class='ocrx_word' id='word_1_86' title='bbox 868 1430 928 1485; x_wconf 93' lang='lat' dir='ltr'><strong>in</strong></span> <span class='ocrx_word' id='word_1_87' title='bbox 951 1429 1290 1502; x_wconf 89' lang='lat' dir='ltr'><strong>hujusmodi</strong></span> <span class='ocrx_word' id='word_1_88' title='bbox 1321 1429 1936 1497; x_wconf 88' lang='lat' dir='ltr'><strong>vindicem.Quomodo</strong></span> 
     </span>
    </p>
   </div>
   <div class='ocr_carea' id='block_1_15' title="bbox 295 1517 1936 1593">
    <p class='ocr_par' dir='ltr' id='par_1_15' title="bbox 295 1517 1936 1593">
     <span class='ocr_line' id='line_1_15' title="bbox 295 1517 1936 1593; baseline 0.001 -18"><span class='ocrx_word' id='word_1_89' title='bbox 295 1519 475 1593; x_wconf 77' lang='lat' dir='ltr'><strong>igitur</strong></span> <span class='ocrx_word' id='word_1_90' title='bbox 495 1517 984 1592; x_wconf 87' lang='lat' dir='ltr'><strong>reprehenderent</strong></span> <span class='ocrx_word' id='word_1_91' title='bbox 1011 1518 1230 1574; x_wconf 80' lang='lat' dir='ltr'><strong>factum</strong></span> <span class='ocrx_word' id='word_1_92' title='bbox 1251 1519 1407 1590; x_wconf 90' lang='lat' dir='ltr'><strong>quod</strong></span> <span class='ocrx_word' id='word_1_93' title='bbox 1427 1524 1660 1576; x_wconf 86' lang='lat' dir='ltr'><strong>auctore</strong></span> <span class='ocrx_word' id='word_1_94' title='bbox 1689 1519 1936 1576; x_wconf 91' lang='lat' dir='ltr'><strong>Domino</strong></span> 
     </span>
    </p>
   </div>
   <div class='ocr_carea' id='block_1_16' title="bbox 295 1606 1938 1681">
    <p class='ocr_par' dir='ltr' id='par_1_16' title="bbox 295 1606 1938 1681">
     <span class='ocr_line' id='line_1_16' title="bbox 295 1606 1938 1681; baseline 0.002 -19"><span class='ocrx_word' id='word_1_95' title='bbox 295 1607 558 1664; x_wconf 87' lang='lat' dir='ltr'><strong>viderent</strong></span> <span class='ocrx_word' id='word_1_96' title='bbox 585 1623 713 1663; x_wconf 88' lang='lat' dir='ltr'><strong>esse</strong></span> <span class='ocrx_word' id='word_1_97' title='bbox 742 1606 1125 1664; x_wconf 83' lang='lat' dir='ltr'><strong>concessum?</strong></span> <span class='ocrx_word' id='word_1_98' title='bbox 1140 1607 1220 1663; x_wconf 92' lang='lat' dir='ltr'><strong>De</strong></span> <span class='ocrx_word' id='word_1_99' title='bbox 1251 1607 1344 1664; x_wconf 90' lang='lat' dir='ltr'><strong>his</strong></span> <span class='ocrx_word' id='word_1_100' title='bbox 1372 1625 1509 1681; x_wconf 89' lang='lat' dir='ltr'><strong>ergo</strong></span> <span class='ocrx_word' id='word_1_101' title='bbox 1543 1608 1625 1665; x_wconf 90' lang='lat' dir='ltr'><strong>ita</strong></span> <span class='ocrx_word' id='word_1_102' title='bbox 1655 1613 1720 1664; x_wconf 92' lang='lat' dir='ltr'><strong>ut</strong></span> <span class='ocrx_word' id='word_1_103' title='bbox 1748 1608 1938 1665; x_wconf 89' lang='lat' dir='ltr'><strong>hacte-</strong></span> 
     </span>
    </p>
   </div>
   <div class='ocr_carea' id='block_1_17' title="bbox 295 1694 1933 1768">
    <p class='ocr_par' dir='ltr' id='par_1_17' title="bbox 295 1694 1933 1768">
     <span class='ocr_line' id='line_1_17' title="bbox 295 1694 1933 1768; baseline -0.001 -16"><span class='ocrx_word' id='word_1_104' title='bbox 295 1695 418 1752; x_wconf 43' lang='lat' dir='ltr'><strong>nus’</strong></span> <span class='ocrx_word' id='word_1_105' title='bbox 437 1699 731 1752; x_wconf 87' lang='lat' dir='ltr'><strong>servatum</strong></span> <span class='ocrx_word' id='word_1_106' title='bbox 759 1697 848 1752; x_wconf 91' lang='lat' dir='ltr'><strong>est</strong></span> <span class='ocrx_word' id='word_1_107' title='bbox 875 1694 960 1752; x_wconf 89' lang='lat' dir='ltr'><strong>sic</strong></span> <span class='ocrx_word' id='word_1_108' title='bbox 997 1694 1306 1764; x_wconf 85' lang='lat' dir='ltr'><strong>habemus,</strong></span> <span class='ocrx_word' id='word_1_109' title='bbox 1340 1712 1411 1751; x_wconf 93' lang='lat' dir='ltr'><strong>ne</strong></span> <span class='ocrx_word' id='word_1_110' title='bbox 1437 1700 1539 1752; x_wconf 93' lang='lat' dir='ltr'><strong>aut</strong></span> <span class='ocrx_word' id='word_1_111' title='bbox 1566 1695 1933 1768; x_wconf 89' lang='lat' dir='ltr'><strong>disciplinam</strong></span> 
     </span>
    </p>
   </div>
   <div class='ocr_carea' id='block_1_18' title="bbox 293 1783 1938 1854">
    <p class='ocr_par' dir='ltr' id='par_1_18' title="bbox 293 1783 1938 1854">
     <span class='ocr_line' id='line_1_18' title="bbox 293 1783 1938 1854; baseline -0.001 -12"><span class='ocrx_word' id='word_1_112' title='bbox 293 1787 569 1854; x_wconf 84' lang='lat' dir='ltr'><strong>evertere,</strong></span> <span class='ocrx_word' id='word_1_113' title='bbox 600 1788 704 1841; x_wconf 91' lang='lat' dir='ltr'><strong>aut</strong></span> <span class='ocrx_word' id='word_1_114' title='bbox 760 1788 963 1841; x_wconf 88' lang='lat' dir='ltr'><strong>contra</strong></span> <span class='ocrx_word' id='word_1_115' title='bbox 1008 1783 1412 1840; x_wconf 83' lang='lat' dir='ltr'><strong>auctoritatem</strong></span> <span class='ocrx_word' id='word_1_116' title='bbox 1461 1785 1692 1840; x_wconf 91' lang='lat' dir='ltr'><strong>Domini</strong></span> <span class='ocrx_word' id='word_1_117' title='bbox 1741 1785 1938 1841; x_wconf 89' lang='lat' dir='ltr'><strong>venire</strong></span> 
     </span>
    </p>
   </div>
   <div class='ocr_carea' id='block_1_19' title="bbox 2043 616 3650 691">
    <p class='ocr_par' dir='ltr' id='par_1_19' title="bbox 2043 616 3650 691">
     <span class='ocr_line' id='line_1_19' title="bbox 2043 616 3650 691; baseline 0.002 -19"><span class='ocrx_word' id='word_1_118' title='bbox 2043 616 2125 673; x_wconf 90' lang='lat' dir='ltr'><strong>cri</strong></span> <span class='ocrx_word' id='word_1_119' title='bbox 2146 634 2420 686; x_wconf 84' lang='lat' dir='ltr'><strong>canones,</strong></span> <span class='ocrx_word' id='word_1_120' title='bbox 2444 623 2502 674; x_wconf 91' lang='lat' dir='ltr'><strong>et</strong></span> <span class='ocrx_word' id='word_1_121' title='bbox 2522 619 2753 675; x_wconf 88' lang='lat' dir='ltr'><strong>decreta</strong></span> <span class='ocrx_word' id='word_1_122' title='bbox 2779 618 2935 674; x_wconf 89' lang='lat' dir='ltr'><strong>sedis</strong></span> <span class='ocrx_word' id='word_1_123' title='bbox 2964 617 3308 691; x_wconf 69' lang='lat' dir='ltr'><strong>apostolicae,</strong></span> <span class='ocrx_word' id='word_1_124' title='bbox 3340 619 3650 676; x_wconf 85' lang='lat' dir='ltr'><strong>auctoritate</strong></span> 
     </span>
    </p>
   </div>
   <div class='ocr_carea' id='block_1_20' title="bbox 2042 706 3652 780">
    <p class='ocr_par' dir='ltr' id='par_1_20' title="bbox 2042 706 3652 780">
     <span class='ocr_line' id='line_1_20' title="bbox 2042 706 3652 780; baseline 0.001 -18"><span class='ocrx_word' id='word_1_125' title='bbox 2042 723 2230 771; x_wconf 90' lang='lat' dir='ltr'><strong>sacra,</strong></span> <span class='ocrx_word' id='word_1_126' title='bbox 2263 707 2612 779; x_wconf 88' lang='lat' dir='ltr'><strong>evangelica,</strong></span> <span class='ocrx_word' id='word_1_127' title='bbox 2645 711 2701 763; x_wconf 87' lang='lat' dir='ltr'><strong>et</strong></span> <span class='ocrx_word' id='word_1_128' title='bbox 2731 706 3070 780; x_wconf 88' lang='lat' dir='ltr'><strong>apostolica,</strong></span> <span class='ocrx_word' id='word_1_129' title='bbox 3101 710 3158 763; x_wconf 90' lang='lat' dir='ltr'><strong>et</strong></span> <span class='ocrx_word' id='word_1_130' title='bbox 3206 706 3526 780; x_wconf 84' lang='lat' dir='ltr'><strong>prophetica</strong></span> <span class='ocrx_word' id='word_1_131' title='bbox 3563 726 3652 780; x_wconf 88' lang='lat' dir='ltr'><strong>pa-</strong></span> 
     </span>
    </p>
   </div>
   <div class='ocr_carea' id='block_1_21' title="bbox 2045 795 3650 868">
    <p class='ocr_par' dir='ltr' id='par_1_21' title="bbox 2045 795 3650 868">
     <span class='ocr_line' id='line_1_21' title="bbox 2045 795 3650 868; baseline 0.001 -17"><span class='ocrx_word' id='word_1_132' title='bbox 2045 799 2236 851; x_wconf 90' lang='lat' dir='ltr'><strong>tenter</strong></span> <span class='ocrx_word' id='word_1_133' title='bbox 2255 797 2592 861; x_wconf 83' lang='lat' dir='ltr'><strong>ostcndunt,</strong></span> <span class='ocrx_word' id='word_1_134' title='bbox 2617 795 3174 868; x_wconf 76' lang='lat' dir='ltr'><strong>quiamisericordize</strong></span> <span class='ocrx_word' id='word_1_135' title='bbox 3197 796 3293 852; x_wconf 90' lang='lat' dir='ltr'><strong>Dei</strong></span> <span class='ocrx_word' id='word_1_136' title='bbox 3315 813 3414 851; x_wconf 84' lang='lat' dir='ltr'><strong>nec</strong></span> <span class='ocrx_word' id='word_1_137' title='bbox 3437 797 3650 852; x_wconf 89' lang='lat' dir='ltr'><strong>modum</strong></span> 
     </span>
    </p>
   </div>
   <div class='ocr_carea' id='block_1_22' title="bbox 2045 882 3652 958">
    <p class='ocr_par' dir='ltr' id='par_1_22' title="bbox 2045 882 3652 958">
     <span class='ocr_line' id='line_1_22' title="bbox 2045 882 3652 958; baseline 0.001 -20"><span class='ocrx_word' id='word_1_138' title='bbox 2045 900 2284 955; x_wconf 89' lang='lat' dir='ltr'><strong>possum</strong></span> <span class='ocrx_word' id='word_1_139' title='bbox 2296 903 2364 939; x_wconf 91' lang='lat' dir='ltr'><strong>us</strong></span> <span class='ocrx_word' id='word_1_140' title='bbox 2386 901 2617 956; x_wconf 90' lang='lat' dir='ltr'><strong>ponere,</strong></span> <span class='ocrx_word' id='word_1_141' title='bbox 2644 901 2748 940; x_wconf 88' lang='lat' dir='ltr'><strong>nec</strong></span> <span class='ocrx_word' id='word_1_142' title='bbox 2775 889 3038 956; x_wconf 91' lang='lat' dir='ltr'><strong>tempora</strong></span> <span class='ocrx_word' id='word_1_143' title='bbox 3058 882 3478 958; x_wconf 80' lang='lat' dir='ltr'><strong>diffinire,apud</strong></span> <span class='ocrx_word' id='word_1_144' title='bbox 3497 901 3652 957; x_wconf 89' lang='lat' dir='ltr'><strong>quem</strong></span> 
     </span>
    </p>
   </div>
   <div class='ocr_carea' id='block_1_23' title="bbox 2047 971 3656 1044">
    <p class='ocr_par' dir='ltr' id='par_1_23' title="bbox 2047 971 3656 1044">
     <span class='ocr_line' id='line_1_23' title="bbox 2047 971 3656 1044; baseline 0.002 -18"><span class='ocrx_word' id='word_1_145' title='bbox 2047 971 2240 1028; x_wconf 87' lang='lat' dir='ltr'><strong>nullas</strong></span> <span class='ocrx_word' id='word_1_146' title='bbox 2271 971 2491 1044; x_wconf 90' lang='lat' dir='ltr'><strong>patitur</strong></span> <span class='ocrx_word' id='word_1_147' title='bbox 2518 973 2695 1028; x_wconf 67' lang='lat' dir='ltr'><strong>veniae</strong></span> <span class='ocrx_word' id='word_1_148' title='bbox 2727 990 2923 1028; x_wconf 88' lang='lat' dir='ltr'><strong>moras</strong></span> <span class='ocrx_word' id='word_1_149' title='bbox 2950 989 3084 1028; x_wconf 90' lang='lat' dir='ltr'><strong>vera</strong></span> <span class='ocrx_word' id='word_1_150' title='bbox 3121 972 3423 1040; x_wconf 86' lang='lat' dir='ltr'><strong>confessio,</strong></span> <span class='ocrx_word' id='word_1_151' title='bbox 3453 973 3656 1029; x_wconf 86' lang='lat' dir='ltr'><strong>dicente</strong></span> 
     </span>
    </p>
   </div>
   <div class='ocr_carea' id='block_1_24' title="bbox 2046 1060 3655 1134">
    <p class='ocr_par' dir='ltr' id='par_1_24' title="bbox 2046 1060 3655 1134">
     <span class='ocr_line' id='line_1_24' title="bbox 2046 1060 3655 1134; baseline 0.001 -18"><span class='ocrx_word' id='word_1_152' title='bbox 2046 1060 2147 1116; x_wconf 87' lang='lat' dir='ltr'><strong>Dei</strong></span> <span class='ocrx_word' id='word_1_153' title='bbox 2168 1060 2389 1133; x_wconf 84' lang='lat' dir='ltr'><strong>Spiritu</strong></span> <span class='ocrx_word' id='word_1_154' title='bbox 2415 1079 2515 1133; x_wconf 88' lang='lat' dir='ltr'><strong>per</strong></span> <span class='ocrx_word' id='word_1_155' title='bbox 2533 1061 2876 1134; x_wconf 85' lang='lat' dir='ltr'><strong>prophetam</strong></span> <span class='ocrx_word' id='word_1_156' title='bbox 2901 1079 2914 1116; x_wconf 88' lang='lat'><strong>:</strong></span> <span class='ocrx_word' id='word_1_157' title='bbox 2940 1062 3070 1116; x_wconf 83' lang='lat' dir='ltr'><strong>Mox</strong></span> <span class='ocrx_word' id='word_1_158' title='bbox 3092 1065 3158 1117; x_wconf 91' lang='lat' dir='ltr'><strong>ut</strong></span> <span class='ocrx_word' id='word_1_159' title='bbox 3187 1061 3655 1134; x_wconf 57' lang='lat' dir='ltr'><strong>ingemueris,sal-</strong></span> 
     </span>
    </p>
   </div>
   <div class='ocr_carea' id='block_1_25' title="bbox 2044 1149 3655 1223">
    <p class='ocr_par' dir='ltr' id='par_1_25' title="bbox 2044 1149 3655 1223">
     <span class='ocr_line' id='line_1_25' title="bbox 2044 1149 3655 1223; baseline -0.001 -18"><span class='ocrx_word' id='word_1_160' title='bbox 2044 1166 2153 1205; x_wconf 90' lang='lat' dir='ltr'><strong>vus</strong></span> <span class='ocrx_word' id='word_1_161' title='bbox 2174 1149 2308 1206; x_wconf 90' lang='lat' dir='ltr'><strong>eris.</strong></span> <span class='ocrx_word' id='word_1_162' title='bbox 2334 1150 2560 1206; x_wconf 87' lang='lat' dir='ltr'><strong>Etitem</strong></span> <span class='ocrx_word' id='word_1_163' title='bbox 2585 1167 2596 1206; x_wconf 93' lang='lat'><strong>:</strong></span> <span class='ocrx_word' id='word_1_164' title='bbox 2623 1151 2725 1205; x_wconf 93' lang='lat' dir='ltr'><strong>Dic</strong></span> <span class='ocrx_word' id='word_1_165' title='bbox 2747 1150 2905 1223; x_wconf 88' lang='lat' dir='ltr'><strong>prior</strong></span> <span class='ocrx_word' id='word_1_166' title='bbox 2943 1149 3284 1222; x_wconf 70' lang='lat' dir='ltr'><strong>iniquitates</strong></span> <span class='ocrx_word' id='word_1_167' title='bbox 3323 1153 3472 1214; x_wconf 88' lang='lat' dir='ltr'><strong>tuas,</strong></span> <span class='ocrx_word' id='word_1_168' title='bbox 3503 1151 3655 1221; x_wconf 85' lang='lat' dir='ltr'><strong>utju-</strong></span> 
     </span>
    </p>
   </div>
   <div class='ocr_carea' id='block_1_26' title="bbox 2046 1237 3656 1312">
    <p class='ocr_par' dir='ltr' id='par_1_26' title="bbox 2046 1237 3656 1312">
     <span class='ocr_line' id='line_1_26' title="bbox 2046 1237 3656 1312; baseline 0.001 -19"><span class='ocrx_word' id='word_1_169' title='bbox 2046 1237 2334 1307; x_wconf 82' lang='lat' dir='ltr'><strong>stiliceris,</strong></span> <span class='ocrx_word' id='word_1_170' title='bbox 2369 1241 2500 1312; x_wconf 84' lang='lat' dir='ltr'><strong>quia</strong></span> <span class='ocrx_word' id='word_1_171' title='bbox 2514 1237 2658 1312; x_wconf 88' lang='lat' dir='ltr'><strong>apud</strong></span> <span class='ocrx_word' id='word_1_172' title='bbox 2676 1239 2968 1294; x_wconf 87' lang='lat' dir='ltr'><strong>Dominum</strong></span> <span class='ocrx_word' id='word_1_173' title='bbox 2986 1242 3075 1293; x_wconf 90' lang='lat' dir='ltr'><strong>est</strong></span> <span class='ocrx_word' id='word_1_174' title='bbox 3092 1237 3484 1306; x_wconf 74' lang='lat' dir='ltr'><strong>misericordia,</strong></span> <span class='ocrx_word' id='word_1_175' title='bbox 3511 1245 3557 1294; x_wconf 84' lang='lat' dir='ltr'><strong>et</strong></span> <span class='ocrx_word' id='word_1_176' title='bbox 3581 1253 3656 1294; x_wconf 80' lang='lat' dir='ltr'><strong>co-</strong></span> 
     </span>
    </p>
   </div>
   <div class='ocr_carea' id='block_1_27' title="bbox 2041 1327 3359 1401">
    <p class='ocr_par' dir='ltr' id='par_1_27' title="bbox 2041 1327 3359 1401">
     <span class='ocr_line' id='line_1_27' title="bbox 2041 1327 3359 1401; baseline -0.002 -18"><span class='ocrx_word' id='word_1_177' title='bbox 2041 1329 2200 1401; x_wconf 88' lang='lat' dir='ltr'><strong>piosa</strong></span> <span class='ocrx_word' id='word_1_178' title='bbox 2225 1327 2370 1400; x_wconf 84' lang='lat' dir='ltr'><strong>apud</strong></span> <span class='ocrx_word' id='word_1_179' title='bbox 2396 1345 2522 1384; x_wconf 87' lang='lat' dir='ltr'><strong>eum</strong></span> <span class='ocrx_word' id='word_1_180' title='bbox 2548 1328 2842 1401; x_wconf 76' lang='lat' dir='ltr'><strong>redemptio</strong></span> <span class='ocrx_word' id='word_1_181' title='bbox 2867 1327 3036 1400; x_wconf 86' lang='lat' dir='ltr'><strong>(Psal.</strong></span> <span class='ocrx_word' id='word_1_182' title='bbox 3067 1345 3254 1394; x_wconf 74' lang='lat' dir='ltr'><strong>(xxxix,</strong></span> <span class='ocrx_word' id='word_1_183' title='bbox 3283 1330 3359 1397; x_wconf 90' lang='lat'><strong>7).</strong></span> 
     </span>
    </p>
   </div>
   <div class='ocr_carea' id='block_1_28' title="bbox 2046 1478 3662 1553">
    <p class='ocr_par' dir='ltr' id='par_1_28' title="bbox 2046 1478 3662 1553">
     <span class='ocr_line' id='line_1_28' title="bbox 2046 1478 3662 1553; baseline 0 -17"><span class='ocrx_word' id='word_1_184' title='bbox 2046 1479 2178 1536; x_wconf 76' lang='lat' dir='ltr'><strong>CAP.</strong></span> <span class='ocrx_word' id='word_1_185' title='bbox 2223 1478 2410 1553; x_wconf 74' lang='lat' dir='ltr'><strong>XXIX.</strong></span> <span class='ocrx_word' id='word_1_186' title='bbox 2451 1509 2520 1520; x_wconf 92' lang='lat'><strong>—-</strong></span> <span class='ocrx_word' id='word_1_187' title='bbox 2557 1479 2711 1553; x_wconf 79' lang='lat' dir='ltr'><strong>Quod</strong></span> <span class='ocrx_word' id='word_1_188' title='bbox 2766 1495 2866 1536; x_wconf 73' lang='lat' dir='ltr'><strong>rex</strong></span> <span class='ocrx_word' id='word_1_189' title='bbox 2903 1481 3233 1553; x_wconf 79' lang='lat' dir='ltr'><strong>propinquis</strong></span> <span class='ocrx_word' id='word_1_190' title='bbox 3277 1481 3392 1553; x_wconf 75' lang='lat' dir='ltr'><strong>suis</strong></span> <span class='ocrx_word' id='word_1_191' title='bbox 3415 1495 3662 1553; x_wconf 65' lang='lat' dir='ltr'><strong>perverse</strong></span> 
     </span>
    </p>
   </div>
   <div class='ocr_carea' id='block_1_29' title="bbox 2186 1549 3538 1624">
    <p class='ocr_par' dir='ltr' id='par_1_29' title="bbox 2186 1549 3538 1624">
     <span class='ocr_line' id='line_1_29' title="bbox 2186 1549 3538 1624; baseline 0 -18"><span class='ocrx_word' id='word_1_192' title='bbox 2186 1552 2473 1622; x_wconf 82' lang='lat' dir='ltr'><strong>agentibus</strong></span> <span class='ocrx_word' id='word_1_193' title='bbox 2501 1551 2697 1624; x_wconf 70' lang='lat' dir='ltr'><strong>aﬁectu</strong></span> <span class='ocrx_word' id='word_1_194' title='bbox 2723 1549 2942 1606; x_wconf 81' lang='lat' dir='ltr'><strong>carnali</strong></span> <span class='ocrx_word' id='word_1_195' title='bbox 2962 1549 3190 1623; x_wconf 76' lang='lat' dir='ltr'><strong>parcere</strong></span> <span class='ocrx_word' id='word_1_196' title='bbox 3207 1566 3319 1607; x_wconf 79' lang='lat' dir='ltr'><strong>non</strong></span> <span class='ocrx_word' id='word_1_197' title='bbox 3342 1549 3538 1607; x_wconf 80' lang='lat' dir='ltr'><strong>debeat.</strong></span> 
     </span>
    </p>
   </div>
   <div class='ocr_carea' id='block_1_30' title="bbox 2118 1681 3660 1758">
    <p class='ocr_par' dir='ltr' id='par_1_30' title="bbox 2118 1681 3660 1758">
     <span class='ocr_line' id='line_1_30' title="bbox 2118 1681 3660 1758; baseline 0 -18"><span class='ocrx_word' id='word_1_198' title='bbox 2118 1683 2279 1750; x_wconf 87' lang='lat' dir='ltr'><strong>Quod</strong></span> <span class='ocrx_word' id='word_1_199' title='bbox 2311 1701 2412 1740; x_wconf 79' lang='lat' dir='ltr'><strong>rex</strong></span> <span class='ocrx_word' id='word_1_200' title='bbox 2443 1689 2680 1758; x_wconf 88' lang='lat' dir='ltr'><strong>preptcr</strong></span> <span class='ocrx_word' id='word_1_201' title='bbox 2709 1683 3100 1740; x_wconf 89' lang='lat' dir='ltr'><strong>ministerium</strong></span> <span class='ocrx_word' id='word_1_202' title='bbox 3132 1681 3552 1755; x_wconf 89' lang='lat' dir='ltr'><strong>regium,etiam</strong></span> <span class='ocrx_word' id='word_1_203' title='bbox 3573 1701 3660 1740; x_wconf 86' lang='lat' dir='ltr'><strong>nec</strong></span> 
     </span>
    </p>
   </div>
   <div class='ocr_carea' id='block_1_31' title="bbox 2045 1771 3663 1846">
    <p class='ocr_par' dir='ltr' id='par_1_31' title="bbox 2045 1771 3663 1846">
     <span class='ocr_line' id='line_1_31' title="bbox 2045 1771 3663 1846; baseline 0 -18"><span class='ocrx_word' id='word_1_204' title='bbox 2045 1771 2498 1845; x_wconf 90' lang='lat' dir='ltr'><strong>quibuscunque</strong></span> <span class='ocrx_word' id='word_1_205' title='bbox 2528 1772 2984 1846; x_wconf 86' lang='lat' dir='ltr'><strong>propinquitatis</strong></span> <span class='ocrx_word' id='word_1_206' title='bbox 3007 1771 3663 1841; x_wconf 85' lang='lat' dir='ltr'><strong>necessitudinibus,con-</strong></span> 
     </span>
    </p>
   </div>
   <div class='ocr_carea' id='block_1_32' title="bbox 291 1859 3664 1964">
    <p class='ocr_par' dir='ltr' id='par_1_32' title="bbox 291 1859 3664 1964">
     <span class='ocr_line' id='line_1_32' title="bbox 291 1859 3664 1964; baseline 0.001 -36"><span class='ocrx_word' id='word_1_207' title='bbox 291 1873 617 1964; x_wconf 75' lang='lat' dir='ltr'><strong>videamur.</strong></span> <span class='ocrx_word' id='word_1_208' title='bbox 634 1874 784 1964; x_wconf 83' lang='lat' dir='ltr'><strong>Ipsis</strong></span> <span class='ocrx_word' id='word_1_209' title='bbox 803 1875 1072 1931; x_wconf 88' lang='lat' dir='ltr'><strong>autemin</strong></span> <span class='ocrx_word' id='word_1_210' title='bbox 1085 1874 1308 1930; x_wconf 83' lang='lat' dir='ltr'><strong>ratione</strong></span> <span class='ocrx_word' id='word_1_211' title='bbox 1328 1874 1627 1931; x_wconf 90' lang='lat' dir='ltr'><strong>reddenda</strong></span> <span class='ocrx_word' id='word_1_212' title='bbox 1645 1879 1810 1948; x_wconf 88' lang='lat' dir='ltr'><strong>gesta</strong></span> <span class='ocrx_word' id='word_1_213' title='bbox 1829 1891 1938 1931; x_wconf 88' lang='lat' dir='ltr'><strong>sua</strong></span> <span class='ocrx_word' id='word_1_214' title='bbox 1968 1899 2017 1964; x_wconf 77' lang='grc' dir='ltr'>Β</span> <span class='ocrx_word' id='word_1_215' title='bbox 2044 1865 2134 1917; x_wconf 61' lang='grc' dir='ltr'><strong>ἵνα</strong></span> <span class='ocrx_word' id='word_1_216' title='bbox 2146 1861 3263 1964; x_wconf 32' lang='lat' dir='ltr'><strong>Deumﬁanlllgmqueﬁccleﬂaminflue</strong></span> <span class='ocrx_word' id='word_1_217' title='bbox 3275 1859 3664 1964; x_wconf 62' lang='grc' dir='ltr'><strong>ΓθωΡΠΡῙξοδῐξὶ</strong></span> 
     </span>
    </p>
   </div>
   <div class='ocr_carea' id='block_1_33' title="bbox 295 1961 994 2018">
    <p class='ocr_par' dir='ltr' id='par_1_33' title="bbox 295 1961 994 2018">
     <span class='ocr_line' id='line_1_33' title="bbox 295 1961 994 2018; baseline -0.009 0"><span class='ocrx_word' id='word_1_218' title='bbox 295 1961 496 2018; x_wconf 87' lang='lat' dir='ltr'><strong>omnia</strong></span> <span class='ocrx_word' id='word_1_219' title='bbox 523 1963 929 2018; x_wconf 88' lang='lat' dir='ltr'><strong>servabuntur.</strong></span> <span class='ocrx_word' id='word_1_220' title='bbox 965 1985 994 2012; x_wconf 86' lang='grc'>››</span> 
     </span>
    </p>
   </div>
   <div class='ocr_carea' id='block_1_34' title="bbox 295 2086 1944 2162">
    <p class='ocr_par' dir='ltr' id='par_1_34' title="bbox 295 2086 1944 2162">
     <span class='ocr_line' id='line_1_34' title="bbox 295 2086 1944 2162; baseline 0.002 -17"><span class='ocrx_word' id='word_1_221' title='bbox 295 2089 430 2145; x_wconf 80' lang='lat' dir='ltr'><strong>CAP.</strong></span> <span class='ocrx_word' id='word_1_222' title='bbox 461 2086 679 2143; x_wconf 85' lang='lat' dir='ltr'><strong>XXVII.</strong></span> <span class='ocrx_word' id='word_1_223' title='bbox 713 2115 783 2129; x_wconf 86' lang='lat'><strong><em>—</em></strong></span> <span class='ocrx_word' id='word_1_224' title='bbox 814 2088 975 2162; x_wconf 18' lang='lat' dir='ltr'><strong>Quod,</strong></span> <span class='ocrx_word' id='word_1_225' title='bbox 1012 2089 1150 2157; x_wconf 86' lang='lat' dir='ltr'><strong>leges</strong></span> <span class='ocrx_word' id='word_1_226' title='bbox 1181 2105 1215 2162; x_wconf 72' lang='grc' dir='ltr'><em>ᾳ</em></span> <span class='ocrx_word' id='word_1_227' title='bbox 1241 2091 1493 2162; x_wconf 78' lang='lat' dir='ltr'><strong>principe</strong></span> <span class='ocrx_word' id='word_1_228' title='bbox 1529 2091 1680 2162; x_wconf 87' lang='lat' dir='ltr'><strong>justo</strong></span> <span class='ocrx_word' id='word_1_229' title='bbox 1723 2101 1852 2148; x_wconf 81' lang='lat' dir='ltr'><strong>sunt</strong></span> <span class='ocrx_word' id='word_1_230' title='bbox 1883 2094 1944 2148; x_wconf 83' lang='lat' dir='ltr'><strong>in</strong></span> 
     </span>
    </p>
   </div>
   <div class='ocr_carea' id='block_1_35' title="bbox 802 2159 1432 2231">
    <p class='ocr_par' dir='ltr' id='par_1_35' title="bbox 802 2159 1432 2231">
     <span class='ocr_line' id='line_1_35' title="bbox 802 2159 1432 2231; baseline 0.005 -16"><span class='ocrx_word' id='word_1_231' title='bbox 802 2159 1043 2231; x_wconf 88' lang='lat' dir='ltr'><strong>quolibet</strong></span> <span class='ocrx_word' id='word_1_232' title='bbox 1066 2159 1432 2220; x_wconf 59' lang='lat' dir='ltr'><strong>vindicamus;</strong></span> 
     </span>
    </p>
   </div>
   <div class='ocr_carea' id='block_1_36' title="bbox 369 2267 1976 2326">
    <p class='ocr_par' dir='ltr' id='par_1_36' title="bbox 369 2267 1976 2326">
     <span class='ocr_line' id='line_1_36' title="bbox 369 2267 1976 2326; baseline 0.001 -2"><span class='ocrx_word' id='word_1_233' title='bbox 369 2268 513 2324; x_wconf 89' lang='lat' dir='ltr'><strong>Item</strong></span> <span class='ocrx_word' id='word_1_234' title='bbox 535 2267 689 2324; x_wconf 91' lang='lat' dir='ltr'><strong>idem</strong></span> <span class='ocrx_word' id='word_1_235' title='bbox 716 2271 958 2325; x_wconf 88' lang='lat' dir='ltr'><strong>sanctus</strong></span> <span class='ocrx_word' id='word_1_236' title='bbox 980 2269 1040 2324; x_wconf 92' lang='lat' dir='ltr'><strong>In</strong></span> <span class='ocrx_word' id='word_1_237' title='bbox 1050 2268 1354 2326; x_wconf 90' lang='lat' dir='ltr'><strong>nocentius</strong></span> <span class='ocrx_word' id='word_1_238' title='bbox 1374 2269 1434 2324; x_wconf 91' lang='lat' dir='ltr'><strong>in</strong></span> <span class='ocrx_word' id='word_1_239' title='bbox 1453 2270 1710 2326; x_wconf 90' lang='lat' dir='ltr'><strong>Decretis</strong></span> <span class='ocrx_word' id='word_1_240' title='bbox 1725 2271 1852 2326; x_wconf 88' lang='lat' dir='ltr'><strong>suis</strong></span> <span class='ocrx_word' id='word_1_241' title='bbox 1869 2272 1941 2326; x_wconf 90' lang='lat' dir='ltr'><strong>ad</strong></span> <span class='ocrx_word' id='word_1_242' title='bbox 1969 2293 1976 2302; x_wconf 89' lang='grc'><strong>·</strong></span> 
     </span>
    </p>
   </div>
   <div class='ocr_carea' id='block_1_37' title="bbox 297 2356 1942 2430">
    <p class='ocr_par' dir='ltr' id='par_1_37' title="bbox 297 2356 1942 2430">
     <span class='ocr_line' id='line_1_37' title="bbox 297 2356 1942 2430; baseline 0.001 -18"><span class='ocrx_word' id='word_1_243' title='bbox 297 2357 570 2412; x_wconf 91' lang='lat' dir='ltr'><strong>eumdem</strong></span> <span class='ocrx_word' id='word_1_244' title='bbox 592 2357 768 2430; x_wconf 82' lang='lat' dir='ltr'><strong>(epist.</strong></span> <span class='ocrx_word' id='word_1_245' title='bbox 795 2356 920 2425; x_wconf 79' lang='lat' dir='ltr'><strong>il):</strong></span> <span class='ocrx_word' id='word_1_246' title='bbox 954 2381 982 2408; x_wconf 88' lang='lat'><strong><em>«</em></strong></span> <span class='ocrx_word' id='word_1_247' title='bbox 1008 2356 1178 2422; x_wconf 90' lang='lat' dir='ltr'><strong>Illud,</strong></span> <span class='ocrx_word' id='word_1_248' title='bbox 1202 2357 1414 2430; x_wconf 90' lang='lat' dir='ltr'><strong>inquit,</strong></span> <span class='ocrx_word' id='word_1_249' title='bbox 1438 2357 1721 2414; x_wconf 87' lang='lat' dir='ltr'><strong>sciscitari</strong></span> <span class='ocrx_word' id='word_1_250' title='bbox 1752 2359 1942 2414; x_wconf 81' lang='lat' dir='ltr'><strong>volui—</strong></span> 
     </span>
    </p>
   </div>
   <div class='ocr_carea' id='block_1_38' title="bbox 298 2445 1944 2519">
    <p class='ocr_par' dir='ltr' id='par_1_38' title="bbox 298 2445 1944 2519">
     <span class='ocr_line' id='line_1_38' title="bbox 298 2445 1944 2519; baseline 0.001 -16"><span class='ocrx_word' id='word_1_251' title='bbox 298 2445 398 2516; x_wconf 85' lang='lat' dir='ltr'><strong>sti,</strong></span> <span class='ocrx_word' id='word_1_252' title='bbox 420 2463 492 2502; x_wconf 92' lang='lat' dir='ltr'><strong>an</strong></span> <span class='ocrx_word' id='word_1_253' title='bbox 527 2463 728 2519; x_wconf 87' lang='lat' dir='ltr'><strong>preces</strong></span> <span class='ocrx_word' id='word_1_254' title='bbox 757 2445 1118 2502; x_wconf 88' lang='lat' dir='ltr'><strong>dictantibus</strong></span> <span class='ocrx_word' id='word_1_255' title='bbox 1144 2445 1396 2502; x_wconf 90' lang='lat' dir='ltr'><strong>liberum</strong></span> <span class='ocrx_word' id='word_1_256' title='bbox 1429 2447 1800 2511; x_wconf 81' lang='lat' dir='ltr'><strong>concedatur.</strong></span> <span class='ocrx_word' id='word_1_257' title='bbox 1837 2449 1944 2504; x_wconf 89' lang='lat' dir='ltr'><strong>uti-</strong></span> 
     </span>
    </p>
   </div>
   <div class='ocr_carea' id='block_1_39' title="bbox 297 2534 1944 2610">
    <p class='ocr_par' dir='ltr' id='par_1_39' title="bbox 297 2534 1944 2610">
     <span class='ocr_line' id='line_1_39' title="bbox 297 2534 1944 2610; baseline 0.002 -20"><span class='ocrx_word' id='word_1_258' title='bbox 297 2551 412 2608; x_wconf 89' lang='lat' dir='ltr'><strong>que</strong></span> <span class='ocrx_word' id='word_1_259' title='bbox 453 2539 587 2608; x_wconf 88' lang='lat' dir='ltr'><strong>post</strong></span> <span class='ocrx_word' id='word_1_260' title='bbox 633 2534 911 2608; x_wconf 86' lang='lat' dir='ltr'><strong>baptismi</strong></span> <span class='ocrx_word' id='word_1_261' title='bbox 967 2536 1487 2608; x_wconf 86' lang='lat' dir='ltr'><strong>regenerationem,</strong></span> <span class='ocrx_word' id='word_1_262' title='bbox 1515 2555 1550 2592; x_wconf 91' lang='lat' dir='ltr'><strong>a</strong></span> <span class='ocrx_word' id='word_1_263' title='bbox 1579 2536 1944 2610; x_wconf 89' lang='lat' dir='ltr'><strong>principibus</strong></span> 
     </span>
    </p>
   </div>
   <div class='ocr_carea' id='block_1_40' title="bbox 296 2623 1938 2698">
    <p class='ocr_par' dir='ltr' id='par_1_40' title="bbox 296 2623 1938 2698">
     <span class='ocr_line' id='line_1_40' title="bbox 296 2623 1938 2698; baseline 0.001 -18"><span class='ocrx_word' id='word_1_264' title='bbox 296 2640 534 2696; x_wconf 91' lang='lat' dir='ltr'><strong>poscere</strong></span> <span class='ocrx_word' id='word_1_265' title='bbox 562 2627 809 2680; x_wconf 91' lang='lat' dir='ltr'><strong>mortem</strong></span> <span class='ocrx_word' id='word_1_266' title='bbox 841 2623 1112 2696; x_wconf 86' lang='lat' dir='ltr'><strong>alicujus,</strong></span> <span class='ocrx_word' id='word_1_267' title='bbox 1145 2625 1232 2682; x_wconf 92' lang='lat' dir='ltr'><strong>vel</strong></span> <span class='ocrx_word' id='word_1_268' title='bbox 1255 2625 1602 2698; x_wconf 88' lang='lat' dir='ltr'><strong>sanguinem</strong></span> <span class='ocrx_word' id='word_1_269' title='bbox 1631 2627 1702 2683; x_wconf 91' lang='lat' dir='ltr'><strong>de</strong></span> <span class='ocrx_word' id='word_1_270' title='bbox 1736 2631 1898 2682; x_wconf 89' lang='lat' dir='ltr'><strong>reatu</strong></span> <span class='ocrx_word' id='word_1_271' title='bbox 1925 2643 1938 2681; x_wconf 75' lang='grc' dir='ltr'>ε</span> 
     </span>
    </p>
   </div>
   <div class='ocr_carea' id='block_1_41' title="bbox 296 2712 1944 2787">
    <p class='ocr_par' dir='ltr' id='par_1_41' title="bbox 296 2712 1944 2787">
     <span class='ocr_line' id='line_1_41' title="bbox 296 2712 1944 2787; baseline 0.002 -19"><span class='ocrx_word' id='word_1_272' title='bbox 296 2729 476 2786; x_wconf 90' lang='lat' dir='ltr'><strong>quam</strong></span> <span class='ocrx_word' id='word_1_273' title='bbox 490 2729 613 2769; x_wconf 92' lang='lat' dir='ltr'><strong>rem</strong></span> <span class='ocrx_word' id='word_1_274' title='bbox 634 2712 928 2786; x_wconf 89' lang='lat' dir='ltr'><strong>principes</strong></span> <span class='ocrx_word' id='word_1_275' title='bbox 948 2731 1253 2787; x_wconf 87' lang='lat' dir='ltr'><strong>nunquam</strong></span> <span class='ocrx_word' id='word_1_276' title='bbox 1267 2714 1392 2771; x_wconf 89' lang='lat' dir='ltr'><strong>sine</strong></span> <span class='ocrx_word' id='word_1_277' title='bbox 1404 2715 1734 2772; x_wconf 92' lang='lat' dir='ltr'><strong>conditione</strong></span> <span class='ocrx_word' id='word_1_278' title='bbox 1746 2733 1944 2772; x_wconf 87' lang='lat' dir='ltr'><strong>conce-</strong></span> 
     </span>
    </p>
   </div>
   <div class='ocr_carea' id='block_1_42' title="bbox 297 2803 1944 2877">
    <p class='ocr_par' dir='ltr' id='par_1_42' title="bbox 297 2803 1944 2877">
     <span class='ocr_line' id='line_1_42' title="bbox 297 2803 1944 2877; baseline 0.002 -19"><span class='ocrx_word' id='word_1_279' title='bbox 297 2803 468 2870; x_wconf 89' lang='lat' dir='ltr'><strong>dunt,</strong></span> <span class='ocrx_word' id='word_1_280' title='bbox 499 2803 598 2859; x_wconf 89' lang='lat' dir='ltr'><strong>sed</strong></span> <span class='ocrx_word' id='word_1_281' title='bbox 633 2803 704 2858; x_wconf 88' lang='lat' dir='ltr'><strong>ad</strong></span> <span class='ocrx_word' id='word_1_282' title='bbox 724 2803 958 2876; x_wconf 90' lang='lat' dir='ltr'><strong>judices</strong></span> <span class='ocrx_word' id='word_1_283' title='bbox 1011 2803 1329 2861; x_wconf 86' lang='lat' dir='ltr'><strong>commissa</strong></span> <span class='ocrx_word' id='word_1_284' title='bbox 1385 2803 1514 2877; x_wconf 90' lang='lat' dir='ltr'><strong>ipsa</strong></span> <span class='ocrx_word' id='word_1_285' title='bbox 1557 2805 1646 2862; x_wconf 82' lang='lat' dir='ltr'><strong>vel</strong></span> <span class='ocrx_word' id='word_1_286' title='bbox 1695 2805 1944 2862; x_wconf 89' lang='lat' dir='ltr'><strong>crimina</strong></span> 
     </span>
    </p>
   </div>
   <div class='ocr_carea' id='block_1_43' title="bbox 296 2891 1946 2969">
    <p class='ocr_par' dir='ltr' id='par_1_43' title="bbox 296 2891 1946 2969">
     <span class='ocr_line' id='line_1_43' title="bbox 296 2891 1946 2969; baseline 0.002 -21"><span class='ocrx_word' id='word_1_287' title='bbox 296 2909 529 2966; x_wconf 89' lang='lat' dir='ltr'><strong>semper</strong></span> <span class='ocrx_word' id='word_1_288' title='bbox 541 2891 1140 2960; x_wconf 89' lang='lat' dir='ltr'><strong>remittunt,ut,eausa</strong></span> <span class='ocrx_word' id='word_1_289' title='bbox 1151 2894 1780 2967; x_wconf 84' lang='lat' dir='ltr'><strong>cognita,vindicentur</strong></span> <span class='ocrx_word' id='word_1_290' title='bbox 1795 2913 1946 2969; x_wconf 71' lang='lat' dir='ltr'><strong>qua:-</strong></span> 
     </span>
    </p>
   </div>
   <div class='ocr_carea' id='block_1_44' title="bbox 297 2981 1940 3058">
    <p class='ocr_par' dir='ltr' id='par_1_44' title="bbox 297 2981 1940 3058">
     <span class='ocr_line' id='line_1_44' title="bbox 297 2981 1940 3058; baseline 0.003 -21"><span class='ocrx_word' id='word_1_291' title='bbox 297 2999 529 3056; x_wconf 90' lang='lat' dir='ltr'><strong>cunque</strong></span> <span class='ocrx_word' id='word_1_292' title='bbox 559 2981 856 3056; x_wconf 70' lang='lat' dir='ltr'><strong>qumsitori</strong></span> <span class='ocrx_word' id='word_1_293' title='bbox 905 2982 1121 3039; x_wconf 85' lang='lat' dir='ltr'><strong>fuerint</strong></span> <span class='ocrx_word' id='word_1_294' title='bbox 1151 2983 1416 3058; x_wconf 89' lang='lat' dir='ltr'><strong>delegata</strong></span> <span class='ocrx_word' id='word_1_295' title='bbox 1450 3001 1463 3038; x_wconf 92' lang='lat'>:</span> <span class='ocrx_word' id='word_1_296' title='bbox 1499 2989 1601 3040; x_wconf 90' lang='lat' dir='ltr'><strong>aut</strong></span> <span class='ocrx_word' id='word_1_297' title='bbox 1629 2986 1940 3053; x_wconf 90' lang='lat' dir='ltr'><strong>absolutio,</strong></span> 
     </span>
    </p>
   </div>
   <div class='ocr_carea' id='block_1_45' title="bbox 297 3073 1942 3148">
    <p class='ocr_par' dir='ltr' id='par_1_45' title="bbox 297 3073 1942 3148">
     <span class='ocr_line' id='line_1_45' title="bbox 297 3073 1942 3148; baseline -0.001 -17"><span class='ocrx_word' id='word_1_298' title='bbox 297 3078 401 3131; x_wconf 87' lang='lat' dir='ltr'><strong>aut</strong></span> <span class='ocrx_word' id='word_1_299' title='bbox 421 3073 718 3130; x_wconf 87' lang='lat' dir='ltr'><strong>damnatio</strong></span> <span class='ocrx_word' id='word_1_300' title='bbox 741 3091 845 3146; x_wconf 93' lang='lat' dir='ltr'><strong>pro</strong></span> <span class='ocrx_word' id='word_1_301' title='bbox 868 3073 1080 3148; x_wconf 90' lang='lat' dir='ltr'><strong>negotii</strong></span> <span class='ocrx_word' id='word_1_302' title='bbox 1104 3073 1383 3146; x_wconf 87' lang='lat' dir='ltr'><strong>qualitate</strong></span> <span class='ocrx_word' id='word_1_303' title='bbox 1411 3075 1786 3148; x_wconf 81' lang='lat' dir='ltr'><strong>profertur,et</strong></span> <span class='ocrx_word' id='word_1_304' title='bbox 1801 3077 1942 3131; x_wconf 92' lang='lat' dir='ltr'><strong>dum</strong></span> 
     </span>
    </p>
   </div>
   <div class='ocr_carea' id='block_1_46' title="bbox 296 3160 1946 3237">
    <p class='ocr_par' dir='ltr' id='par_1_46' title="bbox 296 3160 1946 3237">
     <span class='ocr_line' id='line_1_46' title="bbox 296 3160 1946 3237; baseline 0.001 -19"><span class='ocrx_word' id='word_1_305' title='bbox 296 3160 493 3237; x_wconf 83' lang='lat' dir='ltr'><strong>legum</strong></span> <span class='ocrx_word' id='word_1_306' title='bbox 525 3163 582 3217; x_wconf 92' lang='lat' dir='ltr'><strong>in</strong></span> <span class='ocrx_word' id='word_1_307' title='bbox 615 3161 828 3236; x_wconf 86' lang='lat' dir='ltr'><strong>impios</strong></span> <span class='ocrx_word' id='word_1_308' title='bbox 857 3167 1157 3218; x_wconf 84' lang='lat' dir='ltr'><strong>exercetur</strong></span> <span class='ocrx_word' id='word_1_309' title='bbox 1185 3164 1522 3230; x_wconf 89' lang='lat' dir='ltr'><strong>auctoritas,</strong></span> <span class='ocrx_word' id='word_1_310' title='bbox 1555 3165 1667 3220; x_wconf 88' lang='lat' dir='ltr'><strong>erit</strong></span> <span class='ocrx_word' id='word_1_311' title='bbox 1695 3165 1946 3221; x_wconf 88' lang='lat' dir='ltr'><strong>dictator</strong></span> 
     </span>
    </p>
   </div>
   <div class='ocr_carea' id='block_1_47' title="bbox 2051 1949 3661 2024">
    <p class='ocr_par' dir='ltr' id='par_1_47' title="bbox 2051 1949 3661 2024">
     <span class='ocr_line' id='line_1_47' title="bbox 2051 1949 3661 2024; baseline -0.001 -18"><span class='ocrx_word' id='word_1_312' title='bbox 2051 1967 2314 2023; x_wconf 85' lang='lat' dir='ltr'><strong>perverse</strong></span> <span class='ocrx_word' id='word_1_313' title='bbox 2336 1949 2669 2024; x_wconf 87' lang='lat' dir='ltr'><strong>agentibus,</strong></span> <span class='ocrx_word' id='word_1_314' title='bbox 2701 1949 2910 2005; x_wconf 81' lang='lat' dir='ltr'><strong>all‘ectu</strong></span> <span class='ocrx_word' id='word_1_315' title='bbox 2941 1949 3162 2006; x_wconf 90' lang='lat' dir='ltr'><strong>carnali</strong></span> <span class='ocrx_word' id='word_1_316' title='bbox 3190 1965 3428 2022; x_wconf 87' lang='lat' dir='ltr'><strong>parcere</strong></span> <span class='ocrx_word' id='word_1_317' title='bbox 3464 1949 3661 2016; x_wconf 88' lang='lat' dir='ltr'><strong>debeat,</strong></span> 
     </span>
    </p>
   </div>
   <div class='ocr_carea' id='block_1_48' title="bbox 2050 2037 3666 2112">
    <p class='ocr_par' dir='ltr' id='par_1_48' title="bbox 2050 2037 3666 2112">
     <span class='ocr_line' id='line_1_48' title="bbox 2050 2037 3666 2112; baseline -0.001 -17"><span class='ocrx_word' id='word_1_318' title='bbox 2050 2056 2120 2096; x_wconf 83' lang='lat' dir='ltr'><strong>ex</strong></span> <span class='ocrx_word' id='word_1_319' title='bbox 2145 2039 2338 2095; x_wconf 90' lang='lat' dir='ltr'><strong>verbis</strong></span> <span class='ocrx_word' id='word_1_320' title='bbox 2396 2039 2622 2095; x_wconf 90' lang='lat' dir='ltr'><strong>Domini</strong></span> <span class='ocrx_word' id='word_1_321' title='bbox 2674 2039 2969 2096; x_wconf 89' lang='lat' dir='ltr'><strong>dicentis:</strong></span> <span class='ocrx_word' id='word_1_322' title='bbox 3005 2041 3122 2112; x_wconf 80' lang='lat' dir='ltr'><strong>Qui</strong></span> <span class='ocrx_word' id='word_1_323' title='bbox 3175 2054 3290 2095; x_wconf 84' lang='lat' dir='ltr'><strong>non</strong></span> <span class='ocrx_word' id='word_1_324' title='bbox 3342 2037 3666 2110; x_wconf 81' lang='lat' dir='ltr'><strong>odit.patrem</strong></span> 
     </span>
    </p>
   </div>
   <div class='ocr_carea' id='block_1_49' title="bbox 2049 2127 3667 2199">
    <p class='ocr_par' dir='ltr' id='par_1_49' title="bbox 2049 2127 3667 2199">
     <span class='ocr_line' id='line_1_49' title="bbox 2049 2127 3667 2199; baseline -0.001 -16"><span class='ocrx_word' id='word_1_325' title='bbox 2049 2143 2233 2193; x_wconf 85' lang='lat' dir='ltr'><strong>suum,</strong></span> <span class='ocrx_word' id='word_1_326' title='bbox 2265 2135 2316 2184; x_wconf 89' lang='lat' dir='ltr'><strong>et</strong></span> <span class='ocrx_word' id='word_1_327' title='bbox 2341 2136 2592 2194; x_wconf 83' lang='lat' dir='ltr'><strong>matrem,</strong></span> <span class='ocrx_word' id='word_1_328' title='bbox 2623 2136 2675 2184; x_wconf 91' lang='lat' dir='ltr'><strong>et</strong></span> <span class='ocrx_word' id='word_1_329' title='bbox 2701 2143 2947 2196; x_wconf 71' lang='lat' dir='ltr'><strong>uxorem,</strong></span> <span class='ocrx_word' id='word_1_330' title='bbox 2977 2135 3028 2184; x_wconf 89' lang='lat' dir='ltr'><strong>et</strong></span> <span class='ocrx_word' id='word_1_331' title='bbox 3073 2127 3240 2198; x_wconf 79' lang='lat' dir='ltr'><strong>ﬁlios,</strong></span> <span class='ocrx_word' id='word_1_332' title='bbox 3293 2135 3345 2184; x_wconf 84' lang='lat' dir='ltr'><strong>et</strong></span> <span class='ocrx_word' id='word_1_333' title='bbox 3395 2129 3598 2199; x_wconf 83' lang='lat' dir='ltr'><strong>fratres,</strong></span> <span class='ocrx_word' id='word_1_334' title='bbox 3623 2133 3667 2182; x_wconf 81' lang='lat' dir='ltr'><strong>et</strong></span> 
     </span>
    </p>
   </div>
   <div class='ocr_carea' id='block_1_50' title="bbox 2049 2217 3668 2288">
    <p class='ocr_par' dir='ltr' id='par_1_50' title="bbox 2049 2217 3668 2288">
     <span class='ocr_line' id='line_1_50' title="bbox 2049 2217 3668 2288; baseline -0.001 -15"><span class='ocrx_word' id='word_1_335' title='bbox 2049 2233 2279 2286; x_wconf 88' lang='lat' dir='ltr'><strong>sorores,</strong></span> <span class='ocrx_word' id='word_1_336' title='bbox 2310 2217 2487 2273; x_wconf 83' lang='lat' dir='ltr'><strong>adhuc</strong></span> <span class='ocrx_word' id='word_1_337' title='bbox 2541 2224 2723 2273; x_wconf 86' lang='lat' dir='ltr'><strong>autem</strong></span> <span class='ocrx_word' id='word_1_338' title='bbox 2775 2224 2828 2274; x_wconf 87' lang='lat' dir='ltr'><strong>et</strong></span> <span class='ocrx_word' id='word_1_339' title='bbox 2881 2217 3128 2272; x_wconf 80' lang='lat' dir='ltr'><strong>animam</strong></span> <span class='ocrx_word' id='word_1_340' title='bbox 3181 2233 3364 2283; x_wconf 89' lang='lat' dir='ltr'><strong>suam,</strong></span> <span class='ocrx_word' id='word_1_341' title='bbox 3395 2232 3500 2272; x_wconf 81' lang='lat' dir='ltr'><strong>non</strong></span> <span class='ocrx_word' id='word_1_342' title='bbox 3525 2221 3668 2288; x_wconf 80' lang='lat' dir='ltr'><strong>potest</strong></span> 
     </span>
    </p>
   </div>
   <div class='ocr_carea' id='block_1_51' title="bbox 2049 2302 3667 2378">
    <p class='ocr_par' dir='ltr' id='par_1_51' title="bbox 2049 2302 3667 2378">
     <span class='ocr_line' id='line_1_51' title="bbox 2049 2302 3667 2378; baseline -0.001 -16"><span class='ocrx_word' id='word_1_343' title='bbox 2049 2323 2199 2362; x_wconf 83' lang='lat' dir='ltr'><strong>meus</strong></span> <span class='ocrx_word' id='word_1_344' title='bbox 2245 2323 2360 2362; x_wconf 84' lang='lat' dir='ltr'><strong>esse</strong></span> <span class='ocrx_word' id='word_1_345' title='bbox 2423 2305 2724 2378; x_wconf 80' lang='lat' dir='ltr'><strong>discipulus</strong></span> <span class='ocrx_word' id='word_1_346' title='bbox 2781 2306 2930 2378; x_wconf 88' lang='lat' dir='ltr'><strong>(Luc.</strong></span> <span class='ocrx_word' id='word_1_347' title='bbox 2988 2322 3105 2370; x_wconf 69' lang='lat' dir='ltr'><strong>xxv,</strong></span> <span class='ocrx_word' id='word_1_348' title='bbox 3163 2306 3280 2378; x_wconf 83' lang='lat'><strong>26),</strong></span> <span class='ocrx_word' id='word_1_349' title='bbox 3341 2303 3401 2360; x_wconf 90' lang='lat' dir='ltr'><strong>in</strong></span> <span class='ocrx_word' id='word_1_350' title='bbox 3454 2302 3667 2360; x_wconf 85' lang='lat' dir='ltr'><strong>bomilia</strong></span> 
     </span>
    </p>
   </div>
   <div class='ocr_carea' id='block_1_52' title="bbox 2049 2393 3663 2467">
    <p class='ocr_par' dir='ltr' id='par_1_52' title="bbox 2049 2393 3663 2467">
     <span class='ocr_line' id='line_1_52' title="bbox 2049 2393 3663 2467; baseline -0.002 -17"><span class='ocrx_word' id='word_1_351' title='bbox 2049 2393 2342 2467; x_wconf 84' lang='lat' dir='ltr'><strong>Evangelii</strong></span> <span class='ocrx_word' id='word_1_352' title='bbox 2362 2394 2568 2450; x_wconf 86' lang='lat' dir='ltr'><strong>beatus</strong></span> <span class='ocrx_word' id='word_1_353' title='bbox 2589 2393 2905 2467; x_wconf 85' lang='lat' dir='ltr'><strong>Gregorius</strong></span> <span class='ocrx_word' id='word_1_354' title='bbox 2925 2395 3292 2450; x_wconf 89' lang='lat' dir='ltr'><strong>demonstrat</strong></span> <span class='ocrx_word' id='word_1_355' title='bbox 3311 2393 3504 2449; x_wconf 90' lang='lat' dir='ltr'><strong>dicens</strong></span> <span class='ocrx_word' id='word_1_356' title='bbox 3523 2393 3663 2464; x_wconf 83' lang='lat' dir='ltr'><strong>(hom.</strong></span> 
     </span>
    </p>
   </div>
   <div class='ocr_carea' id='block_1_53' title="bbox 2049 2481 3667 2557">
    <p class='ocr_par' dir='ltr' id='par_1_53' title="bbox 2049 2481 3667 2557">
     <span class='ocr_line' id='line_1_53' title="bbox 2049 2481 3667 2557; baseline -0.002 -19"><span class='ocrx_word' id='word_1_357' title='bbox 2049 2483 2142 2551; x_wconf 85' lang='lat'><strong>36)</strong></span> <span class='ocrx_word' id='word_1_358' title='bbox 2175 2501 2188 2539; x_wconf 92' lang='lat'><strong>:</strong></span> <span class='ocrx_word' id='word_1_359' title='bbox 2223 2506 2252 2534; x_wconf 84' lang='lat'><strong><em>«</em></strong></span> <span class='ocrx_word' id='word_1_360' title='bbox 2286 2483 2344 2540; x_wconf 90' lang='lat' dir='ltr'><strong>Si</strong></span> <span class='ocrx_word' id='word_1_361' title='bbox 2403 2482 2520 2539; x_wconf 89' lang='lat' dir='ltr'><strong>vim</strong></span> <span class='ocrx_word' id='word_1_362' title='bbox 2580 2482 2852 2557; x_wconf 70' lang='lat' dir='ltr'><strong>praecepti</strong></span> <span class='ocrx_word' id='word_1_363' title='bbox 2909 2481 3354 2556; x_wconf 88' lang='lat' dir='ltr'><strong>perpendimus,</strong></span> <span class='ocrx_word' id='word_1_364' title='bbox 3387 2487 3667 2554; x_wconf 86' lang='lat' dir='ltr'><strong>utrumque</strong></span> 
     </span>
    </p>
   </div>
   <div class='ocr_carea' id='block_1_54' title="bbox 2049 2568 3667 2647">
    <p class='ocr_par' dir='ltr' id='par_1_54' title="bbox 2049 2568 3667 2647">
     <span class='ocr_line' id='line_1_54' title="bbox 2049 2568 3667 2647; baseline -0.004 -18"><span class='ocrx_word' id='word_1_365' title='bbox 2049 2589 2220 2647; x_wconf 87' lang='lat' dir='ltr'><strong>agere</strong></span> <span class='ocrx_word' id='word_1_366' title='bbox 2252 2590 2354 2646; x_wconf 90' lang='lat' dir='ltr'><strong>per</strong></span> <span class='ocrx_word' id='word_1_367' title='bbox 2381 2571 2792 2630; x_wconf 87' lang='lat' dir='ltr'><strong>discretionem</strong></span> <span class='ocrx_word' id='word_1_368' title='bbox 2839 2570 3125 2642; x_wconf 89' lang='lat' dir='ltr'><strong>valemus,</strong></span> <span class='ocrx_word' id='word_1_369' title='bbox 3155 2573 3222 2627; x_wconf 91' lang='lat' dir='ltr'><strong>ut</strong></span> <span class='ocrx_word' id='word_1_370' title='bbox 3270 2589 3372 2628; x_wconf 88' lang='lat' dir='ltr'><strong>eos</strong></span> <span class='ocrx_word' id='word_1_371' title='bbox 3401 2569 3496 2644; x_wconf 91' lang='lat' dir='ltr'><strong>qui</strong></span> <span class='ocrx_word' id='word_1_372' title='bbox 3523 2568 3667 2625; x_wconf 86' lang='lat' dir='ltr'><strong>nobis</strong></span> 
     </span>
    </p>
   </div>
   <div class='ocr_carea' id='block_1_55' title="bbox 2050 2657 3668 2735">
    <p class='ocr_par' dir='ltr' id='par_1_55' title="bbox 2050 2657 3668 2735">
     <span class='ocr_line' id='line_1_55' title="bbox 2050 2657 3668 2735; baseline -0.003 -17"><span class='ocrx_word' id='word_1_373' title='bbox 2050 2662 2246 2718; x_wconf 85' lang='lat' dir='ltr'><strong>carnis</strong></span> <span class='ocrx_word' id='word_1_374' title='bbox 2273 2662 2619 2735; x_wconf 89' lang='lat' dir='ltr'><strong>cognatione</strong></span> <span class='ocrx_word' id='word_1_375' title='bbox 2648 2660 2945 2733; x_wconf 88' lang='lat' dir='ltr'><strong>conjuncti</strong></span> <span class='ocrx_word' id='word_1_376' title='bbox 2977 2664 3199 2730; x_wconf 89' lang='lat' dir='ltr'><strong>sunt,et</strong></span> <span class='ocrx_word' id='word_1_377' title='bbox 3222 2677 3378 2732; x_wconf 90' lang='lat' dir='ltr'><strong>quos</strong></span> <span class='ocrx_word' id='word_1_378' title='bbox 3407 2657 3668 2732; x_wconf 87' lang='lat' dir='ltr'><strong>proximos</strong></span> 
     </span>
    </p>
   </div>
   <div class='ocr_carea' id='block_1_56' title="bbox 2050 2749 3664 2825">
    <p class='ocr_par' dir='ltr' id='par_1_56' title="bbox 2050 2749 3664 2825">
     <span class='ocr_line' id='line_1_56' title="bbox 2050 2749 3664 2825; baseline -0.004 -17"><span class='ocrx_word' id='word_1_379' title='bbox 2050 2751 2470 2821; x_wconf 88' lang='lat' dir='ltr'><strong>noverimus,et</strong></span> <span class='ocrx_word' id='word_1_380' title='bbox 2490 2769 2639 2825; x_wconf 89' lang='lat' dir='ltr'><strong>quos</strong></span> <span class='ocrx_word' id='word_1_381' title='bbox 2668 2750 3033 2808; x_wconf 87' lang='lat' dir='ltr'><strong>adversarios</strong></span> <span class='ocrx_word' id='word_1_382' title='bbox 3065 2750 3125 2806; x_wconf 91' lang='lat' dir='ltr'><strong>in</strong></span> <span class='ocrx_word' id='word_1_383' title='bbox 3155 2750 3254 2806; x_wconf 91' lang='lat' dir='ltr'><strong>via</strong></span> <span class='ocrx_word' id='word_1_384' title='bbox 3285 2750 3384 2806; x_wconf 91' lang='lat' dir='ltr'><strong>Dei</strong></span> <span class='ocrx_word' id='word_1_385' title='bbox 3418 2749 3664 2824; x_wconf 90' lang='lat' dir='ltr'><strong>patimur,</strong></span> 
     </span>
    </p>
   </div>
   <div class='ocr_carea' id='block_1_57' title="bbox 2049 2837 3672 2914">
    <p class='ocr_par' dir='ltr' id='par_1_57' title="bbox 2049 2837 3672 2914">
     <span class='ocr_line' id='line_1_57' title="bbox 2049 2837 3672 2914; baseline -0.004 -16"><span class='ocrx_word' id='word_1_386' title='bbox 2049 2842 2298 2898; x_wconf 90' lang='lat' dir='ltr'><strong>odiendo</strong></span> <span class='ocrx_word' id='word_1_387' title='bbox 2357 2846 2415 2898; x_wconf 92' lang='lat' dir='ltr'><strong>et</strong></span> <span class='ocrx_word' id='word_1_388' title='bbox 2471 2841 2746 2914; x_wconf 70' lang='lat' dir='ltr'><strong>fugiendo</strong></span> <span class='ocrx_word' id='word_1_389' title='bbox 2805 2839 3158 2896; x_wconf 89' lang='lat' dir='ltr'><strong>nesciamus.</strong></span> <span class='ocrx_word' id='word_1_390' title='bbox 3193 2839 3376 2906; x_wconf 87' lang='lat' dir='ltr'><strong>Quasi</strong></span> <span class='ocrx_word' id='word_1_391' title='bbox 3413 2837 3557 2895; x_wconf 90' lang='lat' dir='ltr'><strong>enim</strong></span> <span class='ocrx_word' id='word_1_392' title='bbox 3585 2853 3672 2910; x_wconf 90' lang='lat' dir='ltr'><strong>per</strong></span> 
     </span>
    </p>
   </div>
   <div class='ocr_carea' id='block_1_58' title="bbox 2050 2926 3670 3004">
    <p class='ocr_par' dir='ltr' id='par_1_58' title="bbox 2050 2926 3670 3004">
     <span class='ocr_line' id='line_1_58' title="bbox 2050 2926 3670 3004; baseline -0.004 -18"><span class='ocrx_word' id='word_1_393' title='bbox 2050 2931 2252 2986; x_wconf 89' lang='lat' dir='ltr'><strong>odium</strong></span> <span class='ocrx_word' id='word_1_394' title='bbox 2283 2930 2569 3004; x_wconf 88' lang='lat' dir='ltr'><strong>diligitur,</strong></span> <span class='ocrx_word' id='word_1_395' title='bbox 2604 2929 2702 3002; x_wconf 90' lang='lat' dir='ltr'><strong>qui</strong></span> <span class='ocrx_word' id='word_1_396' title='bbox 2733 2927 3044 2984; x_wconf 86' lang='lat' dir='ltr'><strong>carnaliter</strong></span> <span class='ocrx_word' id='word_1_397' title='bbox 3085 2926 3326 3000; x_wconf 88' lang='lat' dir='ltr'><strong>sapiens</strong></span> <span class='ocrx_word' id='word_1_398' title='bbox 3356 2927 3490 2982; x_wconf 90' lang='lat' dir='ltr'><strong>dum</strong></span> <span class='ocrx_word' id='word_1_399' title='bbox 3520 2942 3670 2998; x_wconf 78' lang='lat' dir='ltr'><strong>prava</strong></span> 
     </span>
    </p>
   </div>
   <div class='ocr_carea' id='block_1_59' title="bbox 2051 3013 3668 3093">
    <p class='ocr_par' dir='ltr' id='par_1_59' title="bbox 2051 3013 3668 3093">
     <span class='ocr_line' id='line_1_59' title="bbox 2051 3013 3668 3093; baseline -0.006 -16"><span class='ocrx_word' id='word_1_400' title='bbox 2051 3019 2220 3077; x_wconf 88' lang='lat' dir='ltr'><strong>nobis</strong></span> <span class='ocrx_word' id='word_1_401' title='bbox 2249 3018 2483 3093; x_wconf 86' lang='lat' dir='ltr'><strong>ingerit,</strong></span> <span class='ocrx_word' id='word_1_402' title='bbox 2516 3035 2631 3076; x_wconf 91' lang='lat' dir='ltr'><strong>non</strong></span> <span class='ocrx_word' id='word_1_403' title='bbox 2662 3017 2919 3073; x_wconf 90' lang='lat' dir='ltr'><strong>auditur.</strong></span> <span class='ocrx_word' id='word_1_404' title='bbox 2953 3017 3027 3074; x_wconf 92' lang='lat' dir='ltr'><strong>Ut</strong></span> <span class='ocrx_word' id='word_1_405' title='bbox 3055 3019 3254 3073; x_wconf 89' lang='lat' dir='ltr'><strong>autem</strong></span> <span class='ocrx_word' id='word_1_406' title='bbox 3292 3015 3563 3073; x_wconf 88' lang='lat' dir='ltr'><strong>Dominus</strong></span> <span class='ocrx_word' id='word_1_407' title='bbox 3587 3013 3668 3068; x_wconf 85' lang='lat' dir='ltr'><strong>de-</strong></span> 
     </span>
    </p>
   </div>
   <div class='ocr_carea' id='block_1_60' title="bbox 2052 3102 3667 3181">
    <p class='ocr_par' dir='ltr' id='par_1_60' title="bbox 2052 3102 3667 3181">
     <span class='ocr_line' id='line_1_60' title="bbox 2052 3102 3667 3181; baseline -0.005 -17"><span class='ocrx_word' id='word_1_408' title='bbox 2052 3112 2404 3164; x_wconf 88' lang='lat' dir='ltr'><strong>monstraret</strong></span> <span class='ocrx_word' id='word_1_409' title='bbox 2425 3107 2536 3163; x_wconf 92' lang='lat' dir='ltr'><strong>boc</strong></span> <span class='ocrx_word' id='word_1_410' title='bbox 2555 3125 2692 3181; x_wconf 89' lang='lat' dir='ltr'><strong>erga</strong></span> <span class='ocrx_word' id='word_1_411' title='bbox 2712 3106 3008 3179; x_wconf 80' lang='lat' dir='ltr'><strong>proximos</strong></span> <span class='ocrx_word' id='word_1_412' title='bbox 3041 3105 3243 3162; x_wconf 90' lang='lat' dir='ltr'><strong>odium</strong></span> <span class='ocrx_word' id='word_1_413' title='bbox 3269 3123 3386 3162; x_wconf 91' lang='lat' dir='ltr'><strong>non</strong></span> <span class='ocrx_word' id='word_1_414' title='bbox 3407 3105 3475 3160; x_wconf 93' lang='lat' dir='ltr'><strong>de</strong></span> <span class='ocrx_word' id='word_1_415' title='bbox 3495 3102 3667 3158; x_wconf 84' lang='lat' dir='ltr'><strong>inali’e-</strong></span> 
     </span>
    </p>
   </div>
   <div class='ocr_carea' id='block_1_61' title="bbox 2050 3191 3668 3269">
    <p class='ocr_par' dir='ltr' id='par_1_61' title="bbox 2050 3191 3668 3269">
     <span class='ocr_line' id='line_1_61' title="bbox 2050 3191 3668 3269; baseline -0.004 -16"><span class='ocrx_word' id='word_1_416' title='bbox 2050 3197 2240 3254; x_wconf 89' lang='lat' dir='ltr'><strong>ctione</strong></span> <span class='ocrx_word' id='word_1_417' title='bbox 2273 3196 2600 3269; x_wconf 89' lang='lat' dir='ltr'><strong>procedere,</strong></span> <span class='ocrx_word' id='word_1_418' title='bbox 2623 3197 2722 3252; x_wconf 91' lang='lat' dir='ltr'><strong>sed</strong></span> <span class='ocrx_word' id='word_1_419' title='bbox 2747 3195 2817 3251; x_wconf 92' lang='lat' dir='ltr'><strong>de</strong></span> <span class='ocrx_word' id='word_1_420' title='bbox 2847 3193 3149 3262; x_wconf 88' lang='lat' dir='ltr'><strong>charitate,</strong></span> <span class='ocrx_word' id='word_1_421' title='bbox 3174 3194 3406 3250; x_wconf 90' lang='lat' dir='ltr'><strong>addidit</strong></span> <span class='ocrx_word' id='word_1_422' title='bbox 3433 3191 3668 3266; x_wconf 87' lang='lat' dir='ltr'><strong>protinus</strong></span> 
     </span>
    </p>
   </div>
   <div class='ocr_carea' id='block_1_62' title="bbox 297 3250 3668 3354">
    <p class='ocr_par' dir='ltr' id='par_1_62' title="bbox 297 3250 3668 3354">
     <span class='ocr_line' id='line_1_62' title="bbox 297 3250 3668 3354; baseline -0.006 -3"><span class='ocrx_word' id='word_1_423' title='bbox 297 3250 603 3308; x_wconf 65' lang='lat' dir='ltr'><strong>immunis&#39;</strong></span> <span class='ocrx_word' id='word_1_424' title='bbox 636 3274 664 3300; x_wconf 77' lang='grc'><strong>”</strong></span> <span class='ocrx_word' id='word_1_425' title='bbox 720 3253 790 3308; x_wconf 64' lang='lat' dir='ltr'><strong>Et</strong></span> <span class='ocrx_word' id='word_1_426' title='bbox 845 3251 982 3308; x_wconf 65' lang='lat' dir='ltr'><strong>hinc</strong></span> <span class='ocrx_word' id='word_1_427' title='bbox 1037 3257 1278 3309; x_wconf 62' lang='lat' dir='ltr'><strong>sanctus</strong></span> <span class='ocrx_word' id='word_1_428' title='bbox 1333 3253 1835 3354; x_wconf 37' lang='lat' dir='ltr'><strong>CyPriaqu,(liP&#39;</strong></span> <span class='ocrx_word' id='word_1_429' title='bbox 1879 3254 2014 3354; x_wconf 44' lang='lat' dir='ltr'><strong>{iac</strong></span> <span class='ocrx_word' id='word_1_430' title='bbox 2755 3250 2999 3340; x_wconf 61' lang='lat' dir='ltr'><strong>animam</strong></span> <span class='ocrx_word' id='word_1_431' title='bbox 3051 3250 3230 3340; x_wconf 80' lang='lat' dir='ltr'><strong>suam.</strong></span> <span class='ocrx_word' id='word_1_432' title='bbox 3266 3250 3472 3339; x_wconf 63' lang='lat' dir='ltr'><strong>Odisse</strong></span> <span class='ocrx_word' id='word_1_433' title='bbox 3498 3280 3668 3351; x_wconf 87' lang='lat' dir='ltr'><strong>itaque</strong></span> 
     </span>
    </p>
   </div>
   <div class='ocr_carea' id='block_1_63' title="bbox 293 3343 1938 3447">
    <p class='ocr_par' dir='ltr' id='par_1_63' title="bbox 293 3343 1938 3447">
     <span class='ocr_line' id='line_1_63' title="bbox 293 3343 1938 3447; baseline -0.032 0"><span class='ocrx_word' id='word_1_434' title='bbox 293 3388 457 3446; x_wconf 79' lang='lat' dir='ltr'><strong>Abus.</strong></span> <span class='ocrx_word' id='word_1_435' title='bbox 489 3397 641 3447; x_wconf 64' lang='lat' dir='ltr'><strong>sum,</strong></span> <span class='ocrx_word' id='word_1_436' title='bbox 673 3394 725 3433; x_wconf 94' lang='lat' dir='ltr'><strong>c.</strong></span> <span class='ocrx_word' id='word_1_437' title='bbox 758 3373 847 3440; x_wconf 87' lang='grc'><strong>12)</strong></span> <span class='ocrx_word' id='word_1_438' title='bbox 876 3385 891 3425; x_wconf 87' lang='lat'><strong>:</strong></span> <span class='ocrx_word' id='word_1_439' title='bbox 921 3390 951 3418; x_wconf 94' lang='grc'><strong>‹‹</strong></span> <span class='ocrx_word' id='word_1_440' title='bbox 982 3356 1398 3447; x_wconf 85' lang='lat' dir='ltr'><strong>Duodecimus,</strong></span> <span class='ocrx_word' id='word_1_441' title='bbox 1419 3343 1938 3447; x_wconf 66' lang='lat' dir='ltr'><strong>inquit,abusionis</strong></span> 
     </span>
    </p>
   </div>
   <div class='ocr_carea' id='block_1_64' title="bbox 294 3433 1940 3552">
    <p class='ocr_par' dir='ltr' id='par_1_64' title="bbox 294 3433 1940 3552">
     <span class='ocr_line' id='line_1_64' title="bbox 294 3433 1940 3552; baseline -0.027 -17"><span class='ocrx_word' id='word_1_442' title='bbox 294 3433 640 3552; x_wconf 38' lang='lat' dir='ltr'><strong>gaesa,</strong></span> <span class='ocrx_word' id='word_1_443' title='bbox 659 3433 910 3540; x_wconf 75' lang='lat' dir='ltr'><strong>populus</strong></span> <span class='ocrx_word' id='word_1_444' title='bbox 939 3455 1065 3514; x_wconf 82' lang='lat' dir='ltr'><strong>sine</strong></span> <span class='ocrx_word' id='word_1_445' title='bbox 1094 3452 1241 3552; x_wconf 66' lang='lat' dir='ltr'><strong>lege,</strong></span> <span class='ocrx_word' id='word_1_446' title='bbox 1273 3446 1372 3520; x_wconf 86' lang='lat' dir='ltr'><strong>qui</strong></span> <span class='ocrx_word' id='word_1_447' title='bbox 1407 3438 1768 3552; x_wconf 64' lang='lat' dir='ltr'><strong>dumedicta</strong></span> <span class='ocrx_word' id='word_1_448' title='bbox 1787 3433 1940 3552; x_wconf 48' lang='lat' dir='ltr'><strong>etis-</strong></span> 
     </span>
    </p>
   </div>
   <div class='ocr_carea' id='block_1_65' title="bbox 292 3541 1936 3642">
    <p class='ocr_par' dir='ltr' id='par_1_65' title="bbox 292 3541 1936 3642">
     <span class='ocr_line' id='line_1_65' title="bbox 292 3541 1936 3642; baseline -0.027 -18"><span class='ocrx_word' id='word_1_449' title='bbox 292 3541 434 3642; x_wconf 67' lang='lat' dir='ltr'><strong>gum</strong></span> <span class='ocrx_word' id='word_1_450' title='bbox 466 3562 615 3621; x_wconf 87' lang='lat' dir='ltr'><strong>scita</strong></span> <span class='ocrx_word' id='word_1_451' title='bbox 659 3551 998 3618; x_wconf 90' lang='lat' dir='ltr'><strong>contemnit,</strong></span> <span class='ocrx_word' id='word_1_452' title='bbox 1035 3563 1137 3620; x_wconf 90' lang='lat' dir='ltr'><strong>per</strong></span> <span class='ocrx_word' id='word_1_453' title='bbox 1186 3541 1446 3639; x_wconf 77' lang='lat' dir='ltr'><strong>diversas</strong></span> <span class='ocrx_word' id='word_1_454' title='bbox 1494 3547 1766 3642; x_wconf 48' lang='lat' dir='ltr'><strong>Eri-orum</strong></span> <span class='ocrx_word' id='word_1_455' title='bbox 1812 3545 1936 3642; x_wconf 51' lang='lat' dir='ltr'><strong>V‘l‘as</strong></span> 
     </span>
    </p>
   </div>
   <div class='ocr_carea' id='block_1_66' title="bbox 290 3620 1934 3728">
    <p class='ocr_par' dir='ltr' id='par_1_66' title="bbox 290 3620 1934 3728">
     <span class='ocr_line' id='line_1_66' title="bbox 290 3620 1934 3728; baseline -0.027 -12"><span class='ocrx_word' id='word_1_456' title='bbox 290 3620 485 3715; x_wconf 54' lang='lat' dir='ltr'><strong>suade</strong></span> <span class='ocrx_word' id='word_1_457' title='bbox 515 3645 860 3728; x_wconf 86' lang='lat' dir='ltr'><strong>perditionis</strong></span> <span class='ocrx_word' id='word_1_458' title='bbox 887 3643 1163 3728; x_wconf 89' lang='lat' dir='ltr'><strong>laqueum</strong></span> <span class='ocrx_word' id='word_1_459' title='bbox 1193 3627 1462 3688; x_wconf 88' lang='lat' dir='ltr'><strong>incurrit.</strong></span> <span class='ocrx_word' id='word_1_460' title='bbox 1494 3623 1705 3696; x_wconf 89' lang='lat' dir='ltr'><strong>Utique</strong></span> <span class='ocrx_word' id='word_1_461' title='bbox 1735 3620 1934 3728; x_wconf 57' lang='lat' dir='ltr'><strong>multa;</strong></span> 
     </span>
    </p>
   </div>
   <div class='ocr_carea' id='block_1_67' title="bbox 289 3981 1929 4082">
    <p class='ocr_par' dir='ltr' id='par_1_67' title="bbox 289 3981 1929 4082">
     <span class='ocr_line' id='line_1_67' title="bbox 289 3981 1929 4082; baseline -0.021 -15"><span class='ocrx_word' id='word_1_462' title='bbox 289 4009 476 4082; x_wconf 90' lang='lat' dir='ltr'><strong>Igitur</strong></span> <span class='ocrx_word' id='word_1_463' title='bbox 505 4001 757 4079; x_wconf 89' lang='lat' dir='ltr'><strong>populus</strong></span> <span class='ocrx_word' id='word_1_464' title='bbox 786 3999 912 4054; x_wconf 90' lang='lat' dir='ltr'><strong>sine</strong></span> <span class='ocrx_word' id='word_1_465' title='bbox 949 3995 1096 4069; x_wconf 88' lang='lat' dir='ltr'><strong>lege,</strong></span> <span class='ocrx_word' id='word_1_466' title='bbox 1129 3987 1393 4082; x_wconf 78' lang='lat' dir='ltr'><strong>populus</strong></span> <span class='ocrx_word' id='word_1_467' title='bbox 1413 3985 1540 4042; x_wconf 90' lang='lat' dir='ltr'><strong>sine</strong></span> <span class='ocrx_word' id='word_1_468' title='bbox 1570 3981 1796 4082; x_wconf 77' lang='lat' dir='ltr'><strong>Christo</strong></span> <span class='ocrx_word' id='word_1_469' title='bbox 1820 3985 1929 4082; x_wconf 71' lang='lat' dir='ltr'><strong>est.</strong></span> 
     </span>
    </p>
   </div>
   <div class='ocr_carea' id='block_1_68' title="bbox 287 4073 1930 4163">
    <p class='ocr_par' dir='ltr' id='par_1_68' title="bbox 287 4073 1930 4163">
     <span class='ocr_line' id='line_1_68' title="bbox 287 4073 1930 4163; baseline -0.019 -8"><span class='ocrx_word' id='word_1_470' title='bbox 287 4073 414 4154; x_wconf 49' lang='lat' dir='ltr'><strong>lion</strong></span> <span class='ocrx_word' id='word_1_471' title='bbox 438 4073 649 4152; x_wconf 49' lang='lat' dir='ltr'><strong>lla-mus</strong></span> <span class='ocrx_word' id='word_1_472' title='bbox 658 4106 794 4163; x_wconf 85' lang='lat' dir='ltr'><strong>ergo</strong></span> <span class='ocrx_word' id='word_1_473' title='bbox 809 4087 934 4144; x_wconf 90' lang='lat' dir='ltr'><strong>sine</strong></span> <span class='ocrx_word' id='word_1_474' title='bbox 945 4083 1026 4140; x_wconf 88' lang='lat' dir='ltr'><strong>Cb</strong></span> <span class='ocrx_word' id='word_1_475' title='bbox 1035 4083 1174 4138; x_wconf 90' lang='lat' dir='ltr'><strong>risto</strong></span> <span class='ocrx_word' id='word_1_476' title='bbox 1188 4078 1244 4133; x_wconf 93' lang='lat' dir='ltr'><strong>in</strong></span> <span class='ocrx_word' id='word_1_477' title='bbox 1257 4076 1367 4132; x_wconf 88' lang='lat' dir='ltr'><strong>hoc</strong></span> <span class='ocrx_word' id='word_1_478' title='bbox 1380 4079 1638 4163; x_wconf 83' lang='lat' dir='ltr'><strong>tempore</strong></span> <span class='ocrx_word' id='word_1_479' title='bbox 1651 4073 1930 4163; x_wconf 80' lang='lat' dir='ltr'><strong>transito-</strong></span> 
     </span>
    </p>
   </div>
   <div class='ocr_carea' id='block_1_69' title="bbox 287 4159 1930 4253">
    <p class='ocr_par' dir='ltr' id='par_1_69' title="bbox 287 4159 1930 4253">
     <span class='ocr_line' id='line_1_69' title="bbox 287 4159 1930 4253; baseline -0.021 -9"><span class='ocrx_word' id='word_1_480' title='bbox 287 4186 395 4253; x_wconf 89' lang='lat' dir='ltr'><strong>rio,</strong></span> <span class='ocrx_word' id='word_1_481' title='bbox 419 4201 491 4241; x_wconf 92' lang='lat' dir='ltr'><strong>ne</strong></span> <span class='ocrx_word' id='word_1_482' title='bbox 512 4182 637 4244; x_wconf 84' lang='lat' dir='ltr'><strong>sine</strong></span> <span class='ocrx_word' id='word_1_483' title='bbox 657 4159 828 4236; x_wconf 73' lang='lat' dir='ltr'><strong>nobis</strong></span> <span class='ocrx_word' id='word_1_484' title='bbox 856 4173 1124 4231; x_wconf 84' lang='lat' dir='ltr'><strong>Christus</strong></span> <span class='ocrx_word' id='word_1_485' title='bbox 1153 4181 1282 4224; x_wconf 87' lang='lat' dir='ltr'><strong>esse</strong></span> <span class='ocrx_word' id='word_1_486' title='bbox 1311 4162 1555 4253; x_wconf 85' lang='lat' dir='ltr'><strong>incipiat</strong></span> <span class='ocrx_word' id='word_1_487' title='bbox 1583 4159 1658 4253; x_wconf 30' lang='lat' dir='ltr'><strong>in.</strong></span> <span class='ocrx_word' id='word_1_488' title='bbox 1678 4159 1930 4253; x_wconf 61' lang='lat' dir='ltr'><strong>lDtllPP.»</strong></span> 
     </span>
    </p>
   </div>
   <div class='ocr_carea' id='block_1_70' title="bbox 287 4247 1932 4332">
    <p class='ocr_par' dir='ltr' id='par_1_70' title="bbox 287 4247 1932 4332">
     <span class='ocr_line' id='line_1_70' title="bbox 287 4247 1932 4332; baseline -0.019 2"><span class='ocrx_word' id='word_1_489' title='bbox 287 4277 356 4332; x_wconf 91' lang='lat' dir='ltr'><strong>Et</strong></span> <span class='ocrx_word' id='word_1_490' title='bbox 383 4247 653 4332; x_wconf 65' lang='lat' dir='ltr'><strong>Christus</strong></span> <span class='ocrx_word' id='word_1_491' title='bbox 683 4267 785 4326; x_wconf 89' lang='lat' dir='ltr'><strong>Dei</strong></span> <span class='ocrx_word' id='word_1_492' title='bbox 813 4265 998 4320; x_wconf 88' lang='lat' dir='ltr'><strong>virtus</strong></span> <span class='ocrx_word' id='word_1_493' title='bbox 1027 4264 1084 4318; x_wconf 91' lang='lat' dir='ltr'><strong>et</strong></span> <span class='ocrx_word' id='word_1_494' title='bbox 1111 4257 1213 4316; x_wconf 90' lang='lat' dir='ltr'><strong>Dei</strong></span> <span class='ocrx_word' id='word_1_495' title='bbox 1263 4251 1552 4326; x_wconf 88' lang='lat' dir='ltr'><strong>sapientia</strong></span> <span class='ocrx_word' id='word_1_496' title='bbox 1603 4247 1746 4305; x_wconf 91' lang='lat' dir='ltr'><strong>dicit</strong></span> <span class='ocrx_word' id='word_1_497' title='bbox 1778 4265 1791 4304; x_wconf 89' lang='lat'><strong>:</strong></span> <span class='ocrx_word' id='word_1_498' title='bbox 1828 4249 1932 4304; x_wconf 88' lang='lat' dir='ltr'><strong>Per</strong></span> 
     </span>
    </p>
   </div>
   <div class='ocr_carea' id='block_1_71' title="bbox 285 4339 1932 4433">
    <p class='ocr_par' dir='ltr' id='par_1_71' title="bbox 285 4339 1932 4433">
     <span class='ocr_line' id='line_1_71' title="bbox 285 4339 1932 4433; baseline -0.019 -11"><span class='ocrx_word' id='word_1_499' title='bbox 285 4381 372 4421; x_wconf 83' lang='lat' dir='ltr'><strong>me</strong></span> <span class='ocrx_word' id='word_1_500' title='bbox 401 4379 550 4433; x_wconf 85' lang='lat' dir='ltr'><strong>reges</strong></span> <span class='ocrx_word' id='word_1_501' title='bbox 579 4364 830 4429; x_wconf 82' lang='lat' dir='ltr'><strong>regnant,</strong></span> <span class='ocrx_word' id='word_1_502' title='bbox 851 4363 903 4410; x_wconf 91' lang='lat' dir='ltr'><strong>et</strong></span> <span class='ocrx_word' id='word_1_503' title='bbox 927 4350 1226 4408; x_wconf 80' lang='lat' dir='ltr'><strong>conditores</strong></span> <span class='ocrx_word' id='word_1_504' title='bbox 1257 4345 1436 4433; x_wconf 63' lang='lat' dir='ltr'><strong>legunt</strong></span> <span class='ocrx_word' id='word_1_505' title='bbox 1455 4341 1607 4433; x_wconf 72' lang='lat' dir='ltr'><strong>justo</strong></span> <span class='ocrx_word' id='word_1_506' title='bbox 1636 4339 1932 4433; x_wconf 62' lang='lat' dir='ltr'><strong>decernunt</strong></span> 
     </span>
    </p>
   </div>
   <div class='ocr_carea' id='block_1_72' title="bbox 285 4425 1928 4524">
    <p class='ocr_par' dir='ltr' id='par_1_72' title="bbox 285 4425 1928 4524">
     <span class='ocr_line' id='line_1_72' title="bbox 285 4425 1928 4524; baseline -0.019 -15"><span class='ocrx_word' id='word_1_507' title='bbox 285 4425 484 4524; x_wconf 51' lang='lat' dir='ltr'><strong>(Prov:</strong></span> <span class='ocrx_word' id='word_1_508' title='bbox 499 4467 620 4518; x_wconf 83' lang='grc' dir='ltr'><strong>νιιι,</strong></span> <span class='ocrx_word' id='word_1_509' title='bbox 641 4425 763 4518; x_wconf 65' lang='grc'><strong>⁷15).</strong></span> <span class='ocrx_word' id='word_1_510' title='bbox 795 4445 865 4521; x_wconf 75' lang='lat' dir='ltr'><strong>Et</strong></span> <span class='ocrx_word' id='word_1_511' title='bbox 905 4443 1147 4498; x_wconf 90' lang='lat' dir='ltr'><strong>sanctus</strong></span> <span class='ocrx_word' id='word_1_512' title='bbox 1195 4427 1645 4524; x_wconf 70' lang='lat' dir='ltr'><strong>Augustinusin</strong></span> <span class='ocrx_word' id='word_1_513' title='bbox 1678 4425 1826 4524; x_wconf 85' lang='lat' dir='ltr'><strong>libro</strong></span> 
     </span>
    </p>
   </div>
   <div class='ocr_carea' id='block_1_73' title="bbox 284 4515 1929 4609">
    <p class='ocr_par' dir='ltr' id='par_1_73' title="bbox 284 4515 1929 4609">
     <span class='ocr_line' id='line_1_73' title="bbox 284 4515 1929 4609; baseline -0.015 -15"><span class='ocrx_word' id='word_1_514' title='bbox 284 4515 420 4596; x_wconf 70' lang='lat' dir='ltr'><strong>vera</strong></span> <span class='ocrx_word' id='word_1_515' title='bbox 451 4515 750 4609; x_wconf 82' lang='lat' dir='ltr'><strong>Religione</strong></span> <span class='ocrx_word' id='word_1_516' title='bbox 779 4515 938 4606; x_wconf 79' lang='lat' dir='ltr'><strong>leges</strong></span> <span class='ocrx_word' id='word_1_517' title='bbox 969 4525 1301 4602; x_wconf 87' lang='lat' dir='ltr'><strong>principum</strong></span> <span class='ocrx_word' id='word_1_518' title='bbox 1335 4519 1648 4609; x_wconf 77' lang='lat' dir='ltr'><strong>servandas</strong></span> <span class='ocrx_word' id='word_1_519' title='bbox 1673 4515 1929 4609; x_wconf 76' lang='lat' dir='ltr'><strong>ostendit</strong></span> 
     </span>
    </p>
   </div>
   <div class='ocr_carea' id='block_1_74' title="bbox 2051 3371 3664 3448">
    <p class='ocr_par' dir='ltr' id='par_1_74' title="bbox 2051 3371 3664 3448">
     <span class='ocr_line' id='line_1_74' title="bbox 2051 3371 3664 3448; baseline -0.006 -18"><span class='ocrx_word' id='word_1_520' title='bbox 2051 3373 2420 3448; x_wconf 66' lang='lat' dir='ltr'><strong>praecipimur</strong></span> <span class='ocrx_word' id='word_1_521' title='bbox 2451 3372 2764 3446; x_wconf 84' lang='lat' dir='ltr'><strong>proximos,</strong></span> <span class='ocrx_word' id='word_1_522' title='bbox 2795 3371 2990 3430; x_wconf 91' lang='lat' dir='ltr'><strong>odisse</strong></span> <span class='ocrx_word' id='word_1_523' title='bbox 3018 3376 3076 3428; x_wconf 88' lang='lat' dir='ltr'><strong>et</strong></span> <span class='ocrx_word' id='word_1_524' title='bbox 3105 3371 3372 3428; x_wconf 90' lang='lat' dir='ltr'><strong>animam</strong></span> <span class='ocrx_word' id='word_1_525' title='bbox 3413 3373 3664 3426; x_wconf 83' lang='lat' dir='ltr'><strong>nostram.</strong></span> 
     </span>
    </p>
   </div>
   <div class='ocr_carea' id='block_1_75' title="bbox 2047 3458 3664 3536">
    <p class='ocr_par' dir='ltr' id='par_1_75' title="bbox 2047 3458 3664 3536">
     <span class='ocr_line' id='line_1_75' title="bbox 2047 3458 3664 3536; baseline -0.006 -17"><span class='ocrx_word' id='word_1_526' title='bbox 2047 3466 2283 3520; x_wconf 89' lang='lat' dir='ltr'><strong>Constat</strong></span> <span class='ocrx_word' id='word_1_527' title='bbox 2311 3481 2448 3536; x_wconf 86' lang='lat' dir='ltr'><strong>ergo</strong></span> <span class='ocrx_word' id='word_1_528' title='bbox 2474 3461 2614 3535; x_wconf 87' lang='lat' dir='ltr'><strong>quia</strong></span> <span class='ocrx_word' id='word_1_529' title='bbox 2633 3462 2884 3518; x_wconf 90' lang='lat' dir='ltr'><strong>amando</strong></span> <span class='ocrx_word' id='word_1_530' title='bbox 2915 3461 3087 3518; x_wconf 90' lang='lat' dir='ltr'><strong>debet</strong></span> <span class='ocrx_word' id='word_1_531' title='bbox 3111 3461 3312 3518; x_wconf 89' lang='lat' dir='ltr'><strong>odisse</strong></span> <span class='ocrx_word' id='word_1_532' title='bbox 3344 3458 3664 3532; x_wconf 68' lang='lat' dir='ltr'><strong>proximum,</strong></span> 
     </span>
    </p>
   </div>
   <div class='ocr_carea' id='block_1_76' title="bbox 2045 3542 3664 3625">
    <p class='ocr_par' dir='ltr' id='par_1_76' title="bbox 2045 3542 3664 3625">
     <span class='ocr_line' id='line_1_76' title="bbox 2045 3542 3664 3625; baseline -0.007 -17"><span class='ocrx_word' id='word_1_533' title='bbox 2045 3553 2145 3625; x_wconf 89' lang='lat' dir='ltr'><strong>qui</strong></span> <span class='ocrx_word' id='word_1_534' title='bbox 2179 3552 2263 3608; x_wconf 91' lang='lat' dir='ltr'><strong>sic</strong></span> <span class='ocrx_word' id='word_1_535' title='bbox 2293 3569 2427 3608; x_wconf 91' lang='lat' dir='ltr'><strong>eum</strong></span> <span class='ocrx_word' id='word_1_536' title='bbox 2472 3551 2596 3607; x_wconf 91' lang='lat' dir='ltr'><strong>odit</strong></span> <span class='ocrx_word' id='word_1_537' title='bbox 2639 3551 2796 3606; x_wconf 91' lang='lat' dir='ltr'><strong>sicut</strong></span> <span class='ocrx_word' id='word_1_538' title='bbox 2843 3549 3252 3623; x_wconf 88' lang='lat' dir='ltr'><strong>semetipsum.</strong></span> <span class='ocrx_word' id='word_1_539' title='bbox 3288 3549 3451 3605; x_wconf 89' lang='lat' dir='ltr'><strong>Tunc</strong></span> <span class='ocrx_word' id='word_1_540' title='bbox 3478 3542 3664 3602; x_wconf 88' lang='lat' dir='ltr'><strong>etenim</strong></span> 
     </span>
    </p>
   </div>
   <div class='ocr_carea' id='block_1_77' title="bbox 2045 3633 3666 3710">
    <p class='ocr_par' dir='ltr' id='par_1_77' title="bbox 2045 3633 3666 3710">
     <span class='ocr_line' id='line_1_77' title="bbox 2045 3633 3666 3710; baseline -0.006 -14"><span class='ocrx_word' id='word_1_541' title='bbox 2045 3641 2191 3697; x_wconf 90' lang='lat' dir='ltr'><strong>bene</strong></span> <span class='ocrx_word' id='word_1_542' title='bbox 2221 3644 2482 3696; x_wconf 89' lang='lat' dir='ltr'><strong>nostram</strong></span> <span class='ocrx_word' id='word_1_543' title='bbox 2515 3639 2774 3696; x_wconf 87' lang='lat' dir='ltr'><strong>animam</strong></span> <span class='ocrx_word' id='word_1_544' title='bbox 2797 3637 3192 3703; x_wconf 87' lang='lat' dir='ltr'><strong>odimus,cum</strong></span> <span class='ocrx_word' id='word_1_545' title='bbox 3211 3638 3348 3710; x_wconf 89' lang='lat' dir='ltr'><strong>ejus</strong></span> <span class='ocrx_word' id='word_1_546' title='bbox 3363 3633 3666 3693; x_wconf 84' lang='lat' dir='ltr'><strong>carnalibus</strong></span> 
     </span>
    </p>
   </div>
   <div class='ocr_carea' id='block_1_78' title="bbox 2045 3723 3664 3800">
    <p class='ocr_par' dir='ltr' id='par_1_78' title="bbox 2045 3723 3664 3800">
     <span class='ocr_line' id='line_1_78' title="bbox 2045 3723 3664 3800; baseline -0.006 -15"><span class='ocrx_word' id='word_1_547' title='bbox 2045 3729 2350 3786; x_wconf 88' lang='lat' dir='ltr'><strong>desideriis</strong></span> <span class='ocrx_word' id='word_1_548' title='bbox 2380 3747 2495 3785; x_wconf 91' lang='lat' dir='ltr'><strong>non</strong></span> <span class='ocrx_word' id='word_1_549' title='bbox 2527 3728 2978 3800; x_wconf 84' lang='lat' dir='ltr'><strong>acquiescimus,</strong></span> <span class='ocrx_word' id='word_1_550' title='bbox 3009 3743 3142 3783; x_wconf 91' lang='lat' dir='ltr'><strong>cum</strong></span> <span class='ocrx_word' id='word_1_551' title='bbox 3189 3727 3325 3799; x_wconf 87' lang='lat' dir='ltr'><strong>ejus</strong></span> <span class='ocrx_word' id='word_1_552' title='bbox 3368 3723 3664 3798; x_wconf 88' lang='lat' dir='ltr'><strong>appetitum</strong></span> 
     </span>
    </p>
   </div>
   <div class='ocr_carea' id='block_1_79' title="bbox 2043 3815 3666 3892">
    <p class='ocr_par' dir='ltr' id='par_1_79' title="bbox 2043 3815 3666 3892">
     <span class='ocr_line' id='line_1_79' title="bbox 2043 3815 3666 3892; baseline -0.004 -19"><span class='ocrx_word' id='word_1_553' title='bbox 2043 3819 2392 3892; x_wconf 78' lang='lat' dir='ltr'><strong>frangimus,</strong></span> <span class='ocrx_word' id='word_1_554' title='bbox 2416 3819 2545 3890; x_wconf 89' lang='lat' dir='ltr'><strong>ejus</strong></span> <span class='ocrx_word' id='word_1_555' title='bbox 2575 3817 2972 3890; x_wconf 88' lang='lat' dir='ltr'><strong>voluptatibus</strong></span> <span class='ocrx_word' id='word_1_556' title='bbox 3003 3815 3523 3880; x_wconf 65' lang='lat' dir='ltr'><strong>reluctamur.Quaa</strong></span> <span class='ocrx_word' id='word_1_557' title='bbox 3551 3825 3666 3883; x_wconf 84' lang='lat' dir='ltr'><strong>ergo</strong></span> 
     </span>
    </p>
   </div>
   <div class='ocr_carea' id='block_1_80' title="bbox 2043 3903 3666 3980">
    <p class='ocr_par' dir='ltr' id='par_1_80' title="bbox 2043 3903 3666 3980">
     <span class='ocr_line' id='line_1_80' title="bbox 2043 3903 3666 3980; baseline -0.007 -17"><span class='ocrx_word' id='word_1_558' title='bbox 2043 3913 2375 3980; x_wconf 88' lang='lat' dir='ltr'><strong>contempta</strong></span> <span class='ocrx_word' id='word_1_559' title='bbox 2405 3909 2475 3963; x_wconf 93' lang='lat' dir='ltr'><strong>ad</strong></span> <span class='ocrx_word' id='word_1_560' title='bbox 2510 3907 2718 3962; x_wconf 90' lang='lat' dir='ltr'><strong>melius</strong></span> <span class='ocrx_word' id='word_1_561' title='bbox 2747 3904 3176 3978; x_wconf 88' lang='lat' dir='ltr'><strong>ducitur,quasi</strong></span> <span class='ocrx_word' id='word_1_562' title='bbox 3195 3921 3302 3978; x_wconf 88' lang='lat' dir='ltr'><strong>per</strong></span> <span class='ocrx_word' id='word_1_563' title='bbox 3317 3903 3514 3961; x_wconf 91' lang='lat' dir='ltr'><strong>odium</strong></span> <span class='ocrx_word' id='word_1_564' title='bbox 3535 3914 3666 3955; x_wconf 84' lang='lat' dir='ltr'><strong>ama-</strong></span> 
     </span>
    </p>
   </div>
   <div class='ocr_carea' id='block_1_81' title="bbox 2041 3987 3665 4066">
    <p class='ocr_par' dir='ltr' id='par_1_81' title="bbox 2041 3987 3665 4066">
     <span class='ocr_line' id='line_1_81' title="bbox 2041 3987 3665 4066; baseline -0.007 -12"><span class='ocrx_word' id='word_1_565' title='bbox 2041 4003 2156 4054; x_wconf 90' lang='lat' dir='ltr'><strong>tur.</strong></span> <span class='ocrx_word' id='word_1_566' title='bbox 2191 3998 2286 4054; x_wconf 91' lang='lat' dir='ltr'><strong>Sic</strong></span> <span class='ocrx_word' id='word_1_567' title='bbox 2331 3998 2414 4054; x_wconf 91' lang='lat' dir='ltr'><strong>sic</strong></span> <span class='ocrx_word' id='word_1_568' title='bbox 2464 3997 2743 4052; x_wconf 88' lang='lat' dir='ltr'><strong>nimirum</strong></span> <span class='ocrx_word' id='word_1_569' title='bbox 2803 3995 3074 4052; x_wconf 84' lang='lat' dir='ltr'><strong>exhibere</strong></span> <span class='ocrx_word' id='word_1_570' title='bbox 3131 3994 3421 4066; x_wconf 83' lang='lat' dir='ltr'><strong>proximis</strong></span> <span class='ocrx_word' id='word_1_571' title='bbox 3477 3987 3665 4048; x_wconf 90' lang='lat' dir='ltr'><strong>nostris</strong></span> 
     </span>
    </p>
   </div>
   <div class='ocr_carea' id='block_1_82' title="bbox 2040 4080 3663 4154">
    <p class='ocr_par' dir='ltr' id='par_1_82' title="bbox 2040 4080 3663 4154">
     <span class='ocr_line' id='line_1_82' title="bbox 2040 4080 3663 4154; baseline -0.009 -9"><span class='ocrx_word' id='word_1_572' title='bbox 2040 4088 2158 4145; x_wconf 90' lang='lat' dir='ltr'><strong>odii</strong></span> <span class='ocrx_word' id='word_1_573' title='bbox 2188 4087 2597 4144; x_wconf 88' lang='lat' dir='ltr'><strong>discretionem</strong></span> <span class='ocrx_word' id='word_1_574' title='bbox 2647 4087 2954 4152; x_wconf 76' lang='lat' dir='ltr'><strong>debemus,</strong></span> <span class='ocrx_word' id='word_1_575' title='bbox 2989 4089 3054 4140; x_wconf 91' lang='lat' dir='ltr'><strong>ut</strong></span> <span class='ocrx_word' id='word_1_576' title='bbox 3084 4083 3141 4138; x_wconf 91' lang='lat' dir='ltr'><strong>in</strong></span> <span class='ocrx_word' id='word_1_577' title='bbox 3173 4083 3259 4140; x_wconf 88' lang='lat' dir='ltr'><strong>eis</strong></span> <span class='ocrx_word' id='word_1_578' title='bbox 3289 4088 3349 4140; x_wconf 93' lang='lat' dir='ltr'><strong>et</strong></span> <span class='ocrx_word' id='word_1_579' title='bbox 3377 4080 3663 4154; x_wconf 84' lang='lat' dir='ltr'><strong>diligamus</strong></span> 
     </span>
    </p>
   </div>
   <div class='ocr_carea' id='block_1_83' title="bbox 2041 4164 3666 4250">
    <p class='ocr_par' dir='ltr' id='par_1_83' title="bbox 2041 4164 3666 4250">
     <span class='ocr_line' id='line_1_83' title="bbox 2041 4164 3666 4250; baseline -0.009 -16"><span class='ocrx_word' id='word_1_580' title='bbox 2041 4179 2196 4250; x_wconf 84' lang='lat' dir='ltr'><strong>quod</strong></span> <span class='ocrx_word' id='word_1_581' title='bbox 2219 4181 2380 4242; x_wconf 90' lang='lat' dir='ltr'><strong>sunt,</strong></span> <span class='ocrx_word' id='word_1_582' title='bbox 2402 4181 2461 4232; x_wconf 94' lang='lat' dir='ltr'><strong>et</strong></span> <span class='ocrx_word' id='word_1_583' title='bbox 2480 4175 2806 4231; x_wconf 88' lang='lat' dir='ltr'><strong>habeamus</strong></span> <span class='ocrx_word' id='word_1_584' title='bbox 2825 4173 2958 4230; x_wconf 92' lang='lat' dir='ltr'><strong>odio</strong></span> <span class='ocrx_word' id='word_1_585' title='bbox 2988 4173 3144 4246; x_wconf 91' lang='lat' dir='ltr'><strong>quod</strong></span> <span class='ocrx_word' id='word_1_586' title='bbox 3177 4172 3237 4226; x_wconf 92' lang='lat' dir='ltr'><strong>in</strong></span> <span class='ocrx_word' id='word_1_587' title='bbox 3274 4170 3375 4228; x_wconf 90' lang='lat' dir='ltr'><strong>Dei</strong></span> <span class='ocrx_word' id='word_1_588' title='bbox 3405 4168 3567 4226; x_wconf 83' lang='lat' dir='ltr'><strong>nobis</strong></span> <span class='ocrx_word' id='word_1_589' title='bbox 3593 4164 3666 4222; x_wconf 88' lang='lat' dir='ltr'><strong>iti-</strong></span> 
     </span>
    </p>
   </div>
   <div class='ocr_carea' id='block_1_84' title="bbox 2041 4251 3664 4335">
    <p class='ocr_par' dir='ltr' id='par_1_84' title="bbox 2041 4251 3664 4335">
     <span class='ocr_line' id='line_1_84' title="bbox 2041 4251 3664 4335; baseline -0.009 -14"><span class='ocrx_word' id='word_1_590' title='bbox 2041 4283 2177 4322; x_wconf 91' lang='lat' dir='ltr'><strong>nere</strong></span> <span class='ocrx_word' id='word_1_591' title='bbox 2215 4264 2514 4321; x_wconf 80' lang='lat' dir='ltr'><strong>obsistunt</strong></span> <span class='ocrx_word' id='word_1_592' title='bbox 2541 4262 2744 4335; x_wconf 86' lang='lat' dir='ltr'><strong>(ibid.).</strong></span> <span class='ocrx_word' id='word_1_593' title='bbox 2767 4263 2852 4318; x_wconf 90' lang='lat' dir='ltr'><strong>Ab</strong></span> <span class='ocrx_word' id='word_1_594' title='bbox 2884 4261 2994 4318; x_wconf 89' lang='lat' dir='ltr'><strong>hac</strong></span> <span class='ocrx_word' id='word_1_595' title='bbox 3019 4277 3154 4334; x_wconf 89' lang='lat' dir='ltr'><strong>ergo</strong></span> <span class='ocrx_word' id='word_1_596' title='bbox 3187 4259 3540 4317; x_wconf 90' lang='lat' dir='ltr'><strong>discretione</strong></span> <span class='ocrx_word' id='word_1_597' title='bbox 3565 4251 3664 4311; x_wconf 91' lang='lat' dir='ltr'><strong>odii</strong></span> 
     </span>
    </p>
   </div>
   <div class='ocr_carea' id='block_1_85' title="bbox 2040 4347 3666 4423">
    <p class='ocr_par' dir='ltr' id='par_1_85' title="bbox 2040 4347 3666 4423">
     <span class='ocr_line' id='line_1_85' title="bbox 2040 4347 3666 4423; baseline -0.009 -13"><span class='ocrx_word' id='word_1_598' title='bbox 2040 4353 2556 4420; x_wconf 87' lang='lat' dir='ltr'><strong>nostri,trahamus</strong></span> <span class='ocrx_word' id='word_1_599' title='bbox 2577 4353 2824 4407; x_wconf 77' lang='lat' dir='ltr'><strong>formam</strong></span> <span class='ocrx_word' id='word_1_600' title='bbox 2848 4352 2921 4408; x_wconf 90' lang='lat' dir='ltr'><strong>ad</strong></span> <span class='ocrx_word' id='word_1_601' title='bbox 2941 4348 3141 4406; x_wconf 91' lang='lat' dir='ltr'><strong>odium</strong></span> <span class='ocrx_word' id='word_1_602' title='bbox 3163 4347 3666 4423; x_wconf 77' lang='lat' dir='ltr'><strong>proximi.Ametur</strong></span> 
     </span>
    </p>
   </div>
   <div class='ocr_carea' id='block_1_86' title="bbox 2038 4431 3662 4515">
    <p class='ocr_par' dir='ltr' id='par_1_86' title="bbox 2038 4431 3662 4515">
     <span class='ocr_line' id='line_1_86' title="bbox 2038 4431 3662 4515; baseline -0.009 -16"><span class='ocrx_word' id='word_1_603' title='bbox 2038 4442 2283 4515; x_wconf 92' lang='lat' dir='ltr'><strong>quilibet</strong></span> <span class='ocrx_word' id='word_1_604' title='bbox 2313 4442 2370 4496; x_wconf 90' lang='lat' dir='ltr'><strong>in</strong></span> <span class='ocrx_word' id='word_1_605' title='bbox 2401 4441 2510 4497; x_wconf 88' lang='lat' dir='ltr'><strong>hoc</strong></span> <span class='ocrx_word' id='word_1_606' title='bbox 2544 4441 2765 4496; x_wconf 91' lang='lat' dir='ltr'><strong>mundo</strong></span> <span class='ocrx_word' id='word_1_607' title='bbox 2814 4439 3204 4505; x_wconf 89' lang='lat' dir='ltr'><strong>adversarius,</strong></span> <span class='ocrx_word' id='word_1_608' title='bbox 3236 4438 3345 4494; x_wconf 92' lang='lat' dir='ltr'><strong>sed</strong></span> <span class='ocrx_word' id='word_1_609' title='bbox 3379 4437 3438 4493; x_wconf 89' lang='lat' dir='ltr'><strong>in</strong></span> <span class='ocrx_word' id='word_1_610' title='bbox 3466 4434 3553 4490; x_wconf 90' lang='lat' dir='ltr'><strong>via</strong></span> <span class='ocrx_word' id='word_1_611' title='bbox 3578 4431 3662 4488; x_wconf 85' lang='lat' dir='ltr'><strong>Dei</strong></span> 
     </span>
    </p>
   </div>
   <div class='ocr_carea' id='block_1_87' title="bbox 2037 4517 3664 4600">
    <p class='ocr_par' dir='ltr' id='par_1_87' title="bbox 2037 4517 3664 4600">
     <span class='ocr_line' id='line_1_87' title="bbox 2037 4517 3664 4600; baseline -0.007 -13"><span class='ocrx_word' id='word_1_612' title='bbox 2037 4531 2366 4587; x_wconf 89' lang='lat' dir='ltr'><strong>contrarius</strong></span> <span class='ocrx_word' id='word_1_613' title='bbox 2396 4547 2512 4586; x_wconf 93' lang='lat' dir='ltr'><strong>non</strong></span> <span class='ocrx_word' id='word_1_614' title='bbox 2544 4528 2978 4594; x_wconf 91' lang='lat' dir='ltr'><strong>ametur,etiam</strong></span> <span class='ocrx_word' id='word_1_615' title='bbox 3011 4517 3664 4600; x_wconf 84' lang='lat' dir='ltr'><strong>propinquus.Quisquis</strong></span> 
     </span>
    </p>
   </div>
   <div class='ocr_carea' id='block_1_88' title="bbox 285 4603 1944 4700">
    <p class='ocr_par' dir='ltr' id='par_1_88' title="bbox 285 4603 1924 4700">
     <span class='ocr_line' id='line_1_88' title="bbox 285 4603 1924 4700; baseline -0.018 -16"><span class='ocrx_word' id='word_1_616' title='bbox 285 4628 426 4699; x_wconf 88' lang='lat' dir='ltr'><strong>(cap.</strong></span> <span class='ocrx_word' id='word_1_617' title='bbox 443 4627 536 4694; x_wconf 89' lang='lat'><strong>30)</strong></span> <span class='ocrx_word' id='word_1_618' title='bbox 558 4603 626 4680; x_wconf 51' lang='grc' dir='ltr'><strong>εἶ(</strong></span> <span class='ocrx_word' id='word_1_619' title='bbox 646 4624 708 4680; x_wconf 93' lang='lat' dir='ltr'><strong>In</strong></span> <span class='ocrx_word' id='word_1_620' title='bbox 732 4603 882 4687; x_wconf 77' lang='lat' dir='ltr'><strong>istis,</strong></span> <span class='ocrx_word' id='word_1_621' title='bbox 909 4615 1200 4690; x_wconf 88' lang='lat' dir='ltr'><strong>inquiens,</strong></span> <span class='ocrx_word' id='word_1_622' title='bbox 1232 4606 1656 4682; x_wconf 89' lang='lat' dir='ltr'><strong>temporalibus</strong></span> <span class='ocrx_word' id='word_1_623' title='bbox 1675 4603 1924 4700; x_wconf 74' lang='lat' dir='ltr'><strong>legibus.</strong></span> 
     </span>
    </p>
   </div>
   <div class='ocr_carea' id='block_1_89' title="bbox 2044 4603 3666 4700">
    <p class='ocr_par' dir='ltr' id='par_1_89' title="bbox 2044 4609 3666 4692">
     <span class='ocr_line' id='line_1_89' title="bbox 2044 4609 3666 4692; baseline -0.009 -17"><span class='ocrx_word' id='word_1_624' title='bbox 2044 4619 2192 4676; x_wconf 86' lang='lat' dir='ltr'><strong>enim</strong></span> <span class='ocrx_word' id='word_1_625' title='bbox 2209 4621 2334 4692; x_wconf 88' lang='lat' dir='ltr'><strong>jam</strong></span> <span class='ocrx_word' id='word_1_626' title='bbox 2359 4616 3032 4690; x_wconf 58' lang='lat' dir='ltr'><strong>mternaconcupiscitﬁn</strong></span> <span class='ocrx_word' id='word_1_627' title='bbox 3057 4633 3126 4672; x_wconf 90' lang='lat' dir='ltr'><strong>ea</strong></span> <span class='ocrx_word' id='word_1_628' title='bbox 3147 4631 3332 4687; x_wconf 89' lang='lat' dir='ltr'><strong>quam</strong></span> <span class='ocrx_word' id='word_1_629' title='bbox 3353 4609 3666 4687; x_wconf 88' lang='lat' dir='ltr'><strong>aggreditur</strong></span> 
     </span>
    </p>
   </div>
   <div class='ocr_carea' id='block_1_90' title="bbox 284 4693 1926 4788">
    <p class='ocr_par' dir='ltr' id='par_1_90' title="bbox 284 4693 1926 4788">
     <span class='ocr_line' id='line_1_90' title="bbox 284 4693 1926 4788; baseline -0.015 -17"><span class='ocrx_word' id='word_1_630' title='bbox 284 4693 620 4788; x_wconf 79' lang='lat' dir='ltr'><strong>quanquam</strong></span> <span class='ocrx_word' id='word_1_631' title='bbox 647 4712 720 4767; x_wconf 92' lang='lat' dir='ltr'><strong>de</strong></span> <span class='ocrx_word' id='word_1_632' title='bbox 750 4709 844 4766; x_wconf 89' lang='lat' dir='ltr'><strong>his</strong></span> <span class='ocrx_word' id='word_1_633' title='bbox 875 4707 1143 4764; x_wconf 87' lang='lat' dir='ltr'><strong>homines</strong></span> <span class='ocrx_word' id='word_1_634' title='bbox 1165 4701 1434 4774; x_wconf 89' lang='lat' dir='ltr'><strong>judicent</strong></span> <span class='ocrx_word' id='word_1_635' title='bbox 1463 4713 1596 4752; x_wconf 91' lang='lat' dir='ltr'><strong>cum</strong></span> <span class='ocrx_word' id='word_1_636' title='bbox 1627 4711 1728 4788; x_wconf 76' lang='lat' dir='ltr'><strong>eas</strong></span> <span class='ocrx_word' id='word_1_637' title='bbox 1758 4693 1926 4788; x_wconf 86' lang='lat' dir='ltr'><strong>insti-</strong></span> 
     </span>
    </p>
   </div>
   <div class='ocr_carea' id='block_1_91' title="bbox 281 4783 1922 4862">
    <p class='ocr_par' dir='ltr' id='par_1_91' title="bbox 281 4783 1922 4862">
     <span class='ocr_line' id='line_1_91' title="bbox 281 4783 1922 4862; baseline -0.015 -3"><span class='ocrx_word' id='word_1_638' title='bbox 281 4783 483 4862; x_wconf 61' lang='lat' dir='ltr'><strong>tuunt:</strong></span> <span class='ocrx_word' id='word_1_639' title='bbox 510 4805 706 4856; x_wconf 87' lang='lat' dir='ltr'><strong>tamen</strong></span> <span class='ocrx_word' id='word_1_640' title='bbox 736 4816 869 4854; x_wconf 92' lang='lat' dir='ltr'><strong>cum</strong></span> <span class='ocrx_word' id='word_1_641' title='bbox 903 4794 1121 4852; x_wconf 78' lang='lat' dir='ltr'><strong>fuerint</strong></span> <span class='ocrx_word' id='word_1_642' title='bbox 1150 4789 1431 4846; x_wconf 74' lang='lat' dir='ltr'><strong>institutae</strong></span> <span class='ocrx_word' id='word_1_643' title='bbox 1456 4789 1628 4856; x_wconf 89' lang='lat' dir='ltr'><strong>atque</strong></span> <span class='ocrx_word' id='word_1_644' title='bbox 1659 4783 1922 4848; x_wconf 66' lang='lat' dir='ltr'><strong>firmatae,</strong></span> 
     </span>
    </p>
   </div>
   <div class='ocr_carea' id='block_1_92' title="bbox 281 4870 1923 4962">
    <p class='ocr_par' dir='ltr' id='par_1_92' title="bbox 281 4870 1923 4962">
     <span class='ocr_line' id='line_1_92' title="bbox 281 4870 1923 4962; baseline -0.016 -13"><span class='ocrx_word' id='word_1_645' title='bbox 281 4909 397 4949; x_wconf 92' lang='lat' dir='ltr'><strong>non</strong></span> <span class='ocrx_word' id='word_1_646' title='bbox 430 4889 628 4946; x_wconf 90' lang='lat' dir='ltr'><strong>licebit</strong></span> <span class='ocrx_word' id='word_1_647' title='bbox 649 4887 835 4962; x_wconf 90' lang='lat' dir='ltr'><strong>judici</strong></span> <span class='ocrx_word' id='word_1_648' title='bbox 867 4887 940 4940; x_wconf 89' lang='lat' dir='ltr'><strong>de</strong></span> <span class='ocrx_word' id='word_1_649' title='bbox 971 4881 1114 4955; x_wconf 90' lang='lat' dir='ltr'><strong>ipsis</strong></span> <span class='ocrx_word' id='word_1_650' title='bbox 1145 4879 1436 4952; x_wconf 90' lang='lat' dir='ltr'><strong>judicare,</strong></span> <span class='ocrx_word' id='word_1_651' title='bbox 1465 4873 1566 4929; x_wconf 89' lang='lat' dir='ltr'><strong>sed</strong></span> <span class='ocrx_word' id='word_1_652' title='bbox 1598 4870 1923 4962; x_wconf 77' lang='lat' dir='ltr'><strong>secundum</strong></span> 
     </span>
    </p>
   </div>
   <div class='ocr_carea' id='block_1_93' title="bbox 280 4957 1926 5056">
    <p class='ocr_par' dir='ltr' id='par_1_93' title="bbox 280 4957 1926 5056">
     <span class='ocr_line' id='line_1_93' title="bbox 280 4957 1926 5056; baseline -0.016 -17"><span class='ocrx_word' id='word_1_653' title='bbox 280 4983 500 5056; x_wconf 86' lang='lat' dir='ltr'><strong>ip-as.»</strong></span> <span class='ocrx_word' id='word_1_654' title='bbox 528 4957 714 5052; x_wconf 78' lang='lat' dir='ltr'><strong>Igitur</strong></span> <span class='ocrx_word' id='word_1_655' title='bbox 743 4979 845 5032; x_wconf 89' lang='lat' dir='ltr'><strong>aut</strong></span> <span class='ocrx_word' id='word_1_656' title='bbox 869 4993 902 5030; x_wconf 91' lang='lat' dir='ltr'><strong>a</strong></span> <span class='ocrx_word' id='word_1_657' title='bbox 927 4968 1141 5045; x_wconf 90' lang='lat' dir='ltr'><strong>populo</strong></span> <span class='ocrx_word' id='word_1_658' title='bbox 1169 4964 1548 5040; x_wconf 70' lang='lat' dir='ltr'><strong>promulgata:</strong></span> <span class='ocrx_word' id='word_1_659' title='bbox 1571 4963 1748 5056; x_wconf 48' lang='lat' dir='ltr'><strong>justas</strong></span> <span class='ocrx_word' id='word_1_660' title='bbox 1768 4957 1926 5056; x_wconf 74' lang='lat' dir='ltr'><strong>leges</strong></span> 
     </span>
    </p>
   </div>
   <div class='ocr_carea' id='block_1_94' title="bbox 279 5046 1927 5135">
    <p class='ocr_par' dir='ltr' id='par_1_94' title="bbox 279 5046 1927 5135">
     <span class='ocr_line' id='line_1_94' title="bbox 279 5046 1927 5135; baseline -0.015 -8"><span class='ocrx_word' id='word_1_661' title='bbox 279 5046 597 5135; x_wconf 47' lang='lat' dir='ltr'><strong>servanda):</strong></span> <span class='ocrx_word' id='word_1_662' title='bbox 642 5069 744 5122; x_wconf 90' lang='lat' dir='ltr'><strong>aut</strong></span> <span class='ocrx_word' id='word_1_663' title='bbox 785 5081 820 5120; x_wconf 91' lang='lat' dir='ltr'><strong>a</strong></span> <span class='ocrx_word' id='word_1_664' title='bbox 864 5059 1128 5135; x_wconf 88' lang='lat' dir='ltr'><strong>principe</strong></span> <span class='ocrx_word' id='word_1_665' title='bbox 1170 5057 1334 5129; x_wconf 89' lang='lat' dir='ltr'><strong>juste</strong></span> <span class='ocrx_word' id='word_1_666' title='bbox 1387 5069 1454 5110; x_wconf 90' lang='lat' dir='ltr'><strong>ac</strong></span> <span class='ocrx_word' id='word_1_667' title='bbox 1506 5046 1927 5107; x_wconf 87' lang='lat' dir='ltr'><strong>rationabiliter</strong></span> 
     </span>
    </p>
   </div>
   <div class='ocr_carea' id='block_1_95' title="bbox 279 5146 1212 5230">
    <p class='ocr_par' dir='ltr' id='par_1_95' title="bbox 279 5146 1212 5230">
     <span class='ocr_line' id='line_1_95' title="bbox 279 5146 1212 5230; baseline -0.018 -14"><span class='ocrx_word' id='word_1_668' title='bbox 279 5163 422 5216; x_wconf 90' lang='lat' dir='ltr'><strong>sunt</strong></span> <span class='ocrx_word' id='word_1_669' title='bbox 449 5158 506 5212; x_wconf 92' lang='lat' dir='ltr'><strong>in</strong></span> <span class='ocrx_word' id='word_1_670' title='bbox 538 5153 800 5230; x_wconf 88' lang='lat' dir='ltr'><strong>quolibet</strong></span> <span class='ocrx_word' id='word_1_671' title='bbox 827 5146 1212 5207; x_wconf 73' lang='lat' dir='ltr'><strong>vindicandae.</strong></span> 
     </span>
    </p>
   </div>
   <div class='ocr_carea' id='block_1_96' title="bbox 274 5263 1918 5350">
    <p class='ocr_par' dir='ltr' id='par_1_96' title="bbox 274 5263 1918 5350">
     <span class='ocr_line' id='line_1_96' title="bbox 274 5263 1918 5350; baseline -0.017 -10"><span class='ocrx_word' id='word_1_672' title='bbox 274 5285 410 5340; x_wconf 60' lang='lat' dir='ltr'><strong>Car.</strong></span> <span class='ocrx_word' id='word_1_673' title='bbox 443 5281 685 5338; x_wconf 86' lang='lat' dir='ltr'><strong>XXVIII.</strong></span> <span class='ocrx_word' id='word_1_674' title='bbox 721 5277 878 5350; x_wconf 76' lang='lat' dir='ltr'><strong>Quod</strong></span> <span class='ocrx_word' id='word_1_675' title='bbox 925 5276 1010 5330; x_wconf 86' lang='lat' dir='ltr'><strong>his</strong></span> <span class='ocrx_word' id='word_1_676' title='bbox 1051 5273 1282 5350; x_wconf 74' lang='lat' dir='ltr'><strong>_qui_pro</strong></span> <span class='ocrx_word' id='word_1_677' title='bbox 1311 5269 1426 5350; x_wconf 68' lang='lat' dir='ltr'><strong>suis</strong></span> <span class='ocrx_word' id='word_1_678' title='bbox 1455 5263 1784 5350; x_wconf 57' lang='lat' dir='ltr'><strong>criminibus</strong></span> <span class='ocrx_word' id='word_1_679' title='bbox 1813 5276 1918 5332; x_wconf 81' lang='lat' dir='ltr'><strong>pu-</strong></span> 
     </span>
    </p>
   </div>
   <div class='ocr_carea' id='block_1_97' title="bbox 378 5332 1810 5410">
    <p class='ocr_par' dir='ltr' id='par_1_97' title="bbox 378 5332 1810 5410">
     <span class='ocr_line' id='line_1_97' title="bbox 378 5332 1810 5410; baseline -0.018 0"><span class='ocrx_word' id='word_1_680' title='bbox 591 5332 1125 5408; x_wconf 58' lang='lat' dir='ltr'><strong>‘misericordia</strong></span> <span class='ocrx_word' id='word_1_681' title='bbox 1157 5332 1428 5398; x_wconf 67' lang='lat' dir='ltr'><strong>interdum</strong></span> <span class='ocrx_word' id='word_1_682' title='bbox 1461 5332 1810 5405; x_wconf 79' lang='lat' dir='ltr'><strong>indulgendo.</strong></span> 
     </span>
    </p>
   </div>
   <div class='ocr_carea' id='block_1_98' title="bbox 342 5445 1920 5534">
    <p class='ocr_par' dir='ltr' id='par_1_98' title="bbox 342 5445 1920 5534">
     <span class='ocr_line' id='line_1_98' title="bbox 342 5445 1920 5534; baseline -0.017 -8"><span class='ocrx_word' id='word_1_683' title='bbox 342 5471 502 5534; x_wconf 89' lang='lat' dir='ltr'><strong>Quod</strong></span> <span class='ocrx_word' id='word_1_684' title='bbox 535 5468 710 5522; x_wconf 86' lang='lat' dir='ltr'><strong>etiam</strong></span> <span class='ocrx_word' id='word_1_685' title='bbox 742 5465 836 5520; x_wconf 88' lang='lat' dir='ltr'><strong>his</strong></span> <span class='ocrx_word' id='word_1_686' title='bbox 865 5463 966 5534; x_wconf 85' lang='lat' dir='ltr'><strong>qui</strong></span> <span class='ocrx_word' id='word_1_687' title='bbox 998 5477 1102 5532; x_wconf 89' lang='lat' dir='ltr'><strong>pro</strong></span> <span class='ocrx_word' id='word_1_688' title='bbox 1133 5457 1258 5513; x_wconf 84' lang='lat' dir='ltr'><strong>suis</strong></span> <span class='ocrx_word' id='word_1_689' title='bbox 1295 5450 1613 5508; x_wconf 87' lang='lat' dir='ltr'><strong>sceleribus</strong></span> <span class='ocrx_word' id='word_1_690' title='bbox 1641 5445 1920 5518; x_wconf 78' lang='lat' dir='ltr'><strong>puniendi</strong></span> 
     </span>
    </p>
   </div>
   <div class='ocr_carea' id='block_1_99' title="bbox 271 5534 1919 5624">
    <p class='ocr_par' dir='ltr' id='par_1_99' title="bbox 271 5534 1919 5624">
     <span class='ocr_line' id='line_1_99' title="bbox 271 5534 1919 5624; baseline -0.014 -14"><span class='ocrx_word' id='word_1_691' title='bbox 271 5557 482 5622; x_wconf 88' lang='lat' dir='ltr'><strong>sunt,si</strong></span> <span class='ocrx_word' id='word_1_692' title='bbox 509 5555 565 5610; x_wconf 90' lang='lat' dir='ltr'><strong>in</strong></span> <span class='ocrx_word' id='word_1_693' title='bbox 589 5560 849 5624; x_wconf 89' lang='lat' dir='ltr'><strong>tempore</strong></span> <span class='ocrx_word' id='word_1_694' title='bbox 881 5545 1266 5610; x_wconf 89' lang='lat' dir='ltr'><strong>necessitatis,</strong></span> <span class='ocrx_word' id='word_1_695' title='bbox 1296 5546 1354 5598; x_wconf 89' lang='lat' dir='ltr'><strong>et</strong></span> <span class='ocrx_word' id='word_1_696' title='bbox 1384 5536 1624 5612; x_wconf 90' lang='lat' dir='ltr'><strong>periculi</strong></span> <span class='ocrx_word' id='word_1_697' title='bbox 1657 5534 1919 5607; x_wconf 86' lang='lat' dir='ltr'><strong>urgentis</strong></span> 
     </span>
    </p>
   </div>
   <div class='ocr_carea' id='block_1_100' title="bbox 272 5625 1918 5714">
    <p class='ocr_par' dir='ltr' id='par_1_100' title="bbox 272 5625 1918 5714">
     <span class='ocr_line' id='line_1_100' title="bbox 272 5625 1918 5714; baseline -0.012 -15"><span class='ocrx_word' id='word_1_698' title='bbox 272 5643 575 5714; x_wconf 88' lang='lat' dir='ltr'><strong>instantia,</strong></span> <span class='ocrx_word' id='word_1_699' title='bbox 595 5643 685 5698; x_wconf 88' lang='lat' dir='ltr'><strong>vel</strong></span> <span class='ocrx_word' id='word_1_700' title='bbox 697 5625 769 5696; x_wconf 36' lang='lat' dir='ltr'><strong>‘in</strong></span> <span class='ocrx_word' id='word_1_701' title='bbox 796 5635 1260 5712; x_wconf 51' lang='lat' dir='ltr'><strong>ultimozspiritu,</strong></span> <span class='ocrx_word' id='word_1_702' title='bbox 1285 5627 1623 5706; x_wconf 69' lang='lat' dir='ltr'><strong>praesidium</strong></span> <span class='ocrx_word' id='word_1_703' title='bbox 1643 5625 1918 5714; x_wconf 68' lang='lat' dir='ltr'><strong>pmnilcn-</strong></span> 
     </span>
    </p>
   </div>
   <div class='ocr_carea' id='block_1_101' title="bbox 272 5711 1914 5797">
    <p class='ocr_par' dir='ltr' id='par_1_101' title="bbox 272 5711 1914 5797">
     <span class='ocr_line' id='line_1_101' title="bbox 272 5711 1914 5797; baseline -0.012 -11"><span class='ocrx_word' id='word_1_704' title='bbox 272 5732 450 5797; x_wconf 48' lang='lat' dir='ltr'><strong>timet</strong></span> <span class='ocrx_word' id='word_1_705' title='bbox 479 5711 613 5786; x_wconf 82' lang='lat' dir='ltr'><strong>mox</strong></span> <span class='ocrx_word' id='word_1_706' title='bbox 641 5711 1128 5785; x_wconf 87' lang='lat' dir='ltr'><strong>reconciliationis</strong></span> <span class='ocrx_word' id='word_1_707' title='bbox 1159 5721 1563 5796; x_wconf 90' lang='lat' dir='ltr'><strong>petierint,nec</strong></span> <span class='ocrx_word' id='word_1_708' title='bbox 1594 5711 1914 5772; x_wconf 77' lang='lat' dir='ltr'><strong>satisfactio</strong></span> 
     </span>
    </p>
   </div>
   <div class='ocr_carea' id='block_1_102' title="bbox 2035 4707 3660 4787">
    <p class='ocr_par' dir='ltr' id='par_1_102' title="bbox 2035 4707 3660 4787">
     <span class='ocr_line' id='line_1_102' title="bbox 2035 4707 3660 4787; baseline -0.006 -23"><span class='ocrx_word' id='word_1_709' title='bbox 2035 4725 2215 4764; x_wconf 89' lang='lat' dir='ltr'><strong>causa</strong></span> <span class='ocrx_word' id='word_1_710' title='bbox 2235 4707 2356 4778; x_wconf 91' lang='lat' dir='ltr'><strong>Dei,</strong></span> <span class='ocrx_word' id='word_1_711' title='bbox 2379 4712 2542 4764; x_wconf 76' lang='lat' dir='ltr'><strong>extra</strong></span> <span class='ocrx_word' id='word_1_712' title='bbox 2563 4711 2822 4787; x_wconf 85' lang='lat' dir='ltr'><strong>patrem,</strong></span> <span class='ocrx_word' id='word_1_713' title='bbox 2855 4710 3018 4761; x_wconf 81' lang='lat' dir='ltr'><strong>extra</strong></span> <span class='ocrx_word' id='word_1_714' title='bbox 3048 4709 3320 4770; x_wconf 87' lang='lat' dir='ltr'><strong>matrem,</strong></span> <span class='ocrx_word' id='word_1_715' title='bbox 3353 4707 3511 4760; x_wconf 78' lang='lat' dir='ltr'><strong>extra</strong></span> <span class='ocrx_word' id='word_1_716' title='bbox 3537 4714 3660 4756; x_wconf 83' lang='lat' dir='ltr'><strong>uxo-</strong></span> 
     </span>
    </p>
   </div>
   <div class='ocr_carea' id='block_1_103' title="bbox 2034 4789 3660 4866">
    <p class='ocr_par' dir='ltr' id='par_1_103' title="bbox 2034 4789 3660 4866">
     <span class='ocr_line' id='line_1_103' title="bbox 2034 4789 3660 4866; baseline -0.006 -14"><span class='ocrx_word' id='word_1_717' title='bbox 2034 4815 2179 4865; x_wconf 91' lang='lat' dir='ltr'><strong>rem,</strong></span> <span class='ocrx_word' id='word_1_718' title='bbox 2211 4802 2372 4852; x_wconf 83' lang='lat' dir='ltr'><strong>extra</strong></span> <span class='ocrx_word' id='word_1_719' title='bbox 2403 4795 2572 4863; x_wconf 78' lang='lat' dir='ltr'><strong>filios,</strong></span> <span class='ocrx_word' id='word_1_720' title='bbox 2603 4799 2767 4850; x_wconf 82' lang='lat' dir='ltr'><strong>extra</strong></span> <span class='ocrx_word' id='word_1_721' title='bbox 2795 4795 3272 4866; x_wconf 86' lang='lat' dir='ltr'><strong>cognatos,extra</strong></span> <span class='ocrx_word' id='word_1_722' title='bbox 3302 4789 3660 4862; x_wconf 89' lang='lat' dir='ltr'><strong>semetipsum</strong></span> 
     </span>
    </p>
   </div>
   <div class='ocr_carea' id='block_1_104' title="bbox 2034 4875 3658 4954">
    <p class='ocr_par' dir='ltr' id='par_1_104' title="bbox 2034 4875 3658 4954">
     <span class='ocr_line' id='line_1_104' title="bbox 2034 4875 3658 4954; baseline -0.007 -15"><span class='ocrx_word' id='word_1_723' title='bbox 2034 4885 2156 4941; x_wconf 83' lang='lat' dir='ltr'><strong>fieri</strong></span> <span class='ocrx_word' id='word_1_724' title='bbox 2191 4884 2380 4953; x_wconf 88' lang='lat' dir='ltr'><strong>debet,</strong></span> <span class='ocrx_word' id='word_1_725' title='bbox 2416 4889 2480 4939; x_wconf 93' lang='lat' dir='ltr'><strong>ut</strong></span> <span class='ocrx_word' id='word_1_726' title='bbox 2517 4901 2582 4940; x_wconf 92' lang='lat' dir='ltr'><strong>eo</strong></span> <span class='ocrx_word' id='word_1_727' title='bbox 2631 4884 2825 4939; x_wconf 85' lang='lat' dir='ltr'><strong>verius</strong></span> <span class='ocrx_word' id='word_1_728' title='bbox 2873 4885 3187 4954; x_wconf 87' lang='lat' dir='ltr'><strong>cognoscat</strong></span> <span class='ocrx_word' id='word_1_729' title='bbox 3234 4879 3448 4947; x_wconf 86' lang='lat' dir='ltr'><strong>Deum,</strong></span> <span class='ocrx_word' id='word_1_730' title='bbox 3479 4892 3586 4950; x_wconf 92' lang='lat' dir='ltr'><strong>quo</strong></span> <span class='ocrx_word' id='word_1_731' title='bbox 3613 4875 3658 4927; x_wconf 88' lang='lat' dir='ltr'><strong>in</strong></span> 
     </span>
    </p>
   </div>
   <div class='ocr_carea' id='block_1_105' title="bbox 2033 4967 3662 5045">
    <p class='ocr_par' dir='ltr' id='par_1_105' title="bbox 2033 4967 3662 5045">
     <span class='ocr_line' id='line_1_105' title="bbox 2033 4967 3662 5045; baseline -0.007 -16"><span class='ocrx_word' id='word_1_732' title='bbox 2033 4975 2162 5045; x_wconf 85' lang='lat' dir='ltr'><strong>ejus</strong></span> <span class='ocrx_word' id='word_1_733' title='bbox 2191 4990 2368 5028; x_wconf 87' lang='lat' dir='ltr'><strong>causa</strong></span> <span class='ocrx_word' id='word_1_734' title='bbox 2397 4972 2689 5028; x_wconf 90' lang='lat' dir='ltr'><strong>neminem</strong></span> <span class='ocrx_word' id='word_1_735' title='bbox 2732 4969 3112 5044; x_wconf 85' lang='lat' dir='ltr'><strong>recognoscit.</strong></span> <span class='ocrx_word' id='word_1_736' title='bbox 3144 4967 3400 5024; x_wconf 87' lang='lat' dir='ltr'><strong>Multum</strong></span> <span class='ocrx_word' id='word_1_737' title='bbox 3436 4977 3662 5034; x_wconf 83' lang='lat' dir='ltr'><strong>namque</strong></span> 
     </span>
    </p>
   </div>
   <div class='ocr_carea' id='block_1_106' title="bbox 2032 5049 3657 5134">
    <p class='ocr_par' dir='ltr' id='par_1_106' title="bbox 2032 5049 3657 5134">
     <span class='ocr_line' id='line_1_106' title="bbox 2032 5049 3657 5134; baseline -0.01 -16"><span class='ocrx_word' id='word_1_738' title='bbox 2032 5067 2142 5127; x_wconf 91' lang='lat' dir='ltr'><strong>est,</strong></span> <span class='ocrx_word' id='word_1_739' title='bbox 2175 5062 2328 5134; x_wconf 89' lang='lat' dir='ltr'><strong>quod</strong></span> <span class='ocrx_word' id='word_1_740' title='bbox 2362 5060 2627 5117; x_wconf 86' lang='lat' dir='ltr'><strong>carnales</strong></span> <span class='ocrx_word' id='word_1_741' title='bbox 2657 5059 2900 5116; x_wconf 85' lang='lat' dir='ltr'><strong>all‘ectus</strong></span> <span class='ocrx_word' id='word_1_742' title='bbox 2928 5057 3315 5114; x_wconf 89' lang='lat' dir='ltr'><strong>intentionem</strong></span> <span class='ocrx_word' id='word_1_743' title='bbox 3350 5053 3560 5110; x_wconf 91' lang='lat' dir='ltr'><strong>mentis</strong></span> <span class='ocrx_word' id='word_1_744' title='bbox 3585 5049 3657 5104; x_wconf 87' lang='lat' dir='ltr'><strong>di-</strong></span> 
     </span>
    </p>
   </div>
   <div class='ocr_carea' id='block_1_107' title="bbox 2031 5146 3659 5221">
    <p class='ocr_par' dir='ltr' id='par_1_107' title="bbox 2031 5146 3659 5221">
     <span class='ocr_line' id='line_1_107' title="bbox 2031 5146 3659 5221; baseline -0.008 -17"><span class='ocrx_word' id='word_1_745' title='bbox 2031 5151 2356 5218; x_wconf 89' lang='lat' dir='ltr'><strong>verberant,</strong></span> <span class='ocrx_word' id='word_1_746' title='bbox 2389 5152 2635 5221; x_wconf 84' lang='lat' dir='ltr'><strong>ejusque</strong></span> <span class='ocrx_word' id='word_1_747' title='bbox 2681 5149 2867 5203; x_wconf 87' lang='lat' dir='ltr'><strong>aciem</strong></span> <span class='ocrx_word' id='word_1_748' title='bbox 2915 5147 3250 5204; x_wconf 90' lang='lat' dir='ltr'><strong>obscurant.</strong></span> <span class='ocrx_word' id='word_1_749' title='bbox 3284 5147 3446 5210; x_wconf 92' lang='lat' dir='ltr'><strong>Quos</strong></span> <span class='ocrx_word' id='word_1_750' title='bbox 3487 5146 3659 5196; x_wconf 89' lang='lat' dir='ltr'><strong>tamen</strong></span> 
     </span>
    </p>
   </div>
   <div class='ocr_carea' id='block_1_108' title="bbox 2031 5232 3658 5310">
    <p class='ocr_par' dir='ltr' id='par_1_108' title="bbox 2031 5232 3658 5310">
     <span class='ocr_line' id='line_1_108' title="bbox 2031 5232 3658 5310; baseline -0.009 -17"><span class='ocrx_word' id='word_1_751' title='bbox 2031 5255 2403 5310; x_wconf 86' lang='lat' dir='ltr'><strong>nequaquam</strong></span> <span class='ocrx_word' id='word_1_752' title='bbox 2429 5236 2631 5292; x_wconf 81' lang='lat' dir='ltr'><strong>noxios</strong></span> <span class='ocrx_word' id='word_1_753' title='bbox 2654 5235 2932 5309; x_wconf 86' lang='lat' dir='ltr'><strong>patimur,</strong></span> <span class='ocrx_word' id='word_1_754' title='bbox 2958 5235 3006 5292; x_wconf 89' lang='lat' dir='ltr'><strong>si</strong></span> <span class='ocrx_word' id='word_1_755' title='bbox 3029 5252 3130 5292; x_wconf 90' lang='lat' dir='ltr'><strong>eos</strong></span> <span class='ocrx_word' id='word_1_756' title='bbox 3150 5232 3472 5306; x_wconf 88' lang='lat' dir='ltr'><strong>premendo</strong></span> <span class='ocrx_word' id='word_1_757' title='bbox 3493 5234 3658 5285; x_wconf 80' lang='lat' dir='ltr'><strong>tenea-</strong></span> 
     </span>
    </p>
   </div>
   <div class='ocr_carea' id='block_1_109' title="bbox 2029 5315 3661 5400">
    <p class='ocr_par' dir='ltr' id='par_1_109' title="bbox 2029 5315 3661 5400">
     <span class='ocr_line' id='line_1_109' title="bbox 2029 5315 3661 5400; baseline -0.007 -18"><span class='ocrx_word' id='word_1_758' title='bbox 2029 5345 2184 5384; x_wconf 89' lang='lat' dir='ltr'><strong>mus.</strong></span> <span class='ocrx_word' id='word_1_759' title='bbox 2216 5328 2460 5383; x_wconf 81' lang='lat' dir='ltr'><strong>Amandi</strong></span> <span class='ocrx_word' id='word_1_760' title='bbox 2493 5345 2630 5400; x_wconf 86' lang='lat' dir='ltr'><strong>ergo</strong></span> <span class='ocrx_word' id='word_1_761' title='bbox 2661 5332 2800 5382; x_wconf 90' lang='lat' dir='ltr'><strong>sunt</strong></span> <span class='ocrx_word' id='word_1_762' title='bbox 2829 5324 3094 5399; x_wconf 85' lang='lat' dir='ltr'><strong>proximi,</strong></span> <span class='ocrx_word' id='word_1_763' title='bbox 3126 5321 3522 5394; x_wconf 89' lang='lat' dir='ltr'><strong>impendenda</strong></span> <span class='ocrx_word' id='word_1_764' title='bbox 3548 5315 3661 5372; x_wconf 85' lang='lat' dir='ltr'><strong>cha-</strong></span> 
     </span>
    </p>
   </div>
   <div class='ocr_carea' id='block_1_110' title="bbox 2029 5407 3659 5488">
    <p class='ocr_par' dir='ltr' id='par_1_110' title="bbox 2029 5407 3659 5488">
     <span class='ocr_line' id='line_1_110' title="bbox 2029 5407 3659 5488; baseline -0.008 -17"><span class='ocrx_word' id='word_1_765' title='bbox 2029 5417 2170 5472; x_wconf 89' lang='lat' dir='ltr'><strong>ritas</strong></span> <span class='ocrx_word' id='word_1_766' title='bbox 2201 5416 2497 5486; x_wconf 88' lang='lat' dir='ltr'><strong>omnibus,</strong></span> <span class='ocrx_word' id='word_1_767' title='bbox 2525 5423 2584 5471; x_wconf 92' lang='lat' dir='ltr'><strong>et</strong></span> <span class='ocrx_word' id='word_1_768' title='bbox 2613 5414 2978 5488; x_wconf 88' lang='lat' dir='ltr'><strong>propinquis,</strong></span> <span class='ocrx_word' id='word_1_769' title='bbox 3012 5417 3070 5468; x_wconf 90' lang='lat' dir='ltr'><strong>et</strong></span> <span class='ocrx_word' id='word_1_770' title='bbox 3112 5407 3424 5474; x_wconf 80' lang='lat' dir='ltr'><strong>extraneis,</strong></span> <span class='ocrx_word' id='word_1_771' title='bbox 3459 5423 3559 5462; x_wconf 92' lang='lat' dir='ltr'><strong>nec</strong></span> <span class='ocrx_word' id='word_1_772' title='bbox 3587 5408 3659 5458; x_wconf 78' lang='lat' dir='ltr'><strong>tn-</strong></span> 
     </span>
    </p>
   </div>
   <div class='ocr_carea' id='block_1_111' title="bbox 2028 5493 3656 5578">
    <p class='ocr_par' dir='ltr' id='par_1_111' title="bbox 2028 5493 3656 5578">
     <span class='ocr_line' id='line_1_111' title="bbox 2028 5493 3656 5578; baseline -0.009 -17"><span class='ocrx_word' id='word_1_773' title='bbox 2028 5524 2159 5561; x_wconf 83' lang='lat' dir='ltr'><strong>mcn</strong></span> <span class='ocrx_word' id='word_1_774' title='bbox 2196 5524 2298 5578; x_wconf 90' lang='lat' dir='ltr'><strong>pro</strong></span> <span class='ocrx_word' id='word_1_775' title='bbox 2339 5505 2541 5560; x_wconf 86' lang='lat' dir='ltr'><strong>eadem</strong></span> <span class='ocrx_word' id='word_1_776' title='bbox 2590 5504 2871 5560; x_wconf 87' lang='lat' dir='ltr'><strong>charitate</strong></span> <span class='ocrx_word' id='word_1_777' title='bbox 2900 5519 2935 5558; x_wconf 91' lang='lat' dir='ltr'><strong>a</strong></span> <span class='ocrx_word' id='word_1_778' title='bbox 2964 5501 3064 5558; x_wconf 90' lang='lat' dir='ltr'><strong>Dei</strong></span> <span class='ocrx_word' id='word_1_779' title='bbox 3099 5514 3294 5556; x_wconf 89' lang='lat' dir='ltr'><strong>amore</strong></span> <span class='ocrx_word' id='word_1_780' title='bbox 3326 5493 3656 5552; x_wconf 84' lang='lat' dir='ltr'><strong>ﬂectendum</strong></span> 
     </span>
    </p>
   </div>
   <div class='ocr_carea' id='block_1_112' title="bbox 2028 5578 3660 5664">
    <p class='ocr_par' dir='ltr' id='par_1_112' title="bbox 2028 5578 3660 5664">
     <span class='ocr_line' id='line_1_112' title="bbox 2028 5578 3660 5664; baseline -0.01 -13"><span class='ocrx_word' id='word_1_781' title='bbox 2028 5596 2230 5664; x_wconf 78' lang='lat' dir='ltr'><strong>(ibid.).</strong></span> <span class='ocrx_word' id='word_1_782' title='bbox 2265 5594 2360 5650; x_wconf 90' lang='lat' dir='ltr'><strong>Sic</strong></span> <span class='ocrx_word' id='word_1_783' title='bbox 2387 5593 2666 5648; x_wconf 90' lang='lat' dir='ltr'><strong>nimirum</strong></span> <span class='ocrx_word' id='word_1_784' title='bbox 2699 5592 2901 5648; x_wconf 80' lang='lat' dir='ltr'><strong>fideles</strong></span> <span class='ocrx_word' id='word_1_785' title='bbox 2931 5591 3148 5663; x_wconf 91' lang='lat' dir='ltr'><strong>quique</strong></span> <span class='ocrx_word' id='word_1_786' title='bbox 3179 5578 3308 5644; x_wconf 82' lang='lat' dir='ltr'><strong>esse</strong></span> <span class='ocrx_word' id='word_1_787' title='bbox 3357 5584 3514 5640; x_wconf 87' lang='lat' dir='ltr'><strong>intra</strong></span> <span class='ocrx_word' id='word_1_788' title='bbox 3540 5595 3660 5636; x_wconf 87' lang='lat' dir='ltr'><strong>san-</strong></span> 
     </span>
    </p>
   </div>
   <div class='ocr_carea' id='block_1_113' title="bbox 2026 5665 3657 5752">
    <p class='ocr_par' dir='ltr' id='par_1_113' title="bbox 2026 5665 3657 5752">
     <span class='ocr_line' id='line_1_113' title="bbox 2026 5665 3657 5752; baseline -0.012 -11"><span class='ocrx_word' id='word_1_789' title='bbox 2026 5688 2183 5742; x_wconf 86' lang='lat' dir='ltr'><strong>ctam</strong></span> <span class='ocrx_word' id='word_1_790' title='bbox 2222 5681 2538 5740; x_wconf 88' lang='lat' dir='ltr'><strong>Ecclesiam</strong></span> <span class='ocrx_word' id='word_1_791' title='bbox 2569 5681 2802 5748; x_wconf 91' lang='lat' dir='ltr'><strong>debent,</strong></span> <span class='ocrx_word' id='word_1_792' title='bbox 2838 5684 2904 5736; x_wconf 92' lang='lat' dir='ltr'><strong>ut</strong></span> <span class='ocrx_word' id='word_1_793' title='bbox 2932 5676 3366 5752; x_wconf 76' lang='lat' dir='ltr'><strong>compatiuntur</strong></span> <span class='ocrx_word' id='word_1_794' title='bbox 3398 5665 3657 5745; x_wconf 69' lang='lat' dir='ltr'><strong>proximis</strong></span> 
     </span>
    </p>
   </div>
  </div>
