3916 6190
254 373 372 439 853
469 433 479 444 .

255 613 358 670 per
388 597 878 669 compassionem.
898 620 926 648 ››
947 597 1091 654 Hinc
1121 603 1360 655 sanctus
1391 600 1646 657 Joannes
1666 600 1905 674 Chryso-

258 690 488 744 stomus
542 685 709 759 (hom.
745 687 833 756 17)
859 687 934 744 de
979 686 1171 742 verbis
1227 687 1521 759 Evangelii
1581 691 1906 746 secundum

255 773 600 831 Mattheum
635 791 649 828 ε
692 775 756 831 Si
809 777 996 831 oculus
1053 783 1178 832 tuus
1225 775 1412 832 dexter
1456 778 1796 834 scandalizat
1835 787 1904 844 te,

251 865 387 936 ejice
412 879 540 919 eum
566 871 618 919 et
643 865 846 936 projice
877 864 972 919 abs
1002 872 1051 920 te
1081 864 1287 936 (Matth.
1319 883 1374 933 ν,
1407 866 1500 934 29)
1533 883 1547 922 :
1583 889 1610 917 «
1644 868 1804 933 Quod
1856 868 1904 922 si

252 953 325 1008 de
357 941 643 1008 membris
674 953 788 1008 ista
807 952 1161 1026 loqueretur,
1178 971 1550 1026 nequaquam
1575 955 1644 1011 de
1676 955 1906 1022 uno,vel

251 1043 326 1098 de
357 1042 563 1098 dextro
594 1040 652 1097 id
685 1041 875 1107 oculo,
895 1042 997 1098 sed
1033 1041 1428 1100 indifferenter
1457 1045 1528 1099 de
1557 1048 1805 1116 utroque
1827 1044 1908 1100 di-

249 1129 456 1187 xisset.
481 1129 591 1198 Qui
623 1129 780 1186 enim
812 1131 1011 1186 dextro
1042 1131 1480 1188 scandalizatur
1526 1133 1714 1199 oculo,
1745 1133 1904 1190 haud

249 1217 505 1275 dubium
536 1219 680 1290 quin
713 1217 970 1292 idipsum
1003 1219 1263 1292 patiatur
1309 1220 1485 1276 etiam
1535 1221 1606 1277 de
1645 1221 1904 1278 sinistro.

249 1309 443 1374 Quam
473 1307 657 1382 igitur
685 1308 758 1364 ob
789 1324 1031 1363 causam
1061 1313 1119 1364 et
1147 1309 1384 1364 oculum
1427 1310 1637 1366 dextra:
1681 1311 1908 1383 partis?

251 1396 330 1454 Ut
348 1395 579 1453 scilicet
599 1396 994 1465 disceres,non
1013 1397 1085 1452 de
1102 1397 1384 1453 membris
1404 1415 1532 1453 esse
1553 1415 1904 1466 sermonem,

248 1485 354 1542 sed
387 1485 464 1541 de
493 1484 588 1541 his
610 1485 806 1557 potius
825 1485 927 1558 qui
951 1483 1118 1541 nobis
1140 1485 1539 1542 familiaritate
1551 1487 1904 1559 junguntur.

245 1575 319 1632 Et
337 1573 391 1630 si
416 1573 600 1646 igitur
622 1578 852 1630 tantum
874 1573 1129 1646 aliquem
1151 1574 1386 1647 diligas,
1408 1579 1472 1630 ut
1494 1591 1561 1630 eo
1591 1575 1744 1632 oculi
1780 1580 1906 1630 uta-

245 1659 328 1718 ris
347 1659 501 1732 vice,
523 1664 626 1716 aut
651 1659 736 1716 ita
755 1660 862 1717 tibi
889 1661 1226 1734 quempiam
1250 1678 1378 1718 esse
1400 1661 1602 1718 utilem
1629 1668 1817 1736 putes,
1844 1667 1909 1718 ut

243 1747 421 1806 illum
442 1749 656 1806 dextrae
678 1766 893 1806 manus
912 1749 1094 1806 ducas
1116 1749 1262 1816 loco,
1280 1755 1338 1806 et
1365 1749 1427 1805 hi
1459 1755 1656 1807 tamen
1694 1753 1904 1807 animae

239 1843 354 1896 tuas
377 1837 654 1896 fortassis
695 1837 1154 1906 incommodant,
1169 1837 1346 1895 etiam
1378 1839 1770 1913 istos,inquit,
1790 1858 1824 1896 a
1851 1846 1906 1897 te
1933 1881 1982 1948 Β

239 1927 478 1948 _L__2_1-
505 1943 519 1948 _
546 1926 1071 1948 -.J:.:_-_.:__-__,__
1095 1927 1277 1948 μημ
1310 1945 1451 1948 μή-
1617 1947 1629 1948 ,
1819 1947 1862 1948 η

235 1927 484 1987 abscide
505 1943 520 1984 :
539 1926 950 2000 etdiligentius
961 1926 1078 1984 vim
1095 1927 1285 2000 ipsam
1306 1929 1596 1985 sermonis
1607 1929 1898 1986 examina.

237 2017 369 2073 Non
403 2016 568 2074 enim
595 2016 763 2082 dixit,
780 2033 816 2072 a
838 2015 1048 2072 talium
1081 2017 1356 2073 societate
1376 2017 1630 2084 discede,
1653 2019 1754 2074 sed
1786 2035 1905 2074 ma-

234 2103 464 2162 ximam
485 2103 918 2176 separationem
944 2103 1213 2160 indicans
1235 2121 1249 2160 :
1273 2106 1437 2170 Erue,
1457 2105 1749 2178 inquit,ac
1773 2123 1900 2178 pro-

221 2195 356 2268 jice.
385 2191 612 2250 Deinde
643 2192 782 2265 quia
810 2192 954 2249 satis
985 2209 1186 2250 severa
1205 2194 1814 2266 praeceperatduerum
1834 2211 1904 2250 ex

232 2287 493 2355 utroque
541 2281 730 2354 ipsius
777 2280 1098 2338 severitatis
1143 2281 1422 2348 ostendit,
1455 2282 1899 2338 translationem

232 2371 396 2428 verbi
427 2375 554 2426 tam
576 2369 636 2426 in
662 2371 1136 2442 bonorumquam
1160 2370 1218 2426 in
1243 2369 1532 2428 malorum
1545 2371 1722 2426 etiam
1739 2375 1901 2444 parte

228 2459 548 2518 servando.
577 2457 810 2531 Expedit
831 2460 984 2514 enim
1010 2459 1131 2527 tibi,
1166 2457 1378 2530 inquit,
1411 2466 1474 2514 ut
1509 2466 1698 2530 pereat
1727 2477 1902 2516 unum

228 2550 614 2605 membrorum
641 2555 880 2616 tuorum,
904 2562 1068 2618 quam
1097 2554 1266 2602 totum
1295 2561 1486 2618 corpus
1517 2555 1674 2602 tuum
1713 2549 1898 2604 mitta-

230 2644 322 2694 tur
350 2639 418 2693 in
468 2635 776 2708 gehennam
821 2637 1044 2704 (.llatth.
1077 2651 1132 2701 ν,
1162 2634 1277 2706 29).
1306 2634 1422 2690 Cur
1470 2635 1628 2690 enim
1683 2635 1900 2692 Paulus

235 2725 490 2798 optabat
521 2724 834 2780 anathema
858 2723 1022 2780 fieri?
1053 2723 1224 2795 (Rom.
1267 2728 1365 2792 ιχ).
1401 2724 1526 2780 Non
1582 2723 1786 2796 utique
1834 2730 1902 2782 ut

236 2813 388 2870 nihil
425 2813 566 2869 inde
597 2811 743 2868 lucri
775 2815 1025 2885 caperet,
1057 2813 1159 2868 sed
1193 2816 1257 2868 ut
1285 2813 1431 2868 alios
1461 2813 1790 2885 acquireret
1838 2813 1898 2870 in

237 2903 524 2959 salutem.
560 2901 662 2956 Hic
691 2917 847 2968 vero,
878 2901 936 2955 id
969 2899 1166 2973 ipsum
1195 2900 1375 2968 enim,
1406 2900 1581 2957 etiam
1614 2901 1685 2957 de
1722 2919 1902 2958 causa

235 2991 480 3064 reprobi
511 2990 711 3046 fratris
742 2989 1021 3063 intellige.
1054 2989 1296 3061 Utrique
1329 2989 1536 3046 noxius
1565 2994 1673 3058 est,
1708 2995 1766 3046 et
1812 2991 1898 3046 id-

231 3079 390 3136 circo
425 3095 548 3135 non
581 3077 682 3144 ait,
715 3094 852 3134 erue
875 3079 1306 3144 tantummodo,
1338 3078 1439 3134 sed
1469 3083 1526 3134 et
1551 3081 1777 3152 projice,
1809 3079 1897 3134 in-

231 3167 384 3242 quit,
419 3169 525 3224 abs
548 3175 618 3238 te,
651 3171 718 3222 ut
745 3183 881 3222 eum
915 3183 1217 3239 nunquam
1251 3166 1498 3239 recipias
1543 3167 1812 3236 ulterius,
1848 3167 1897 3224 si

1094 379 1198 440 DE
1242 378 1470 442 REGIS
1513 379 1877 443 PERSONA
1918 380 2020 442 ΕΤ
2062 379 2298 443 HEGIO
2343 380 2824 445 MINISTERIO.

257 524 360 582 per
387 506 758 576 charitatem,
791 513 848 565 et
874 511 1071 566 tamen
1092 509 1164 567 de
1183 509 1276 566 via
1297 510 1397 567 Dei
1433 529 1549 568 non
1578 511 1904 569 exorbitent
1931 518 1984 581 Α
2015 512 2149 569 CAP.
2183 511 2342 570 XXX.
2377 544 2444 552 —
2475 515 2759 584 Quatenus
2788 515 2922 584 ﬁliis
2953 516 3033 570 vel

3539 383 3658 448 854

3141 517 3412 590 opinquis,
3445 517 3498 572 si
3534 533 3660 589 pec-_

2457 587 2719 651 caverint,
2748 602 2973 657 parcere
2997 586 3202 644 debeat.

2087 685 2360 744 Attendat
2381 693 2574 746 autem
2605 690 2874 763 princeps
2895 691 2951 746 in
2979 693 3429 765 propinquitatis
3459 712 3656 753 neces-

2017 773 2396 844 situdinibus,
2423 779 2577 849 quod
2601 779 2736 834 etin
2763 779 2893 835 aliis
2915 781 3084 836 debet
3106 783 3484 849 attendere,id
3505 785 3660 856 quod

2017 863 2127 918 seri
2139 869 2300 935 ptum
2323 869 2412 922 est
2436 883 2447 920 :
2477 867 2582 934 Qui
2600 870 2882 924 abscondit
2897 871 3097 925 scelera
3113 886 3350 935 summm
3363 871 3660 943 dirigetur;

2017 954 2114 1023 qui
2137 961 2319 1008 autem
2348 957 2624 1025 confessus
2644 959 2833 1026 fuerit,
2865 965 2916 1013 et
2943 959 3228 1029 reliquerit
3255 975 3336 1025 ca,
3362 962 3667 1016 miscricor-

2016 1041 2166 1096 diam
2195 1052 2550 1114 consequetur
2577 1047 2760 1116 (Prov.
2813 1063 3008 1114 xxvm,
3037 1047 3154 1113 12);
3191 1047 3330 1118 quia
3377 1047 3662 1120 scriptum

2017 1133 2106 1184 est
2123 1146 2142 1184 ~:
2165 1131 2387 1186 Declina
2411 1150 2444 1186 α
2469 1134 2636 1198 malo,
2657 1142 2710 1188 et
2728 1137 2820 1205 fac
2841 1135 3062 1199 bonum,
3078 1143 3128 1188 et
3151 1127 3399 1192 inhabita
3422 1139 3480 1191 in
3499 1153 3668 1194 δέεαι-

2019 1218 2134 1272 lum
2153 1220 2350 1274 saeculi
2378 1221 2548 1288 (Psal.
2579 1238 2729 1284 xxxx,
2751 1224 2867 1288 27.)
2885 1221 3029 1288 Quia
3060 1223 3356 1278 confitenti
3405 1231 3462 1280 et
3491 1225 3670 1297 paeni-

2016 1305 2162 1361 tenti
2196 1324 2309 1363 non
2332 1309 2550 1364 sufficit
2571 1308 2696 1364 sola
2715 1310 3023 1376 confessio,
3051 1310 3163 1365 nisi
3191 1315 3247 1367 et
3272 1313 3672 1386 subsequatur

2017 1395 2152 1450 facti
2175 1397 2526 1462 emendatio,
2555 1402 2617 1452 ut
2638 1399 2926 1470 pmnitens
2966 1399 3300 1470 pwnitenda
3327 1418 3442 1456 non
3473 1403 3669 1469 faciat,

2019 1482 2170 1539 sicut
2216 1485 2395 1539 David
2429 1475 2688 1551 sanctus,
2723 1487 2822 1558 qui
2857 1493 3170 1559 postquam
3203 1488 3426 1544 audivit
3469 1484 3503 1544 a
3533 1507 3668 1561 pro-

2018 1571 2196 1644 pheta
2227 1589 2240 1627 :
2275 1573 2570 1628 Dimissum
2601 1583 2680 1629 est
2703 1584 2981 1646 peccatum
3009 1584 3166 1631 tuum
3196 1576 3269 1646 (II
3297 1579 3534 1648 Reg.xu,
3558 1579 3667 1644 13),

2017 1659 2298 1715 humilior
2330 1661 2518 1716 factus
2549 1667 2640 1718 est
2671 1663 2729 1718 in
2764 1664 3172 1720 emendatione
3201 1665 3440 1736 peccati,
3474 1666 3557 1720 ita
3605 1670 3671 1722 ut

2017 1747 2271 1804 cinerem
2303 1749 2455 1804 sicut
2485 1768 2693 1822 panem
2731 1753 3130 1818 manducaret,
3163 1758 3222 1808 et
3254 1759 3452 1825 potum
3487 1771 3664 1810 suum

2019 1854 2153 1892 cum
2187 1837 2324 1892 fletu
2358 1839 2628 1894 misceret
2658 1828 2828 1912 (Psal.
2848 1843 2942 1910 Cl).
2973 1865 2991 1889 ι
3020 1841 3165 1906 Quia
3186 1859 3355 1914 saepe,
3377 1845 3440 1896 ut
3459 1841 3666 1897 beatus

2012 1926 2153 1982 dicit
2201 1927 2513 1999 Gregorius
2561 1929 2773 1996 (Morel.
2806 1931 2908 1986 lib.
2942 1949 3066 1999 νῐιι,
3099 1949 3150 1986 c.
3190 1933 3296 1999 11),
3328 1935 3385 1986 et
3433 1931 3664 2004 reprobi

2011 2019 2246 2086 peccata
2265 2017 2640 2086 confitentur,
2656 2019 2758 2074 sed
2780 2019 2850 2074 de
2875 2019 2964 2074 his
2981 2019 3236 2092 cogitare
3257 2024 3662 2076 contemnunt.

2011 2102 2190 2158 Electi
2227 2107 2424 2160 autem
2457 2104 2662 2178 culpas
2683 2124 2999 2180 suas,quas
3022 2107 3262 2164 vocibus
3281 2125 3388 2162 con
3399 2108 3666 2164 fessionis

2011 2191 2308 2262 aperiunt,
2343 2192 2623 2248 districta;
2680 2195 3207 2252 animadversionis
3239 2195 3472 2252 ﬂetibus
3513 2195 3666 2250 inse-

2013 2281 2472 2350 quuntur.Unde
2491 2287 2548 2337 et
2570 2283 3191 2356 propheta,postquam
3215 2301 3278 2340 se
3298 2284 3666 2356 iniquitatem

2017 2383 2188 2422 suam
2221 2370 2602 2440 pronuntiare
2634 2371 2964 2443 spopondit,
2999 2373 3255 2444 cogitare
3287 2391 3348 2428 se
3377 2373 3552 2430 etiam
3598 2375 3670 2431 de

2015 2453 2100 2511 eis
2149 2457 2435 2512 subdidit.
2483 2459 2562 2513 Ac
2609 2459 2659 2516 si
2709 2465 2906 2532 aperte
2959 2461 3238 2516 fateretur
3289 2461 3536 2518 dicens:
3571 2463 3668 2519 Sic

2012 2549 2238 2600 reatum
2291 2545 2494 2618 lingua
2544 2546 2824 2618 loquitur,
2861 2553 2925 2602 ut
2971 2566 3343 2620 nequaquam
3393 2567 3599 2623 expers
3633 2567 3662 2604 a

2010 2632 2270 2689 mmroris
2303 2633 2544 2690 stimulo
2577 2652 2678 2707 per
2700 2635 2813 2692 alia
2845 2637 3102 2709 Spiritus
3125 2643 3365 2710 vagetur
3389 2655 3402 2693 :
3428 2640 3529 2696 sed
3549 2639 3668 2695 cul-

2011 2737 2118 2792 pas
2150 2721 2398 2793 loquens
2427 2722 2640 2778 vulnus
2669 2725 2898 2795 aperio;
2934 2725 3138 2796 culpas
3186 2742 3319 2782 vero
3369 2728 3438 2782 ad
3471 2745 3664 2784 corre-

2009 2808 2260 2866 ctionem
2293 2811 2578 2882 cogitans,
2610 2811 2860 2867 salutem
2889 2811 3148 2868 vulneris
3178 2831 3247 2868 ex
3277 2814 3664 2872 medicamine

2011 2899 2280 2954 mazroris
2311 2899 2650 2972 quasro.Qui
2677 2899 2834 2955 enim
2864 2901 3018 2956 mala
3047 2901 3286 2973 quidem
3318 2919 3444 2974 qua:
3464 2920 3662 2976 perpe-

2014 2987 2186 3042 travit
2211 2986 2492 3058 insinuat,
2525 2989 2625 3043 sed
2661 2989 2795 3043 flere
2827 3006 2954 3060 quae
2995 2989 3381 3046 insinuaverit
3409 2995 3658 3062 recusat,
3695 3001 3698 3004 ’

2009 3075 2178 3146 quasi
2211 3076 2502 3130 subducta
2534 3081 2692 3130 veste
2728 3075 2943 3133 vulnus
2983 3077 3221 3150 detegit,
3255 3079 3356 3134 sed
3408 3079 3662 3151 torpenti

2009 3169 2202 3219 mente
2232 3163 2725 3219 medicamentum
2772 3163 2996 3219 vulneri
3051 3183 3166 3220 non
3213 3165 3474 3238 apponit.
3510 3169 3658 3224 Con-

231 3256 432 3331 qualis
465 3256 660 3313 fuerat
691 3260 1036 3329 perseverat.
1070 3255 1187 3312 Hoc
1218 3257 1376 3312 enim
1408 3257 1580 3312 modo
1627 3260 1685 3312 et
1730 3255 1897 3312 illum
1930 3243 1974 3310 C
2013 3251 2284 3308 fessionis
2315 3251 2494 3324 igitur
2522 3269 2719 3308 vocem
2751 3253 2912 3308 solus
2945 3270 3180 3309 necesse
3210 3259 3300 3310 est
3345 3257 3410 3310 ut
3452 3273 3665 3312 mceror

231 3347 463 3418 majore
498 3343 744 3412 crimine
767 3343 1138 3410 liberabis,et
1159 3349 1214 3400 te
1232 3362 1266 3400 a
1296 3345 1620 3416 perditione
1641 3344 1895 3402 salvabis

229 3433 303 3492 Ut
330 3439 546 3491 autem
577 3433 947 3490 manifestius
968 3433 1341 3489 commodum
1370 3432 1542 3489 istius
1563 3433 1709 3506 legis
1736 3434 1892 3508 aspi-

229 3523 372 3600 cias,
408 3523 464 3580 si
501 3520 694 3595 placet
716 3521 893 3578 etiam
937 3521 999 3577 in
1049 3535 1289 3594 corpore
1331 3523 1502 3593 juxta
1549 3539 1789 3580 causam
1832 3521 1893 3578 id

229 3613 386 3686 quod
419 3610 654 3668 dictum
685 3615 776 3667 est
803 3609 1193 3683 requiramus.
1227 3609 1288 3667 Si
1318 3611 1474 3666 enim
1505 3612 1743 3667 daretur
1786 3612 1896 3669 ele-

229 3701 366 3770 ctio,
387 3715 706 3772 unumque
731 3703 887 3756 esset
908 3698 1306 3755 necessarium
1338 3699 1410 3756 de
1441 3699 1896 3766 duobus,videli-

230 3793 321 3846 cet
344 3793 456 3846 aut
488 3805 630 3844 cum
658 3787 948 3844 ambobus
977 3786 1163 3844 oculis
1193 3787 1252 3842 in
1285 3787 1508 3843 foveam
1531 3805 1697 3844 ruere
1719 3792 1896 3861 atque

230 3878 459 3934 ibidem
496 3875 782 3948 deperire,
811 3881 914 3932 aut
941 3876 1166 3948 absque
1215 3893 1332 3932 uno
1381 3876 1548 3932 oculo
1599 3875 1893 3948 reliquum

231 3967 468 4022 salvere
525 3981 761 4036 corpus,
795 3969 1045 4036 putasne
1091 3981 1123 4020 e
1171 3963 1403 4020 duobus
1451 3964 1748 4037 suscipere
1777 3983 1894 4023 non

231 4053 449 4110 malles
485 4052 854 4108 secundum?
882 4053 955 4108 At
983 4052 1140 4108 istud
1171 4052 1447 4108 omnibus
1477 4052 1698 4126 absque
1713 4054 1896 4110 ambi-

230 4141 464 4215 guitate
487 4139 868 4213 perspicuum
889 4145 998 4196 est.
1013 4141 1137 4196 Non
1159 4140 1314 4196 enim
1336 4140 1446 4196 hoc
1471 4145 1626 4196 esset
1641 4141 1896 4200 odientis

231 4230 509 4297 oculum,
523 4229 626 4284 sed
647 4245 861 4301 corpus
881 4227 1174 4300 reliquum
1195 4227 1552 4300 diligentis.»
1567 4230 1636 4284 Et
1655 4235 1895 4287 sanctus

231 4317 637 4390 Hieronymus
668 4315 726 4370 in
765 4315 1193 4371 Commentario
1243 4315 1520 4384 Matthaai,
1553 4317 1625 4372 de
1673 4317 1894 4374 eisdem

227 4405 430 4463 verbis
489 4402 724 4460 Domini
774 4401 1023 4459 dicentis
1055 4421 1068 4458 :
1104 4404 1169 4460 Si
1213 4412 1402 4460 acutus
1449 4413 1572 4460 tuus
1603 4405 1788 4462 dexter
1813 4408 1897 4463 vel

227 4510 436 4550 manus
469 4491 815 4548 scandalth
841 4500 911 4557 te,
941 4508 1070 4548 erue
1098 4493 1181 4548 vel
1211 4491 1446 4559 abscide,
1478 4502 1530 4549 et
1560 4496 1761 4567 projice
1799 4495 1896 4552 abs

2003 3340 2316 3407 excruciet,
2332 3359 2404 3396 ne
2443 3340 2658 3396 vulnus
2693 3342 3043 3414 productum
3077 3345 3132 3397 et
3163 3341 3515 3415 neglectum,
3549 3361 3664 3416 quo

2002 3429 2278 3486 licentius
2293 3430 2419 3500 jam
2455 3447 2558 3502 per
2589 3429 2910 3484 humanam
2955 3429 3222 3485 notitiam
3243 3430 3526 3504 tangitur,
3559 3432 3662 3488 de-

2003 3519 2185 3574 terius
2227 3523 2544 3590 putrescat.
2572 3518 2882 3574 Psalmista
2913 3535 3048 3590 ergo
3082 3519 3286 3591 plagas
3317 3520 3512 3576 cordis
3540 3538 3656 3577 non

2003 3606 2194 3662 solum
2225 3607 2537 3672 detexerat,
2553 3607 2651 3662 sed
2683 3606 2926 3662 detectis
2949 3605 3124 3662 etiam
3158 3607 3650 3666 medicamentum

2003 3695 2264 3751 maeroris
2309 3695 2642 3761 adhibebat,
2679 3695 2879 3751 dicens
2912 3712 2925 3750 :
2959 3697 3310 3766 I-niquitatem
3345 3715 3525 3754 meam
3551 3715 3648 3768 ego

1997 3785 2318 3856 pronuntio,
2348 3791 2400 3838 et
2427 3785 2674 3852 cogitabo
2697 3801 2798 3855 pro
2823 3793 3039 3855 peccato
3086 3801 3202 3840 meo
3231 3787 3402 3853 (Psal.
3433 3803 3644 3854 xxxvu,

2005 3872 2114 3941 19).
2150 3871 2586 3928 Pronuntiando
2615 3871 2772 3928 enim
2805 3873 3100 3928 occultum
3149 3873 3364 3930 vulnus
3395 3875 3650 3948 detegit;

2003 3960 2310 4032 cogitando
2341 3964 2536 4015 autem
2569 3961 2708 4032 quid
2739 3961 2900 4016 aliud
2945 3979 3124 4033 quam
3158 3961 3650 4020 medicamentum

2001 4048 2224 4104 vulneri
2255 4048 2535 4120 apponit?
2561 4050 2672 4105 Sed
2703 4049 2931 4104 afflicta:
2965 4051 3168 4115 menti,
3189 4055 3246 4105 et
3277 4069 3386 4106 sua
3407 4051 3652 4108 sollicite

2003 4137 2222 4192 damna
2251 4136 2552 4208 cogitanti,
2589 4136 2713 4190 rixa
2731 4154 2836 4208 pro
2868 4137 3186 4208 semetipsa
3215 4138 3403 4192 oritur
3447 4143 3652 4194 contra

2004 4223 2402 4296 semetipsum.
2419 4223 2564 4278 Nam
2590 4241 2724 4279 cum
2748 4241 2810 4278 se
2830 4225 2900 4278 ad
2921 4223 3178 4279 lamenta
3201 4223 3547 4296 poeniteniiaa
3571 4227 3654 4280 in-

2005 4312 2202 4386 stigat,
2225 4311 2456 4368 occulta
2487 4328 2548 4366 se
2583 4311 2976 4384 increpatione
3007 4311 3308 4366 dilaniat.»
3333 4311 3450 4367 Hoc
3481 4314 3654 4369 modo

2005 4399 2298 4474 principes
2325 4398 2463 4455 {iliis
2492 4399 2580 4455 vel
2614 4399 2980 4472 prepinquis,
3007 4399 3054 4456 si
3079 4399 3461 4471 peccaverint,
3495 4417 3653 4456 reco-

2004 4489 2424 4563 gnoscentibus
2453 4506 2520 4544 ac
2553 4487 2973 4560 paenitentibus
3015 4506 3251 4561 parcere
3295 4488 3486 4558 debet,
3520 4487 3658 4546 alio-

227 4589 278 4638 ιθ
308 4601 328 4637 :
364 4604 394 4632 ς(
419 4580 498 4638 In
529 4578 748 4645 dextro,
783 4577 993 4650 inquit,
1020 4577 1209 4646 oculo,
1233 4582 1292 4634 et
1319 4579 1555 4635 dextera
1585 4581 1901 4649 manu,fra—
1933 4596 1974 4660 ι)
2007 4578 2150 4651 quin
2181 4577 2495 4634 vindictam
2521 4577 2844 4633 secundum
2864 4577 3104 4632 modum
3127 4576 3311 4650 culpa:
3331 4577 3388 4632 in
3410 4594 3656 4650 peccan-

228 4673 416 4736 trum,
451 4671 520 4724 et
550 4682 816 4736 uxorum,
851 4671 909 4722 et
937 4665 1278 4734 liberorum,
1313 4671 1488 4739 atque
1519 4667 1810 4737 affinium,
1841 4673 1900 4726 et

230 4758 716 4831 propinquorum
747 4757 1110 4811 monstratur
1129 4756 1374 4812 affectus
1398 4772 1412 4810 :
1435 4773 1586 4827 quos
1605 4755 1652 4812 si
1677 4757 1748 4812 ad
1771 4773 1902 4813 con-

231 4843 654 4918 templandum
667 4859 858 4899 veram
882 4842 1073 4898 lucem
1097 4843 1264 4900 nobis
1285 4843 1702 4916 impedimento
1723 4845 1903 4914 cerni-

231 4933 698 5000 mus,debemus
717 4935 990 4987 truncare
1018 4931 1352 4988 istiusmodi
1375 4932 1653 4999 actiones,
1670 4950 1740 4989 ne
1759 4935 1900 4989 dum

231 5022 527 5079 volumus
561 5019 708 5075 lucri
739 5023 978 5076 caeteros
1000 5021 1207 5088 facere,
1231 5019 1343 5092 ipsi
1374 5020 1433 5075 in
1461 5026 1743 5077 aaternum
1774 5040 1900 5094 per-

233 5128 477 5168 eamus.
509 5109 672 5165 Unde
701 5109 916 5165 dicitur
941 5113 998 5164 et
1026 5109 1097 5164 de
1129 5110 1430 5165 sacerdote
1468 5126 1700 5177 magno,
1731 5111 1904 5182 cujus

233 5202 448 5258 anima
483 5198 719 5254 Domini
749 5197 932 5253 cultui
962 5199 1230 5254 dedicata
1265 5204 1355 5254 est
1387 5215 1400 5252 :
1432 5198 1614 5270 Supra
1655 5207 1831 5270 patre,
1857 5206 1909 5254 et

230 5297 439 5356 matre,
476 5295 530 5344 et
557 5287 697 5357 ﬁliis
755 5303 864 5342 non
912 5287 1192 5358 polluetur
1239 5289 1383 5355 (ch,
1415 5305 1531 5354 xm,
1567 5287 1674 5359 11),
1709 5287 1766 5342 id
1822 5293 1910 5342 est

233 5377 482 5434 nullum
513 5375 790 5432 affectum
821 5375 986 5442 sciet,
1021 5375 1134 5432 nisi
1165 5377 1294 5447 ejus
1325 5377 1495 5448 cujus
1525 5375 1709 5432 cultui
1739 5376 1906 5431 dedi-

233 5471 413 5523 catus
449 5469 562 5521 est.
598 5486 630 5515 ››

2007 4671 2094 4722 tes
2114 4682 2394 4722 exercere.
2411 4665 2470 4720 Si
2501 4665 2656 4720 enim
2683 4665 2836 4720 Deus
2859 4664 3046 4731 Pater,
3071 4668 3135 4720 ut
3155 4664 3297 4721 dicit
3322 4666 3656 4738 Apostolus,

2007 4756 2229 4828 propria
2267 4755 2405 4809 Filio
2453 4770 2565 4808 non
2607 4755 2865 4825 pepercit,
2897 4753 2988 4808 sed
3041 4771 3142 4825 pro
3194 4755 3353 4810 nobis
3411 4757 3660 4812 omnibus

2010 4841 2240 4899 tradidit
2273 4843 2431 4897 illum
2457 4842 2629 4913 (llam.
2663 4858 2784 4906 vul,
2817 4841 3000 4912 32),et
3031 4845 3224 4898 tamen
3258 4843 3426 4899 Pater
3445 4845 3663 4900 amavit

2013 4931 2430 5002 Filium,qucm
2461 4931 2532 4985 ad
2566 4929 2897 5002 passionem
2923 4931 3105 4999 misit,
3129 4931 3334 5003 qui,ut
3363 4932 3500 4987 item
3521 4932 3663 4988 dicit

2010 5017 2343 5093 Apostolus,
2375 5037 2438 5074 se
2471 5037 2573 5090 pro
2623 5017 2881 5073 Ecclesia
2930 5019 3176 5074 tradidit
3207 5020 3416 5092 (Ephcs.
3449 5019 3525 5090 v),
3562 5036 3660 5075 ne-

2013 5107 2266 5164 cessario
2298 5108 2738 5179 praeponderare
2770 5108 2942 5162 debet
2975 5127 3082 5179 pax
3112 5108 3378 5163 Ecclesiae
3434 5107 3662 5162 univer-

2016 5196 2251 5252 salis.et
2288 5195 2555 5250 soliditas
2585 5194 2898 5266 generalis,
2923 5195 3216 5251 dilectioni
3237 5195 3412 5249 etiam
3445 5193 3660 5261 dilecti,

2018 5284 2202 5340 multo
2233 5285 2420 5356 magis
2451 5287 2648 5338 autem
2681 5283 2984 5356 degeneris
3018 5283 3140 5337 lilii.

2018 5437 2154 5492 CAP.
2183 5435 2370 5490 XXXI.
2405 5466 2472 5474 —
2501 5437 2565 5489 In
2593 5435 2854 5488 marimis
2882 5442 2933 5488 et
2954 5433 3188 5503 publicis
3219 5433 3551 5489 criminibus
3594 5451 3667 5488 an

2640 5503 3049 5574 indulgendum.

2091 5640 2197 5708 Qui
2230 5645 2425 5697 autem
2456 5640 2526 5695 de
2559 5635 2829 5694 maximis
2859 5640 2917 5690 et
2948 5635 3196 5708 publicis
3228 5637 3578 5694 criminibus
3597 5655 3667 5694 ex
