3934 6182
268 323 388 387 855

1051 319 1429 383 HINCMARI
1471 318 1715 380 RHEM.
1764 317 2127 380 ARCHIEP.
2173 317 2580 379 OPUSCULA
2629 317 2888 379 VARIA.

3521 317 3649 378 8560

273 453 446 526 corde
472 468 535 509 se
565 468 680 509 non
711 449 1005 519 humiliat,
1036 453 1138 508 sed
1187 451 1257 508 ad
1289 451 1650 508 excusandas
1681 467 1916 508 excusa-
1941 449 1998 517 Α
2025 451 2130 516 tat,
2161 449 2376 506 docens
2425 453 2492 505 ut
2536 448 2596 505 in
2641 449 2775 505 boni
2828 448 3067 506 rectoris
3113 451 3334 522 pectore
3374 448 3448 508 sit
3484 451 3635 526 virga

271 543 463 599 tiones
477 541 538 597 in
558 541 830 614 peccatis,
851 544 1090 614 peccata
1105 559 1214 597 sua
1235 541 1542 597 defendere
1569 544 1756 608 curat,
1782 539 1919 595 huic

273 649 391 703 non
441 630 836 704 impendenda
891 633 980 686 est
1022 629 1441 698 misericordia,
1474 629 1614 701 quia
1657 628 1919 701 praestari

273 720 612 780 nullatenus
642 718 915 792 praevalet
938 717 1323 792 indulgentia,
1339 719 1490 775 sicut
1528 721 1766 774 sanctus
1795 717 1919 773 Cm-

272 808 526 870 lestinus
540 808 602 864 in
629 807 876 880 epistola
893 808 966 864 ad
991 806 1320 864 Nestorium
1344 807 1700 873 manifestat,
1721 806 1920 862 dicens

276 900 456 971 (epist.
479 899 535 968 4)
559 915 573 954 :
599 921 626 948 «
656 897 978 969 Persequar
998 896 1168 970 plane
1202 896 1336 952 boni
1371 895 1602 951 Domini
1634 895 1746 951 mei
1780 895 1920 950 ﬁde-

275 986 350 1044 lis
381 1003 584 1044 servus
611 985 902 1052 inimicos,
927 1002 1061 1041 cum
1092 985 1379 1058 Propheta
1407 987 1631 1040 asserat
1659 1001 1758 1040 eos
1787 983 1920 1039 odio

277 1093 340 1133 se
371 1073 565 1132 odisse
594 1075 848 1148 perfecto
879 1075 1048 1145 (Psal.
1082 1076 1370 1142 cxxxvm).
1419 1073 1642 1128 Memor
1693 1089 1918 1140 rursus,

278 1164 458 1222 altero
513 1163 809 1236 loquente,
841 1179 913 1218 ne
969 1179 1224 1234 parcam,
1287 1178 1462 1234 quem
1521 1161 1609 1218 vis
1665 1161 1758 1216 hic
1816 1178 1921 1234 ego

277 1252 626 1327 respiciam?
653 1252 748 1308 cui
793 1250 1032 1308 honoris
1081 1250 1302 1323 aliquid
1348 1268 1654 1315 reservem,
1689 1251 1922 1322 quando

278 1342 494 1416 agitur,
527 1345 596 1397 ut
641 1339 787 1396 mihi
842 1341 1022 1396 totius
1071 1339 1196 1413 spei
1246 1357 1386 1396 mea:
1435 1357 1614 1396 causa
1649 1339 1924 1397 tollatur?

281 1431 472 1503 Ipsius
493 1430 562 1500 in,
580 1427 890 1504 Evangelio
921 1429 1098 1485 verba
1137 1433 1276 1486 sunt
1304 1429 1558 1496 Domini,
1583 1430 1801 1502 quibus
1821 1429 1923 1500 ait,

281 1537 396 1576 non
427 1518 539 1576 sibi
568 1523 816 1592 patrem,
849 1535 967 1575 non
1015 1522 1288 1588 matrem,
1311 1536 1428 1574 non
1473 1518 1646 1586 ﬁlios,
1671 1535 1787 1575 non
1820 1518 1925 1574 ali-

279 1625 466 1682 quam.
487 1607 984 1665 necessitudinem
1014 1607 1222 1664 debere
1253 1607 1510 1680 praeponi
1547 1607 1754 1681 (Matth.
1785 1609 1923 1677 xxx).

279 1697 506 1756 Etenim
529 1695 666 1754 talis
699 1697 1030 1770 frequenter
1049 1701 1139 1754 est
1169 1697 1375 1770 pietas,
1409 1713 1479 1753 ex
1507 1713 1626 1769 qua
1653 1701 1930 1754 nascatur

2027 539 2526 608 districtionis,sit
2553 543 2610 596 et
2638 556 2856 596 manna
2883 539 3209 596 dulcedinis
3241 556 3256 597 :
3287 540 3361 596 sit
3373 540 3631 600 districtio

2025 625 2198 698 virga:
2229 643 2357 698 quas
2383 626 2568 693 feriat,
2602 627 2680 684 sit
2703 632 2760 683 et
2789 627 3108 684 consolatio
3137 627 3322 684 baculi
3360 645 3480 701 quis
3518 647 3632 688 sus-

2027 719 2246 782 tentet;
2278 715 2355 771 sit
2382 732 2568 783 amor,
2600 716 2701 772 sed
2733 733 2848 772 non
2876 715 3209 785 emolliens;
3239 716 3316 772 sit
3347 717 3517 791 vigor,
3547 719 3634 776 sed

2029 819 2144 858 non
2205 818 2584 875 exasperans;
2617 803 2696 859 sit
2751 803 2931 869 zelus,
2964 804 3066 860 sed
3125 819 3238 869 non
3284 803 3635 862 immoderate

2029 891 2302 960 saeviens;
2338 893 2415 948 sit
2444 893 2650 964 pietas,
2684 895 2784 950 sed
2846 911 2960 949 non
3009 893 3144 966 plus
3189 910 3364 966 quam
3401 895 3640 967 expediat

2029 998 2295 1055 parcens,
2327 981 2412 1036 Ad
2445 981 2780 1054 exemplum
2809 982 2989 1056 Moysi
3021 983 3490 1053 (Exod.xxxn),et
3504 990 3643 1041 amet

2029 1071 2144 1144 pie,
2178 1075 2236 1128 et
2265 1070 2464 1127 saeviat
2492 1070 2772 1128 districte.
2805 1072 2950 1127 Nam
2999 1087 3137 1128 cum
3185 1071 3524 1130 Israeliticus
3559 1091 3642 1146 po-

2031 1161 2208 1233 pulus
2237 1164 2373 1216 ante
2403 1160 2502 1216 Dei
2533 1161 2733 1218 oculos
2763 1177 2908 1232 pene
2933 1159 3342 1218 inveniabilem
3359 1163 3643 1220 contraxis-

2032 1253 2122 1306 set
2153 1250 2458 1316 offensam,
2488 1266 2592 1321 pro
2640 1249 2843 1306 eodem
2892 1249 3106 1324 populo
3153 1267 3217 1307 se
3257 1249 3536 1324 opposuit.
3568 1253 3646 1308 Ad

2032 1339 2306 1394 eumdem
2337 1355 2470 1395 vero
2503 1337 2787 1411 populum
2835 1337 3092 1407 veniens,
3124 1355 3442 1412 paucorum
3484 1339 3653 1397 vitam-

2031 1426 2226 1498 gladio
2256 1427 2556 1495 exstinxit,
2581 1428 2683 1500 qui
2712 1427 2892 1484 vitam
2922 1428 3189 1485 omnium
3209 1428 3388 1488 etiam
3409 1445 3532 1485 eum
3552 1447 3642 1486 sua

2035 1521 2222 1574 morte
2254 1516 2424 1589 petiit
2455 1534 2468 1572 :
2499 1517 2646 1573 dans
2674 1516 2998 1574 rectoribus
3017 1517 3291 1575 discretis
3320 1517 3642 1591 exemplum,

2036 1613 2101 1664 ut
2131 1606 2684 1679 recognoscentibus
2733 1610 2790 1662 et
2832 1623 2964 1662 vero
3009 1607 3424 1664 conﬁtentibus
3453 1624 3514 1664 ac
3541 1624 3644 1680 pos-

2037 1695 2360 1752 nitentibus
2443 1699 2704 1768 parcant,
2755 1700 2813 1751 et
2874 1695 3302 1770 incorrigibiles
3377 1701 3540 1770 atque
3594 1697 3642 1752 in

279 1787 574 1861 impietas,
597 1785 1038 1855 cum,vincente
1068 1786 1263 1842 carnis
1299 1786 1814 1853 ati‘ectu,charitati
1843 1785 1929 1842 illi
1957 1815 2006 1882 B
2038 1790 2272 1858 peccato
2303 1789 2734 1857 perseverantes
2764 1786 3066 1856 damnent,
3097 1785 3255 1842 sicut
3300 1787 3493 1844 Petrus
3517 1789 3645 1844 Ana-

280 1893 408 1949 q-uae
459 1876 614 1932 Deus
671 1879 779 1945 est,
814 1875 1072 1931 charitas
1124 1875 1483 1948 praeponitur
1523 1875 1860 1948 corporalis.
1896 1897 1924 1925 »

279 1967 352 2022 Et
394 1968 637 2022 sanctus
685 1963 998 2038 Gregorius
1048 1964 1108 2019 in
1157 1963 1306 2020 libro
1350 1964 1633 2022 Pastorali
1665 1964 1828 2038 (part.
1861 1980 1924 2020 ιι.

281 2055 420 2127 (cap.
463 2053 567 2126 6):
603 2075 630 2104 ‹‹
667 2052 814 2120 Quia
871 2052 1038 2121 falsa,
1090 2052 1302 2125 inquit,
1352 2053 1564 2126 pietate
1617 2057 1928 2126 superatus

283 2143 453 2202 ferire
485 2141 606 2200 Heli
633 2141 1040 2215 delinquentes
1095 2140 1247 2198 ﬁlios
1297 2141 1502 2209 noluit,
1537 2142 1693 2214 apud
1730 2142 1927 2198 distri-

282 2236 444 2289 ctum
465 2229 728 2304 judicem
761 2231 1143 2304 semetipsum
1173 2247 1309 2287 eum
1339 2230 1478 2287 ﬁliis
1507 2231 1730 2286 creduli
1762 2232 1926 2287 dam-

283 2320 517 2378 natione
547 2320 855 2393 percussit.
881 2319 1028 2376 Hinc
1060 2337 1314 2392 namque
1363 2319 1560 2375 divina
1604 2337 1743 2376 voce
1783 2319 1926 2376 dici-

283 2415 381 2466 tur
413 2427 426 2466 :
463 2410 857 2481 [Ionoriﬁcasti
903 2409 1048 2481 ﬁlios
1079 2417 1196 2464 tuos
1239 2409 1366 2480 plus
1405 2425 1571 2480 quam
1615 2426 1702 2465 me
1727 2411 1772 2480 (Ι
1801 2411 1924 2480 Reg.

282 2517 344 2566 ιι,
376 2499 488 2572 29).
520 2499 668 2555 Nam
710 2497 772 2552 in
819 2515 986 2554 sacra
1031 2497 1285 2554 Historia
1330 2497 1564 2571 legitur,
1599 2498 1756 2570 quod
1805 2497 1928 2554 Heli

283 2588 436 2646 ﬁlios
468 2605 608 2646 suos
635 2587 828 2644 verbis
857 2587 1092 2660 quidem
1136 2586 1436 2659 corripuit,
1469 2587 1570 2644 sed
1624 2587 1929 2643 severitate

284 2676 652 2737 discretionis
674 2680 740 2732 ut
768 2677 972 2733 debuit
1001 2692 1116 2732 non
1158 2675 1424 2734 correxit.
1449 2676 1611 2732 Unde
1660 2677 1772 2748 ipsi
1821 2675 1926 2732 ﬁlii

285 2767 378 2825 sui
408 2767 468 2822 in
499 2765 652 2824 bello
681 2765 857 2822 occisi
889 2769 1046 2834 sunt,
1081 2768 1140 2821 et
1187 2782 1322 2821 arca
1372 2764 1472 2820 Dei
1523 2769 1692 2838 capta
1729 2769 1840 2833 est,
1871 2769 1930 2821 et

284 2855 540 2918 maxima
569 2855 754 2912 caedes
785 2853 844 2910 in
867 2853 1080 2927 populo
1112 2854 1266 2910 facta
1295 2858 1401 2923 est,
1436 2859 1493 2909 et
1523 2853 1648 2926 ipse
1695 2853 1818 2909 Heli
1857 2853 1930 2908 de

284 2944 426 3002 sella
454 2943 682 3011 cecidit,
709 2946 767 3000 et
813 2943 1010 2999 fractis
1052 2942 1372 2999 cervicibus
1431 2959 1566 2998 cum
1620 2941 1928 2998 sacerdotii

284 3031 614 3106 principatu
664 3030 840 3086 etiam
887 3031 1066 3088 vitam
1115 3031 1387 3103 perdidit.
1425 3053 1452 3082 »
1483 3031 1553 3086 Et
1584 3032 1792 3086 beatus
1819 3031 1930 3085 Au-

283 3120 559 3196 gustinus
607 3120 668 3179 in
713 3119 961 3192 epistola
1007 3119 1080 3175 ad
1128 3119 1535 3177 Maccdonium
1577 3120 1753 3191 (epist.
1783 3119 1924 3188 54):

2035 1875 2194 1930 niam
2235 1878 2294 1930 et
2341 1874 2674 1946 Saphiram,
2697 1877 2757 1930 et
2812 1874 3108 1931 Simonem
3169 1876 3408 1948 Magum
3435 1878 3556 1946 (Act.
3583 1879 3646 1950 ν),

2037 1963 2136 2036 qui
2168 1961 2513 2036 crurifragio
2559 1963 2752 2035 periit,
2782 1963 2940 2019 sicut
2979 1963 3038 2020 in
3085 1965 3396 2038 Hegesippi
3438 1965 3648 2022 historia

2037 2051 2270 2126 legitur,
2302 2056 2360 2108 et
2387 2052 2601 2108 Paulus
2630 2051 2862 2124 publice
2904 2058 3244 2125 peccantem
3295 2055 3522 2112 tradidit
3561 2055 3644 2111 Sa-

2037 2144 2184 2196 tanae
2233 2143 2283 2212 (Ι
2327 2142 2446 2212 Cor.
2498 2141 2572 2212 v),
2625 2145 2684 2196 et
2731 2139 3019 2198 Helimam
3077 2143 3337 2201 caecitate
3395 2143 3648 2218 percussit

2037 2231 2170 2300 (Act.
2201 2233 2346 2299 x111).

2033 2340 2168 2392 CAP.
2200 2336 2437 2409 XXXIII.
2470 2367 2539 2378 —-
2569 2337 2631 2391 In
2673 2338 3000 2408 pluralitate
3047 2341 3396 2409 peccantium
3437 2339 3648 2395 vindicta

2141 2415 2360 2480 propter
2386 2407 2762 2480 difﬁcule
2789 2407 3110 2482 negligenda
3137 2411 3224 2466 vel
3261 2411 3560 2484 differenda.

2107 2499 2177 2552 Et
2200 2497 2249 2552 si
2281 2499 2426 2553 forte
2455 2497 2588 2570 quis
2617 2498 2846 2566 dixerit,
2879 2502 3284 2572 competenter
3323 2501 3560 2556 vindicta
3600 2501 3647 2554 in

2037 2603 2155 2641 nna
2184 2602 2432 2658 persona
2464 2586 2586 2640 ﬁeri
2620 2590 2830 2658 potest,
2863 2585 2924 2642 in
2955 2587 3292 2659 pluralitate
3323 2594 3504 2646 autem
3541 2605 3648 2662 pec-

2037 2675 2320 2742 cantium,
2350 2679 2588 2747 propter
2616 2674 3046 2744 difﬁcultatem,
3077 2677 3340 2734 vindicta
3368 2683 3465 2734 aut
3491 2676 3650 2751 negli-

2036 2765 2228 2838 geuda
2257 2768 2360 2819 aut
2389 2764 2709 2820 differenda
2739 2781 2866 2820 esse
2912 2765 3140 2822 videtur
3173 2783 3188 2824 :
3222 2767 3553 2824 contradicit
3581 2766 3652 2824 eis

2037 2857 2276 2909 sanctus
2308 2853 2683 2909 Innocentius
2705 2853 2764 2908 in
2797 2853 3053 2912 Decretis
3075 2855 3226 2928 suis,
3241 2857 3312 2912 ad
3347 2857 3654 2912 Macedones

2037 2941 2340 3014 episcopos
2371 2943 2548 3014 (epist.
2585 2943 2670 3010 11,
2703 2959 2823 3016 cap.
2863 2943 2918 3015 6)
2955 2962 2968 3000 :
3007 2967 3036 2995 ‹‹
3070 2945 3371 3002 l‘ervideat
3413 2961 3538 3020 ergo
3579 2943 3650 3000 di-

2035 3028 2206 3085 lectio
2236 3035 2446 3098 vestra,
2485 3030 2768 3087 hactenus
2797 3031 2938 3088 talia
2969 3033 3277 3104 transisse,
3307 3039 3362 3091 et
3405 3033 3652 3092 advertite

2039 3119 2193 3190 quod
2246 3119 2468 3192 utique,
2501 3123 2567 3176 ut
2623 3120 2840 3188 dicitis,
2885 3121 3208 3180 necessitas
3257 3122 3566 3196 imperavit,
3599 3120 3649 3176 in

285 3233 313 3262 ‹‹
345 3211 471 3267 Non
500 3207 784 3268 inutiliter
813 3213 975 3264 metu
1004 3208 1202 3282 legum
1234 3209 1496 3264 humana
1517 3211 1814 3264 coercetur
1833 3223 1931 3262 au-
1955 3180 1999 3248 α
2038 3223 2180 3278 pace
2201 3207 2328 3278 jam
2359 3207 2648 3264 Ecclesiae
2677 3209 3025 3266 constitutas
3071 3227 3190 3266 non
3242 3229 3413 3284 posse
3457 3227 3650 3284 praesu-

286 3299 473 3364 dacia,
503 3301 570 3354 ut
596 3301 654 3352 et
682 3301 810 3351 tuta
837 3295 915 3352 sit
943 3295 1095 3352 inter
1139 3295 1438 3368 improbos
1486 3295 1839 3362 innocentia,
1873 3299 1932 3350 et

286 3387 347 3443 in
377 3386 522 3458 ipsis
552 3383 1014 3456 improbis,dum
1035 3384 1342 3439 formidato
1363 3383 1652 3456 supplicio
1671 3384 1933 3439 frenatur

288 3473 554 3542 facultas,
573 3473 838 3528 invocato
881 3473 998 3529 Deo
1033 3475 1273 3530 sanetur
1291 3471 1621 3529 voluntas.»
1641 3471 1820 3528 Sicuti
1844 3477 1933 3528 est

287 3562 444 3620 enim
475 3561 790 3634 aliquando
814 3560 1214 3617 misericordia
1243 3561 1612 3634 puniens,ita
1641 3566 1697 3617 et
1725 3562 1931 3617 crude-

286 3651 424 3708 litas
452 3667 718 3724 parcens.
751 3650 898 3708 Nam
931 3649 980 3706 si
1007 3649 1178 3706 aliter
1205 3667 1323 3706 non
1341 3650 1556 3706 meruit
1594 3650 1807 3707 habere
1838 3668 1930 3722 pa-

287 3755 412 3796 cem
444 3740 658 3798 domus
686 3738 890 3807 David,
911 3737 1023 3794 nisi
1045 3738 1298 3795 Absalon
1330 3738 1488 3794 ﬁlius
1509 3741 1638 3811 ejus
1667 3738 1726 3793 in
1759 3739 1930 3806 bello,

289 3829 443 3902 quod
500 3831 702 3884 contra
757 3831 980 3899 patrem
1027 3827 1283 3899 gerebat,
1323 3825 1533 3883 fuisset
1587 3827 1930 3896 exstinctus,

288 3917 559 3988 quamvis
579 3933 794 3989 magna
811 3931 951 3971 cura
971 3914 1331 3972 mandaverit
1346 3915 1564 3982 suis,ut
1588 3933 1722 3972 eum
1747 3933 1902 3988 quan
1918 3947 1932 3958 -

288 4009 414 4062 tum
445 4008 686 4077 possent
715 4002 907 4059 vivum
941 4002 1286 4075 salvumque
1335 4008 1648 4073 servarent,
1681 4009 1740 4062 et
1779 4009 1936 4061 esset

289 4093 382 4150 cui
415 4092 716 4167 pcenitenti
748 4096 1026 4165 paternus
1067 4091 1308 4149 affectus
1341 4093 1683 4166 ignosceret,
1707 4091 1847 4165 quid
1881 4091 1933 4148 ei

289 4182 502 4240 restitit
530 4181 642 4240 nisi
674 4180 968 4255 perditum
988 4181 1145 4249 ﬁere,
1169 4184 1228 4237 et
1257 4181 1350 4236 sui
1381 4198 1521 4253 pace
1551 4181 1715 4254 regni
1738 4180 1931 4254 acqui-

289 4271 402 4330 sita
431 4289 599 4330 suam
631 4269 970 4328 mmstitiam
1015 4269 1343 4326 consolari?
1373 4271 1536 4336 Quod
1580 4270 1628 4326 si
1683 4269 1934 4342 propriis

287 4360 608 4418 visceribus
656 4359 715 4416 in
762 4359 1048 4416 servanda
1097 4375 1237 4430 pace
1297 4375 1412 4413 non
1469 4362 1560 4413 est
1609 4357 1930 4426 indultum,

288 4455 508 4522 quanto
539 4449 740 4506 minus
769 4447 828 4503 in
859 4447 1150 4504 extraneis
1180 4445 1484 4504 severitate
1513 4445 1710 4520 legum
1741 4463 1938 4502 cense-

289 4555 424 4598 mns
450 4536 847 4610 parcendum?

278 4686 425 4761 ἙΑΡ,
457 4688 672 4750 XXXII.
703 4720 770 4728 κ
805 4688 952 4755 Quod
984 4688 1112 4743 boni
1156 4691 1300 4758 regis
1346 4691 1420 4761 sit
1467 4696 1517 4742 ct
1566 4689 1720 4757 virga
1751 4687 1934 4742 distri-

665 4761 882 4824 ctionis,
910 4767 963 4814 et
987 4777 1194 4814 manna
1222 4759 1547 4814 dulcedinis.

359 4895 643 4954 Caeterum
673 4893 978 4964 Dominus,
1011 4893 1111 4965 qui
1145 4895 1449 4964 peccantes
1479 4891 1580 4948 diu
1612 4896 1676 4948 ut
1705 4910 1936 4948 conver-

290 4989 492 5042 tantur
518 4986 831 5056 exspectat,
855 4987 914 5038 et
942 4999 1058 5038 non
1088 4997 1395 5037 conversos
1427 4981 1636 5036 durius
1654 4974 1930 5047 'damnat,

290 5079 348 5129 et
388 5073 491 5146 pia.
516 5077 704 5132 mater
745 5071 1020 5137 Ecclesia,
1045 5071 1216 5142 juxta
1265 5071 1419 5140 quod
1465 5070 1749 5142 scriptum
1797 5074 1929 5124 est:

293 5163 459 5232 Virga
511 5170 606 5220 tua
659 5169 712 5218 et
759 5160 982 5216 baculus
1023 5166 1147 5214 tuus
1197 5159 1314 5230 ipsa
1359 5175 1446 5215 me
1491 5159 1770 5214 causotata
1807 5167 1938 5213 sunt

290 5253 460 5324 (Psat.
492 5269 630 5318 xxii,
665 5252 738 5320 4),
787 5249 950 5320 virga
1007 5247 1272 5320 percutit,
1325 5251 1382 5302 et
1437 5247 1644 5302 baculo
1700 5252 1933 5303 susten-

2041 3311 2197 3351 mere
2230 3313 2243 3350 ε
2277 3297 2378 3351 sed
2402 3300 2466 3352 ut
2503 3314 2654 3369 saepe
2692 3297 3169 3370 accidit,quoties
3207 3317 3244 3356 a
3273 3299 3494 3374 populis
3516 3304 3604 3354 aut
3625 3313 3654 3353 a

2039 3385 2214 3439 turba
2241 3388 2530 3456 peccatur,
2563 3385 2702 3458 quia
2729 3385 2788 3440 in
2831 3403 3036 3443 omnes
3084 3392 3328 3461 propter
3366 3385 3654 3444 multitudi-

2043 3489 2176 3527 nem
2209 3489 2324 3528 non
2350 3478 2543 3545 potest
2569 3473 2872 3542 vindicari,
2897 3475 3150 3532 inultum
3182 3476 3369 3533 soleat
3416 3474 3653 3532 transire.

2042 3561 2239 3618 Priora
2267 3578 2404 3634 ergo
2435 3561 2781 3618 dimittenda
2808 3562 2938 3619 dico
2969 3563 3068 3620 Dei
3089 3565 3344 3636 judicio,
3366 3569 3423 3622 et
3449 3565 3514 3620 de
3541 3561 3656 3619 reli-

2042 3667 2156 3723 quo
2187 3650 2446 3706 maxima
2473 3649 2867 3708 sollicitudine
2897 3655 3365 3725 pmcavendum.
3397 3677 3426 3704 ››
3456 3655 3519 3709 Et
3543 3651 3656 3708 hinc

2043 3739 2178 3794 item
2213 3738 2269 3792 in
2302 3739 2560 3794 Decretis
2597 3739 2926 3811 apostolicae
2975 3742 3131 3798 sedis
3165 3758 3180 3796 :
3219 3765 3247 3793 α
3277 3743 3363 3812 Si,
3394 3741 3655 3816 inquiunt,

2042 3844 2246 3882 omnes
2275 3827 2606 3882 sacerdotes
2635 3833 2694 3884 et
2721 3829 2980 3886 mundus
3000 3831 3290 3886 assentiat
3317 3829 3657 3896 damnandis,

2041 3916 2340 3972 damnatio
2367 3916 2798 3974 consentientes
2826 3916 3081 3986 involvit,
3099 3935 3216 3975 non
3271 3916 3657 3992 praevaricatio-

2044 4021 2176 4060 nem
2207 4021 2529 4061 consensus
2561 4005 2826 4061 absolvit.
2861 4007 2985 4063 Non
3015 4008 3173 4064 enim
3207 4009 3431 4064 crimen
3479 4005 3657 4062 minui-

2042 4099 2159 4161 tur,
2191 4095 2292 4151 sed
2323 4094 2618 4161 accrescit,
2637 4112 2772 4150 cum
2801 4095 3072 4168 generale
3103 4097 3166 4152 ﬁt
3195 4114 3268 4153 ex
3297 4097 3532 4171 privato.
3559 4093 3657 4150 Hoc

2042 4183 2199 4239 enim
2231 4183 2384 4240 Deus
2412 4182 3107 4256 omniumjudicavit,qui
3138 4187 3430 4242 mundum
3451 4199 3658 4258 peccan-

2043 4275 2160 4327 tem
2182 4270 2436 4344 generali
2461 4271 2679 4328 diluvio
2701 4271 3017 4328 interemit.
3051 4296 3080 4325 »

2113 4361 2257 4415 Ecce
2307 4361 2378 4414 de
2425 4359 2642 4430 quibus
2687 4361 3065 4434 exiguitatem
3114 4379 3310 4419 meam
3357 4359 3658 4419 sublimitas

2045 4447 2342 4520 sapientia:
2359 4453 2559 4509 vestrm
2581 4450 2895 4506 consuluit.
2912 4451 3148 4508 Habetis
3177 4467 3359 4507 sacra:
3379 4449 3658 4522 Scriptura:

1963 4543 2012 4610 D
2042 4542 2100 4594 et
2118 4538 2422 4592 doctorum
2453 4537 2871 4594 catholicorum
2902 4539 3259 4596 sententias:
3285 4539 3512 4596 haurite
3530 4550 3660 4592 nunc

2043 4643 2226 4698 aquas
2250 4626 2308 4680 in
2335 4625 2548 4698 gaudio
2579 4626 2650 4682 de
2679 4627 2940 4683 fontibus
2983 4626 3322 4698 Salvatoris,
3357 4629 3416 4684 id
3463 4631 3547 4683 est
3582 4624 3661 4678 de.

2042 4715 2288 4770 ctrinain
2341 4733 2410 4770 ex
2456 4714 2648 4770 verbis
2695 4733 2920 4782 eorum,
2953 4716 3170 4788 quibus
3212 4718 3370 4774 idem
3429 4712 3662 4774 Salvator

2043 4803 2185 4858 dicit
2215 4821 2226 4856 :
2265 4805 2370 4872 Qui
2390 4804 2560 4859 credit
2591 4807 2649 4859 in.
2678 4821 2781 4870 me,
2813 4807 2956 4860 sicut
2979 4805 3116 4860 dicit
3141 4805 3445 4878 Scriptura,
3457 4805 3660 4874 ﬂumina

2041 4893 2108 4948 dc
2139 4903 2316 4947 ventre
2341 4894 2456 4965 ejus
2483 4893 2652 4962 ﬂuent
2688 4909 2846 4965 aqum
2891 4895 3052 4951 vivae.
3102 4899 3218 4950 Hoc
3266 4903 3468 4960 autem,
3496 4888 3661 4963 inquit

2043 4980 2430 5053 Evangelista,
2461 4981 2608 5037 dixit
2650 4981 2717 5036 de
2751 4983 2954 5054 spiritu
3003 4999 3179 5056 quem,
3211 4983 3486 5053 accepturi
3526 4982 3659 5036 erant

2042 5070 2314 5125 credentes
2345 5071 2406 5125 in
2437 5086 2561 5126 cum
2593 5071 2881 5142 (Joan.vu,
2905 5071 3100 5140 38,39)
3135 5087 3150 5126 :
3184 5071 3286 5144 qui
3309 5070 3463 5143 quod
3483 5068 3659 5127 eodem

2043 5158 2254 5230 Spiritu
2283 5159 2603 5230 inspirante
2635 5159 2970 5227 hauserant,
2986 5159 3293 5216 scribendo
3323 5160 3396 5216 ad
3429 5162 3657 5214 nostram

2045 5247 2310 5303 notitiam
2344 5252 2748 5304 manaverunt.

1565 5545 2412 5593 W—
