3934 6182
155 370 272 434 857

1329 372 1432 434 DE
1473 370 1858 434 CAVENDIS
1901 371 2154 446 VITIIS,
2204 372 2376 434 E'l‘C.

525 878 660 1026 [lli
716 801 1228 1029 CAVENDIS
1283 878 1594 1029 VITIIS
1651 880 1778 1028 ET
1833 880 2469 1032 VIRTUTIBUS
2528 883 3190 1033 EXERCENDIS

1287 1124 1383 1180 AD
1421 1123 1766 1181 CAROLUM
1805 1123 2098 1180 CALVUM
2130 1125 2417 1202 .REGEM.

1035 1278 1224 1351 (Apud
1255 1277 1528 1334 eumdem
1555 1293 1624 1334 ex
1653 1275 1848 1334 codice
1875 1277 1934 1334 S.
1969 1276 2272 1334 Michaelis
2302 1279 2376 1334 ad
2407 1278 2677 1349 Mosam.)

780 1589 1176 1646 PRIEFATIO.

159 1689 300 1758 Quod
326 1690 545 1760 fructus
571 1688 628 1742 in
663 1688 888 1744 lectione
914 1703 1071 1760 saera
1099 1687 1426 1760 quwrendus
1445 1690 1552 1744 sit:
1571 1689 1804 1756 proinde

222 1768 284 1816 ut
309 1759 494 1816 sancti
516 1759 764 1831 Gregorii
797 1759 1082 1832 epistolam
1126 1775 1190 1814 ac
1232 1761 1283 1814 si
1329 1759 1399 1815 ad
1442 1777 1500 1816 se
1545 1763 1806 1832 scriptam

219 1833 495 1904 suscipiat
517 1847 588 1887 eo
613 1847 782 1902 eaque
805 1831 1077 1902 proﬁciat.

221 1947 476 2004 Domino
503 1946 729 2003 Canono
753 1945 872 2020 regi
893 1945 1145 2020 glorioso
1177 1947 1546 2018 HINCMARUS,
1572 1948 1808 2004 nomine

160 2053 268 2092 non
322 2035 532 2092 merito
577 2035 935 2092 Rhemorum
982 2035 1408 2109 episcopus,ac
1468 2035 1654 2109 plebis
1703 2037 1804 2094 Dei

159 2125 439 2183 famulus.

222 2215 396 2272 Mitto
424 2213 610 2281 vobis,
642 2213 795 2270 sicut
810 2213 1100 2286 jussistis,
1131 2213 1438 2286 epistolam
1473 2214 1624 2270 beati
1665 2215 1803 2271 Gre-

157 2303 298 2376 gorii
333 2304 408 2360 ad
441 2303 844 2360 Recbaredum
879 2320 1073 2375 regem
1098 2302 1579 2374 Wisigotharum,
1599 2321 1669 2359 ex
1687 2321 1805 2375 qua

156 2393 318 2449 vobis
351 2392 616 2465 quaedam
649 2392 802 2448 inter
847 2397 1054 2448 caetera
1098 2390 1237 2459 dixi,
1270 2392 1506 2464 quando
1545 2392 1805 2464 proxime

155 2483 306 2554 apud
342 2481 736 2536 Silvanectum
769 2481 840 2536 de
865 2480 1142 2553 operibus
1171 2481 1583 2536 misericordia:
1613 2498 1805 2537 sermo

157 2589 214 2627 se
233 2569 460 2626 intulit.
485 2569 588 2626 Cui
617 2568 879 2642 epistelze
909 2569 1213 2642 aliquanta
1239 2586 1308 2624 ex
1327 2568 1518 2625 verbis
1539 2571 1804 2641 ejusdem

155 2659 415 2716 doctoris
444 2657 659 2732 egregii
709 2656 1093 2730 superadditi,
1127 2658 1433 2714 attendens
1465 2657 1804 2730 promissio-

157 2766 286 2805 nem
339 2765 462 2822 qua
507 2747 766 2804 dicitur:
811 2747 966 2816 Quod
1010 2749 1500 2819 supererogaveris,
1545 2763 1639 2818 ego
1684 2764 1808 2802 cum

155 2838 368 2895 rediero
414 2836 640 2893 reddam
684 2837 792 2892 tibi
821 2836 970 2908 (Luc.
1008 2853 1066 2900 x,
1101 2835 1208 2908 15).
1239 2836 1364 2890 Non
1414 2835 1571 2890 enim
1620 2841 1809 2908 pauca

156 2927 298 2983 mihi
333 2925 615 2994 reddetis,
645 2942 780 2982 cum
829 2942 945 2981 non
993 2924 1186 2981 solum
1233 2928 1488 2996 erogata,
1517 2941 1718 2986 verum
1751 2928 1808 2979 et

155 3019 577 3089 superemgata
613 3014 928 3088 diligenter
982 3012 1209 3086 legetis,
1243 3011 1634 3085 intelligenter
1679 3030 1804 3070 ser-

151 3106 365 3172 vando,
399 3120 467 3160 ac
495 3103 756 3175 quotidie
804 3101 992 3173 magis
1036 3119 1102 3157 ac
1147 3101 1337 3173 magis
1366 3101 1438 3156 de
1484 3100 1698 3156 virtute
1744 3101 1804 3156 in

150 3191 425 3249 virtutem
459 3191 810 3264 proiiciendo
831 3189 1197 3246 custodietis.
1213 3189 1361 3245 Nam
1385 3193 1525 3246 sunt
1538 3189 1802 3261 quidam,

149 3282 248 3353 qui
279 3280 476 3338 multa
523 3281 596 3336 de
641 3279 852 3344 litteris
899 3279 1181 3334 divinitus
1230 3277 1533 3350 inspiratis
1592 3279 1806 3334 habere

148 3371 373 3438 volunt,
405 3387 538 3442 quae
570 3373 671 3425 aut
700 3386 816 3424 non
845 3368 1070 3440 legunt,
1105 3371 1208 3422 aut
1245 3370 1620 3424 transeuntes
1650 3371 1806 3424 recta

151 3459 482 3533 negligunt,
511 3457 601 3514 vel
647 3458 720 3514 ob
770 3457 880 3513 hoc
923 3474 992 3512 ea
1034 3456 1184 3512 scire
1214 3454 1435 3522 volunt,
1471 3458 1536 3510 ut
1581 3456 1806 3511 favores

151 3547 219 3602 de
240 3548 377 3603 vani
409 3545 668 3602 nominis
698 3545 1336 3616 scientiacomparent.
1353 3545 1504 3598 Sunt
1523 3544 1679 3598 enim
1703 3545 1804 3616 qui

151 3637 327 3694 verba
352 3635 460 3692 Dei
489 3634 738 3691 libenter
763 3634 984 3706 legunt,
1014 3632 1104 3688 vel
1137 3649 1276 3688 aure
1321 3631 1669 3704 percipiunt,
1703 3634 1804 3688 sed

154 3729 350 3782 mente
380 3741 500 3780 non
522 3723 812 3779 retinent:
836 3725 894 3778 et
936 3720 1186 3794 quisque
1213 3719 1491 3775 alimenta
1521 3736 1636 3776 non
1670 3719 1806 3776 reti-

152 3818 270 3880 net,
301 3814 488 3885 hujus
517 3811 777 3884 profecto
806 3810 924 3866 vita
971 3811 1316 3882 desperatur
1343 3809 1424 3878 (S.
1459 3809 1629 3880 Greg.
1656 3809 1804 3866 hom.

155 3903 262 3969 15).
277 3925 318 3952 Δ(
339 3901 524 3957 Cibus
543 3899 703 3956 enim
724 3898 939 3955 mentis
961 3901 1052 3955 est
1072 3914 1266 3954 sermo
1299 3897 1424 3963 Dei,
1445 3901 1499 3954 et
1523 3899 1692 3971 quasi
1719 3915 1809 3956 ac-

151 3995 356 4062 ceptus
385 3989 557 4045 cibus
584 3987 884 4053 stomacho
917 3986 1235 4060 languente
1261 3985 1544 4056 rejicitur,
1575 3989 1808 4058 quando

151 4078 396 4134 auditur
422 4091 618 4134 sermo
647 4075 707 4131 in
737 4080 937 4132 ventre
959 4074 1256 4132 memoria:
1279 4091 1392 4130 non
1424 4079 1713 4131 tenetur.»
1739 4078 1810 4132 Et

149 4167 218 4222 de
245 4165 461 4222 talium
493 4165 769 4230 cordibus
789 4165 962 4235 juxta
1003 4163 1400 4237 evangelicum
1446 4163 1807 4236 parabolam,

149 4255 296 4310 tollit
311 4253 568 4320 diabolus
597 4255 840 4320 verbum,
868 4269 938 4309 ne
983 4251 1259 4308 credentes
1301 4252 1446 4308 salvi
1489 4253 1626 4324 ﬁant
1653 4255 1806 4320 )Luc.

1829 1592 1970 1658 Aet
2020 1593 2222 1648 audire
2269 1596 2444 1652 verba
2494 1596 2624 1668 ejus
2676 1612 2790 1652 non
2840 1599 3032 1668 potest
3061 1595 3329 1670 quisquis
3359 1597 3560 1657 exilio

1917 1698 2032 1737 non
2063 1683 2504 1757 est,interroget
2535 1702 2596 1741 se
2627 1685 3036 1758 unusquisque
3073 1684 3122 1742 si
3160 1687 3334 1743 verba
3366 1687 3467 1744 Dei
3497 1689 3559 1746 in

1915 1787 2054 1826 aure
2075 1771 2266 1828 cordis
2288 1773 2550 1846 percipit,
2573 1777 2631 1830 et
2660 1773 2948 1848 intelliget
2967 1775 3122 1830 unde
3141 1775 3238 1831 sit.
3254 1775 3560 1834 Caelestem

1912 1859 2163 1930 patriam
2195 1859 2420 1918 Veritas
2457 1861 2788 1918 desiderare
2827 1862 3018 1934 jubet,
3051 1863 3244 1920 carnis
3273 1865 3563 1923 desideria

1914 1947 2153 2015 conteri,
2175 1949 2378 2004 mundi
2401 1949 2647 2024 gloriam
2670 1951 3181 2017 declinare,aliena
3203 1971 3316 2009 non
3343 1955 3560 2034 appeti,

1914 2036 2150 2110 propria
2177 2037 2396 2110 largiri.
2435 2040 2638 2095 Penset
2669 2056 2805 2114 ergo
2844 2041 3000 2112 apud
3045 2058 3108 2111 se
3155 2042 3563 2116 unusquisque

1912 2129 2194 2194 vestrum,
2227 2126 2275 2182 si
2304 2127 2425 2182 haec
2455 2145 2561 2184 vox
2590 2128 2691 2184 Dei
2723 2129 2782 2183 in
2815 2129 3008 2185 cordis
3037 2131 3166 2201 ejus
3185 2148 3325 2186 aure
3351 2148 3563 2188 conva-

1912 2211 2043 2280 luit,
2075 2217 2132 2268 et
2182 2213 2324 2286 quia
2355 2215 2482 2286 jam
2530 2233 2599 2271 ex
2645 2215 2762 2271 Deo
2812 2215 2890 2271 sit
2933 2216 3216 2288 agnoscit.
3247 2217 3390 2274 Nam
3425 2222 3566 2275 sunt

1915 2301 2179 2357 nonnulli
2205 2302 2304 2375 qui
2337 2308 2624 2376 praecepta
2655 2303 2754 2360 Dei
2787 2321 2890 2360 nec
2922 2323 3062 2360 aure
3084 2307 3344 2379 corporis
3376 2307 3561 2380 perci-

1915 2407 2050 2462 pere
2079 2390 2417 2463 dignantur,
2446 2395 2502 2448 et
2528 2396 2668 2448 sunt
2696 2392 2971 2448 nonnulli
3013 2393 3122 2466 qui
3163 2393 3286 2450 haec
3325 2394 3563 2468 quidem

1914 2481 2173 2550 corporis
2205 2497 2344 2534 aure
2373 2480 2724 2553 percipiunt,
2758 2481 2858 2537 sed
2881 2481 3044 2537 nullo
3073 2499 3143 2538 ea
3163 2483 3378 2540 mentis
3408 2485 3564 2541 desi-

1915 2567 2075 2627 derio
2105 2567 2574 2640 complectuntur
2597 2587 2610 2624 :
2635 2573 2693 2624 et
2721 2574 2861 2624 sunt
2885 2569 3291 2644 nonnulli,qui
3317 2569 3566 2646 libenter

1914 2657 2090 2712 verba
2109 2657 2202 2712 Dei
2222 2656 2573 2728 suscipiunt,
2591 2657 2672 2712 ita
2705 2663 2770 2712 ut
2791 2658 2918 2729 jam
2951 2657 3010 2712 in
3033 2656 3268 2716 ﬂetibus
3288 2677 3566 2734 compun-

1915 2749 2148 2818 gantur,
2181 2745 2281 2800 sed
2317 2751 2447 2816 post
2476 2743 2867 2816 lacrymarum
2891 2749 3124 2820 tempus
3173 2749 3247 2804 ad
3292 2749 3566 2822 iniquita-

1915 2839 2034 2890 tem
2063 2833 2324 2888 redeunt.
2361 2833 2426 2888 Ili
2460 2834 2714 2904 profecto
2761 2835 2938 2890 verba
2985 2835 3087 2891 Dei
3135 2852 3252 2900 non
3291 2837 3560 2907 audiunt,

1835 2957 1887 3024 Β
1917 2921 2191 2994 quiahaac
2211 2939 2473 2977 exercere
2503 2921 2561 2976 in
2585 2939 2757 2994 opere
2797 2927 3200 2996 contemnunt,
3225 2929 3283 2980 et
3301 2942 3562 2982 amorem

1923 3011 2121 3068 saeculi
2149 3009 2336 3066 amori
2366 3010 2468 3066 Dei
2499 3015 2864 3082 praeponunt.
2899 3034 2928 3060 ››
2961 3011 3184 3084 Quibus
3212 3011 3354 3069 item
3372 3013 3565 3069 Domi-

1915 3119 2028 3156 nus
2057 3099 2199 3155 dicit
2229 3117 2240 3155 :
2275 3100 2365 3156 Vae
2411 3098 2559 3155 vobis
2599 3099 2882 3167 divitibus,
2933 3101 3030 3173 qui
3080 3102 3290 3158 habetis
3317 3101 3562 3174 consola-

1912 3191 2115 3245 tionem
2157 3196 2388 3244 vestram
2433 3188 2583 3260 (Luc.
2633 3179 2710 3255 vi,
2743 3188 2860 3256 24).
2895 3187 3106 3260 (Horat.
3148 3187 3248 3245 lib.
3282 3207 3341 3262 x,
3362 3207 3414 3246 c.
3445 3191 3564 3260 30.)

1917 3299 1945 3329 ‹‹
1975 3276 2082 3343 Qui
2115 3276 2223 3332 hoc
2247 3276 2370 3332 loco
2400 3275 2710 3350 signantur
2739 3276 2974 3333 nomine
3003 3277 3274 3350 divitum,
3308 3278 3420 3336 nisi
3452 3279 3562 3335 im-

1913 3365 2197 3422 moderati
2232 3369 2523 3420 amatores
2553 3363 2916 3434 divitiarum,
2947 3366 3049 3440 qui
3079 3367 3306 3423 venturi
3340 3367 3564 3440 judicis

1915 3456 2246 3523 respectum
2275 3469 2390 3508 non
2423 3451 2660 3520 habent,
2694 3453 2836 3508 dum
2862 3454 3133 3526 superbis
3153 3455 3308 3527 apud
3332 3472 3394 3512 se
3415 3456 3566 3530 cogi-

1916 3541 2238 3607 tationibus
2269 3542 2534 3596 tument?
2563 3541 2710 3597 Nam
2742 3547 2882 3598 sunt
2911 3543 3332 3618 nonnulli,quo
3352 3561 3564 3602 census

1915 3647 2018 3703 per
2046 3636 2339 3686 tumorem
2387 3647 2503 3686 non
2541 3629 2746 3698 elevat,
2775 3631 2876 3688 sed
2927 3631 3340 3688 misericordiae
3389 3649 3565 3707 opera

1913 3718 2191 3776 exaltant.
2223 3721 2296 3774 Et
2325 3723 2464 3773 sunt
2485 3717 2882 3792 nonnulli,qui
2913 3721 3057 3776 dum
3088 3721 3336 3777 terrenis
3356 3737 3418 3778 se
3447 3721 3566 3794 opi-

1915 3809 2027 3864 bus
2057 3807 2355 3864 abundare
2386 3807 2774 3880 conspiciunt,
2807 3825 2974 3865 veras
3021 3809 3122 3864 Dei
3171 3807 3404 3866 divitias
3447 3826 3563 3866 non

1916 3896 2431 3968 requirunt,atque
2461 3901 2734 3952 sternam
2768 3897 3020 3969 patriam
3053 3915 3166 3954 non
3199 3899 3568 3972 amant,quia

1915 3983 2026 4040 hoc
2072 3984 2182 4040 sibi
2233 3986 2521 4052 sufficere,
2554 3985 2712 4058 quod
2759 3985 2934 4042 rebus
2981 3987 3406 4060 temporalibus
3453 3988 3566 4044 l’ul-

1916 4073 2456 4148 ciuntuerutant.»
2489 4073 2570 4128 De
2594 4073 2812 4146 quibus
2833 4073 2976 4130 dicit
3005 4076 3344 4148 Scriptura:
3371 4077 3566 4134 Omnes

1916 4163 2012 4233 qui
2057 4161 2300 4231 diligunt
2344 4177 2572 4216 munera
2600 4169 2902 4232 sequuntur
2929 4165 3312 4221 retributiones
3359 4166 3488 4236 (Isa.
3521 4185 3564 4234 ι,

1913 4250 2028 4319 23),
2049 4257 2100 4305 et
2131 4251 2279 4318 ignis
2299 4249 2574 4306 devorabit
2603 4251 2963 4305 tabernacula
2990 4267 3198 4318 eorum,
3215 4255 3316 4324 qui
3332 4271 3566 4310 munera

147 4359 270 4410 vni,
311 4343 424 4416 12).
456 4343 529 4398 Et
557 4345 699 4398 sunt
726 4340 827 4412 qui
859 4341 942 4396 ita
972 4339 1236 4396 divinum
1265 4340 1510 4396 verbum
1559 4340 1812 4396 audiunt
1839 4323 1884 4390 Ο
1921 4338 2152 4394 libenter
2179 4339 2455 4410 accipiunt
2483 4337 2617 4408 (Job.
2649 4355 2742 4404 xv,
2787 4338 2898 4409 34).
2947 4338 3148 4410 (Greg.,
3183 4323 3344 4410 ibid.)
3374 4364 3404 4390 ‹‹
3436 4341 3562 4397 Νοη

144 4433 233 4488 vel
265 4433 496 4507 legunt,
529 4435 596 4487 ut
615 4449 684 4488 ex
713 4447 780 4486 eo
801 4434 1006 4486 contra
1025 4429 1233 4502 culpas
1255 4432 1812 4502 compungantur,et
1916 4431 2007 4483 est
2052 4443 2189 4500 ergo
2235 4443 2448 4482 census
2487 4426 2546 4481 in
2597 4425 2863 4494 crimine,
2897 4427 2999 4482 sed
3049 4428 3312 4484 affectus.
3345 4429 3566 4486 Cuncta

146 4525 349 4578 tamen
380 4525 526 4594 post
545 4521 750 4576 ﬂetum
783 4520 852 4574 ad
876 4517 1082 4591 culpas
1113 4519 1442 4584 redeunt,et
1461 4517 1809 4574 obliviscun-

142 4616 243 4666 tur
270 4611 434 4683 quod
466 4607 830 4682 planxerunt,
863 4624 998 4663 cum
1029 4605 1397 4678 exstinguere
1429 4604 1638 4660 nolunt
1668 4605 1808 4662 vitia

145 4699 372 4771 quibus
391 4699 618 4754 ardent.
635 4697 707 4752 Et
735 4699 877 4752 sunt
899 4693 1188 4762 nonnulli,
1204 4694 1302 4766 qui
1323 4695 1523 4749 audito
1542 4693 1629 4750 vel
1658 4693 1806 4750 lecto

140 4788 326 4843 verbo
357 4786 460 4841 Dei
493 4787 731 4840 econtra
751 4802 812 4840 se
841 4784 1093 4856 erigunt,
1117 4787 1175 4839 et
1221 4786 1425 4838 contra
1465 4787 1700 4853 peccata
1739 4801 1805 4839 ac

141 4874 287 4930 vitia
311 4876 646 4948 perpetrata
667 4872 1077 4928 ardentissime
1091 4875 1565 4928 commoventur:
1591 4873 1692 4927 sed
1719 4891 1805 4928 sa-

138 4961 353 5020 lubres
371 4962 484 5017 illae
505 4961 930 5027 commotiones
952 4959 1450 5018 sollicitudinibus
1471 4963 1529 5016 et
1548 4961 1806 5032 volupta-

137 5051 310 5108 tibus
331 5053 395 5106 et
410 5049 632 5105 divitiis
655 5048 1036 5115 sull'ocantur,
1051 5065 1184 5104 cum
1207 5047 1564 5119 importunis
1584 5047 1708 5122 cogi
1719 5053 1802 5105 ta-

137 5139 416 5196 tionibus
441 5138 568 5194 suis
587 5141 792 5211 guttur
820 5136 1034 5194 mentis
1063 5136 1452 5209 strangulant,
1485 5141 1542 5192 et
1583 5137 1800 5194 bonum

135 5227 537 5294 desiderium,
569 5229 672 5282 aut
691 5227 763 5282 ad
787 5243 886 5281 cor
915 5225 1134 5281 intrare
1163 5243 1278 5281 non
1329 5225 1548 5293 sinunt,
1583 5230 1685 5281 aut
1731 5228 1803 5283 de

135 5317 322 5372 corde
356 5313 648 5389 repellunt
675 5331 745 5370 ea
791 5331 916 5386 quae
967 5314 1184 5368 bonum
1235 5313 1590 5370 desiderium
1633 5315 1801 5387 quasi

134 5405 381 5460 aditum
409 5403 586 5460 ﬂatus
614 5402 806 5458 vitalis
831 5405 1060 5463 necant.
1077 5401 1300 5468 Quibus
1323 5402 1606 5458 Dominus
1621 5402 1797 5459 dicit:

1915 4515 2070 4571 enim
2085 4532 2211 4587 qua:
2230 4515 2384 4570 Deus
2404 4515 2666 4571 condidit
2685 4515 2836 4571 bona
2857 4519 3078 4586 sunt,et
3096 4517 3197 4589 qui
3220 4517 3389 4574 bonis
3410 4518 3564 4576 male

1918 4603 2105 4659 utitur
2133 4605 2388 4675 profecto
2419 4603 2560 4676 agit,
2595 4609 2662 4660 ut
2689 4603 2860 4676 quasi
2885 4621 2990 4677 per
3013 4598 3318 4664 edacitatis
3365 4604 3562 4682 inglu-

1913 4693 2086 4760 viem,
2109 4709 2176 4748 eo
2213 4709 2314 4763 per
2337 4709 2511 4764 quem
2533 4692 2722 4748 vivere
2747 4693 2938 4766 potuit
2958 4694 3030 4750 de
3069 4712 3218 4767 pane
3253 4695 3560 4754 moriatur.

1915 4782 2140 4852 Pauper
2157 4781 2228 4835 ad
2255 4779 2514 4852 requiem
2539 4781 2789 4836 Lazarus
2809 4786 3065 4849 venerat,
3087 4785 3406 4856 superbum
3430 4802 3564 4842 vero

1913 4869 2149 4943 divitem
2210 4873 2496 4924 tormenta
2551 4871 2910 4926 cruciabant.
2967 4872 3079 4928 Sed
3148 4877 3343 4930 tamen
3401 4876 3562 4932 dives

1911 4959 2204 5014 Abraham
2237 4960 2446 5024 fuerat,
2466 4959 2568 5030 qui
2601 4959 2658 5012 in
2692 4959 2827 5015 sinu
2857 4960 3140 5016 Lazarum
3175 4963 3425 5031 tenebat,
3459 4965 3560 5034 qui

1911 5051 2107 5104 tamen
2139 5046 2358 5102 auctori
2391 5063 2498 5102 suo
2523 5046 2862 5120 colloquens
2910 5049 3088 5106 dicit:
3114 5051 3328 5123 Loquar
3355 5051 3426 5105 ad
3457 5053 3558 5108 Uo-

1908 5138 2124 5192 minum
2149 5152 2487 5203 meum,eum
2513 5137 2620 5191 sim
2646 5137 2833 5208 pulvis
2853 5146 2905 5194 et
2927 5141 3070 5194 cinis
3099 5140 3252 5209 (Gen.
3271 5143 3552 5208 xvui,27).

1911 5226 2058 5292 Quid
2094 5225 2288 5297 itaque
2339 5225 2446 5280 iste
2493 5225 2726 5282 divitias
2773 5245 2911 5283 suas
2959 5227 3248 5283 aestimare
3297 5232 3554 5295 noverat,

1910 5313 2010 5386 qui
2043 5313 2425 5386 semetipsum
2476 5313 2772 5386 pulverem
2822 5315 3192 5387 cineremque
3235 5315 3556 5386 pensabat?

1907 5405 2022 5459 Aut
2052 5405 2286 5475 quando
2317 5403 2466 5459 hanc
2493 5421 2582 5460 res
2604 5421 2874 5476 possessa
2913 5403 3230 5472 extolleret,
3255 5403 3355 5476 qui
3391 5405 3461 5460 de
3493 5423 3554 5462 se

133 5495 257 5568 Qui
305 5509 384 5548 ea:
411 5493 518 5550 Deo
559 5499 640 5550 est
684 5491 846 5546 verba
890 5491 990 5546 Dei
1035 5490 1237 5546 audit:
1263 5499 1544 5564 propterea
1576 5507 1664 5547 vos
1691 5509 1803 5548 non
1909 5510 2164 5565 quoque,
2210 5509 2411 5548 earum
2462 5492 2726 5550 videlicet
2776 5509 3130 5564 possessore,
3152 5497 3273 5548 tam
3326 5495 3554 5567 abjecta

129 5582 358 5639 auditis
388 5583 522 5656 quia
548 5597 618 5638 ex
642 5581 746 5640 Deo
775 5595 886 5636 non
932 5581 1060 5635 estis
1108 5579 1291 5652 (Joan.
1326 5597 1446 5647 vni,
1482 5581 1590 5648 47).
1622 5583 1796 5650 (Hom.
1829 5581 1877 5646 D
1909 5582 2184 5638 sentiret?
2214 5583 2336 5654 (lib.
2369 5601 2425 5650 x,
2456 5600 2503 5638 ο.
2535 5583 2647 5652 13.)
2677 5585 2955 5638 Caeterum
2987 5580 3171 5654 iniqui
3203 5583 3396 5651 modo,
3414 5600 3551 5643 cum

134 5673 254 5742 18.)
289 5693 324 5721 ‹‹
363 5669 424 5727 Si
453 5669 611 5726 enim
643 5669 768 5742 ipse
787 5667 964 5724 verba
991 5667 1091 5724 Dei
1123 5668 1288 5724 audit
1319 5668 1417 5740 qui
1447 5685 1516 5724 ex
1545 5669 1662 5726 Deo
1683 5674 1792 5742 est,
1903 5670 2094 5728 tristia
2115 5670 2433 5745 aliqua,vel
2465 5671 2706 5728 adversa
2737 5669 3060 5744 patiuntur,
3076 5671 3276 5745 etl‘ugii
3298 5671 3551 5733 latebras
