3916 6190
393 353 514 418 859
1167 343 1553 408 HINCMARI
1599 342 1844 406 RHEM.
1889 343 2252 404 ARCHIEP.
2301 343 2709 408 OPUSCULA
2751 343 3017 408 VARIA.
3633 355 3748 420 330.
3849 275 3851 432 Ἰ

391 481 865 557 inveniunt,quia
876 481 948 538 ad
959 479 1318 552 voluptatem
1335 474 2033 550 protinusdesidcriorum
2063 477 2121 543 Α
2150 475 2508 548 quadraginta
2535 479 2720 548 annis,
2731 494 2842 534 non
2868 486 2998 535 sunt
3027 480 3216 536 attrita
3243 483 3542 540 vestimenta
3567 495 3725 555 vestra,

392 567 1311 636 carnaliumrecurrunt.Neenim
1334 562 2038 638 paupertascruciet,divi-
2142 581 2350 620 manna
2375 565 2441 621 de
2467 567 2599 622 coelo
2625 567 2750 638 ptui
2794 567 2962 635 vobis,
2990 577 3043 624 et
3089 569 3246 625 obliti
3287 572 3412 626 estis
3455 589 3534 629 me
3577 580 3724 641 (om,

388 669 490 726 tiis
517 667 782 724 animum
813 659 1270 717 demulcentzne
1299 656 1608 726 despectus
1640 653 2032 724 proximorum
2142 669 2296 718 XXIX,
2327 653 2498 709 Mich.
2535 659 2634 721 v1).
2669 655 2737 710 Et
2783 655 2923 710 item
2957 674 2970 712 :
3005 657 3152 728 Quid
3194 658 3357 714 debui
3399 661 3539 716 ultra
3579 665 3726 734 facere

391 757 702 832 deprimat,
719 768 847 808 sese
871 747 1260 822 dignitatibus
1280 744 1553 832 exaltant.
1569 743 1628 798 Si
1655 741 1886 832 fastidio
1907 758 2032 796 eor-
2142 743 2320 798 vinea:
2347 759 2499 808 mete,
2531 751 2582 799 et
2609 760 2717 798 non
2745 747 2888 815 feci?
2918 747 3046 811 (lsa.
3077 763 3132 813 v,
3159 747 3236 815 4.)
3264 748 3333 802 Et
3364 765 3377 802 :
3405 749 3662 820 Ecpectavi
3686 763 3728 811 ut

389 830 501 922 pus
518 830 2034 922 atteritur,antepositisepularum(livc‘rsitatiliusnu-
2138 832 2342 901 faceret
2386 848 2540 897 uvas,
2589 834 2722 904 fecit
2770 842 2948 889 autem
2995 835 3272 892 labruscas
3301 836 3497 908 (ibid).
3529 840 3586 894 Et
3613 841 3726 898 bene

386 917 581 991 tritur.
611 931 668 990 Si
701 946 817 1002 quo
847 926 1083 983 animus
1110 921 1400 978 maestitia:
1438 917 1698 990 impulsu
1739 917 2028 990 dejicitur,
2141 919 2509 993 facientibus,
2528 920 2663 976 etin
2685 926 2841 978 recta
2863 923 2975 978 fide
2995 928 3055 979 et
3076 923 3244 979 bonis
3279 925 3540 998 operibus
3571 945 3726 1000 perse-

388 1043 523 1081 mox
541 1015 1000 1096 perintcrposita
1013 1014 1278 1085 jocorum
1303 1007 1705 1063 blandimenta
1724 1006 2026 1062 relevatur.
2140 1009 2476 1064 verantibus
2509 1010 2650 1066 dicit
2679 1009 2738 1065 in
2761 1010 2985 1082 judicio
3018 1029 3032 1066 :
3069 1014 3309 1076 Esurivi.
3336 1023 3387 1069 et
3431 1014 3627 1072 dedisti;
3650 1022 3727 1073 mi.

385 1115 494 1170 Tot
507 1095 642 1184 ergo
661 1109 756 1165 hic
778 1098 1388 1172 habentetl'ugia,quot
1409 1095 1516 1152 sibi
1544 1095 2030 1168 prmparuntdele-
2139 1095 2200 1150 hi
2239 1098 2572 1154 manducare
2617 1098 2821 1170 (Matth.
2853 1117 2984 1168 xxv,
3015 1101 3132 1168 35),
3163 1105 3222 1156 et
3263 1106 3463 1158 caetera
3506 1119 3618 1175 quae
3653 1123 3725 1162 se-

385 1197 816 1260 ctamenta.Sed
831 1191 1181 1266 quandoque
1200 1186 1284 1242 eis
1305 1185 1578 1258 effugium
1606 1184 1918 1256 perit,quia
1940 1201 2030 1239 eo-
2136 1189 2400 1256 quuntur
2426 1186 2592 1242 vobis
2614 1186 3136 1262 notissima,usque
3156 1189 3230 1244 ad
3261 1189 3318 1245 id
3351 1191 3498 1262 quod
3518 1191 3730 1262 dicetur;

384 1309 513 1348 rum
539 1304 724 1352 mens,
749 1280 986 1339 amissis
1005 1275 1300 1340 omnibus,
1325 1292 1386 1330 se
1407 1273 1775 1335 solummodo
1791 1277 1849 1327 et
1863 1273 2026 1343 judi-
2141 1275 2339 1342 Venite,
2374 1275 2639 1332 benedicti
2691 1278 2876 1332 Patris
2931 1279 3056 1344 mei,
3077 1280 3342 1350 percipite
3381 1296 3591 1351 regnum
3617 1284 3726 1354 quod

385 1397 512 1436 cem
528 1372 831 1448 conspicit.
850 1372 1016 1426 Tunc
1031 1365 1300 1438 voluptas
1317 1362 1752 1420 subtrahituret
1766 1361 2028 1434 volupta-
2134 1365 2284 1420 vobis
2311 1373 2570 1436 parat-um
2596 1377 2676 1422 est
2722 1369 2790 1423 ab
2836 1369 3053 1437 origine
3096 1369 3292 1424 mundi
3339 1370 3514 1438 (ibid.,
3540 1372 3619 1438 34)
3647 1389 3657 1426 :
3683 1377 3724 1428 et

383 1469 459 1524 tis
471 1465 644 1538 culpa
656 1463 938 1523 servatur,
963 1459 1020 1512 et
1032 1458 1266 1528 repente
1279 1451 1474 1508 miseri
1495 1451 1770 1525 pariendo
1789 1451 2028 1507 discunt
2134 1451 2286 1508 male
2317 1453 2649 1526 agentibus,
2681 1459 2739 1511 et
2768 1455 2828 1511 in
2863 1455 3036 1512 malis
3064 1457 3344 1528 operibus
3372 1461 3726 1530 perseveranti-

381 1557 518 1630 quia
537 1552 795 1628 peritura
809 1543 1265 1616 tenueruntzqui
1287 1546 1482 1598 tamen
1505 1558 1810 1630 quousque
1831 1557 2026 1613 corpo-
2135 1540 2245 1597 bus
2275 1559 2306 1630 e
2337 1541 2563 1600 diverso
2615 1543 2791 1600 dicit;
2825 1545 3062 1612 εδανίυί,
3093 1553 3147 1602 σι
3199 1561 3313 1602 mm
3367 1545 3574 1603 dedam
3617 1551 3724 1603 mihi

380 1629 580 1701 raliter
595 1641 800 1698 vivunt
819 1652 1077 1710 quaerere
1107 1633 1373 1689 nocitura
1409 1648 1524 1686 non
1565 1629 1860 1686 desinunt.
1897 1652 1924 1678 »
1955 1631 2026 1685 Et
2130 1629 2465 1688 manducare
2495 1631 2679 1703 (ibid,
2705 1633 2792 1702 42)
2817 1650 3003 1706 usque
3036 1635 3106 1689 ad
3138 1633 3199 1689 id
3230 1635 3721 1707 quod-diceturzlte,

377 1734 524 1791 tales
546 1733 603 1788 in
625 1745 774 1786 vano
794 1725 1090 1798 accipiunt
1109 1723 1366 1778 animam
1389 1720 1727 1787 suam,dum
1751 1719 1801 1774 ei
1821 1736 2022 1774 curam
2129 1720 2428 1787 maledicti,
2459 1724 2518 1776 in
2549 1724 2730 1791 ignem
2757 1739 2806 1778 te
2826 1739 3044 1790 emam,
3069 1726 3168 1796 qui
3189 1733 3418 1796 paratus
3451 1734 3524 1782 est
3550 1724 3721 1783 diabolo

377 1822 572 1881 carnis
601 1818 1001 1890 anteponunt:
1028 1813 1180 1910 sicut
1199 1811 1358 1866 dives
1379 1809 1486 1910 qui.
1511 1809 2022 1910 induebatur‘pur:
2052 1845 2100 1910 Β
2129 1816 2180 1863 et
2207 1811 2419 1910 angelis
2445 1811 2566 1881 ejus
2597 1809 2780 1882 (ibid,
2817 1811 2927 1882 41).
2977 1812 3047 1866 Et
3094 1829 3214 1868 non
3261 1815 3352 1868 est
3388 1811 3720 1870 obliviscenda

377 1929 528 1986 pura
554 1913 610 1966 et
641 1909 836 1981 bysso,
863 1908 923 1960 et
951 1901 1300 1975 epulabatur
1328 1897 1586 1972 quotidie
1615 1896 1936 1970 splendide,
1968 1899 2026 1951 et
2053 1896 2100 1910 "
2131 1897 2300 1954 nobis
2329 1897 2428 1954 illa
2463 1898 2828 1967 verecundia,
2863 1900 3098 1971 quando
3147 1900 3480 1974 aperientur
3523 1901 3651 1970 libri,
3674 1902 3716 1958 id

375 1999 596 2072 recepit
625 1998 780 2054 bona
799 1995 859 2050 in
884 1993 1002 2048 vita
1022 2009 1155 2059 sua,
1175 1989 1300 2046 sine
1316 1986 1711 2044 consolatione
1727 1986 1788 2042 in
1810 1989 2025 2041 {eterna
2131 1988 2221 2048 est
2246 1986 2708 2054 conscientiazﬁn
2739 1992 3055 2060 conspectu
3072 1989 3441 2063 singulorum
3469 1989 3718 2047 hominum

374 2088 712 2154 vita,0uam
734 2080 1133 2139 transitoriam
1174 2076 1789 2143 consolationem,non
1831 2073 2022 2130 solum
2129 2075 2187 2128 et
2216 2073 2596 2146 angelorum:
2631 2079 2688 2131 et
2734 2093 2850 2132 non
2897 2077 3273 2154 mediocriter
3319 2079 3721 2152 pertimescenda

376 2193 480 2249 pro
501 2151 766 2238 summo,
799 2170 901 2226 sed
931 2172 990 2224 et
1034 2185 1139 2240 pro
1185 2183 1318 2220 vero
1363 2164 1514 2219 bono
1557 2163 1881 2236 refugiebat
1917 2163 2022 2218 ha-
2129 2166 2219 2217 est
2248 2163 2417 2218 nobis
2446 2180 2635 2236 poena,
2657 2180 2784 2235 quae
2816 2163 2979 2220 illam
3026 2151 3720 2238 sequbturicontusionem,

375 2264 512 2320 bere
541 2278 641 2318 rex
668 2263 930 2325 sanctus,
965 2257 1064 2330 qui
1095 2253 1238 2311 dixit
1270 2271 1284 2308 :
1319 2255 1514 2309 [lenuit
1541 2253 1814 2308 consolari
1831 2253 2024 2307 anima
2129 2252 2364 2321 quando
2397 2256 2592 2308 reatus
2616 2252 2874 2308 animam
2906 2253 3322 2310 immortaliter
3337 2253 3721 2312 morientemin-

373 2367 496 2408 mea
525 2369 544 2406 :
572 2364 779 2406 memor
803 2347 899 2420 fui
925 2347 1044 2410 Dei,
1075 2351 1126 2400 et
1161 2343 1450 2398 delectatus
1479 2358 1601 2398 sum
1630 2341 1798 2410 (Psal.
1833 2357 2020 2407 Lxxw,
2127 2338 2336 2406 volvet,
2369 2344 2426 2395 et
2459 2339 2860 2397 indeficienter
2887 2341 3259 2398 deﬁcientem
3293 2359 3516 2400 carnem
3553 2343 3724 2416 gehen-

374 2441 452 2508 3).
485 2441 700 2496 Etenim
746 2435 1030 2493 adhmrere
1073 2433 1176 2488 Deo
1225 2434 1426 2486 bonum
1452 2438 1549 2496 est,
1580 2445 1778 2502 ponere
1827 2431 1886 2483 in
1917 2429 2020 2484 Do-
2131 2443 2206 2481 na
2237 2432 2562 2484 consumet.
2579 2429 2842 2502 Denique
2871 2431 3148 2502 quoniam
3165 2431 3436 2503 jussistis
3456 2431 3602 2504 vobis
3619 2449 3725 2504 pra-

374 2530 526 2585 mino
553 2543 704 2600 spem
747 2541 925 2581 meam
972 2522 1143 2595 (Psal.
1179 2537 1348 2576 Lxxn.
1379 2521 1491 2592 28).
1524 2519 1594 2574 Et
1626 2535 1640 2574 :
1679 2519 1852 2575 Unam
1884 2519 2022 2589 petii
2130 2515 2306 2570 fatam
2339 2516 2646 2589 epistolam
2679 2517 2853 2590 mitti,
2872 2518 3179 2576 sciendum
3215 2520 3379 2577 vobis
3398 2523 3499 2588 est,
3519 2520 3638 2593 quia
3660 2519 3723 2574 sic

374 2634 410 2672 a
437 2617 684 2682 Domino,
719 2615 860 2670 hanc
889 2612 1192 2684 requiram,
1224 2617 1282 2665 ut
1311 2608 1611 2664 inhabitem
1642 2609 1702 2662 in
1740 2606 1894 2662 domo
1925 2607 2021 2662 Do-
2128 2603 2327 2659 divina
2357 2604 2512 2661 dicta
2543 2605 2732 2679 legere
2762 2611 2820 2663 et
2847 2607 3051 2663 audire
3081 2608 3337 2676 debetis,
3355 2625 3420 2666 ac
3466 2609 3509 2665 si
3554 2609 3616 2665 ad
3646 2625 3724 2665 vos

373 2707 518 2762 mini
543 2703 796 2762 omnibus
823 2701 1014 2757 diebus
1041 2701 1172 2756 vitae
1196 2713 1332 2755 mea?
1361 2698 1700 2766 (Psal.xxvx,
1727 2697 1815 2764 4);
1840 2694 2016 2767 quia:
2127 2692 2461 2764 specialiter
2490 2695 2609 2750 sint
2628 2695 2785 2750 dicta
2804 2695 2892 2751 vel
2927 2695 3164 2768 scripta,
3196 2702 3265 2754 ut
3280 2715 3404 2771 qua:
3433 2698 3488 2754 in
3514 2697 3587 2754 eis
3605 2697 3722 2752 inve-
3780 2757 3791 2769 Ι

375 2795 532 2850 Beati
559 2795 656 2866 qui
701 2791 951 2848 habitant
1003 2791 1063 2844 in
1107 2787 1262 2843 domo
1310 2795 1426 2853 tua,
1453 2786 1698 2852 Domine,
1733 2786 1794 2840 in
1814 2785 2020 2841 saecula
2127 2781 2332 2837 ueritis
2357 2783 2521 2838 vobis
2551 2784 2808 2840 cavenda
2836 2785 3108 2853 caveatis,
3131 2789 3194 2842 et
3225 2803 3353 2860 quae
3382 2786 3584 2860 agenda
3608 2789 3722 2840 stre-

372 2884 702 2942 swculorum
749 2879 1052 2936 laudabunt
1099 2886 1150 2934 te
1191 2877 1368 2946 (Psal.
1419 2891 1648 2940 Lxxxui,
1677 2875 1755 2942 5),
1790 2872 1889 2946 qui
1928 2889 2018 2928 as-
2127 2887 2242 2926 nue
2273 2869 2591 2942 faciatis,et
2621 2889 2747 2945 qua;
2778 2874 3080 2946 sequenda
3099 2873 3509 2947 sequamini,et
3533 2891 3640 2946 qua:
3657 2891 3720 2928 er-

373 2974 648 3030 censiones
679 2973 740 3027 in
766 2968 926 3026 corde
951 2983 1049 3024 suo
1088 2965 1506 3038 disposuerunt
1551 2964 1610 3018 in
1653 2963 1897 3019 convalle
1935 2964 2018 3018 la-
2125 2973 2200 3030 ga
2227 2957 2372 3015 alios
2402 2960 2771 3032 exsequenda
2799 2965 2939 3017 sunt
2969 2962 3396 3035 exsequamini.
3429 2962 3574 3019 Sicut
3596 2959 3716 3017 enim

373 3077 690 3136 crymarum
735 3058 919 3132 (ibid.,
950 3059 1006 3125 6,
1035 3059 1113 3126 7),
1148 3055 1205 3110 id
1254 3057 1342 3110 est
1375 3053 1433 3108 in
1483 3051 1716 3119 saeculo,
1757 3051 1817 3106 in
1865 3054 2020 3106 terra
2126 3046 2184 3101 in
2215 3046 2364 3102 libro
2395 3048 2728 3105 medicinali
2749 3049 3010 3122 corporis
3027 3051 3336 3123 passiones
3369 3056 3424 3108 et
3442 3067 3618 3108 earum
3642 3066 3718 3105 cu-

373 3147 773 3216 morientium,
805 3145 906 3202 ubi
939 3145 1176 3201 fuerunt
1205 3142 1394 3200 eidem
1443 3141 1564 3214 regi
1596 3139 1866 3213 laerymas
1898 3157 2016 3196 suae
2056 3212 2085 3216 ῳ
2126 3135 2407 3191 rationem
2442 3135 2925 3204 inveniuntur,ita
2952 3143 3012 3195 et
3039 3139 3098 3194 in
3131 3139 3351 3196 divinis
3378 3138 3602 3212 eloquiis
3627 3137 3719 3194 ani-

373 3255 556 3313 panes
585 3237 678 3294 die
707 3253 773 3292 ac
807 3237 994 3301 nocte,
1027 3231 1244 3288 dicenti
1277 3247 1292 3287 :
1326 3230 1490 3286 Credo
1520 3229 1700 3286 videre
1727 3212 1880 3285 bona
1909 3212 2086 3283 Do-‘C
2125 3241 2232 3280 mae
2256 3224 2558 3297 passiones
2578 3230 2635 3282 et
2655 3243 2858 3282 earum
2875 3227 3214 3286 curationes
3237 3225 3718 3304 reperiuntur.0uia

371 3329 518 3382 mini
537 3327 598 3381 in
627 3333 775 3380 terra
802 3324 1101 3379 viventium
1131 3321 1303 3388 (Psal.
1335 3335 1486 3384 xxvx,
1520 3319 1628 3388 13).
1653 3318 1844 3389 (Greg.
1869 3316 2011 3372 hom.
2123 3328 2256 3368 vero
2287 3313 2368 3369 ita
2386 3317 2450 3368 ut
2469 3313 2846 3387 praediximus
2870 3315 3070 3372 divina
3088 3315 3328 3391 eloquia
3346 3315 3592 3390 quisquis
3610 3315 3718 3370 tide-

375 3414 486 3485 18.)
517 3436 545 3464 «
579 3414 650 3468 Et
678 3415 814 3468 sunt
865 3409 965 3482 qui
1016 3408 1215 3464 audito
1261 3406 1350 3462 vel
1395 3405 1544 3462 lecto
1589 3405 1764 3461 verbo
1795 3403 1917 3472 Dei,
1950 3407 2016 3460 ut
2123 3399 2198 3456 lis
2228 3399 2548 3474 intelligere
2574 3402 2800 3470 debeat,
2833 3407 2890 3459 et
2921 3404 3000 3459 ita
3031 3405 3151 3460 sint
3181 3406 3362 3472 dicta,
3381 3405 3629 3462 Dominus
3643 3403 3717 3458 de-

373 3507 531 3558 terra
559 3500 994 3568 bona,fructum
1019 3514 1122 3570 per
1142 3495 1482 3570 patientiam
1508 3494 1929 3560 reddunt,cum
1959 3495 2016 3548 et
2123 3493 2412 3545 monstrat
2443 3489 2501 3544 in
2532 3489 2845 3564 Evangelio
2867 3491 2964 3564 qui
2989 3491 3132 3548 dixit
3153 3492 3459 3568 discipulis
3489 3493 3598 3549 suis
3624 3491 3716 3546 τινί-

369 3591 524 3648 bona
570 3586 874 3645 humiliter
925 3589 1260 3659 operantur,
1293 3588 1350 3640 et
1405 3583 1804 3656 proximorum
1860 3581 2015 3636 mala
2121 3578 2292 3647 gilate
2317 3586 2368 3634 et
2396 3587 2567 3647 orate,
2601 3587 2659 3635 ut
2687 3596 2798 3635 non
2830 3581 3044 3638 intretis
3074 3584 3135 3636 in
3184 3584 3526 3639 tentationem
3549 3579 3712 3651 (lauit

367 3677 772 3752 aequanimiter
798 3675 1068 3732 tolerant.
1103 3671 1514 3740 Quanto-enim
1547 3670 1797 3742 quisque
1837 3667 2013 3724 altius
2119 3683 2272 3734 xxvx,
2299 3667 2410 3735 41).
2443 3667 2512 3722 Et
2541 3665 2754 3724 iterum
2789 3685 2802 3722 :
2839 3669 2981 3738 Qvod
3009 3669 3128 3727 dico
3159 3670 3314 3727 vobis
3355 3671 3586 3728 omnibus
3607 3667 3713 3731 dico,

367 3765 870 3841 profecerit,tanto
892 3764 952 3818 in
975 3763 1084 3818 hoc
1106 3762 1326 3816 mundo
1359 3759 1579 3815 invenit
1619 3759 1774 3829 quod
1806 3757 2014 3812 durius
2124 3755 2355 3822 Vigilate
2383 3755 2568 3826 (Marc.
2590 3773 2712 3812 xm.
2743 3758 2856 3828 27).
2886 3757 3104 3831 Vigilat
3130 3760 3294 3816 enim
3325 3759 3424 3833 qui
3453 3759 3520 3815 ad
3555 3770 3712 3830 aspec-

367 3852 730 3928 portet,quia
753 3868 886 3908 cum
929 3868 964 3906 a
999 3849 1267 3922 praesenti
1310 3847 1521 3904 saeculo
1556 3845 1771 3902 mentis
1801 3849 2012 3900 ηοεινω
2119 3845 2246 3897 tum
2276 3842 2392 3897 veri
2413 3843 2656 3900 luminis
2677 3844 2890 3902 mentis
2910 3845 3109 3902 oculos
3131 3853 3366 3920 apertos
3386 3843 3716 3918 tenet,vigilat

365 3941 672 4000 delectatio
683 3939 954 4010 deﬁcit,ej
965 3938 1171 3994 usdem
1196 3935 1389 3993 saeculi
1403 3935 1726 3992 adversitas
1747 3932 2011 3990 crescit.»
2121 3929 2222 4002 qui
2245 3936 2434 3988 servet
2452 3934 2746 4005 Operando
2767 3935 2924 4006 quod
2947 3934 3150 4004 credit,
3164 3937 3370 4010 vigilat
3400 3936 3494 4010 qui
3517 3953 3548 3992 a
3563 3951 3614 3992 se
3630 3936 3714 3988 tor-

435 4030 553 4088 Vos
573 4033 792 4097 autem,
814 4029 1028 4085 domne
1056 4025 1600 4098 charissime,quem
1620 4023 1772 4080 Deus
1792 4020 2012 4078 talento
2121 4019 2278 4092 poris
2307 4023 2366 4076 et
2401 4019 2767 4093 negligentia;
2817 4023 3090 4079 tenebras
3137 4025 3390 4098 repellit,
3419 4023 3598 4098 vigilat
3634 4018 3712 4092 qui

365 4119 697 4178 intellectus
747 4115 1058 4190 magnifice
1105 4119 1162 4171 et
1207 4117 1474 4188 potenter
1521 4111 1745 4178 ditavit,
1771 4109 2013 4168 alerter
2121 4109 2386 4166 fraudem
2420 4109 2475 4164 in
2510 4109 2662 4165 bono
2693 4127 2865 4182 opere
2882 4128 2995 4166 non
3018 4117 3318 4185 perpetrat
3337 4113 3532 4187 (Horat.
3553 4110 3637 4166 lib.
3653 4124 3710 4171 1x,

365 4209 671 4275 attendite,
701 4206 796 4264 cui
825 4205 961 4262 inde
993 4203 1278 4260 rationem
1308 4202 1450 4259 estis
1477 4199 1854 4266 reddituri,in
1881 4215 2008 4254 con-
2119 4215 2166 4254 c.
2197 4199 2312 4266 34).
2351 4221 2371 4247 α
2409 4200 2542 4264 Quae
2599 4198 2760 4256 fraus
2807 4199 2999 4256 tribus
3037 4201 3233 4258 modis
3283 4202 3343 4258 in
3400 4217 3556 4274 opere
3595 4199 3712 4253 bona

363 4303 566 4372 spectu
597 4297 778 4354 totius
801 4293 1044 4352 humani
1077 4291 1329 4367 generis,
1361 4295 1421 4348 et
1449 4289 1794 4364 angelorum
1835 4293 2010 4360 atque
2119 4285 2508 4342 committitur
2537 4304 2550 4342 :
2585 4286 2725 4358 quia
2749 4304 2852 4359 per
2887 4287 3058 4354 hanc,
3084 4289 3290 4362 procul
3321 4289 3510 4358 dubio,
3538 4289 3625 4343 aut
3647 4288 3710 4338 ta-

363 4384 870 4459 archangelorum,
905 4385 964 4438 et
994 4379 1171 4438 nolite
1211 4378 1271 4434 in
1322 4377 1558 4434 sudario
1610 4375 1916 4446 religatum
1949 4373 2008 4429 in
2119 4375 2236 4430 cita
2266 4373 2459 4430 cordis
2490 4375 2734 4430 humani
2765 4376 2974 4448 gratia,
2995 4381 3100 4433 aut
3131 4377 3346 4434 favoris
3374 4394 3526 4447 aura,
3542 4378 3628 4430 aut
3643 4387 3712 4426 res

363 4480 517 4530 terra
545 4458 692 4529 illud
725 4470 1100 4536 abscondere,
1136 4469 1192 4524 id
1242 4471 1334 4524 est
1381 4465 1439 4521 in
1488 4463 1734 4520 terrenis
1777 4467 2008 4518 tantum
2121 4461 2393 4535 quaelibet
2419 4463 2668 4520 exterior
2695 4464 3082 4520 desideratur.
3117 4467 3244 4532 Quo
3276 4471 3472 4522 contra
3505 4465 3635 4520 recte
3657 4458 3711 4512 de

363 4561 593 4618 actibus
623 4559 922 4634 implicare
950 4575 964 4614 :
991 4558 1090 4614 sed
1111 4573 1346 4612 sursum
1376 4571 1476 4610 cor
1512 4553 1586 4609 ad
1618 4551 1782 4608 illum
1805 4551 2008 4640 levate,
2039 4575 2087 4640 Β
2111 4553 2274 4624 juste
2305 4568 2408 4623 per
2428 4551 2771 4624 prophetam
2790 4551 3039 4609 dicitur:
3066 4555 3180 4624 Qui
3197 4556 3407 4612 excutit
3420 4567 3597 4610 manus
3611 4561 3710 4605 sua:

363 4647 466 4720 qui
513 4647 659 4703 mire
704 4665 811 4703 nos
863 4646 1144 4714 condidit,
1177 4641 1430 4717 gratuito
1470 4640 1734 4705 nutrivit,
1767 4638 2009 4696 rationis
2039 4638 2072 4640 ί
2119 4642 2186 4696 ab
2215 4642 2368 4697 omni
2395 4656 2638 4708 munere,
2652 4641 2741 4696 hic
2773 4643 2834 4696 in
2859 4643 3088 4698 excelsis
3113 4644 3385 4700 habitabit
3413 4643 3530 4714 (Isa.
3551 4650 3706 4699 xxxx",

363 4735 698 4792 substantia
720 4735 780 4790 in
811 4733 1141 4790 conditione
1170 4731 1396 4799 ditavit,
1423 4730 1612 4804 gratia
1642 4746 1750 4786 sua
1777 4745 1878 4785 vos
1908 4745 2006 4784 vo-
2118 4730 2226 4798 15).
2247 4729 2394 4795 Quia
2421 4728 2578 4784 enim
2609 4745 2724 4784 non
2746 4728 2938 4786 solum
2963 4732 3122 4787 fraus
3139 4731 3200 4787 in
3224 4730 3546 4805 acceptione
3573 4741 3708 4800 pecu-

361 4824 532 4891 cavit,
563 4823 734 4878 donis
777 4823 902 4879 suis
950 4839 1052 4878 vos
1080 4819 1452 4885 illuminavit,
1485 4821 1736 4890 paternae
1777 4817 2008 4890 pietatis
2114 4817 2224 4872 nia:
2255 4827 2362 4886 est,
2396 4835 2613 4873 munus
2643 4817 2843 4890 procul
2875 4818 3052 4875 dubio
3085 4837 3271 4876 unum
3313 4837 3426 4876 non
3472 4820 3568 4874 est.
3597 4813 3706 4868 Tres

363 4910 756 4970 sollicitudine
781 4929 815 4966 a
833 4909 1196 4982 ﬂagellorum
1217 4907 1522 4964 doloribus
1541 4908 1612 4962 ad
1636 4906 1849 4962 salutis
1871 4924 2006 4978 gau-
2113 4924 2247 4962 vero
2279 4911 2418 4962 sunt
2446 4906 2812 4978 acceptlones
2845 4925 3180 4975 munerum,
3199 4909 3273 4964 ad
3300 4926 3444 4980 quas
3463 4923 3525 4962 ex
3547 4898 3708 4958 fraude

362 5003 462 5071 dia
489 4999 897 5058 misericordiae
928 4998 1352 5053 medicamento
1385 4997 1634 5062 reduxit,
1667 4999 2002 5067 peccantem
2113 4994 2442 5050 festinatur.
2460 4995 2674 5050 Munus
2693 5012 2948 5067 namque
2968 5014 3002 5051 a
3022 4997 3194 5052 corde
3211 5001 3303 5052 est
3323 4997 3540 5068 captata
3556 4985 3707 5063 gratia

363 5109 480 5148 non
511 5089 792 5155 deseruit,
817 5086 1161 5142 muneribus
1191 5085 1395 5141 multis
1425 5089 1482 5140 et
1511 5083 1770 5156 potentia
1793 5083 2006 5156 glorifi-
2112 5102 2147 5139 a
2176 5081 2524 5155 cogitatione
2559 5100 2571 5138 :
2605 5100 2825 5139 munus
2867 5085 2940 5139 ab
2982 5101 3080 5138 ore
3130 5088 3219 5139 est
3242 5083 3427 5158 gloria
3451 5099 3544 5154 per
3582 5078 3704 5133 favo-

362 5180 534 5236 cavit.
571 5179 677 5235 Per
714 5175 980 5250 singulos
1027 5174 1152 5230 dies
1200 5174 1455 5230 rationes
1503 5172 1806 5229 vobiscum
1854 5171 2008 5246 agite
2116 5189 2236 5227 rem
2272 5187 2285 5228 :
2320 5187 2538 5227 munus
2561 5187 2629 5225 ex
2659 5187 2836 5225 manu
2867 5175 2958 5226 est
2987 5169 3292 5244 praemium
3321 5187 3421 5243 per
3438 5167 3702 5224 dationem.

363 5269 436 5327 de
466 5268 560 5326 his
589 5285 717 5340 quae
749 5247 1056 5338 accepistis
1084 5264 1156 5320 de
1189 5281 1365 5320 manu
1401 5261 1656 5330 Domini,
1679 5265 1736 5316 et
1763 5279 1891 5333 quae
1922 5261 2005 5315 illi
2115 5261 2227 5316 Sed
2242 5261 2446 5331 justus
2467 5258 2716 5330 quisque
2746 5259 2818 5314 ab
2839 5259 3000 5314 omni
3024 5276 3265 5316 munere
3286 5273 3492 5314 manus
3508 5247 3702 5340 excutit,

363 5333 748 5430 propter-illa
796 5333 1134 5427 rependitis,
1167 5351 1254 5408 vel
1309 5349 1692 5422 rependistis;
1726 5350 1866 5422 quia
1922 5349 2007 5405 sic
2115 5347 2257 5420 quia
2283 5346 2343 5400 in
2375 5363 2442 5430 eo
2471 5345 2625 5418 quod
2658 5349 2809 5402 recte
2839 5345 2980 5419 agit,
3012 5363 3118 5402 nec
3162 5347 3233 5402 ab
3284 5345 3530 5401 humano
3571 5333 3707 5394 corde

364 5429 684 5517 unicuique
724 5446 877 5501 bona
913 5462 948 5500 a
987 5461 1049 5500 se
1089 5441 1297 5498 collata
1337 5438 1724 5506 enumerabit,
1756 5437 1956 5493 dicens
1989 5456 2002 5494 :
2113 5437 2350 5492 inanem
2381 5429 2648 5507 gloriam,
2678 5450 2783 5488 nec
2814 5435 2886 5489 ab
2935 5451 3034 5490 ore
3080 5433 3333 5500 laudem,
3367 5447 3468 5488 nec
3495 5447 3526 5484 a
3564 5436 3706 5482 manu

363 5532 567 5603 Popule
586 5514 913 5606 bneus,quid
939 5535 1048 5604 feci
1076 5533 1198 5598 tibi,
1211 5537 1304 5584 aut
1333 5527 1466 5599 quid
1493 5527 1743 5582 molestus
1761 5529 1851 5599 fui
1871 5527 2009 5583 tibi?
2115 5525 2368 5596 recipere
2399 5521 2693 5577 dationem
2733 5522 2962 5594 quaerit.
3003 5521 3173 5580 Solus
3199 5537 3335 5594 ergo
3359 5519 3421 5582 in
3452 5514 3543 5573 Dei
3568 5521 3707 5606 opem

367 5613 624 5692 responde
649 5595 808 5677 mihi:
839 5595 1112 5691 Quoniam
1163 5595 1258 5689 ego
1286 5595 1456 5672 educi
1494 5632 1580 5671 vos
1615 5631 1714 5686 per
1740 5595 2010 5672 desertum
2114 5595 2380 5670 fraudem
2403 5627 2517 5665 non
2541 5609 2696 5679 facit,
2717 5609 2818 5682 qui
2834 5628 2969 5668 eum
2999 5613 3072 5668 ad
3105 5609 3295 5669 studia
3315 5608 3473 5664 bona:
3499 5595 3706 5659 actionis
