3934 6182
143 389 244 454 861

1310 388 1412 451 DE
1455 386 1842 450 CAVENDIS
1886 386 2145 464 VlTlIS,
2191 390 2364 453 ETC.

3419 397 3538 460 862

141 523 359 599 vigilat,
382 539 488 580 nec
519 522 592 580 ad
621 521 940 596 corporalis
971 521 1052 579 rei
1084 520 1346 596 praemia,
1367 539 1472 578 nec
1494 521 1567 578 ad
1588 520 1780 578 laudis
1807 518 1867 588 Α
1885 523 2163 596 juvenem
2193 527 2354 581 extra
2382 528 2628 598 portam,
2664 526 2722 583 in
2754 527 2986 600 spulcro
3019 533 3214 587 autem
3254 530 3538 589 Lazarum

143 615 332 680 verba,
354 629 462 670 nec
483 613 557 669 ad
586 611 830 668 humani
853 611 1064 683 judicii
1096 611 1347 685 gratiam
1378 611 1614 668 anhelat
1643 611 1782 684 (cap.

141 703 247 776 25).
281 701 458 770 Quasi
498 699 867 758 latrunculus
915 705 1006 758 est
1050 701 1208 758 enim
1255 700 1546 774 appetitus
1591 699 1786 757 laudis

142 795 434 860 humana,
465 790 566 865 qui
597 793 754 847 recto
783 789 992 848 itinere
1037 790 1444 864 gradientibus
1491 806 1560 847 ex
1607 788 1789 847 latere

136 879 426 956 jungitur,
456 883 523 935 ut
551 895 620 936 ex
649 877 894 935 occultis
921 879 1130 935 educto
1159 877 1352 953 gladio
1393 878 1786 952 gradientium

142 969 253 1028 vita
283 967 626 1026 trucidetur.
659 969 922 1040 Cumque
950 967 1260 1040 propositae
1291 967 1562 1024 utilitatis
1589 967 1788 1023 inten-

144 1060 218 1116 tio
264 1059 339 1114 ad
390 1057 585 1114 studia
632 1056 858 1130 privata
902 1056 1230 1125 deducitur,
1273 1056 1563 1114 horrendo
1615 1056 1789 1112 modo

147 1163 328 1204 unum
374 1145 647 1218 idemque
693 1162 842 1218 opus
889 1143 1064 1218 culpa
1109 1145 1354 1218 peragit,
1401 1145 1557 1216 quod
1603 1143 1790 1200 virtus

153 1233 464 1293 inchoavit.
497 1234 660 1306 Saepe
688 1239 745 1290 et
775 1233 849 1289 ab
878 1233 1025 1306 ipsis
1049 1233 1300 1290 exordiis
1325 1233 1484 1289 aliud
1517 1232 1790 1306 cogitatio

147 1323 375 1396 expetit,
431 1321 593 1378 aliud
643 1321 793 1378 actio
839 1322 1114 1378 ostendit.
1159 1323 1322 1395 Szepe
1378 1321 1554 1378 etiam
1614 1322 1790 1377 fidem

149 1412 359 1469 mentis
389 1428 495 1466 nec
517 1411 646 1484 ipsa
674 1409 947 1484 cogitatio
977 1410 1230 1478 exhibet,
1263 1412 1403 1484 quia
1451 1410 1610 1466 aliud
1657 1414 1792 1466 ante

147 1499 340 1558 oculos
372 1499 590 1556 mentis
611 1503 824 1567 versat,
855 1503 914 1556 et
943 1498 1114 1572 longe
1161 1499 1234 1556 ad
1283 1499 1442 1556 aliud
1492 1516 1562 1555 ex
1601 1499 1790 1555 inten-

149 1589 297 1646 tione
345 1587 608 1644 festinat.
651 1587 798 1644 Nam
849 1586 1197 1660 plerumque
1246 1586 1512 1644 nonnulli
1547 1583 1794 1644 terrena

147 1676 384 1751 praemia
431 1679 737 1750 appetunt,
787 1681 845 1732 et
881 1675 1178 1748 justitiam
1239 1676 1582 1744 defendunt,
1613 1693 1792 1750 seque

145 1766 484 1822 innocentes
513 1764 826 1832 aestimant,
860 1768 918 1821 et
946 1782 1075 1822 esse
1105 1765 1439 1823 defensores
1488 1765 1791 1822 rectitudi-

1895 613 2162 669 suscitat.
2193 615 2397 671 Adhuc
2428 616 2643 690 quippe
2673 617 2731 672 in
2763 619 2935 674 domo
2966 625 3236 677 mortuus
3257 623 3416 694 jacet
3439 621 3541 696 qui

1895 701 2040 758 latet
2067 701 2125 758 in
2158 708 2393 777 peccato
2426 722 2440 761 :
2465 705 2594 778 jam
2623 706 2790 778 quasi
2821 711 2982 763 extra
3000 714 3230 780 portam
3251 711 3540 782 educitur,

1895 792 2068 864 cujus
2095 791 2378 866 iniquitas
2407 811 2595 868 usque
2619 795 2692 852 ad
2721 797 3133 852 verecundiam
3155 797 3400 870 publica:
3420 817 3545 873 per-

1897 878 2238 951 petrationis
2253 880 2852 956 aperitur,sepulturas
2871 899 3006 941 vero
3029 900 3238 958 aggere
3259 887 3548 958 premitur

1897 967 1999 1039 qui
2030 968 2090 1023 in
2122 970 2548 1042 perpetratione
2580 971 2850 1044 nequitia:
2878 973 3056 1030 etiam
3089 991 3202 1030 usu
3232 978 3546 1032 consuetu-

1898 1055 2056 1112 dinis
2084 1062 2420 1129 gravantur.
2455 1060 2566 1116 Sed
2599 1060 2707 1116 hos
2735 1061 2808 1116 ad
2839 1060 3017 1116 vitam
3050 1061 3370 1119 miseratus
3416 1081 3548 1119 sus-

1897 1139 2060 1210 citat,
2087 1145 2226 1217 quia
2255 1147 2600 1219 plerumque
2630 1149 2827 1205 divina
2863 1150 3012 1223 grati
3035 1170 3054 1206 ι
3099 1168 3214 1207 non
3265 1151 3455 1208 solum
3487 1150 3548 1206 in

1899 1230 2283 1298 occultis,sed
2309 1225 2496 1289 etiani
2509 1234 2567 1289 in
2589 1235 2808 1308 apertis
2829 1236 3242 1308 iniquitatibus
3265 1243 3548 1307 mortuos,

1900 1319 1999 1376 sed
2033 1323 2090 1375 et
2119 1320 2270 1377 mole
2299 1339 2486 1394 pravae
2516 1324 2960 1382 consuetudinis
2981 1332 3550 1400 pressos,respectus

1900 1408 1992 1463 sui
2026 1407 2250 1464 lumine
2279 1408 2553 1466 illustrat.
2585 1413 2866 1478 Quartum
2914 1429 3048 1468 vero
3098 1417 3398 1471 mortuum
3439 1415 3549 1472 Re-

1901 1497 2170 1568 demptor
2191 1502 2409 1566 noster,
2442 1500 2749 1556 nuntiante
2787 1501 3077 1574 discipulo
3125 1503 3409 1575 agnoscit,
3443 1521 3549 1561 nec

1900 1589 2096 1642 tamen
2127 1587 2376 1642 suscitat
2407 1603 2420 1642 :
2455 1587 2595 1660 quia
2623 1588 2788 1645 valde
2817 1589 3054 1646 difficile
3083 1595 3174 1646 est
3203 1595 3267 1646 ut
3292 1590 3344 1647 is
3374 1609 3549 1664 quem

1902 1678 2035 1747 post
2064 1692 2236 1730 usum
2270 1675 2434 1732 malae
2465 1676 2910 1733 consuetudinis
2954 1677 3131 1734 etiam
3181 1679 3550 1736 adulantium

1902 1762 2114 1836 linguae
2144 1764 2460 1838 excipiunt,
2493 1783 2526 1821 a
2557 1766 2772 1822 mentis
2809 1784 2928 1824 sua:
2980 1770 3164 1824 morte
3214 1773 3548 1838 revocetur;

146 1854 237 1954 nis
260 1853 584 1954 c-xsultaut,
617 1852 836 1954 quibus
865 1853 915 1954 si
947 1870 1082 1954 spes
1123 1853 1361 1954 nummi.
1403 1853 1789 1954 subtrahitur,
1828 1889 1874 1954 Β
1903 1853 1974 1908 de
2004 1869 2120 1924 quo
2151 1855 2209 1910 et
2238 1853 2386 1954 bene
2415 1854 2633 1954 dicitur
2697 1855 2842 1954 -Sine
2861 1864 3109 1954 .mortuos
3132 1858 3360 1929 sepelire
3405 1875 3552 1915 mor-

147 1962 180 2001 a
204 1941 548 2000 defensione
577 1942 846 2016 protinus
885 1942 1132 2015 justitiaa
1179 1947 1464 2000 cessatur.
1495 1944 1566 1998 Et
1600 1948 1796 1998 tamen
1828 1941 1873 1954 “’
1907 1949 2022 1999 tuos
2068 1959 2192 1998 suos
2224 1943 2371 2009 (Luc.
2407 1961 2482 2011 ιιι,
2514 1943 2626 2016 60).
2663 1943 2874 2000 Mortui
2918 1945 3076 2001 enim
3125 1951 3420 2003 mortuum
3471 1965 3554 2004 se-

146 2031 481 2089 defensores
511 2049 574 2088 se
613 2030 860 2104 justitias
909 2030 1188 2104 cogitant,
1222 2030 1452 2104 sibique
1498 2048 1560 2088 se
1610 2035 1798 2088 rectos

145 2123 440 2188 asserunt,
469 2119 571 2193 qui
599 2136 974 2193 nequaquam
1015 2119 1425 2176 rectitudinem
1475 2119 1577 2176 sed
1624 2136 1798 2175 num-

146 2227 269 2266 mos
299 2213 596 2283 quzerunt.
631 2208 845 2265 Contra
874 2225 1022 2281 quos
1051 2207 1200 2264 bene
1228 2225 1332 2280 per
1371 2208 1607 2281 Moysen
1653 2207 1799 2264 dici-

146 2303 286 2356 tur:
319 2299 470 2356 Iuste
525 2298 665 2372 quod
709 2297 925 2372 justum
973 2304 1051 2354 est
1103 2298 1415 2370 exsequeris
1471 2299 1650 2366 (Deut.
1683 2315 1797 2364 xvr,

145 2390 252 2456 20).
289 2389 522 2460 lnjuste
559 2387 777 2460 quippe
823 2387 978 2460 quod
1018 2387 1251 2458 justum
1303 2389 1393 2442 est
1437 2385 1796 2458 exsequitur,

151 2476 248 2548 qui
299 2475 495 2548 ipsam
545 2491 722 2548 quam
781 2473 1088 2548 praetendit
1133 2473 1430 2545 justitiam
1477 2473 1800 2530 venundari

151 2563 400 2621 minime
447 2568 697 2620 veretur.
729 2555 898 2620 Juste
944 2580 1080 2637 ergo
1119 2563 1352 2634 justum
1401 2561 1640 2634 exsequi
1689 2567 1798 2628 est,

151 2654 208 2708 in
264 2652 594 2709 assertione
635 2651 881 2724 justitiaa
936 2653 1204 2709 eamdem
1261 2652 1450 2724 ipsam
1503 2651 1801 2723 justitiam

151 2757 430 2816 querere.
466 2742 628 2814 Saepe
666 2745 824 2798 recta
867 2740 1123 2815 agimus,
1154 2745 1211 2797 et
1240 2755 1614 2813 nequaquam
1657 2757 1800 2814 prae-

151 2830 290 2897 mia,
325 2847 702 2904 nequaquam
740 2829 947 2886 laudes
993 2831 1066 2886 ab
1117 2829 1458 2886 hominibus
1504 2832 1801 2902 exspecta-

151 2936 283 2976 mus
317 2936 333 2974 :
365 2919 466 2976 sed
497 2923 689 2976 tamen
722 2935 890 2975 mens
918 2918 977 2973 in
1009 2918 1100 2975 sui
1143 2917 1420 2974 ﬁduciam
1469 2921 1680 2987 erecta,
1709 2916 1802 2974 his

149 3025 182 3065 a
209 3009 435 3082 quibus
468 3006 548 3063 nil
579 3006 795 3080 expetit
833 3006 1060 3080 placere
1106 3006 1452 3074 contemnit,
1483 3023 1686 3062 eorum
1704 3006 1803 3078 ju-

148 3098 303 3154 dicia
331 3097 607 3170 despicit,
638 3113 816 3169 seque
845 3095 998 3152 male
1028 3095 1213 3152 libera
1257 3111 1362 3168 per
1409 3095 1658 3168 abrupta
1682 3093 1802 3151 ela-

1907 2029 2150 2104 peliunt,
2182 2047 2318 2086 cum
2350 2035 2680 2104 peccatores
2707 2035 3069 2104 peccatorem
3099 2033 3396 2092 favoribus
3425 2052 3554 2108 pre-

1908 2123 2097 2175 munt.
2131 2118 2278 2186 Quid
2309 2119 2464 2176 enim
2496 2123 2586 2176 est
2626 2119 2787 2176 aliud
2838 2121 3084 2194 sepelire
3135 2139 3311 2194 quam
3361 2121 3554 2180 occul-

1907 2207 2072 2264 tare?
2101 2208 2213 2264 Sed
2245 2208 2342 2280 qui
2387 2213 2725 2281 peccantem
2773 2208 3050 2266 laudibus
3099 2215 3554 2283 prosequuntur,

1907 2295 2260 2352 exstinctum
2293 2297 2404 2353 sub
2435 2298 2744 2353 verborum
2775 2315 3016 2354 suorum
3060 2315 3270 2374 aggere
3319 2300 3561 2357 abscon-

1909 2387 2079 2442 dunt.
2103 2386 2240 2442 Erat
2268 2389 2465 2441 tamen
2495 2390 2554 2441 et
2601 2386 2854 2443 Lazarus
2902 2391 3194 2456 mortuus,
3228 2389 3330 2444 sed
3361 2392 3559 2446 tamen

1909 2491 2026 2530 non
2057 2492 2091 2530 a
2124 2474 2370 2531 mortuis
2401 2473 2668 2547 sepultus
2701 2492 2714 2530 :
2753 2474 2951 2554 fideles
2981 2475 3198 2550 quippe
3227 2475 3396 2533 illum
3429 2494 3558 2534 mu-

1909 2563 2081 2619 lieres
2111 2564 2446 2630 obruerant,
2480 2581 2607 2635 quae
2638 2567 2695 2618 et
2737 2565 2866 2636 ejus
2919 2569 3167 2621 mortem
3219 2565 3560 2624 vivificatori

1910 2651 2284 2708 nuntiabant.
2319 2652 2482 2708 Unde
2512 2657 2571 2707 et
2600 2653 2868 2725 protinus
2899 2653 2970 2709 ad
3005 2653 3193 2710 lucem
3227 2655 3396 2724 redit,
3421 2655 3562 2728 quia

1911 2758 2045 2797 cum
2078 2739 2138 2796 in
2170 2745 2408 2812 peccato
2457 2739 2692 2797 animus
2740 2741 3010 2812 moritur,
3038 2741 3213 2798 citius
3263 2743 3336 2799 ad
3380 2743 3560 2800 vitam

1912 2829 2231 2896 reducitur,
2263 2829 2312 2885 si
2343 2847 2520 2901 super
2561 2829 2719 2886 hunc
2766 2829 3026 2886 sollicitis
3073 2830 3457 2904 cogitationes
3483 2832 3562 2888 vi-

1910 2924 2076 2976 vunt.
2113 2943 2140 2970 ››
2172 2919 2674 2976 Perniciosissima
2715 2920 3008 2993 siquidem
3057 2920 3240 2992 pestis
3286 2925 3376 2978 est
3422 2923 3560 2978 adu-

1912 3009 2073 3076 latio,
2106 3013 2165 3064 et
2193 3007 2309 3064 cito
2340 3007 2597 3081 subripit
2625 3012 2906 3079 mentem,
2938 3007 3050 3064 nisi
3102 3008 3278 3064 fuerit
3321 3008 3381 3064 in
3431 3009 3560 3083 ipso

1913 3101 2137 3156 remota
2166 3096 2803 3153 initio.Discutiendum
2827 3095 3006 3170 igitur
3026 3097 3194 3153 nobis
3213 3100 3304 3154 est
3323 3096 3466 3170 quid
3488 3098 3561 3155 de

147 3185 327 3244 tionis
361 3185 534 3258 rapit,
566 3188 624 3241 et
651 3184 787 3240 inde
817 3185 928 3240 sub
957 3183 1097 3240 vitio
1127 3184 1296 3257 pejus
1326 3183 1616 3251 obruitur,
1650 3183 1807 3238 unde
1848 3255 1873 3258 ν
1915 3187 2086 3243 nobis
2116 3185 2449 3256 audiamus,
2482 3189 2541 3242 et
2570 3185 2816 3258 probare
2844 3184 2987 3258 quid
3019 3184 3250 3241 dicatur
3276 3203 3346 3242 ex
3366 3186 3557 3242 nobis.

147 3273 318 3348 quasi
349 3255 594 3330 devictis
621 3271 779 3330 vitiis
807 3271 987 3328 nullis
1017 3289 1080 3330 se
1111 3255 1572 3346 appetitionihus
1601 3272 1800 3344 subja-
1832 3255 1876 3323 C
1911 3275 2233 3332 Credamus
2255 3273 2395 3347 quia
2408 3255 2658 3330 stultum
2675 3277 2766 3329 est
2781 3255 2915 3346 plus
2936 3271 3069 3328 aliis
3089 3273 3162 3329 de
3185 3273 3356 3330 nobis
3375 3291 3557 3346 quam

146 3381 273 3422 cere
302 3363 616 3438 gloriatur.
655 3387 683 3413 ››
715 3363 880 3420 Unde
911 3361 1089 3420 etiam
1122 3362 1182 3418 in
1213 3361 1384 3418 bonis
1413 3379 1540 3434 qua:
1571 3361 1805 3435 agimus

147 3471 391 3511 necesse
420 3457 512 3510 est
540 3457 605 3509 ut
642 3470 776 3509 cum
824 3468 1040 3525 magna
1087 3451 1316 3508 cautela
1363 3451 1699 3517 timeamus,
1733 3468 1805 3507 ne

147 3558 248 3613 per
275 3542 393 3598 hoe
425 3542 580 3614 quod
605 3559 639 3597 a
661 3541 832 3598 nobis
853 3544 1078 3596 rectum
1101 3539 1297 3612 agitur
1318 3539 1476 3595 favor
1495 3544 1597 3594 aut
1617 3538 1807 3610 gratia

146 3630 416 3687 humana
445 3629 796 3703 requiratur,
832 3647 905 3685 ne
930 3626 1225 3701 appetitus
1255 3627 1448 3683 laudis
1491 3627 1803 3700 subripiat,

147 3724 202 3774 et
226 3719 392 3792 quod
423 3717 565 3776 foris
590 3717 942 3784 ostenditur,
975 3715 1138 3773 intus
1157 3733 1192 3772 a
1211 3717 1476 3772 mercede
1505 3720 1798 3774 vacuatur.

145 3806 311 3864 Unde
343 3824 451 3880 per
480 3805 852 3863 Psalmistam
885 3821 1120 3878 quoque
1147 3805 1218 3861 de
1253 3809 1457 3861 sancta
1485 3803 1804 3860 electorum

148 3895 418 3952 Ecclesia
439 3893 654 3951 dicitur
686 3913 700 3950 :
732 3894 921 3950 Omnis
950 3894 1133 3963 gloria
1179 3893 1297 3965 ejus
1343 3893 1481 3964 filim
1522 3909 1709 3964 regum
1737 3893 1805 3948 ab

147 3985 296 4041 intus
348 3983 508 4057 (Psal
553 4001 704 4052 xuv,
741 3983 850 4056 14).
895 3981 1004 4050 Qui
1053 3981 1211 4038 enim
1259 3984 1497 4054 accepta
1543 3981 1807 4054 qualibet

143 4073 338 4146 gratia
366 4072 535 4129 vanis
565 4073 690 4128 suis
721 4071 998 4128 laudibus
1029 4070 1277 4126 nitorem
1307 4069 1503 4143 gloriae
1533 4069 1802 4140 efferunt,

143 4161 318 4234 quasi
364 4159 561 4216 oleum
589 4161 871 4228 vendunt,
905 4160 976 4216 de
1007 4176 1122 4232 quo
1163 4159 1418 4232 profecto
1468 4157 1594 4214 oleo
1645 4158 1803 4215 Psal-

141 4248 327 4306 mista
353 4248 499 4305 dicit
530 4266 544 4303 :
581 4248 778 4304 Oleum
805 4249 1098 4320 peccatoris
1132 4263 1246 4302 non
1293 4247 1598 4318 impinguet
1643 4254 1808 4318 caput

142 4354 328 4394 meum
381 4337 553 4410 (Psal.
605 4353 732 4403 exn,
768 4337 825 4404 5)
858 4354 873 4393 :
909 4334 1298 4408 appellatione
1345 4338 1541 4390 autem
1595 4335 1804 4407 capitis

141 4444 210 4484 ea
250 4443 390 4500 quae
441 4425 808 4500 principatur
855 4423 1079 4498 corpori
1114 4440 1280 4479 mens
1308 4426 1568 4478 vocatur.
1593 4423 1806 4495 Impin-

139 4521 287 4590 guat
316 4531 459 4588 ergo
488 4517 666 4586 caput
711 4513 904 4570 oleum
952 4511 1292 4586 peccatoris,
1327 4527 1462 4567 cum
1511 4511 1806 4567 demulcet

1911 3363 2083 3420 nobis
2113 3363 2258 3435 ipsis
2285 3361 2717 3418 credere.Unde
2749 3360 2963 3418 Paulus
2993 3361 3137 3418 dicit
3170 3378 3183 3418 :
3219 3362 3406 3419 Gloria
3428 3379 3560 3419 nos-

1911 3461 2000 3510 tra
2027 3455 2145 3509 haec
2172 3461 2270 3518 est,
2304 3453 2673 3508 testimonium
2701 3451 3048 3508 conscientiae
3091 3458 3296 3509 nostrae
3324 3453 3400 3520 (II
3429 3453 3558 3510 Cor.

1912 3560 1952 3608 ι,
1989 3543 2096 3610 1'2).
2138 3539 2392 3596 Gloriam
2443 3557 2614 3595 suam
2665 3537 2880 3594 Paulus
2930 3539 3336 3596 testimonium
3387 3557 3562 3596 cons-

1911 3629 2135 3686 cientiae
2167 3631 2474 3696 memorat,
2503 3627 2604 3700 qui
2635 3628 2859 3683 favores
2898 3627 3018 3684 oris
3067 3627 3240 3684 alieni
3291 3643 3408 3685 non
3459 3646 3561 3702 ap-

1913 3723 2138 3792 petens,
2170 3717 2299 3774 vita:
2330 3735 2450 3774 sua)
2479 3715 2695 3790 gaudia
2718 3720 2880 3772 extra
2917 3715 3298 3788 semetipsum
3348 3733 3564 3790 ponere

1912 3808 2164 3882 ignorat.
2197 3807 2267 3862 Et
2296 3805 2438 3878 quia
2481 3805 2768 3876 scriptum
2816 3809 2907 3861 est
2939 3820 2954 3860 :
2985 3807 3110 3861 Dies
3156 3805 3378 3862 Domini
3420 3809 3566 3863 sicut

1909 3898 2007 3968 fur
2037 3898 2096 3952 in
2137 3903 2287 3951 nocte
2334 3896 2412 3951 ita
2456 3895 2633 3950 veniet
2659 3893 2734 3963 (Il
2759 3895 2910 3950 Petr.
2938 3910 3021 3960 ιιι,
3057 3893 3166 3966 10),
3197 3892 3561 3967 vigilandum

1912 3985 2084 4041 nobis
2114 3987 2221 4051 est,
2257 4000 2328 4038 ne
2359 3981 2516 4038 mala
2545 3999 2672 4055 qum
2721 3982 2895 4039 modo
2946 3981 3252 4050 faciamus,
3287 3999 3360 4039 ne
3384 3983 3561 4039 etiam

1912 4073 2066 4130 bona
2095 4076 2296 4127 nostra
2326 4071 2661 4127 indiscussa
2688 4069 3094 4127 dimittamus:
3118 4075 3176 4126 et
3202 4071 3284 4126 ita
3315 4070 3560 4144 vigilan-

1913 4165 2001 4218 tes
2029 4157 2276 4216 solli‘eite
2324 4175 2556 4230 semper
2604 4161 2938 4230 exspectare
2986 4157 3291 4226 debemus,
3323 4160 3560 4230 quando

1911 4247 2197 4304 Dominus
2227 4249 2426 4302 noster
2455 4247 2526 4300 ad
2560 4245 2917 4316 judicandos
2967 4261 3075 4300 nos
3122 4248 3464 4310 revertatur,
3497 4249 3562 4300 ut

1911 4353 2046 4393 cum
2078 4334 2299 4392 venerit
2326 4337 2383 4390 et
2413 4333 2732 4407 pulsaverit
2761 4331 3071 4390 confestim
3119 4331 3453 4405 aperiamus
3481 4333 3556 4388 ei.

1910 4428 2086 4496 (Hom.
2117 4425 2264 4497 xm.)
2295 4447 2322 4474 ‹‹
2355 4422 2529 4480 Venit
2555 4422 2772 4495 quippe
2797 4438 2931 4478 eum
2963 4421 3037 4478 ad
3074 4419 3370 4492 judicium
3421 4437 3557 4494 pro-

1911 4518 2096 4587 perat,
2131 4512 2328 4586 pulsat
2354 4529 2488 4568 vero
2519 4528 2652 4568 cum
2677 4511 2803 4583 jam
2836 4526 2939 4582 per
2967 4507 3332 4582 aegritudinis
3353 4509 3559 4566 moles-

141 4607 408 4661 mentem
449 4603 611 4660 favor
657 4600 974 4658 adulantis.
1004 4599 1350 4656 Adulatores
1398 4597 1554 4688 enim
1605 4599 1802 4656 blandi
1833 4623 1881 4688 Ι)
1913 4603 2025 4660 tias
2052 4620 2181 4659 esse
2213 4605 2462 4658 mortem
2503 4599 2752 4656 vicinam
2775 4599 3091 4688 designati:
3124 4597 3216 4688 cui
3249 4597 3558 4688 confestim

139 4697 284 4749 sunt
316 4691 566 4760 inimici,
602 4707 852 4763 quorum
891 4689 1112 4762 linquis
1161 4687 1498 4761 quicunque
1530 4687 1587 4742 in
1621 4689 1804 4761 operi-

137 4781 254 4838 bus
283 4779 464 4837 bonis
493 4779 887 4852 decipiuntur,
918 4776 978 4831 in
1009 4777 1261 4832 adventu
1285 4775 1507 4848 judicis
1546 4777 1701 4832 inter
1724 4777 1806 4834 fa-

135 4872 275 4925 tuos
308 4873 371 4925 et
419 4867 632 4924 stultos
682 4865 1204 4939 computabuntur,
1236 4867 1294 4920 et
1322 4881 1356 4920 a
1385 4864 1502 4920 Deo
1551 4865 1801 4922 retribu—

134 4957 371 5015 tionem
401 4957 690 5014 bonorum
711 4972 954 5029 cperum
975 4971 1089 5010 non
1113 4952 1574 5026 invenient,quia
1593 4971 1695 5026 pro
1717 4955 1802 5010 eis

137 5049 493 5119 receperunt
522 5045 597 5100 ab
627 5043 971 5100 hominibus
999 5041 1204 5098 laudes
1253 5057 1401 5114 quas
1439 5041 1797 5098 ambiebant.

135 5135 384 5192 Etcum
434 5135 506 5190 ab
557 5133 878 5201 adulatore,
923 5130 1060 5204 quia
1109 5147 1223 5186 non
1255 5131 1496 5202 ajusto,
1528 5129 1804 5188 laudatur

134 5227 421 5297 peccator
449 5224 507 5278 in
540 5222 847 5279 desideriis
878 5220 1086 5277 anima:
1117 5237 1235 5276 sua;
1268 5223 1326 5276 et
1352 5218 1594 5292 iniquus
1633 5221 1797 5277 bene-

135 5312 386 5380 dicitur,
419 5311 572 5368 alius
599 5311 803 5377 alium,
827 5309 882 5365 id
917 5313 1006 5365 cst
1031 5325 1278 5382 peccans
1308 5307 1578 5364 adulator
1607 5326 1804 5381 pecca-

133 5405 336 5458 torem
366 5399 599 5467 occidit,
631 5405 690 5455 et
725 5399 868 5454 dum
917 5397 1162 5452 invicem
1215 5395 1485 5452 videlicet
1532 5398 1805 5456 adulator

131 5489 206 5547 de
237 5489 466 5557 favore,
499 5493 558 5546 et
586 5493 855 5562 peccator
883 5486 940 5542 in
975 5503 1150 5558 prava
1197 5485 1552 5557 operatione,
1583 5504 1646 5542 se
1674 5487 1800 5543 lau-

131 5579 308 5646 dant,
347 5577 596 5634 invicem
645 5596 708 5634 se
753 5577 1046 5633 occidunt.
1097 5573 1325 5642 (Morel,
1357 5571 1459 5628 lib.
1493 5591 1569 5642 ιν,
1603 5592 1653 5630 c.
1687 5579 1800 5649 27.)

137 5689 166 5718 α
197 5668 364 5724 Hinc
377 5670 468 5722 est
484 5667 642 5739 quod
661 5667 1012 5739 Redemptor
1025 5667 1223 5720 noster
1242 5662 1499 5735 puellam
1521 5664 1579 5720 in
1603 5666 1799 5733 domo,

1911 4691 2228 4766 aperimus,
2253 4689 2302 4746 si
2336 4690 2493 4746 hunc
2523 4705 2655 4743 cum
2688 4705 2885 4744 amore
2915 4685 3310 4760 suscipimus;
3334 4686 3559 4760 aperire

1909 4777 2125 4836 etenim
2149 4777 2336 4850 judici
2361 4775 2620 4849 pulsanti
2643 4793 2757 4831 non
2777 4773 2904 4830 vult
2924 4775 3025 4848 qui
3049 4773 3204 4830 exire
3226 4774 3298 4830 de
3319 4789 3560 4848 corpore

1909 4866 2183 4939 trepidat,
2213 4870 2272 4922 et
2299 4865 2492 4921 videre
2513 4881 2649 4920 eum
2679 4880 2854 4936 quem
2894 4861 3318 4936 contempsisse
3349 4880 3411 4920 se
3437 4881 3558 4920 me-

1910 4955 2082 5011 minit
2103 4955 2366 5028 judicem
2400 4952 2677 5009 formidat
2709 4969 2722 5008 :
2758 4951 2858 5025 qui
2889 4957 3086 5008 autem
3117 4953 3187 5008 de
3219 4970 3327 5008 sua
3369 4970 3473 5025 spe
3503 4957 3559 5007 et

1909 5044 2244 5117 operatione
2274 5058 2518 5098 securus
2546 5045 2654 5108 est,
2690 5041 2946 5113 pulsanti
2997 5040 3304 5096 confestim
3349 5039 3553 5111 aperit,

1912 5133 2054 5206 quia
2083 5132 2249 5188 laetus
2271 5131 2531 5203 judicem
2565 5130 2836 5198 sustinet,
2869 5134 2929 5186 et
2957 5147 3092 5187 cum
3142 5131 3375 5200 tempus
3419 5144 3553 5198 pro-

1911 5222 2145 5296 pinquae
2194 5221 2400 5276 mortis
2447 5220 2767 5292 agnoverit,
2800 5220 2871 5276 de
2917 5217 3104 5292 gloria
3155 5212 3556 5270 retributionis

1910 5311 2227 5368 hilar‘escit.
2261 5331 2287 5360 »
2321 5308 2468 5376 Quia
2498 5309 2679 5381 igitur
2721 5308 3036 5364 momentis
3083 5304 3207 5362 suis
3257 5303 3411 5358 horis
3459 5302 3552 5357 fu-

1910 5398 2400 5474 giunt,agendum
2434 5398 2602 5453 nobis
2623 5402 2712 5453 est
2733 5403 2798 5452 ut
2821 5398 2878 5451 in
2901 5394 3036 5450 boni
3068 5391 3262 5466 operis
3293 5391 3556 5447 mercede

1910 5495 2242 5546 teneantur.
2279 5487 2440 5544 Unde
2479 5487 2752 5542 Salomon
2802 5484 2944 5540 dicit
2975 5500 2989 5538 :
3022 5481 3344 5552 Qodcunque
3387 5487 3558 5553 potest

1909 5596 2106 5635 manus
2132 5586 2226 5634 tua
2265 5580 2446 5648 facere
2494 5577 2760 5630 instanter
2806 5588 3049 5644 operare,
3079 5571 3211 5643 quia
3255 5585 3354 5626 nec
3400 5585 3554 5642 opus,

1909 5686 2007 5726 nec
2030 5669 2190 5734 ratio,
2223 5682 2322 5723 nec
2347 5666 2598 5728 scientia,
2629 5677 2727 5718 nec
2754 5661 3024 5734 sapientia
3060 5665 3223 5718 erunt
3268 5658 3414 5732 apud
3463 5661 3556 5716 in-
