3916 6190
122 310 258 400 ses

1325 342 1428 401 DE
1471 341 1856 404 CAVENDIS
1897 339 2154 415 VITIIS,
2203 339 2374 403 ETC.

3425 339 3547 412 866

122 469 295 526 sicut
319 467 447 542 pari
463 467 691 540 judicio
713 470 936 526 astricti
957 473 1230 526 tenentur
1251 475 1369 527 tam
1389 471 1494 526 viri
1519 489 1698 544 quam
1719 471 1794 528 fe-
1821 474 1876 540 Α
1905 471 2225 528 fessionum
2247 471 2524 527 laudibus
2544 469 2856 538 intramus,
2873 473 3008 545 quia
3030 475 3108 531 ibi
3123 477 3251 546 jam
3273 479 3548 550 angustia

121 558 317 615 mina:
348 557 704 614 adulterium
728 562 1148 630 p‘erpetrautes,
1177 560 1254 614 ita
1273 559 1452 632 hujus
1479 561 1624 633 legis
1642 561 1798 633 judi-

127 647 228 703 cio
259 651 366 717 aut
398 651 562 702 reatu
603 647 820 719 pariter
851 647 1338 722 constringuntur
1371 653 1492 704 tam
1521 649 1628 704 viri
1660 667 1794 706 cum

127 736 474 808 pecoribus,
496 733 586 790 vel
614 751 750 790 cum
781 735 1082 804 masculis,
1108 754 1208 792 seu
1233 754 1365 792 cum
1389 737 1642 808 feminis,
1667 756 1798 793 eon-

119 829 225 878 tra
257 827 534 878 naturam
559 821 983 896 turpitudinem
1008 829 1337 897 operantes,
1362 843 1539 898 quam
1569 827 1795 881 femina:

127 921 271 968 cum
307 909 641 984 pecoribus,
677 910 765 967 vel
819 929 954 967 cum
987 912 1118 968 aliis
1169 912 1401 970 feminis
1448 931 1797 987 quacunque

127 1001 576 1057 adinventiouis
609 1001 1044 1056 machinatione
1073 1003 1339 1058 eamdem
1368 1003 1794 1076 turpitudinem

127 1094 473 1162 operantes,
495 1088 584 1143 vel
617 1105 751 1144 cum
797 1089 1076 1147 masculis
1107 1108 1305 1146 secum
1338 1092 1562 1164 Operari
1595 1096 1798 1147 contra

126 1182 416 1233 naturam
439 1177 890 1245 consentientes,
905 1177 1132 1234 dicente
1155 1177 1429 1251 Apostolo
1450 1197 1462 1234 :
1484 1180 1599 1235 Non
1620 1180 1797 1234 solum

130 1269 235 1339 qui
289 1268 534 1338 faciunt,
565 1267 658 1320 sed
709 1269 808 1338 qui
861 1269 1207 1323 committunt
1259 1269 1606 1340 facimitibus,
1641 1268 1799 1340 digni

129 1363 264 1410 sum
294 1362 473 1410 morte
503 1354 744 1424 (liom.1,
766 1356 878 1423 32).
905 1356 973 1412 Et
1005 1355 1052 1410 si
1082 1357 1217 1428 quis
1254 1359 1398 1412 forte
1437 1357 1560 1412 haec
1600 1356 1798 1412 omnia

127 1443 518 1517 perpetravit,
552 1448 638 1499 tot
687 1445 975 1500 mortibus
1005 1449 1063 1500 et
1102 1446 1309 1501 mortis
1351 1450 1575 1502 mternae
1609 1446 1796 1518 pmnis

129 1533 394 1588 habetur
419 1533 728 1599 obnoxius,
753 1538 896 1604 quot
921 1533 1269 1589 criminibus
1289 1539 1378 1591 est
1397 1535 1798 1607 pollutus.Ve-

129 1633 264 1674 rum
287 1619 574 1691 quoniam
605 1620 1007 1676 austeritatem
1030 1620 1175 1694 legis
1196 1623 1539 1694 temperavit
1570 1622 1794 1678 miseri-

128 1707 338 1764 cordia
369 1707 800 1780 Redemptoris,
825 1709 924 1780 qui
959 1709 1394 1766 conversionem
1425 1714 1482 1764 et
1511 1711 1795 1783 poeniten-

1907 579 2020 615 non
2048 560 2176 626 erit,
2209 578 2343 614 cum
2377 577 2483 614 nos
2513 559 2712 614 laetitia
2758 565 2981 616 (eterna:
3031 563 3418 622 solemnitatis
3447 585 3546 624 as-

1904 649 2226 721 sumpserit
2256 666 2270 703 :
2305 653 2540 722 propter
2569 666 2746 720 quam
2777 649 3158 707 confessionis
3205 659 3414 710 nostra:
3444 673 3546 712 an-

1903 737 2158 810 gustiam
2194 736 2419 792 Veritas
2459 737 2635 792 dicit:
2659 738 2862 793 Intrate
2885 755 2985 810 per
3014 747 3302 807 angustam
3335 751 3550 814 portam

1905 826 2106 898 (Matth.
2143 844 2240 892 vu,
2277 827 2392 898 i3);
2425 829 2481 881 et
2510 843 2643 880 eum
2678 843 2740 881 se
2779 826 3090 882 Psalmista
3126 829 3302 901 recipi
3334 829 3393 884 in
3427 830 3552 886 alti-

1905 914 2108 969 tudine
2155 914 2354 986 gaudii
2405 913 2600 968 aeterni
2653 919 3050 986 praesumeret,
3081 913 3313 970 dicebat
3363 932 3378 973 :
3425 917 3551 973 Sta-

1904 1005 2064 1058 tuisti
2121 1004 2176 1057 in
2237 1004 2347 1058 loco
2399 1005 2632 1074 spatioso
2687 1003 2842 1075 pedes
2897 1020 3041 1060 meos
3081 1004 3255 1073 (Psal.
3301 1021 3432 1072 xxx,
3471 1005 3548 1076 9).

1903 1091 2114 1160 (Horat.
2145 1090 2250 1146 lib.
2285 1109 2406 1156 vm,
2437 1109 2488 1146 c.
2519 1093 2608 1146 21.
2637 1114 2664 1142 ‹‹
2697 1092 2804 1157 Qui
2843 1091 2999 1146 enim
3053 1089 3210 1146 mala
3258 1108 3384 1165 quae
3419 1110 3552 1165 per-

1905 1180 2151 1252 petravit
2181 1179 2460 1247 insinuat,
2490 1181 2589 1235 sed
2625 1179 2758 1234 flere
2790 1197 2916 1251 qua:
2949 1179 3271 1236 insinuavit
3299 1182 3550 1250 recusat,

1906 1269 2072 1340 quasi
2105 1269 2395 1324 subducta
2441 1272 2597 1323 veste
2646 1267 2858 1322 vulnus
2888 1269 3123 1339 detegit,
3158 1269 3258 1324 sed
3300 1269 3554 1344 torpenti

1907 1362 2097 1412 mente
2128 1358 2622 1412 medicamentum
2643 1357 2868 1411 vulneri
2892 1374 3005 1411 non
3032 1357 3291 1430 apponit.
3314 1359 3553 1417 Confes-

1906 1445 2090 1501 sionis
2139 1444 2320 1518 igitur
2349 1461 2548 1500 vocem
2601 1443 2762 1500 solus
2818 1461 3052 1500 necesse
3095 1452 3186 1500 est
3235 1451 3297 1501 ut
3343 1465 3558 1504 mmror

1905 1535 2180 1600 excutiat,
2223 1550 2294 1588 ne
2319 1532 2531 1588 vulnus
2580 1532 2876 1605 proditum
2916 1531 3017 1588 sed
3057 1532 3410 1605 neglectum,
3437 1541 3554 1608 quo

1903 1619 2175 1677 licentius
2199 1623 2325 1692 jam
2353 1639 2455 1693 per
2475 1621 2793 1676 humanam
2817 1619 3081 1676 notitiam
3111 1621 3386 1694 tangitur,
3403 1621 3556 1678 dete-

1906 1711 2030 1765 rius
2051 1715 2366 1782 putrescat.
2384 1715 2507 1778 Quo
2534 1715 2733 1765 contra
2759 1707 3070 1764 Psalmista
3098 1708 3331 1781 plagam
3361 1707 3554 1766 cordis

127 1794 277 1851 tiam
313 1795 512 1867 magis
535 1808 716 1868 quam
739 1801 986 1852 mortem
1007 1796 1132 1852 vult
1159 1797 1499 1870 peccatoris,
1525 1801 1708 1867 tanto,
1734 1801 1798 1854 ut
1825 1839 1875 1906 Β
1907 1815 2020 1853 non
2043 1799 2234 1853 solum
2258 1799 2569 1866 detexerat,
2590 1798 2690 1854 sed
2713 1797 2951 1853 detecta:
2968 1797 3145 1852 etiam
3170 1797 3556 1855 medicamen-

127 1882 538 1906 _M__:-!._._-_
594 1899 622 1906 τ..
661 1899 717 1906 ---
758 1883 909 1906 ΙΞΑΣΔΑ
975 1884 1215 1906 Α.--Ξ-μ---
1260 1886 1418 1906 j-L_1
1478 1887 1522 1906 _I
1555 1886 1765 1906 __!1,,,4
1910 1888 1963 1906 1,,
1996 1905 2024 1906 η
2081 1903 2162 1906 μγ-
2194 1887 2290 1906 ,AS,
2334 1887 2631 1906 ,jL!L_L-1
2706 1885 2895 1906 J2_-t__
2936 1903 2946 1906 -
2989 1886 3324 1906 l_,!.t‘_!n_._-_,
3386 1903 3410 1906 κ-
3452 1901 3545 1906 Αμμ

126 1882 562 1957 praemisimus,
594 1899 629 1939 a
659 1899 721 1940 se
758 1883 936 1949 licita,
970 1884 1221 1957 quisque
1252 1886 1423 1941 debet
1473 1886 1795 1954 abscidere,

127 1978 360 2044 quanto
391 1988 457 2028 se
485 1970 759 2028 meminit
787 1977 843 2028 et
872 1971 1076 2028 illicita
1113 1978 1515 2046 perpetrasse:
1548 1979 1606 2030 et
1637 1977 1796 2031 tanto

127 2075 190 2116 se
221 2059 410 2116 debet
439 2060 862 2132 reprehendere
906 2061 965 2116 in
1017 2060 1301 2130 minimis,
1329 2068 1548 2135 quanto
1579 2080 1642 2120 sc
1676 2079 1795 2120 me-

127 2146 313 2202 minit
343 2143 668 2218 deliquisse
700 2147 759 2202 in
791 2147 1084 2204 maximis.

201 2252 234 2288 ι
261 2235 345 2290 Et
376 2251 531 2306 sape
551 2237 788 2290 accusat
810 2252 975 2292 mens
1005 2237 1135 2310 ipsa
1163 2238 1317 2310 quod
1351 2243 1666 2311 perpetrat,
1694 2241 1795 2296 sed

133 2325 279 2396 quia
303 2322 420 2380 hoc
439 2339 509 2378 ex
528 2322 815 2380 desiderio
837 2325 1079 2382 minime
1099 2327 1334 2394 deserit,
1354 2329 1646 2384 erubescit
1667 2347 1797 2384 con-

131 2410 287 2468 ﬁteri
313 2413 475 2484 quod
501 2412 804 2468 facit.Cum
836 2429 968 2468 vero
1001 2419 1122 2470 toto
1145 2415 1372 2486 judicio
1392 2417 1586 2473 carnis
1617 2417 1798 2474 delec-

129 2502 422 2558 tationem
457 2502 689 2574 premit,
723 2503 929 2558 audaci
961 2519 1096 2560 voce
1146 2503 1205 2559 in
1255 2505 1648 2562 accusationis
1677 2525 1795 2563 suae

131 2589 511 2646 confessione
542 2605 606 2653 se
636 2589 826 2662 erigit.
847 2591 958 2647 Sed
983 2598 1121 2647 sunt
1143 2593 1430 2660 nonnulli,
1457 2594 1554 2666 qui
1579 2597 1796 2668 apertis

130 2679 386 2734 vocibus
416 2678 623 2751 culpas
673 2682 944 2748 fatentur,
969 2683 1070 2736 sed
1115 2686 1311 2737 tamen
1345 2682 1402 2738 in
1432 2683 1796 2739 confessione

131 2780 373 2839 gemere
406 2767 694 2835 nesciunt,
718 2772 775 2822 et
803 2767 1057 2841 lugenda
1081 2771 1403 2842 gaudentes
1432 2771 1658 2826 dicunt.
1683 2772 1792 2828 Sed

133 2855 232 2928 qui
267 2853 481 2928 culpas
511 2871 651 2911 suas
699 2855 997 2912 detestans
1028 2856 1307 2930 loquitur,
1331 2863 1511 2914 restat
1559 2876 1795 2916 necesse

130 2949 219 2999 est
249 2949 326 2998 ut
353 2943 465 2998 has
495 2943 554 2998 in
586 2943 979 3000 amaritudine
1021 2945 1228 3001 animae
1279 2945 1572 3020 loquatur,
1599 2952 1664 3003 ut
1693 2965 1797 3021 per

131 3031 257 3086 haec
311 3032 442 3104 ipsa
485 3031 814 3089 amaritudo
864 3033 1089 3106 puniat,
1123 3035 1410 3108 quidquid
1461 3035 1664 3108 lingua
1694 3054 1796 3110 per

133 3119 360 3175 mentis
381 3118 677 3191 judicium
709 3127 965 3178 accusat.
997 3125 1174 3192 (Hom.
1203 3124 1314 3191 3t).
1350 3124 1418 3180 Et
1449 3122 1794 3197 plerumque

1909 1888 2033 1942 tum
2079 1887 2294 1942 mentis
2324 1887 2658 1952 adhibebat,
2698 1885 2900 1941 dicens
2933 1903 2947 1942 :
2982 1886 3332 1958 Iniquitatem
3378 1901 3556 1942 meam

1905 1992 2001 2045 ego
2053 1976 2368 2048 pronuntio,
2420 1983 2474 2030 et
2515 1974 2756 2046 cogitabo
2813 1990 2910 2046 pro
2962 1982 3177 2046 peccato
3231 1991 3349 2030 meo
3379 1975 3550 2046 (Psal.

1905 2081 2114 2132 xxxv”,
2149 2063 2259 2133 19).
2304 2063 2741 2119 Pronuntiando
2791 2061 2947 2118 enim
2997 2063 3292 2118 occultum
3340 2061 3555 2119 vulnus

1906 2153 2144 2224 detegit,
2167 2152 2475 2223 cegitando
2501 2156 2698 2206 autem
2731 2150 2870 2223 quid
2905 2149 3064 2205 aliud
3095 2165 3275 2222 quam
3306 2151 3556 2207 medica-

1907 2245 2169 2295 mentum
2200 2240 2420 2295 vulneri
2453 2238 2734 2312 apponit?
2755 2237 2866 2293 Sed
2901 2237 3128 2293 afﬂicta:
3161 2239 3341 2294 menti
3365 2244 3423 2294 et
3445 2234 3556 2295 sua

1905 2328 2152 2384 sollicite
2185 2329 2402 2383 damna
2431 2327 2709 2400 cogitanti
2741 2326 2865 2382 rixa
2895 2345 3000 2399 pro
3028 2326 3346 2398 semetipsa
3371 2327 3558 2383 oritur

1905 2422 2107 2472 contra
2137 2415 2534 2488 semetipsam.
2559 2416 2706 2471 Nam
2735 2429 2870 2471 cum
2902 2432 2964 2471 se
2989 2415 3060 2470 ad
3093 2415 3352 2472 lamenta
3381 2415 3559 2489 poeni-

1905 2507 2097 2560 tentia:
2131 2505 2390 2578 instigat,
2422 2504 2650 2560 occulta
2698 2521 2760 2560 se
2809 2503 3204 2576 increpatione
3235 2502 3498 2559 dilaniat.
3526 2526 3555 2554 »

1905 2595 2008 2650 Cui
2031 2612 2065 2650 a
2089 2594 2332 2649 Domino
2353 2593 2568 2648 dicitur
2593 2609 2604 2648 :
2636 2593 3006 2649 Remittuntur
3032 2594 3089 2648 ei
3111 2601 3332 2664 peccata
3359 2593 3554 2658 multa,

1905 2687 2162 2756 quoniam
2218 2683 2415 2738 dilexit
2471 2683 2708 2736 multum
2765 2683 2916 2748 (Luc.
2950 2696 3048 2746 vn,
3093 2682 3409 2752 1ι7).(11‹)γη.
3438 2681 3558 2749 33.)

1904 2796 1931 2821 ‹‹
1955 2775 2034 2826 Ac
2065 2771 2112 2826 si
2139 2776 2335 2843 aperte
2357 2770 2686 2848 diceretur:
2715 2769 2978 2824 Incendit
3005 2768 3175 2842 plene
3205 2769 3424 2840 peccati
3455 2785 3554 2825 ru-

1905 2859 2161 2931 biginem
2193 2857 2292 2930 qui
2324 2858 2491 2912 ardet
2517 2855 2704 2912 valide
2737 2874 2841 2928 per
2870 2857 3090 2912 amoris
3119 2858 3337 2930 ignem.
3368 2857 3554 2914 Tanto

1904 2963 2158 3018 namque
2189 2944 2444 3016 amplius
2475 2943 2697 3016 peccati
2729 2943 2934 3016 rubigo
2964 2944 3551 3017 consumitur,quan-

1903 3039 1962 3091 to
1995 3033 2313 3108 peccatoris
2344 3049 2443 3088 cor
2471 3047 2696 3106 magnae
2729 3033 3032 3088 charitatis
3071 3032 3205 3106 igne
3235 3036 3547 3089 crematur.

1902 3123 2352 3179 Consirleremus
2381 3121 2560 3194 igitur
2601 3121 2850 3194 gratiam
2898 3119 3295 3182 misericordis
3339 3119 3462 3187 Dei,
3495 3124 3553 3176 et

129 3207 412 3264 videmus
443 3225 571 3282 quae
601 3209 827 3282 agenda
856 3216 1014 3278 sunt,
1045 3212 1145 3267 sed
1179 3211 1300 3267 hinc
1331 3229 1504 3285 opere
1536 3231 1650 3270 non
1684 3214 1792 3269 im-
1824 3204 1866 3268 C
1904 3213 2253 3268 damnemus
2275 3209 2712 3265 multitudinem
2741 3215 2937 3265 reatus
2962 3207 3166 3264 nostri.
3190 3208 3336 3264 Ecce
3355 3224 3554 3282 pecca-

132 3295 376 3370 plemus
411 3313 424 3354 :
459 3298 706 3354 nitimur
733 3303 791 3356 et
819 3298 1228 3358 infirmamur:
1265 3302 1479 3358 mentis
1501 3303 1794 3374 judicium

134 3385 556 3442 rectitudinem
579 3387 886 3461 conspicit,
909 3389 1010 3444 sed
1033 3389 1105 3444 ad
1134 3389 1283 3445 hanc
1307 3391 1498 3462 operis
1521 3390 1796 3447 fortitudo

135 3476 480 3532 succumbit
512 3492 526 3531 :
555 3477 696 3548 quia
741 3477 1023 3533 nimirum
1061 3480 1188 3550 jam
1237 3479 1309 3534 de
1357 3496 1525 3551 pcepa
1575 3479 1794 3552 peccati

132 3569 242 3629 est,
266 3568 338 3619 ut
367 3580 440 3620 ex
457 3565 633 3620 domo
657 3564 895 3638 quidem
927 3566 1112 3639 possit
1143 3568 1363 3623 bonum
1387 3568 1666 3641 conspici,
1693 3568 1791 3624 sed

133 3659 334 3709 tamen
368 3652 443 3708 ab
467 3669 536 3708 eo
559 3655 712 3726 quod
746 3654 1033 3727 aspicitur
1063 3656 1362 3729 contingat
1395 3673 1496 3728 per
1517 3656 1792 3712 meritum

135 3739 362 3815 repelli.
389 3741 609 3798 Usitata
628 3743 844 3799 etenim
869 3744 1038 3816 culpa
1060 3744 1281 3817 obligat
1313 3749 1588 3814 mentem,
1615 3751 1679 3801 ut
1702 3763 1796 3802 ne-

135 3837 441 3902 quaquam
473 3845 713 3902 surgere
745 3831 930 3904 possit
960 3833 1032 3887 ad
1079 3833 1485 3890 rectitudinem
1513 3851 1526 3890 :
1551 3839 1796 3889 conatur

135 3921 189 3971 et
213 3915 466 3986 labitur,
494 3917 633 3990 quia
663 3920 762 3974 ubi
793 3925 1002 3993 sponte
1027 3921 1131 3976 diu
1164 3921 1438 3993 perstitit,
1457 3921 1537 3978 ibi
1571 3927 1629 3978 et
1657 3939 1792 3978 cum

137 4005 394 4062 noluerit
423 4013 623 4063 coacta
650 4007 869 4064 cadit.»
894 4009 1103 4082 (Morel.
1138 4009 1240 4066 lib.
1268 4027 1388 4076 vm,
1412 4027 1462 4066 c.
1483 4012 1598 4083 20.)
1621 4034 1648 4061 «
1679 4011 1793 4067 Sed

129 4095 333 4164 justus
365 4095 451 4149 ori
477 4107 584 4151 s'uo
609 4114 722 4152 non
745 4098 953 4170 parcit,
973 4097 1111 4170 quia
1131 4099 1280 4152 iram
1303 4098 1524 4170 judicis
1543 4099 1795 4156 districti

137 4183 522 4254 praeveniens,
554 4184 746 4242 verbis
777 4191 982 4242 contra
1025 4204 1090 4242 se
1133 4187 1378 4260 proprias
1409 4187 1794 4244 confessionis

137 4272 321 4326 sevit.
343 4272 491 4328 Hinc
529 4273 841 4330 Psalmista
873 4275 955 4330 ait
980 4292 992 4330 :
1017 4277 1426 4332 Prwvomiumus
1451 4278 1650 4348 faciem
1675 4278 1794 4349 ejus

137 4361 193 4413 in
221 4362 568 4432 wnfmioue
595 4363 768 4432 (Paul.
800 4378 949 4431 χειν,
971 4365 1048 4434 2).
1078 4363 1223 4420 Hinc
1272 4381 1376 4437 per
1421 4364 1792 4421 Salomoncm

137 4447 357 4504 dicitur
389 4465 404 4504 :
437 4449 549 4517 Qui
602 4451 879 4508 abscondit
927 4454 1132 4508 scelera
1187 4470 1288 4508 sua
1333 4469 1446 4508 non
1489 4453 1791 4523 dirigetur;

137 4539 230 4606 qui
257 4545 448 4592 autem
471 4539 747 4610 confessus
774 4542 944 4611 fuerit
969 4549 1021 4596 et
1061 4543 1347 4614 reliquerit
1375 4559 1456 4605 ea,
1487 4543 1794 4598 misericor-
1825 4568 1871 4632 Β

137 4624 290 4681 dim
345 4635 700 4698 consequetur
740 4627 924 4699 (Prov.
967 4647 1164 4696 xxvm,
1213 4631 1319 4701 13).
1354 4629 1498 4686 Hinc
1554 4648 1792 4686 rursum

138 4714 426 4786 scriptum
475 4720 564 4770 est
593 4732 606 4770 :
637 4716 821 4772 Justus
853 4719 911 4772 in
948 4719 1229 4790 principio
1256 4726 1536 4775 accusator
1582 4729 1662 4776 est
1706 4724 1795 4776 sui

137 4803 322 4870 (Prov.
353 4820 515 4873 xvm,
552 4805 658 4876 17).
694 4805 804 4860 Sed
847 4822 1219 4878 nequaquam
1261 4808 1332 4862 ad
1365 4809 1792 4865 confessionem

139 4907 201 4945 os
229 4891 538 4963 panditur,
561 4893 675 4950 nisi
705 4911 840 4950 cum
872 4895 1334 4952 consideratione
1367 4895 1612 4952 districti
1637 4898 1794 4968 judi-

141 4979 209 5034 cii
242 4996 350 5052 per
400 4995 673 5052 pavorem
723 4999 826 5055 spe
873 4988 1225 5055 angustatur
1271 4987 1414 5056 (cap.
1446 4987 1558 5052 2t).
1594 4986 1791 5041 Scien-

141 5067 282 5124 dum
314 5084 549 5142 quoque
579 5075 689 5139 est,
714 5071 853 5143 quia
877 5089 1028 5144 saepe
1058 5076 1115 5128 et
1143 5072 1373 5144 reprobi
1397 5077 1633 5145 peccata
1663 5091 1794 5129 con-

139 5155 403 5224 fitentur,
427 5158 528 5214 sed
559 5159 771 5216 deﬂere
800 5165 1206 5216 contemnunt.
1240 5160 1417 5216 Electi
1447 5166 1642 5216 autem
1673 5162 1794 5217 cul-

142 5259 244 5316 pas
274 5259 418 5301 suas
443 5263 594 5320 quas
613 5247 854 5306 vocibus
873 5249 1260 5306 confessionis
1280 5249 1570 5321 aperiunt,
1595 5250 1792 5307 distri-

143 5337 241 5388 ctis
289 5333 823 5394 animadversionis
867 5338 1105 5395 ﬂetibus
1155 5337 1566 5410 insequuntur.
1594 5362 1622 5388 ››
1645 5339 1788 5396 Cum

141 5425 618 5491 ρθοεαιεκθοειιιει
659 5441 762 5497 per
810 5426 1099 5500 lacrymas
1129 5428 1495 5493 confitemur,
1529 5433 1790 5502 angusta:

140 5507 238 5564 vis
269 5514 472 5582 partes
505 5512 901 5586 ingredimur;
935 5515 1038 5570 sed
1071 5530 1206 5570 cum
1239 5519 1370 5587 post
1397 5514 1518 5570 haec
1541 5517 1612 5572 ad
1635 5522 1792 5574 teter-

144 5611 276 5658 nam
305 5598 490 5661 vitam
519 5602 921 5676 ponduoimur,
947 5607 1126 5678 portae
1148 5607 1359 5662 nostris
1390 5603 1540 5662 atria
1566 5605 1626 5663 in
1659 5624 1790 5666 con-

1904 3306 2060 3356 tores
2088 3299 2246 3354 videt
2275 3303 2333 3354 et
2363 3299 2636 3363 sustinet,
2665 3298 3000 3354 resistentes
3031 3296 3237 3353 tolerat
3267 3302 3323 3352 et
3351 3301 3550 3353 tamen

1904 3389 2164 3460 quotidie
2197 3405 2300 3460 per
2328 3385 2704 3459 Evangelium
2737 3385 3063 3442 elementur
3089 3389 3257 3441 vocat
3287 3402 3300 3440 :
3335 3385 3554 3441 confes-

1904 3476 2128 3533 sionem
2159 3481 2418 3532 nostram
2451 3493 2518 3531 ex
2547 3492 2692 3548 puro
2716 3475 2887 3530 corde
2921 3474 3235 3542 desiderat,
3264 3477 3322 3529 et
3339 3477 3554 3528 cuncta

1903 3579 2032 3639 quae
2053 3563 2410 3637 deliquimus
2435 3563 2795 3630 relaxat.Qui
2825 3579 2961 3636 ergo
2989 3575 3334 3635 permanere
3365 3561 3554 3618 uoluit

1904 3655 2122 3720 redeat,
2156 3653 2256 3727 qui
2295 3657 2452 3708 stare
2481 3652 2835 3724 contempsit
2881 3650 3090 3706 saltem
3140 3653 3271 3723 post
3314 3648 3552 3722 lapsum

1903 3749 2107 3816 surgat
2133 3742 2337 3814 (ibid).
2371 3743 2598 3806 Quanto
2647 3758 2754 3796 nos
2791 3755 2988 3795 amore
3044 3737 3310 3794 conditor
3355 3741 3556 3794 noster

1902 3835 2196 3904 exspectet
2222 3830 2501 3896 insinuat,
2536 3845 2671 3884 cum
2721 3845 2824 3902 per
2855 3828 3202 3900 Prophetam
3233 3825 3380 3882 dixit
3412 3842 3427 3884 :
3457 3827 3552 3882 Αε-

1903 3920 2054 3975 tendi
2079 3927 2130 3974 et
2176 3919 2507 3984 auscultavi,
2525 3933 2683 3973 uenio
2723 3916 2868 3990 quad
2917 3917 3117 3972 bonum
3159 3923 3241 3972 est
3288 3915 3550 3988 loquitur,

1901 4024 2009 4063 non
2035 4015 2114 4063 est
2143 4009 2241 4078 qui
2285 4009 2538 4074 recogitet
2567 4007 2626 4061 in
2651 4005 2810 4062 corde
2853 4021 2950 4061 suo
2976 4013 3028 4061 et
3054 4005 3201 4060 dicat
3225 4004 3359 4077 quid
3402 4005 3512 4078 feci
3525 4009 3556 4060 γ

1901 4098 2144 4169 (Jcr.vm
2155 4096 2250 4166 ,6.)
2263 4096 2426 4150 Certe
2443 4111 2748 4166 nunquam
2767 4094 3021 4167 cogitare
3035 4093 3194 4149 mala
3205 4094 3548 4151 debuimus:

1903 4185 2004 4240 sed
2038 4182 2178 4255 quia
2205 4182 2461 4255 cogitare
2481 4189 2636 4237 recta
2667 4182 2985 4248 noluimus,
3013 4197 3146 4238 ecce
3165 4181 3358 4237 adhuc
3373 4181 3553 4238 susti-

1905 4277 2003 4328 net
2023 4277 2088 4326 ut
2108 4271 2589 4343 recogitemus,et
2611 4271 2710 4342 qui
2744 4275 3051 4342 peccantes
3083 4285 3190 4324 nos
3211 4268 3313 4325 diu
3334 4274 3401 4324 ut
3419 4285 3554 4325 con-

1901 4366 2198 4417 vertamur
2227 4363 2544 4432 exspectat,
2567 4376 2681 4414 non
2711 4375 3019 4415 conversos
3049 4357 3256 4413 durius
3281 4357 3548 4413 damnat.

1902 4451 2220 4505 Videamus
2249 4448 2429 4520 igitur
2459 4453 2630 4504 tanta:
2657 4447 2890 4520 pietatis
2916 4446 3175 4519 signum,
3197 4449 3256 4500 et
3281 4444 3554 4501 severita-

1904 4539 1982 4594 tis
2005 4538 2299 4610 judicium
2325 4554 2338 4590 :
2372 4538 2812 4592 consideremus
2840 4541 3106 4609 apertum
3137 4533 3310 4592 nobis
3331 4533 3554 4590 miseri-

1903 4628 2112 4682 cordiae
2144 4626 2431 4700 gremium
2467 4642 2481 4680 :
2515 4642 2663 4697 quos
2711 4624 2864 4680 male
2903 4623 3223 4697 cogitantes
3273 4621 3550 4695 perdidit,

1902 4718 2049 4772 bene
2069 4715 2454 4787 recogitantes
2476 4715 2962 4786 quarrit,qu:eque
2985 4729 3091 4768 nos
3117 4712 3178 4767 in
3207 4710 3554 4768 adolescen-

1901 4806 2002 4872 tia,
2027 4819 2271 4878 quaeque
2292 4802 2352 4856 in
2375 4803 2682 4872 juventute
2703 4801 3019 4873 deliquisse
3050 4799 3430 4856 meminimus
3451 4801 3551 4856 de-

1903 4893 2170 4958 fleamus,
2196 4906 2424 4946 morum
2455 4905 2815 4962 operumque
2842 4888 3103 4946 maculas
3131 4887 3406 4962 lacrymis
3434 4892 3550 4943 ter-

1901 4998 2130 5054 gamus,
2165 4996 2433 5034 amemus
2466 4980 2594 5051 jam
2627 4979 3034 5052 Redemptoris
3069 4977 3255 5034 nostri
3285 4977 3548 5048 vestigia,

1901 5088 2029 5142 quae
2079 5068 2368 5141 peccando
2419 5068 2906 5140 contempsimus.
2940 5069 3105 5135 Ecce,
3160 5071 3224 5122 ut
3273 5064 3547 5130 diximus,

1903 5160 1975 5214 ad
2007 5157 2370 5229 recipiendos
2401 5173 2508 5212 nos
2546 5172 2816 5229 supernae
2863 5155 3096 5229 pietatis
3149 5155 3314 5210 sinus
3361 5149 3547 5223 aperi-

1901 5253 2018 5316 tur,
2051 5263 2157 5302 nec
2187 5245 2486 5301 maculosa
2527 5245 2585 5300 in
2626 5246 2797 5302 nobis
2824 5246 2944 5303 vita
2971 5241 3368 5300 contemnitur
3399 5256 3412 5294 :
3446 5255 3550 5311 per

1901 5338 2011 5394 hoc
2041 5337 2196 5409 quod
2229 5334 2694 5406 inquinationem
2735 5340 2994 5390 nostram
3025 5326 3544 5404 perhorrescimus,

1899 5428 2142 5484 internae
2183 5426 2310 5496 jam
2362 5424 2662 5480 munditia:
2693 5423 3115 5480 concordamus
3149 5435 3161 5474 :
3197 5420 3546 5473 revertentes

1901 5535 2009 5574 nos
2059 5515 2342 5572 Dominus
2371 5514 2688 5570 clementer
2733 5509 3124 5583 amplectitur,
3157 5503 3299 5579 quia
3341 5521 3544 5578 pecca-

1897 5614 2094 5667 torum
2125 5607 2244 5664 vita
2292 5605 2344 5662 ei
2394 5619 2522 5661 esse
2553 5601 2796 5676 indigna
2834 5601 2962 5674 jam
3009 5611 3128 5654 non
3172 5597 3371 5672 potest
3415 5609 3544 5675 qua
