3916 6190
429 272 548 332 86⁵1

1204 263 1588 334 HINCMARI
1633 273 1878 334 RHEM.
1923 274 2286 336 ARCHIEP.
2334 278 2744 342 OPUSCULA
2787 281 3050 342 VARIA.

3701 287 3810 348 868

431 402 672 459 ﬂetibus
715 401 963 466 lavatur.
1000 425 1029 454 »
1059 403 1170 459 Sed
1218 377 1642 476 providendum
1691 409 1780 461 est
1828 405 1922 462 his
1973 407 2072 478 qui
2102 411 2150 477 Α
2184 409 2422 480 prodest
2451 411 2498 466 si
2533 417 2768 484 peccata
2816 413 2950 486 quis
2996 413 3238 470 luxuriae
3287 415 3515 483 deﬂeat,
3535 420 3596 472 et
3629 420 3809 474 tamen

427 497 667 562 peccata
721 509 964 547 suorum
1021 508 1264 563 operum
1311 491 1642 563 deplorant,
1689 497 1754 548 ut
1797 511 2071 550 consum-

429 585 587 636 mata
615 580 772 636 mala
813 581 1065 652 perfecta
1095 579 1324 636 diluunt
1367 581 1645 651 lamenta,
1679 599 1752 637 ne
1798 582 1933 656 plus
1978 602 2070 640 as—

428 669 760 743 tringantur
808 669 868 724 in
917 669 1112 724 debito
1171 669 1482 742 perpetrati
1533 671 1744 744 operis,
1769 677 1827 726 et
1875 671 2072 729 minus

425 759 651 816 solvant
675 759 734 814 in
767 758 1001 814 ﬂetibus
1026 757 1504 816 satisfactionis.«
1529 759 1823 833 Scriptum
1854 762 2071 835 quippe

423 854 514 904 est
547 866 560 904 :
595 854 791 904 Polum
843 847 992 903 dedit
1042 847 1200 903 nobis
1261 850 1320 903 in
1378 849 1638 921 lacrymis
1697 853 1758 905 in
1811 868 2070 908 mensura

421 937 594 1006 (Psal.
630 953 812 1004 1.xx1x,
845 937 922 1006 6),
955 939 1021 990 ut
1067 934 1335 992 videlicet
1383 937 1852 1010 uniuscujusque
1903 955 2070 996 mens

422 1038 652 1090 tantum
681 1033 1012 1106 paenitendo
1043 1033 1513 1106 compunctionis
1543 1051 1662 1089 suae
1693 1035 1856 1092 bibat
1884 1035 2069 1110 lacry-

423 1139 571 1194 mas,
597 1127 882 1196 quantum
912 1139 976 1178 se
1007 1123 1150 1178 adeo
1182 1121 1450 1178 meminit
1477 1122 1704 1178 eruisse
1734 1140 1836 1196 per
1863 1123 2070 1197 culpas

421 1213 632 1282 (Morel.
665 1213 765 1268 lib.
798 1231 875 1281 1v,
909 1229 959 1266 c.
996 1213 1084 1281 17)
1118 1228 1131 1267 :
1165 1210 1304 1284 quia
1347 1210 1574 1267 nullum
1620 1217 1924 1284 peccatum
1957 1213 2068 1269 Do-

422 1303 620 1358 minus
652 1301 905 1357 inultum
958 1299 1175 1356 relaxat
1203 1317 1218 1356 :
1252 1305 1354 1356 aut
1382 1301 1538 1357 enim
1573 1318 1679 1357 nos
1725 1301 1836 1357 hoc
1877 1302 2068 1357 flendo

421 1391 810 1464 insequimur,
836 1394 938 1446 aut
956 1389 1082 1462 ipse
1094 1389 1438 1462 judicando.
1466 1389 1665 1446 Restat
1686 1389 1884 1463 igitur,
1909 1395 1974 1446 ut
1993 1391 2066 1446 ad

419 1479 886 1536 emendationem
907 1495 1073 1534 suam
1093 1494 1322 1551 semper
1342 1495 1508 1534 mens
1525 1476 1768 1536 solerter
1784 1478 2066 1551 invigilet,

418 1574 474 1625 et
503 1568 562 1624 in
587 1585 702 1642 quo
733 1567 841 1624 sibi
868 1567 1118 1641 quisque
1140 1566 1595 1624 misericorditer
1619 1567 1914 1624 subveniri
1939 1584 2070 1624 con-

419 1660 658 1726 siderat,
687 1658 796 1713 hoc
827 1673 1064 1713 necesse
1093 1660 1190 1712 est'
1214 1661 1276 1710 ut
1305 1657 1591 1713 conﬁtens
1619 1661 1808 1728 tergat
1836 1657 1974 1729 (cap.
2000 1659 2068 1712 14

417 1752 476 1804 et
501 1747 614 1848 l6).
643 1747 714 1816 Et
743 1745 1020 1848 quoniam
1053 1742 1244 1848 fidelis
1295 1743 1546 1845 Quisque
1592 1744 1973 1848 cogitatipnes
2004 1745 2064 1800 in
2095 1782 2144 1848 B

408 1833 635 1908 judicio
665 1833 890 1908 exquiri
920 1832 1215 1890 subtiliter
1262 1849 1377 1888 non
1425 1832 1676 1905 ignorat,
1709 1832 1886 1889 Paulo
1917 1839 2064 1890 atte-

417 1928 630 1992 stante,
653 1923 754 1997 qui
787 1922 868 1979 ait
898 1939 912 1978 :
946 1923 1095 1978 Inter
1127 1937 1185 1978 se
1223 1923 1458 1976 invicem
1484 1923 1877 1990 cogitationum
1905 1938 2063 1978 accu-

413 2015 680 2080 santium,
711 2019 808 2068 aut
847 2013 1015 2068 etiam
1051 2010 1454 2082 defendentium
1479 2011 1822 2082 semetipsum
1869 2013 2066 2068 intror-

411 2121 534 2159 sum
581 2103 878 2157 discutiens
920 2100 1095 2170 (Rom.
1129 2116 1190 2166 11,
1235 2100 1344 2168 15),
1378 2102 1513 2154 ante
1551 2099 1844 2170 judicium
1893 2100 2063 2156 vehe-

413 2205 641 2258 menter
669 2197 980 2262 examinet,
1013 2201 1078 2252 ut
1105 2195 1410 2252 districtus
1431 2195 1616 2268 judex
1643 2213 1710 2252 eo
1740 2198 1867 2269 jam
1898 2203 2063 2254 tran-

411 2289 654 2363 quillius
681 2285 894 2356 veniat,
928 2302 1043 2358 quo
1075 2289 1302 2340 reatum
1342 2301 1541 2352 suum,
1564 2301 1739 2357 quem
1770 2287 2064 2344 discutere

412 2377 657 2450 appetit,
679 2376 808 2448 jam
839 2391 942 2447 pro
972 2373 1146 2446 culpa
1185 2373 1459 2445 punitum
1489 2372 1674 2429 cernit
1695 2378 1836 2446 (cap.
1873 2377 1982 2443 16),
2005 2380 2064 2432 et

412 2464 768 2541 ignoscendo
779 2465 908 2536 jam
930 2463 990 2518 in
1011 2479 1118 2520 suo
1132 2461 1358 2534 judicio
1381 2463 1672 2535 impunita
1685 2463 2058 2536 derelinquit,

410 2573 540 2630 quae
566 2551 1071 2610 animadversione
1102 2556 1423 2623 spontanee
1453 2550 1661 2624 punita
1685 2551 1861 2618 videt,
1885 2551 2062 2608 Paulo

408 2647 740 2709 attestante,
775 2640 876 2713 qui
928 2641 1055 2696 ait:
1105 2639 1169 2695 Si
1216 2641 1570 2712 nosmetipsos
1610 2639 2062 2710 diiudicaremus,

406 2749 520 2788 non
545 2732 736 2803 utique
771 2747 806 2785 a
847 2729 1077 2784 Domino
1115 2727 1496 2799 judicaremur
1527 2727 1596 2798 (ΙΙ
1627 2728 1748 2783 Cor.
1781 2744 1858 2795 x1,
1891 2729 2004 2796 31).
2030 2749 2060 2779 ιι

407 2821 596 2878 Tanto
627 2819 808 2892 igitur
827 2817 1074 2873 arctiore
1103 2833 1280 2872 manu
1312 2815 1662 2887 poenitentia:
1695 2831 1862 2872 mens
1885 2833 1920 2871 a
1943 2815 2062 2889 pol-

406 2905 628 2966 lutione
657 2907 938 2981 tergenda
965 2910 1074 2973 est,
1095 2909 1316 2978 quanto
1349 2921 1411 2960 se
1439 2903 1726 2976 conspicit
1762 2903 2059 2960 sordidius

407 2997 796 3070 inquinatam.
817 2995 1015 3066 Neque
1031 2993 1185 3050 enim
1205 3009 1306 3065 per
1320 2993 1547 3049 fructus
1565 3010 1693 3048 esse
1713 2992 1848 3049 boni
1865 2991 2060 3065 operis

407 3089 581 3144 debet
608 3086 736 3158 ejus
757 3083 858 3157 qui
890 3081 1108 3150 minus,
1130 3087 1188 3138 et
1217 3083 1346 3154 ejus
1371 3082 1472 3154 qui
1503 3081 1757 3154 amplius
1783 3081 2054 3154 deliquit,

2181 499 2374 554 adhuc
2403 499 2655 555 avaritiae
2677 501 2918 558 aestibus
2944 501 3212 560 anhelet?
3231 509 3335 560 aut
3357 505 3497 576 quid
3520 505 3751 578 prodest
3767 507 3808 562 si

2183 587 2280 642 iras
2309 589 2512 662 culpas
2534 591 2660 661 jam
2691 590 2910 663 lugeat,
2930 596 2989 647 et
3016 597 3214 648 tamen
3259 592 3449 648 adhuc
3479 593 3709 649 invidia
3737 595 3808 650 fa-

2180 675 2350 732 cibus
2379 679 2676 735 tabescat?
2700 701 2727 728 »
2750 681 2872 746 Quo
2895 683 3098 734 contra
3117 679 3402 736 Dominus
3421 680 3608 735 dicit:
3631 679 3690 736 Si
3706 684 3810 754 quis

2179 766 2298 820 vult
2323 775 2444 838 post
2469 783 2558 823 me
2601 769 2792 824 venire
2831 769 3059 840 abneget
3101 770 3448 841 semetipsum
3477 768 3683 841 (Matth.
3713 787 3808 836 xv1,

2175 853 2289 926 2/1).
2311 855 2468 910 Idem
2497 857 2786 936 superbus
2817 857 3080 924 humilis,
3105 857 3446 916 luxuriosus
3465 863 3812 926 castus,avac

2179 959 2282 998 rus
2319 943 2732 1002 misericordiae
2779 947 3056 1019 operibus
3101 947 3357 1017 deditus,
3393 947 3640 1004 invidus
3671 948 3812 1006 heni-

2176 1046 2350 1103 gnus,
2369 1031 2687 1089 iracundus
2717 1035 2946 1106 patiens
2967 1034 3088 1102 fiat,
3110 1038 3167 1089 et
3197 1033 3366 1091 tollat
3394 1050 3636 1091 crucem
3663 1051 3810 1092 suam

2177 1124 2235 1174 et
2263 1125 2546 1192 sequatur
2576 1120 2898 1178 Christum.
2924 1122 3083 1178 Idem
3115 1121 3362 1194 castiget
3390 1138 3613 1196 corpus
3655 1141 3809 1180 suum

2175 1224 2280 1280 per
2307 1209 2750 1278 continentiam,
2767 1215 2832 1266 et
2861 1210 3252 1282 compatiatur
3270 1209 3562 1282 proximis
3582 1227 3684 1284 per
3699 1212 3811 1268 cha-

2177 1295 2697 1370 ritatem,vigilans
2745 1298 2803 1354 in
2854 1299 2948 1354 his
2977 1297 3292 1355 virtutibus
3345 1304 3558 1355 contra
3583 1299 3716 1356 vitia
3739 1301 3809 1356 vi-

2175 1385 2328 1454 cina,
2349 1385 2608 1443 vidilicet
2638 1387 2698 1442 in
2719 1386 3075 1444 abstinentia
3095 1391 3300 1442 contra
3319 1405 3537 1444 vanam
3561 1387 3808 1462 gloriam,

2175 1480 2233 1530 et
2261 1474 2322 1529 in
2367 1475 2549 1532 animi
2579 1476 2985 1548 compassione
3015 1481 3220 1532 contra
3265 1477 3550 1549 pietatem
3601 1476 3808 1544 falsam,

2175 1563 2316 1636 quia
2345 1565 2674 1636 compassio
2708 1565 2956 1630 homini,
2979 1570 3038 1620 et
3063 1565 3349 1621 rectitudo
3369 1565 3534 1622 vitiis
3565 1567 3806 1635 debetur,

2175 1658 2232 1708 et
2260 1653 2320 1708 in
2351 1670 2468 1710 uno
2515 1654 2837 1726 eodemque
2884 1653 3122 1710 homine
3149 1658 3208 1709 et
3237 1652 3564 1727 diligamus
3611 1655 3806 1711 bonum

2174 1743 2330 1814 quod
2363 1742 2582 1798 factum
2615 1747 2723 1810 est,
2754 1746 2813 1799 et
2851 1759 3276 1816 persequamur
3325 1741 3484 1799 mala
3517 1759 3646 1816 quae
3673 1743 3804 1800 fecit.

2175 1829 2338 1886 Unde
2365 1829 2580 1886 iterum
2617 1830 2905 1887 Dominus
2934 1831 3112 1887 dicit:
3138 1831 3245 1900 Qui
3271 1847 3385 1888 non
3412 1831 3533 1888 odit
3554 1835 3806 1905 pretium

2170 1935 2314 1986 suos,
2336 1919 2514 1974 adhuc
2541 1927 2722 1975 autem
2749 1927 2800 1976 et
2827 1921 3075 1975 animam
3112 1935 3293 1986 suam,
3313 1935 3427 1976 non
3469 1927 3648 1992 potest
3677 1937 3806 1978 metu

2172 2024 2286 2064 esse
2305 2007 2605 2080 discipulus
2625 2008 2775 2080 (Luc.
2792 2025 2908 2076 x1v,
2924 2006 3037 2080 26).
3057 2007 3232 2075 (Hom.
3245 2008 3358 2076 3‘7).
3374 2031 3403 2059 «
3423 2009 3596 2064 Tunc
3615 2009 3805 2064 etenim

2173 2097 2320 2152 bene
2349 2095 2610 2152 animam
2654 2100 2918 2152 nostram
2950 2095 3206 2161 odimus,
3231 2113 3369 2152 cum
3409 2097 3543 2168 ejus
3585 2096 3802 2154 carnali-

2171 2185 2283 2240 bus
2313 2183 2620 2240 desideriis
2653 2200 2768 2240 non
2801 2183 3253 2256 acquiescimus,
3281 2201 3418 2240 cum
3448 2185 3585 2257 ejus
3612 2184 3805 2259 appeti-

2171 2278 2299 2330 tum
2328 2273 2679 2346 frangimus,
2701 2289 2836 2349 cum
2861 2273 2992 2345 ejus
3010 2271 3415 2346 voluptatibus
3443 2272 3800 2331 reluctamur.

2171 2365 2306 2428 Quae
2334 2379 2471 2436 ergo
2500 2366 2837 2434 contempta
2865 2362 2938 2418 ad
2985 2361 3198 2418 melius
3247 2360 3502 2429 ducitur,
3527 2363 3693 2436 quasi
3719 2379 3806 2436 per

2170 2451 2370 2507 odium
2402 2454 2653 2506 amatur.
2677 2449 2772 2507 Sic
2798 2450 2974 2507 etiam
2997 2450 3269 2506 exhibere
3290 2450 3582 2523 proximis
3612 2450 3804 2508 nostris

2169 2539 2288 2595 odii
2317 2539 2730 2596 discretionem
2764 2539 3068 2606 debemus,
3102 2544 3168 2594 ut
3208 2537 3269 2594 in
3300 2537 3385 2595 eis
3415 2543 3476 2595 et
3502 2539 3804 2612 diligamus

2169 2629 2323 2701 quod
2346 2633 2508 2695 sunt,
2531 2633 2590 2683 et
2610 2627 2931 2684 habeamus
2953 2627 3083 2682 odio
3105 2627 3262 2699 quod
3295 2627 3355 2682 in
3377 2627 3480 2684 Dei
3509 2627 3713 2684 itinere
3730 2627 3802 2684 vel

2169 2717 2280 2774 sibi
2303 2717 2392 2774 vel
2413 2717 2582 2773 nobis
2604 2717 2961 2783 obsistunt,»
2980 2715 3180 2788 repleti
3203 2732 3402 2772 amore
3423 2717 3638 2772 mundi
3655 2717 3800 2772 vacui

2169 2807 2393 2878 Spiritu
2413 2809 2636 2874 sancto,
2660 2806 2732 2861 de
2763 2822 2879 2878 quo
2910 2803 3050 2860 dicit
3085 2803 3400 2878 Apostolus
3425 2821 3439 2860 :
3461 2805 3528 2861 Si
3554 2807 3682 2878 quis
3705 2807 3798 2878 spi-

2165 2897 2338 2952 ritum
2369 2894 2574 2951 Christi
2599 2911 2708 2950 non
2755 2895 2932 2963 habet,
2964 2894 3054 2949 hic
3079 2910 3190 2950 non
3227 2902 3308 2950 est
3335 2895 3454 2966 ejus
3486 2895 3664 2964 (Rom.
3693 2909 3795 2962 vm,

2163 2986 2240 3053 9).
2269 2985 2441 3058 (Hom.
2468 2985 2583 3057 24.)
2609 3007 2637 3034 ‹‹
2671 2983 2848 3051 Quasi
2897 2982 3136 3056 quidam
3185 2981 3398 3039 titulus
3427 2981 3638 3038 divinae
3684 2999 3795 3056 pos-

2166 3072 2448 3130 sessionis
2467 3076 2558 3128 est
2577 3071 2702 3144 ipse
2723 3071 2968 3143 spiritus
2987 3069 3224 3126 amoris.
3253 3071 3677 3144 Nunquidnam
3697 3070 3795 3142 spi-

409 3180 510 3234 aut
530 3175 580 3247 ej
592 3145 660 3231 us
680 3145 793 3246 qui;
813 3171 871 3226 in
904 3145 1161 3228 nullis’et
1179 3145 1306 3242 ejus
1329 3145 1427 3242 q'ui
1457 3170 1515 3224 in
1537 3145 1892 3242 quibusdam
1921 3145 2060 3226 faci-
2087 3145 2130 3212 (ἶ
2167 3161 2346 3216 ritum
2361 3159 2574 3216 ChPiSti
2591 3159 2767 3216 habet
2795 3160 2868 3228 is.
2891 3160 3061 3231 cuius
3077 3162 3332 3247 ωεηιθω
3351 3159 3488 3216 Odia
3504 3159 3794 3232 ἀίεείριῐην

408 3265 650 3321 noribus
681 3259 909 3318 cecidit.
943 3260 1049 3315 Per
1089 3258 1197 3314 hoc
1225 3258 1382 3314 enim
1413 3257 1570 3329 quod
1601 3257 1816 3314 dicitur
1838 3275 1851 3314 :
1875 3260 2058 3314 Facite

404 3366 534 3418 ergo
561 3352 772 3420 fructus
801 3347 992 3418 dignos
1019 3347 1359 3417 pwnitcntia?
1382 3345 1536 3417 (Luc.
1559 3362 1647 3414 111,
1670 3345 1745 3417 8),
1771 3345 2058 3418 cujusque

406 3444 766 3505 conscientia
794 3442 1156 3507 convenitur,
1182 3445 1248 3496 ut
1273 3445 1435 3496 tanto
1467 3441 1692 3512 majora
1719 3447 1942 3514 quierat
1963 3442 2058 3499 bo-

407 3550 618 3593 norum
674 3547 918 3605 operum
973 3529 1138 3586 lucra
1194 3546 1297 3602 per
1351 3529 1777 3602 paenitentiam,
1837 3535 2056 3603 quanto

407 3623 674 3698 graviora
703 3621 816 3678 sibi
849 3619 1050 3676 intulit
1072 3619 1289 3676 damna
1318 3635 1424 3692 per
1450 3617 1704 3690 culpam.
1738 3621 1913 3688 (Hom.
1937 3621 2054 3690 34.)

408 3737 436 3764 α
460 3713 604 3769 Ecce
631 3711 762 3784 ipsa
791 3709 988 3766 divina
1017 3707 1416 3764 misericordia
1448 3707 1772 3778 pollicetur,
1810 3707 2011 3764 dicens
2037 3723 2052 3764 :

408 3802 680 3860 Gaudium
706 3801 814 3854 erit
843 3801 901 3854 in
945 3797 1075 3854 caelo
1119 3812 1284 3868 super
1324 3811 1436 3852 uno
1469 3804 1746 3867 peccatore
1789 3798 2055 3868 pteniten-

407 3893 545 3947 tiam
591 3895 779 3959 agente
807 3888 958 3957 (Luc.
989 3902 1082 3954 xv,
1111 3887 1190 3952 7),
1223 3890 1281 3940 et
1311 3889 1511 3941 tamen
1563 3900 1666 3956 per
1709 3884 2055 3958 praphetam‘

405 3977 692 4034 Dominus
711 3975 873 4042 dicit,
897 3973 1036 4046 quia
1057 3975 1406 4046 Quaecunque
1424 3973 1514 4029 die
1531 3975 1832 4045 peccaverit
1847 3973 2054 4045 justus,

405 4091 589 4132 omnes
599 4075 840 4146 justiti?
858 4073 976 4144 ejus
996 4074 1056 4128 in
1077 4071 1348 4128 oblivione
1363 4079 1526 4128 erunt
1540 4087 1726 4127 coram
1741 4087 1828 4126 me
1841 4071 2052 4140 (Ezech.

405 4181 602 4233 χχχιιι,
632 4163 744 4230 13).
777 4162 1096 4217 Pensemus
1127 4160 1176 4216 si
1209 4175 1526 4232 possumus
1557 4159 2054 4232 dispensationem

406 4269 672 4327 supernas
703 4251 956 4326 pietatis.
990 4249 1295 4306 Stantibus
1343 4248 1394 4305 si
1441 4248 1759 4304 ceciderint
1796 4249 2058 4305 minatur

407 4357 640 4418 pmnam
685 4339 870 4412 lapsis
897 4355 1032 4394 vero
1063 4338 1112 4394 si
1151 4354 1390 4411 surgere
1432 4341 1729 4410 appetant,
1764 4338 2056 4410 promittit

407 4429 890 4488 misericordiam.
915 4427 1052 4484 Illos
1083 4431 1260 4483 terret
1280 4442 1350 4482 ne
1379 4431 1740 4500 prtesumant
1771 4427 1829 4482 in
1861 4426 2051 4494 bonis,

2164 3248 2338 3306 elatio
2371 3248 2556 3314 inflat,
2578 3247 2666 3302 ira
2714 3264 2902 3320 usque
2938 3248 3010 3303 ad
3041 3245 3390 3303 divisionem
3425 3248 3641 3304 mentis
3687 3263 3794 3302 exa-

2166 3341 2382 3410 sperat,
2413 3335 2634 3392 invidia
2664 3335 2908 3404 cruciat,
2941 3335 3172 3392 luxuria
3213 3335 3489 3392 enervat?
3510 3359 3540 3384 »
3561 3334 3795 3408 Quisque

2165 3441 2422 3498 namque
2453 3424 2548 3480 ille
2577 3429 2686 3491 est,
2705 3441 2880 3498 quem
2911 3440 3068 3480 nunc
3099 3424 3344 3497 spiritus
3371 3423 3485 3481 iste
3516 3441 3629 3480 non
3661 3439 3797 3496 repa-

2165 3519 2277 3585 rat,
2299 3515 2554 3587 profecto
2585 3514 2658 3570 ab
2691 3513 2850 3570 illius
2893 3513 3091 3569 interni
3121 3511 3368 3570 convivii
3399 3513 3710 3570 refectione
3725 3514 3795 3585 je-

2155 3605 2352 3676 junat.
2368 3603 2476 3670 Qui
2497 3619 2634 3676 ergo
2655 3603 2714 3659 in
2737 3602 3034 3658 Christum
3055 3603 3184 3674 jam
3204 3603 3476 3672 credidit,
3498 3603 3601 3659 sed
3624 3601 3794 3659 adhuc

2165 3693 2417 3748 avaritiae
2451 3691 2613 3748 lucra
2641 3695 2918 3758 sectatur,
2939 3691 2999 3747 in
3033 3691 3310 3764 superbia
3330 3691 3572 3748 honoris
3589 3689 3794 3748 extolli-

2162 3786 2279 3848 tur,
2305 3780 2532 3836 invidiaa
2562 3781 2788 3836 facibus
2821 3781 3157 3850 inardescit,
3181 3779 3443 3838 libidinis
3473 3797 3538 3837 se
3566 3781 3794 3836 immun-

2165 3869 2312 3925 ditia
2339 3867 2570 3942 polluit,
2604 3885 2884 3944 prospera
2911 3885 3040 3942 quze
3077 3869 3138 3924 in
3177 3869 3400 3924 mundo
3430 3873 3574 3925 sunt
3600 3884 3790 3925 concu-

2163 3958 2360 4032 piscit,
2380 3959 2585 4016 Jesum
2617 3957 2678 4014 in
2700 3975 2816 4030 quo
2836 3957 3085 4014 credidit
3106 3957 3272 4030 sequi
3307 3958 3650 4016 contemnit.

2161 4119 2236 4175 De
2262 4120 2398 4190 fuga
2425 4119 2698 4186 avaritiae,
2729 4046 3321 4190 supgffinggurise,
3351 4117 3526 4186 gulae,
3560 4116 3786 4182 invidia,

2232 4199 2284 4246 et
2311 4193 2435 4256 irae,
2461 4191 2630 4262 deque
2653 4189 2862 4262 zelo,’et
2879 4189 3020 4262 quod
3037 4189 3283 4246 diabolus
3307 4205 3411 4262 per
3435 4189 3559 4246 haec
3573 4191 3790 4244 maxime

2232 4263 2368 4318 vitia
2395 4260 2607 4334 semper
2636 4260 2935 4317 insidia—tus
2962 4263 3054 4317 sit.

2233 4351 2380 4407 Nam
2411 4350 2484 4405 de
2513 4349 2755 4406 avaritia
2783 4348 3000 4406 Paulus
3021 4349 3200 4406 dicit:
3224 4348 3404 4405 Radix
3429 4349 3678 4406 mium
3695 4359 3790 4402 ma-

2163 4436 2344 4496 lorum
2367 4447 2448 4495 est
2473 4438 2745 4510 cupiditas
2773 4447 2824 4495 et
2857 4441 3093 4496 avaritia
3121 4456 3243 4512 qua:
3275 4447 3356 4496 est
3397 4437 3668 4496 idolorum
3691 4451 3790 4493 sero

406 4521 553 4577 istos
582 4520 797 4575 refovet
825 4535 896 4573 ne
916 4517 1227 4590 desperent
1255 4516 1316 4571 in
1346 4514 1538 4572 malis.
1562 4515 1770 4572 Justus
1799 4533 1884 4582 es,
1905 4515 2052 4572 iram
2087 4514 2132 4578 D
2159 4530 2304 4585 υίωε
2333 4528 2380 4600 (ι
2413 4529 2547 4584 Tim,
2571 4545 2650 4595 νι,
2675 4529 2784 4598 10),
2807 4529 2990 4600 Cujus
3023 4530 3151 4584 νοοί
3199 4529 3454 4601 quisque
3501 4543 3566 4584 se
3612 4525 3787 4592 tradit,

407 4607 752 4682 pertimesce
774 4623 847 4662 ne
867 4622 1140 4662 corruas:
1165 4608 1435 4677 peccator
1453 4620 1537 4672 es,
1561 4605 1633 4660 de
1653 4604 2055 4660 misericordia

407 4696 632 4752 confide
663 4699 720 4750 et
761 4712 989 4768 surgas.
1023 4695 1166 4750 Ecce
1209 4698 1404 4751 autem
1446 4694 1572 4766 jam
1621 4693 1770 4767 lapsi
1821 4711 2050 4762 sumus,

407 4789 560 4841 stare
590 4799 959 4854 nequaquam
990 4781 1306 4851 valuimus,
1338 4782 1399 4838 in
1431 4782 1625 4854 pravis
1655 4783 1870 4839 nostris
1900 4783 2053 4840 desi-

407 4872 584 4929 deriis
607 4872 914 4943 jacemus:
943 4872 1043 4926 sed
1075 4871 1176 4944 qui
1205 4889 1312 4928 nos
1341 4876 1530 4928 rectos
1559 4871 1840 4941 condidit,
1861 4871 2054 4928 adhuc

403 4963 701 5034 exspectat
729 4963 787 5015 et
815 4966 1088 5032 provocat
1119 4965 1183 5016 ut
1211 4979 1546 5036 surgamus,
1569 4961 1766 5016 sinum
1797 4977 1917 5015 suae
1938 4961 2052 5030 pie-

405 5051 544 5108 tatis
565 5048 770 5122 aperit,
785 5065 1008 5121 meque
1031 5067 1064 5106 a
1084 5067 1146 5106 se
1163 5050 1342 5124 recipi
1365 5067 1468 5123 per
1486 5049 1886 5122 paenitentiam
1904 5064 2054 5118 quae-

404 5141 500 5196 rit.
521 5140 632 5196 Sed
652 5136 1051 5212 ptenitentiam
1071 5139 1232 5214 digni
1255 5156 1424 5212 agere
1447 5154 1564 5193 non
1583 5153 1922 5210 possumus,
1937 5133 2052 5190 nisi

403 5228 646 5283 modum
677 5241 910 5298 quoque
935 5227 1196 5298 ejusdem
1230 5225 1582 5300 pcnnitentiae
1603 5237 2047 5296 cognoscamus.

404 5314 810 5372 Pmnitentiam
842 5331 1076 5388 quoque
1118 5331 1288 5388 agere
1315 5318 1423 5382 est,
1453 5318 1510 5368 et
1540 5315 1870 5386 perpetrata
1896 5309 2052 5366 mala

403 5405 700 5478 plangam,
724 5408 782 5460 et
810 5403 1140 5478 plangenda
1163 5420 1275 5460 non
1299 5406 1648 5476 perpetrare.
1675 5400 1822 5456 Nam
1845 5397 1946 5472 qui
1967 5397 2050 5455 sic

405 5493 518 5550 alia
539 5492 822 5566 deplorat,
838 5497 903 5547 ut
921 5497 1118 5548 tamen
1150 5491 1266 5548 alia
1284 5490 1633 5556 committat,
1652 5489 1844 5546 adhuc
1865 5488 2048 5561 pumi-

403 5581 648 5642 tentiam
667 5597 838 5657 agere
858 5585 960 5640 aut
979 5581 1211 5657 ignorat
1230 5585 1335 5640 aut
1353 5575 1708 5638 dissimulat.
1722 5577 1870 5648 Quid
1889 5575 2048 5636 enim

2161 4615 2466 4674 fastidiens
2498 4614 2733 4689 propria
2759 4615 2952 4673 aliena
2976 4616 3356 4690 concupiscit,
3377 4621 3437 4674 et
3464 4615 3789 4690 plerumque

2161 4704 2471 4778 concupita
2486 4704 2729 4777 adipisci
2754 4722 2868 4761 non
2887 4705 3105 4774 valens,
3119 4705 3244 4762 dies
3261 4705 3503 4778 quidem
3524 4704 3586 4761 in
3603 4703 3784 4765 otium.

2163 4799 2361 4852 noctes
2388 4811 2522 4850 vero
2567 4793 2628 4848 in
2676 4793 3059 4868 cogitationes
3087 4798 3298 4852 versat.
3331 4795 3552 4867 Torpet
3579 4793 3652 4849 ab
3681 4787 3785 4848 utili

2162 4898 2354 4956 opere,
2376 4882 2515 4955 quia
2566 4881 2846 4954 fatigatur
2893 4882 3100 4938 illicita
3149 4881 3525 4956 cogitatione.
3558 4877 3785 4938 Consilia

2163 4971 2535 5044 multiplicat,
2568 4975 2626 5026 et
2671 4971 2868 5026 sinum
2913 4971 3128 5028 mentis
3168 4971 3597 5044 cogitationum
3624 4965 3782 5026 ventis

2158 5059 2338 5115 latius
2386 5058 2684 5132 expandit.
2736 5059 3036 5116 Pervenire
3086 5060 3158 5115 ad
3208 5058 3524 5132 concupita
3573 5053 3778 5128 satagit,

2158 5151 2332 5220 atque
2355 5149 2426 5204 ad
2448 5147 2768 5204 obtinenda
2786 5147 2909 5204 haec
2925 5148 3212 5221 quosdam
3234 5147 3659 5204 secretissimos
3676 5141 3784 5200 cau-

2159 5252 2356 5292 sarum
2397 5239 2627 5292 meatus
2656 5237 2882 5308 quaarit.
2906 5237 3014 5304 Qui
3063 5253 3199 5291 mox
3247 5241 3313 5291 ut
3357 5249 3552 5292 causa
3587 5227 3780 5304 aliquid

2158 5323 2372 5380 subtile
2401 5323 2695 5380 invenisse
2733 5341 2795 5381 se
2837 5324 3108 5392 aestimat,
3132 5325 3260 5396 jam
3292 5323 3622 5381 obtinuisse
3649 5315 3781 5394 quod

2158 5411 2421 5484 cupierat
2475 5411 2763 5481 exsultat,
2811 5413 2940 5484 jam
2997 5414 3155 5486 quod
3212 5412 3392 5469 etiam
3448 5411 3664 5486 adeptas
3713 5403 3782 5462 rei

2157 5499 2441 5572 adjungat
2485 5501 2792 5574 excogitat,
2823 5507 2999 5575 atque
3028 5506 3094 5558 ut
3133 5501 3195 5558 in
3224 5501 3453 5558 meliori
3502 5503 3655 5559 statu
3697 5495 3781 5552 de-

2157 5588 2292 5647 beat
2321 5585 2503 5646 excoli
2535 5594 2874 5664 pertractat.
2895 5593 3082 5661 Quam
3113 5592 3254 5668 quia
3271 5591 3402 5666 jam
3425 5590 3594 5669 quasi
