3934 6182
411 278 524 338 8⁸14
1200 271 1583 332 HINCMARI
1627 272 1870 332 RHEM.
1917 269 2280 334 'ABCHIEP.
2327 272 2738 338 OPUSGULA
2783 276 3044 338 VARIA.
3639 285 3734 348 372

415 402 839 473 dimentis,alia
865 402 1188 458 terroribus
1205 402 1795 475 anferret,postquam
1820 401 2067 474 uequisi—
2093 403 2148 468 Α
2179 401 2529 458 habuerunt.
2564 404 2634 459 Et
2662 404 2798 462 talis
2827 410 2918 462 est
2949 406 3175 462 fructus
3201 408 3454 477 avaritiae,
3469 413 3522 466 et
3538 411 3650 469 talis
3672 428 3738 472 se“

414 495 491 550 tis
515 493 690 548 rebus
707 490 968 564 pervenit
989 491 1061 546 ad
1084 490 1624 556 desiderium,alius
1641 490 1798 546 hunc
1811 491 1976 546 dolor
1992 490 2069 544 fa-
2177 489 2381 562 quitur
2411 492 2898 550 remunerationis
2925 496 3186 551 eﬂ'ectus.
3216 497 3344 562 Qua;
3375 499 3602 570 profecto
3632 514 3734 558 ava-

417 583 584 656 tigat,
618 587 684 636 ut
713 598 849 637 cum
879 579 1132 636 sollicito
1161 579 1372 635 timore
1415 579 1712 634 custodiat
1740 581 1896 650 quod
1929 595 2063 634 cum
2176 577 2308 636 ritia
2357 580 2504 635 bene
2551 583 2962 654 compescitur,
2994 583 3045 640 si
3095 584 3216 656 ipse
3263 589 3437 641 status
3477 588 3734 646 ambientis

383 710 396 716 -ι
411 670 571 744 gravi
592 671 791 726 labore
815 667 1475 741 meminitacquisitum.
1505 667 1799 723 llincindc
1821 667 2063 724 insidia-
2173 665 2420 722 sollicite
2452 668 2873 726 consideratur.
2908 671 3054 727 Nam
3085 688 3190 726 cur
3217 673 3387 728 instet
3411 675 3474 730 ad
3516 675 3733 750 colligen-

397 759 995 830 -toresmetuit.atque
1017 757 1126 813 hoc
1149 775 1210 814 se
1231 758 1449 830 perpeti
1471 758 1625 829 quod
1649 757 1772 829 ipse
1787 755 2064 811 fecitaliis
2172 755 2337 822 dum,
2372 757 2602 828 quando
2653 763 2806 815 stare
2854 775 2968 814 non
3019 763 3209 832 potest
3253 761 3372 832 ipse
3405 761 3496 835 qui
3523 764 3734 838 colligit?

399 849 790 923 pertimescit.
813 847 1111 904 Formidat
1128 846 1510 920 potentiorem
1533 846 1802 914 alterum,
1824 864 1895 902 ne
1925 861 2059 900 eum
2170 841 2422 899 Cursum
2451 861 2587 916 ergo
2617 863 2792 902 suum
2823 848 3074 920 quisque
3103 849 3436 918 consideret,
3465 855 3518 906 et
3541 861 3732 926 cognos-

409 938 703 994 sustineat
723 935 1406 1008 violentumzpauperem
1437 952 1568 990 vero
1599 951 1736 990 cum
1751 933 2057 1006 conspicit,
2080 979 2102 993 .
2169 935 2265 986 cat
2293 931 2404 988 sibi
2435 935 2704 990 sufficere
2749 949 2930 1008 parva
2975 954 3102 1009 quae
3149 935 3320 994 habet
3349 955 3361 992 :
3405 939 3500 994 sed
3535 939 3733 998 fortasse

409 1025 748 1098 suspicatur
777 1024 1141 1095 furem.lpsa
1165 1039 1400 1095 quoque
1429 1040 1558 1095 qua
1589 1027 1868 1096 congesta
1897 1027 2056 1089 sunt,
2169 1019 2380 1076 metuit
2424 1037 2496 1078 ne
2541 1021 2602 1077 in
2651 1021 2830 1094 hujus
2877 1023 3004 1080 vitae
3055 1023 3260 1079 itinere
3303 1028 3554 1096 sumptus
3579 1025 3730 1084 desit:

408 1118 577 1170 curat
604 1129 959 1186 magnopere
989 1129 1060 1167 ne
1088 1128 1158 1167 ex
1189 1115 1410 1166 natura:
1433 1111 1678 1184 propriae
1708 1111 1934 1168 defectu
1957 1127 2062 1183 per
2091 1125 2094 1128 ‘
2167 1104 2342 1180 longa
2370 1113 2571 1166 nostra
2601 1111 2890 1166 desideria
2937 1111 3198 1184 increpat
3243 1110 3333 1167 via
3372 1111 3560 1182 brevis,
3587 1113 3732 1170 incas-

409 1202 822 1276 negligentiam
852 1206 1294 1256 consumantur.
1316 1205 1378 1256 In
1407 1199 1499 1255 his
1529 1201 1726 1272 itaque
1757 1201 2054 1268 omnibus,

405 1291 548 1364 quia
590 1290 767 1347 timor
811 1291 936 1362 ipse
989 1307 1159 1362 paena
1207 1293 1314 1357 est,
1368 1292 1532 1344 tanta
1579 1288 1778 1344 infelix
1837 1289 2059 1362 patitur

403 1386 628 1453 quanta
652 1380 773 1453 pati
808 1379 992 1434 timet.
1030 1379 1164 1434 Post
1196 1378 1303 1434 hoc
1329 1395 1560 1451 quoque
1610 1379 1680 1434 ad
1727 1379 2053 1451 gehennam

403 1467 660 1536 ducitur,
693 1466 922 1522 (sternis
953 1466 1314 1522 cruciatibus
1344 1467 1730 1538 mancipatur.
1768 1467 1914 1523 Mira
1951 1485 2054 1522 au-

401 1564 519 1613 tem
553 1561 642 1613 est
671 1556 956 1612 securitas
985 1557 1180 1612 cordis
1205 1555 1396 1611 aliena
1425 1573 1539 1611 non
1570 1573 1921 1628 qumrere,ex
1940 1573 2056 1629 qua

401 1645 669 1702 videlicet
699 1645 1008 1700 securitate
1022 1643 1198 1700 etiam
1225 1644 1495 1714 perennis
1517 1645 1746 1716 requies
1769 1645 2050 1712 nascitur,

2165 1211 2298 1250 sum
2331 1197 2519 1253 multa
2547 1203 2872 1270 portantur,
2901 1215 3036 1256 cum
3058 1201 3229 1271 juxta
3251 1204 3339 1256 est
3363 1217 3470 1272 quo
3507 1203 3729 1275 pergin».

2235 1285 2400 1341 Alius
2431 1303 2494 1342 se
2524 1287 2817 1359 tyrannidi
2844 1289 3131 1360 superbia:
3156 1288 3468 1360 subjicit,et
3490 1306 3576 1346 cor
3599 1291 3732 1348 mise-

2165 1389 2319 1440 rum,
2350 1375 2493 1430 dum
2524 1381 2728 1432 contra
2757 1377 3028 1433 homines
3057 1377 3251 1449 erigit,
3281 1376 3412 1446 vitio
3455 1379 3728 1436 substernit.

2164 1462 2462 1524 Honorum
2494 1464 2844 1521 sublimium
2870 1465 3090 1522 infulas
3120 1465 3362 1538 appetit,
3386 1462 3601 1523 exaltari
3631 1484 3730 1523 suc-

2161 1551 2428 1608 cessibus
2458 1554 3042 1627 exquirit,totumquc
3069 1555 3226 1626 quod
3243 1571 3367 1610 esse
3379 1554 3728 1612 desideratsibi

2161 1641 2318 1712 apud
2349 1641 2734 1714 semetipsum
2765 1643 2824 1698 in
2875 1642 3328 1716 cogitationibus
3357 1643 3608 1716 depingit.
3632 1643 3729 1700 Jan

401 1733 541 1806 quia
569 1733 722 1788 bona
749 1737 804 1787 et
825 1731 1142 1802 tranquilla
1163 1729 1511 1802 cogitatione
1523 1732 1594 1785 ad
1613 1731 2052 1804 gaudiaazterna
2079 1765 2128 1830 B
2161 1729 2330 1830 quasi
2362 1729 2620 1786 tribunal
2652 1731 2932 1804 possidet,
2957 1732 3084 1803 jam
3113 1731 3230 1786 sibi
3279 1747 3468 1804 parere
3509 1730 3730 1804 obsequia

400 1821 686 1878 transitur
726 1821 865 1893 (cap.
903 1821 1016 1889 26).
1069 1819 1178 1874 Sed
1231 1820 1330 1892 qui
1384 1820 1441 1874 in
1491 1824 1774 1892 potestate
1822 1821 2050 1894 positus
2079 1817 2127 1830 "
2159 1817 2556 1890 subjectorum
2585 1819 2760 1887 videt,
2785 1821 2914 1892 jam
2956 1819 3180 1876 steteris
3230 1819 3460 1888 eminet,
3483 1820 3593 1892 jam
3631 1819 3728 1876 aliis

399 1909 531 1967 aliis
560 1914 751 1976 nocet,
763 1910 1060 1981 fulgurans
1089 1908 1324 1974 dicitur,
1341 1909 1479 1980 quia
1509 1909 1663 1964 unde
1695 1909 1819 1981 ipse
1847 1915 2049 1965 contra

399 2000 584 2055 bonos
612 1997 782 2071 quasi
813 2015 882 2053 ex
911 1998 1040 2053 luce
1063 1997 1262 2070 gloria:
1281 1997 1738 2062 extollitur,inde
1759 1999 2046 2053 bonorum

396 2089 490 2143 via
517 2072 816 2142 cruciatur
843 2088 982 2158 (cap.
1014 2087 1126 2153 29).
1160 2084 1270 2152 Qui
1301 2103 1417 2158 qua
1448 2085 1669 2141 ultione
1712 2086 1790 2140 sit
1839 2086 2046 2141 ferien-

399 2177 511 2232 dus
536 2176 788 2231 dicitur:
820 2177 1127 2239 Devorabit,
1171 2173 1384 2246 inquit,
1436 2191 1561 2229 eum
1610 2177 1758 2242 ignis
1803 2177 1900 2246 qui
1935 2188 2047 2230 non

395 2265 740 2322 succenditur
767 2265 881 2337 (Job
912 2281 1004 2332 xx,
1037 2265 1129 2335 25)
1164 2279 1178 2317 :
1211 2263 1432 2335 quibus
1461 2264 1666 2335 paucis
1713 2263 1903 2320 verbis
1943 2265 2048 2320 mi-

397 2371 460 2410 ro
489 2353 656 2410 valde
689 2354 862 2410 modo
892 2368 1203 2426 expressus
1233 2356 1324 2406 est
1353 2351 1510 2424 ignis
1552 2352 1851 2424 gehennzs.
1888 2354 2046 2425 Ignis

397 2459 652 2514 namque
681 2457 1016 2513 corporeus,
1049 2444 1272 2496 utesse
1310 2440 1466 2512 ignis
1511 2439 1720 2506 valeat,
1754 2442 2045 2514 corporeis

396 2531 620 2606 indiget
654 2529 947 2586 fomentis.
981 2529 1088 2596 Qui
1119 2545 1254 2586 cum
1287 2545 1523 2586 necesse
1551 2535 1641 2585 est
1671 2534 1735 2585 ut
1761 2535 2042 2600 servetur;

395 2637 500 2694 per
525 2617 802 2692 congesta
825 2618 990 2691 ligna
1018 2617 1220 2690 procul
1253 2618 1433 2674 dubio
1465 2617 1742 2686 nutritur,
1759 2636 1864 2674 nec
1895 2620 2046 2676 valet

397 2709 508 2766 nisi
541 2725 862 2766 succensus
891 2724 1040 2774 esse,
1070 2711 1128 2763 et
1167 2707 1278 2763 nisi
1333 2707 1550 2762 refotus
1597 2707 1938 2764 subsistere.
1971 2711 2044 2764 At

395 2803 600 2856 contra
627 2797 906 2870 gehennae
932 2796 1106 2869 ignis,
1139 2813 1273 2852 cum
1307 2794 1385 2850 sit
1412 2813 1747 2868 corporeus,
1779 2802 1837 2852 et
1870 2798 1929 2852 in
1981 2816 2043 2855 se

397 2887 611 2944 missos
641 2887 916 2960 reprobos
947 2884 1328 2958 corporaliter
1355 2889 1579 2954 exurat,
1612 2902 1718 2940 nec
1745 2903 1815 2942 ex
1847 2887 2042 2943 studio

395 2975 629 3050 proprio
660 2975 1168 3040 succenditur,nec
1203 2973 1377 3046 lignis
1400 2973 1787 3039 nutritur,sed
1813 2981 2042 3030 creatus

395 3065 576 3121 semel
601 3065 774 3121 durat
803 3062 1287 3137 inextinguibilis,
1305 3067 1364 3119 et
1391 3063 1770 3120 succensione
1800 3081 1914 3120 non
1945 3065 2039 3119 in-

2158 1907 2314 1963 mala
2346 1908 2587 1982 irrogat,
2615 1909 2750 1966 aliis
2779 1909 2920 1982 quia
2948 1909 3335 1982 irrogaverint
3377 1912 3725 1980 rccompeneat.

2155 1995 2186 2050 J
2193 2012 2286 2051 am
2320 1997 2476 2068 apud
2498 1997 2881 2070 semetipsum
2901 1997 3158 2070 stipatUS
3186 1997 3392 2053 cuneis
3409 1997 3476 2053 ad
3493 1995 3727 2069 publicum

2157 2085 2436 2156 procedit,
2461 2087 2585 2158 jam
2619 2086 2836 2158 quibus
2862 2085 3164 2158 obsequiis
3184 2086 3456 2142 fulciatur
3474 2085 3726 2158 conspicit,

2155 2173 2256 2244 qui
2289 2179 2483 2229 tamen
2518 2174 2639 2229 haec
2667 2174 2932 2247 cogitans
2953 2173 3115 2230 solus
3147 2175 3504 2246 repetit.Jam
3523 2173 3618 2230 alia
3631 2190 3729 2229 caa-

2154 2261 2368 2333 culcat,
2401 2262 2516 2318 alia
2545 2262 2828 2332 sublevat,
2855 2265 2984 2334 jam
3015 2264 3088 2318 de
3117 2263 3471 2319 conculcatis
3503 2261 3729 2318 satisfecit

2153 2349 2326 2417 odiis,
2350 2353 2477 2422 jam
2507 2352 2578 2406 dc
2605 2349 2926 2408 sublevatis
2957 2351 3162 2424 recipit
3193 2351 3436 2407 favores.
3466 2350 3560 2416 Qui
3591 2349 3730 2422 igitur

2152 2443 2240 2496 tot
2283 2439 2699 2511 phantasmata
2744 2441 2904 2497 cordi
2951 2439 3268 2513 imprimit,
3299 2440 3434 2512 quid
3472 2439 3568 2496 iste
3606 2438 3730 2494 aliud

2153 2543 2330 2600 quam
2363 2529 2660 2584 somnium
2689 2528 2940 2601 vigilans
2967 2527 3150 2584 videt?
3163 2528 3316 2595 Quia
3338 2544 3468 2600 ergo
3490 2531 3568 2583 tot
3581 2541 3731 2582 rerum

2151 2633 2362 2672 causas
2393 2634 2539 2689 quas
2572 2617 2740 2690 fingit
2767 2616 2999 2684 tolerat,
3017 2616 3306 2672 nimirum
3336 2616 3734 2672 intrinsecusna-

2152 2709 2244 2759 tas
2274 2721 2344 2759 ex
2372 2704 2679 2760 desideriis
2723 2705 2928 2760 turbas
2972 2709 3182 2777 portat.
3229 2705 3437 2776 (Horat.
3469 2704 3556 2760 lib.
3585 2719 3730 2769 mur,

2151 2809 2201 2850 c.
2233 2794 2390 2862 23).«
2426 2793 2601 2860 Quasi
2631 2793 2787 2850 enim
2815 2798 3104 2868 tyrannus
3131 2794 3378 2866 quidam
3401 2794 3664 2850 obsessam
3679 2789 3733 2846 οἱ·

2147 2882 2385 2938 vitatem
2417 2882 2872 2956 intercipit,cum
2903 2887 3158 2938 mentem
3191 2882 3461 2956 superbia
3487 2879 3727 2950 irrumpit;

2149 2975 2207 3027 et
2235 2989 2352 3044 quo
2383 2971 2651 3027 ditiorem
2673 2987 2964 3044 quemque
2993 2971 3235 3042 ceperit,
3252 2987 3319 3028 eo
3347 2971 3403 3026 in
3432 2968 3638 3027 domino
3653 2967 3729 3022 dn-

2153 3060 2272 3116 rior
2297 3059 2580 3132 exsurgit,
2609 3059 2750 3131 quia
2779 3075 2896 3132 quo
2947 3059 3206 3132 amplius
3253 3077 3344 3116 res
3387 3056 3598 3116 virtutis
3633 3055 3727 3112 sine

396 3153 640 3227 diget,et
669 3154 874 3208 ardore
906 3132 1234 3208 non'caret:
1257 3151 1398 3223 quia
1426 3151 1846 3223 omnipotentis
1868 3153 2042 3223 justi-
2069 3132 2116 3200 Ο
2153 3148 2485 3206 humilitate
2513 3149 2800 3222 agitur,eo
2831 3147 3006 3204 latius
3030 3148 3145 3204 ista
3159 3142 3728 3217 dominaminouisquis

395 3243 478 3298 tia
507 3243 842 3298 futurorum
873 3241 1134 3313 praescia,
1169 3241 1241 3295 ab
1277 3239 1404 3310 ipsa
1434 3241 1637 3294 mundi
1686 3241 1910 3313 origine
1941 3258 2038 3315 ge-

394 3331 599 3386 hennae
626 3329 822 3402 ignem
853 3327 1195 3399 creavit,qui
1223 3327 1282 3382 in
1314 3345 1488 3399 poena
1517 3329 1894 3400 reproborum
1911 3346 2039 3387 esse

394 3417 574 3474 semel
606 3416 902 3489 inciperet,
937 3417 1038 3472 sed
1069 3417 1335 3471 ardorem
1369 3432 1543 3471 suum
1575 3415 1752 3472 etiam
1799 3418 1925 3473 sine
1963 3418 2036 3474 li-

393 3505 526 3579 gnis
555 3521 859 3580 nunquam
913 3505 1124 3560 ﬁniret.
1171 3503 1486 3559 Sciendum
1541 3521 1673 3561 vero
1720 3511 1830 3572 est,
1881 3508 2036 3580 quod

392 3578 596 3650 omnes
623 3578 876 3666 reprobi,
908 3592 1048 3666 quia
1074 3610 1142 3649 ex
1172 3593 1370 3648 anima
1399 3592 1578 3648 simul
1609 3598 1667 3649 et
1696 3611 1869 3650 carne
1898 3578 2038 3668 pec-

391 3686 688 3748 caverunt,
707 3678 826 3738 illic
857 3681 916 3736 in
946 3683 1144 3738 anima
1175 3681 1390 3754 pariter
1417 3686 1473 3736 et
1503 3699 1674 3738 carne
1705 3683 2041 3741 cruciantur

391 3774 533 3842 (cap.
565 3772 676 3838 30).
710 3773 894 3836 Quam
927 3769 1194 3824 videlicet
1221 3786 1454 3825 carnem
1489 3787 1622 3826 cum
1655 3772 1712 3826 in
1747 3789 2037 3829 resurrec-

389 3859 548 3914 tione
579 3858 878 3931 recipient,
911 3875 1047 3914 cum
1078 3875 1146 3914 ea
1173 3857 1452 3931 gehennae
1483 3858 1720 3932 ignibus
1751 3862 2038 3918 ardebant

391 3946 612 4002 traditi.
646 3947 717 4002 Et
747 3951 888 4002 tunc
919 3947 990 4002 ab
1035 3963 1106 4002 ea
1143 3948 1353 4002 abduci
1402 3953 1698 4021 appetent,
1729 3953 1870 4005 tunc
1907 3951 2036 4021 ejus

389 4038 682 4090 tormenta
711 4035 952 4092 evadere
985 4036 1034 4091 si
1065 4036 1362 4108 potuerint
1397 4041 1678 4108 quaerent,
1709 4041 1850 4094 tunc
1898 4037 2038 4094 inci-

390 4123 554 4197 pient
580 4123 726 4180 velle
754 4124 937 4180 vitare
967 4125 1496 4196 quod-amaverunt
1527 4143 1541 4182 :
1575 4127 1678 4182 sed
1709 4125 1849 4199 quia
1877 4144 2036 4183 eam-

391 4213 525 4270 dem
555 4229 790 4269 carnem
821 4213 938 4269 Deo
965 4213 1316 4270 contrariam
1365 4219 1707 4286 posuerunt,
1732 4217 2036 4288 judicante

389 4301 528 4371 Deo,
561 4305 787 4376 agetur,
814 4306 881 4358 ut
907 4319 978 4357 ex
1005 4317 1076 4358 ea
1103 4301 1360 4374 amplius
1389 4303 1524 4376 igne
1549 4305 1900 4360 crucientur.
1929 4306 2035 4362 Hic

389 4391 586 4464 itaque
611 4407 745 4446 eam
775 4389 1032 4462 amplius
1064 4389 1392 4463 relinquere
1423 4409 1538 4446 non
1570 4395 1926 4463 appetent,et
1945 4397 2034 4448 ta-

389 4495 522 4534 men
552 4479 628 4534 ab
655 4495 726 4535 ea
753 4478 1178 4535 abstrahuntur
1207 4495 1222 4534 :
1255 4477 1376 4534 illic
1407 4495 1535 4535 eam
1575 4478 1902 4552 relinquere
1931 4497 2031 4554 ap-

391 4571 614 4638 petunt,
648 4571 706 4622 et
733 4571 929 4622 tamen
959 4567 1020 4622 in
1049 4584 1118 4623 ea
1143 4572 1381 4640 propter
1409 4566 1700 4640 supplicia
1730 4569 2041 4624 servabun-

390 4659 508 4710 tur.
540 4655 626 4709 Ad
656 4659 1042 4728 augmentum
1075 4655 1272 4728 itaque
1299 4655 1595 4724 tormenti,
1620 4660 1678 4712 et
1707 4655 1801 4712 hic
1823 4657 1896 4713 dc
1913 4673 2038 4714 cor-

391 4759 528 4816 pore
541 4742 800 4798 nolentes
811 4743 1677 4817 educuntur,etillicincorporc
1689 4747 2041 4802 tenebuntur

391 4831 612 4899 inviti;»
645 4835 703 4886 et
732 4831 950 4903 quibus
978 4832 1254 4888 inimicus
1270 4833 1536 4906 pedicam
1569 4850 1703 4890 cum
1735 4833 1907 4906 culpa
1927 4836 2039 4891 sub

387 4919 636 4976 terrenis
665 4920 1014 4991 commodis,
1042 4925 1100 4976 et
1127 4920 1456 4994 decipulum
1491 4939 1627 4978 cum
1658 4939 1812 4992 esca,
1847 4923 1904 4978 id
1951 4928 2040 4980 est

389 5009 620 5066 lucrum
652 5025 789 5064 cum
819 5007 992 5081 culpa
1021 5013 1077 5064 et
1096 5011 1542 5082 prosperitatem
1564 5028 1699 5066 cum
1731 5011 2040 5084 iniquitate

390 5097 739 5172 posuit,illic
769 5114 1002 5170 poenam
1034 5098 1434 5156 retributionis
1463 5101 1716 5172 effugere
1748 5118 1862 5156 non
1885 5105 2040 5172 pote-

391 5192 527 5243 runt
555 5203 734 5260 quam
768 5187 1215 5244 ministrabitzet
1243 5189 1526 5262 effugium
1557 5189 1617 5244 in
1649 5187 1845 5246 dolore
1875 5206 2039 5246 cons-

389 5276 704 5350 tringente,
736 5277 808 5332 ad
859 5277 1182 5332 orationem
1229 5281 1404 5350 atque
1452 5277 1802 5349 sapientiam
1851 5278 2038 5334 oculis

389 5365 786 5437 aperientibus
832 5365 1116 5437 sapientia
1166 5365 1408 5422 minimc
1438 5365 1715 5437 proderit,
1749 5367 1889 5438 quia
1918 5367 2034 5440 hic,

390 5452 491 5507 ubi
521 5455 747 5526 operari
777 5455 1107 5510 debuerunt
1132 5459 1191 5510 et
1219 5458 1550 5526 potuerunt,
1581 5455 1859 5526 operandi
1889 5460 2034 5513 tem-

392 5556 504 5612 pus
523 5542 978 5614 amiserunt,ubi
999 5559 1034 5600 a
1051 5543 1348 5618 voluptate
1367 5541 1598 5600 clausos
1619 5543 1812 5602 cordis
1836 5545 2037 5605 oculos

2145 3255 2280 3294 vero
2301 3239 2430 3310 ejus
2451 3237 2510 3292 in
2534 3255 2596 3294 se
2614 3237 2980 3310 tyrannidem
2999 3236 3230 3310 captiva
3239 3241 3436 3294 mente
3449 3231 3724 3306 susceperit,

2147 3329 2258 3384 hoc
2287 3327 2544 3400 primum
2576 3327 2860 3382 damnum
2891 3327 3130 3398 patitur,
3161 3327 3320 3399 quod
3367 3325 3550 3382 clauso
3579 3319 3727 3378 cordis

2147 3416 2316 3472 oculo
2337 3416 2550 3488 judicii
2585 3414 2918 3488 aequitatem
2939 3415 3309 3488 perdit.Nam
3325 3418 3528 3471 cuncta
3549 3421 3656 3484 quae
3675 3409 3727 3466 ab

2147 3505 2280 3561 aliis
2309 3503 2397 3559 vel
2431 3499 2577 3560 bene
2603 3507 2892 3576 geruntur
2939 3501 3277 3574 displicent,
3303 3507 3359 3558 et
3403 3500 3519 3558 sola
3556 3498 3601 3556 ci
3627 3511 3725 3569 quc

2147 3595 2272 3666 ipse
2298 3591 2385 3648 vel
2413 3608 2584 3664 prave
2614 3591 2798 3665 egerit
2830 3591 3080 3664 placent.
3115 3592 3361 3666 Semper
3403 3589 3574 3648 aliena
3595 3600 3728 3660 opera

2148 3682 2654 3754 despicit,semper
2685 3680 2935 3736 miratur
2963 3681 3116 3752 quod
3149 3680 3292 3737 facit
3323 3697 3336 3736 :
3363 3679 3500 3754 quia
3519 3683 3574 3733 et
3597 3671 3725 3748 quid-

2147 3770 2288 3842 quid
2319 3769 2523 3842 egerit,
2555 3768 2746 3842 egisse
2777 3785 2838 3824 se
2865 3767 3246 3840 singulariter
3295 3767 3490 3834 credit,
3518 3769 3663 3837 atque
3683 3760 3724 3816 in

2145 3873 2214 3916 eo
2239 3859 2395 3931 quod
2425 3857 2658 3914 exhibet
2686 3875 2790 3930 per
2810 3857 3006 3930 gloriae
3026 3847 3723 3932 cupiditatem-,sibimeﬁpsi

2145 3948 2297 4004 favet
2326 3963 2429 4020 per
2455 3945 2890 4019 cogitationem,
2913 3950 2972 4002 et
2998 3962 3134 4002 eum
3161 3946 3224 4004 in
3256 3963 3320 4003 se
3349 3944 3562 4003 cunctis
3585 3945 3726 3997 trans-

2145 4037 2391 4092 cendere
2441 4039 2677 4092 caeteros
2723 4034 2994 4104 aestimat,
3045 4051 3150 4107 per
3197 4035 3318 4092 lata
3372 4031 3726 4108 cogitationum

2118 4113 2334 4198 nspatia
2363 4138 2562 4182 secum
2594 4122 3000 4191 deambulans,
3025 4122 3235 4182 laudes
3264 4141 3405 4181 suas
3431 4119 3620 4179 tacitus
3641 4114 3727 4173 cla-

2145 4213 2727 4284 mat.Nonnunquam
2753 4229 2890 4268 vero
2914 4213 2984 4268 ad
3021 4215 3250 4269 tantam
3280 4212 3574 4270 elationem
3601 4217 3728 4301 mea!

2145 4302 2400 4373 ducitur,
2431 4306 2497 4358 ut
2525 4301 2584 4356 in
2613 4317 2680 4358 eo
2712 4301 2868 4374 quod
2901 4305 3092 4357 tumet
3119 4302 3300 4358 etiam
3329 4318 3432 4374 per
3451 4298 3730 4356 ostentatio-

2144 4408 2278 4448 nem
2309 4389 2622 4447 locutionis
2650 4390 2983 4446 etfrenetur.
3017 4389 3130 4446 Sed
3172 4393 3338 4447 tanto
3384 4387 3560 4444 facilis
3600 4381 3732 4439 ruina

2068 4501 2115 4566 Β
2145 4480 2434 4553 sequitur,
2474 4483 2694 4551 quanto
2739 4478 2894 4550 apud
2943 4495 3007 4566 se
3055 4477 3312 4551 quisque
3357 4469 3729 4566 imprudentius

2146 4567 2454 4624 exaltatur.
2488 4567 2633 4622 Hinc
2663 4567 2818 4622 enim
2863 4565 3149 4639 scriptum
3199 4571 3291 4624 est
3321 4585 3335 4624 :
3387 4567 3516 4622 Ante
3553 4561 3730 4619 nim

2146 4657 2427 4713 excitatur
2453 4673 2546 4712 cor
2574 4657 2754 4729 (Prov.
2785 4673 2862 4724 vx,
2894 4657 3004 4724 18).
3039 4655 3181 4712 Hinc
3224 4665 3332 4729 per
3367 4651 3637 4712 Oeniden
3655 4643 3727 4700 lli-

2148 4746 2300 4802 citur
2332 4761 2346 4800 :
2379 4745 2438 4800 In
2469 4745 2602 4800 aula
2640 4744 2932 4816 Babylonis
2974 4743 3364 4800 deambulabat
3399 4759 3534 4810 rex;
3555 4749 3730 4808 τωρωι-

2145 4837 2330 4908 ditque
2356 4841 2408 4891 et
2435 4835 2516 4888 ait
2545 4852 2564 4889 :
2592 4833 2780 4890 Nonne
2806 4832 2925 4890 haec
2975 4841 3053 4890 est
3077 4835 3326 4906 Babylon
3372 4837 3584 4900 τὸδοσηα,
3606 4835 3730 4897 qm

2145 4941 2243 4993 ego
2280 4923 2554 4994 aediﬁcavi
2579 4925 2641 4978 in
2667 4921 2888 4978 domum
2913 4923 3089 4992 regni,
3121 4924 3182 4977 in
3230 4923 3422 4978 robore
3445 4909 3732 4994 Ῑονεὶιίιάέκίξ

2145 5027 2302 5082 meae,
2338 4993 2399 5068 in
2448 5013 2625 5083 gloria
2671 5010 2878 5066 decoris
2905 5012 3018 5065 mei
3035 5013 3062 5065 .9
3089 5011 3250 5078 (Dan.
3285 5023 3362 5078 1v,
3390 5009 3479 5075 26,
3508 5005 3606 5076 27).
3645 4993 3728 5054 Sed

2148 5101 2303 5157 hunc
2333 5105 2623 5156 tumorem
2655 5115 2834 5169 quam
2865 5097 3094 5154 concita
3138 5097 3400 5182 vindicta
3425 5084 3728 5182 represserat

2145 5189 2302 5246 illico
2333 5188 2620 5262 adjungit,
2661 5187 2862 5243 dicens
2895 5203 2908 5242 :
2943 5187 3180 5258 Cumque
3225 5177 3404 5243 adhuc
3437 5197 3598 5241 sermo
3631 5177 3731 5232 ϐεκί

2146 5281 2207 5334 in
2235 5295 2328 5336 ore
2359 5279 2520 5350 regis,
2541 5292 2647 5332 vox
2675 5275 2741 5331 de
2769 5275 2896 5332 caelo
2925 5277 3042 5332 ruit
3062 5295 3081 5332 :
3111 5277 3230 5331 Tibi
3257 5262 3728 5341 dicitur,Nablch0-

2143 5369 2375 5426 donosor
2411 5383 2512 5422 rear:
2541 5385 2561 5420 :
2591 5367 2833 5437 Regnum
2862 5373 3017 5421 tuum
3061 5365 3324 5421 transibit
3346 5381 3382 5420 α
3408 5371 3476 5428 te,
3503 5367 3551 5416 et
3578 5357 3638 5411 ab
3657 5353 3730 5405 λο-

2141 5458 2385 5514 minibus
2415 5462 2463 5510 te
2489 5455 2728 5526 ejicimt,
2758 5461 2810 5510 et
2835 5470 2959 5510 cum
2989 5453 3173 5510 bestiis
3198 5461 3254 5508 et
3275 5454 3415 5526 [etis
3441 5441 3730 5508 nam»

2144 5547 2222 5603 tio
2250 5553 2345 5602 tua
2373 5562 2392 5602 :
2420 5545 2612 5619 fenum
2640 5545 2798 5618 quasi
2828 5544 2917 5600 bos
2944 5542 3198 5614 conwdes,
3229 5549 3284 5602 et
3307 5548 3504 5618 septem
3533 5539 3734 5608 ιιι-ραι

3853 1439 3855 1450 ς

3853 1461 3855 1484 l

3854 1777 3855 1808 l
