3934 6182
275 367 392 425 877

1462 367 1564 428 DE
1607 366 1992 429 CAVENDIS
2039 369 2298 444 VITllS,
2348 371 2518 432 ETC.

3575 380 3694 440 878

276 515 456 572 quam
479 495 1007 571 graviteranimum
1021 497 1934 572 vesaniainstigat.Colorquippe
1961 505 2016 569 Α
2047 502 2278 574 magnis
2319 502 2674 560 clamoribus
2719 507 2874 562 rixas
2903 508 2962 561 in
2994 510 3166 564 corde
3195 512 3510 584 componit.
3545 514 3692 568 Tur-

277 586 498 662 pallore
528 585 806 652 afﬁcitur,
830 583 984 641 oculi
1017 585 1447 656 deprimuntur,
1473 603 1639 642 mens
1671 589 1934 643 accendi-

277 681 395 742 tur,
419 679 476 730 et
496 675 762 730 membra
785 674 1141 746 frigescunt:
1168 675 1232 729 ﬁt
1254 675 1311 729 in
1336 676 1684 748 cogitatione
1717 677 1927 745 rabies,

274 765 337 821 in
361 764 640 820 dentibus
669 763 904 818 stridor.
930 763 1193 836 Cumque
1224 765 1281 818 in
1314 764 1553 820 latebris
1583 766 1775 821 cordis
1805 783 1928 822 cre-

277 871 448 910 scens
469 851 852 909 absconditur
871 853 1094 922 odium,
1119 853 1317 909 dolore
1340 870 1488 909 caeco
1507 855 1762 910 terebrat
1791 871 1928 910 con-

276 941 585 1000 scientiam
619 941 832 998 vulnus
872 941 1190 998 inclusum.
1225 941 1317 998 Nil
1349 943 1544 998 laetum
1578 945 1647 999 de
1678 943 1930 1017 propriis

275 1031 437 1098 libet,
472 1031 613 1104 quia
641 1032 1040 1087 tabescentem
1079 1036 1336 1088 mentem
1359 1048 1468 1087 sua
1485 1049 1657 1104 poena
1680 1033 1926 1101 sauciat,

273 1134 454 1190 quam
487 1117 736 1174 felicitas
767 1122 998 1190 torquet
1026 1117 1234 1174 aliena.
1268 1121 1614 1192 Quantaque
1665 1119 1927 1176 extranei

274 1205 468 1279 operis
489 1206 548 1262 in
572 1205 757 1262 altum
781 1205 1002 1262 fabrica
1012 1207 1250 1278 jacitur,
1279 1211 1442 1262 tanto
1475 1207 1926 1264 fundamentum

275 1295 495 1351 mentis
527 1293 713 1350 lividae
741 1293 1091 1367 profundius
1123 1295 1454 1362 sulfoditur,
1487 1300 1550 1351 ut
1580 1313 1695 1369 quo
1725 1296 1822 1352 alii
1853 1299 1926 1354 ad

273 1383 518 1440 meliora
541 1388 874 1456 properant,
900 1400 966 1438 eo
990 1383 1120 1456 ipsa
1143 1384 1400 1442 deterius
1428 1391 1580 1441 ruat.
1605 1391 1729 1453 Qua
1759 1386 1928 1442 ruina

269 1471 542 1529 videlicet
561 1473 738 1528 etiam
759 1471 904 1527 illud
928 1471 1269 1540 destruitur,
1295 1474 1449 1546 quod
1473 1475 1530 1530 in
1555 1475 1687 1530 aliis
1699 1475 1928 1530 actibus

253 1561 528 1636 perfecto
572 1577 745 1634 opere
787 1561 1112 1618 surrexisse
1161 1564 1496 1635 putabatur.
1531 1565 1678 1620 Nam
1709 1564 1928 1620 invidia

271 1668 406 1707 cum
430 1655 687 1706 mentem
710 1650 1070 1719 tabefeccrit,
1096 1657 1306 1708 cuncta
1325 1669 1453 1724 quae
1477 1653 1761 1708 invenerit
1781 1655 1928 1710 bene

251 1743 438 1813 ‘gesta
465 1738 780 1796 consumit.
805 1739 968 1796 Unde
993 1741 1140 1796 bene
1165 1757 1270 1812 per
1284 1741 1654 1798 Salomonem
1679 1743 1922 1800 dicitur:

278 1831 398 1886 Vita
427 1831 685 1884 carnium
711 1830 922 1885 sanitas
951 1829 1150 1895 cordis,
1177 1830 1402 1902 putredo
1449 1833 1652 1886 ossium
1713 1833 1928 1888 invidia

269 1920 456 1986 (Prov.
489 1935 602 1985 xiv,
634 1917 746 1988 30).
779 1916 928 1984 Quid
984 1917 1141 1974 enim
1193 1934 1297 1990 per
1335 1935 1591 1988 carnem,
1626 1921 1739 1976 nisi
1771 1920 1928 1976 inﬁr-

271 2023 374 2062 ma
403 2006 672 2078 quaedam
703 2022 769 2062 ac
798 2010 1018 2074 tenera,
1041 2015 1098 2063 et
1128 2007 1266 2078 quid
1299 2024 1404 2078 per
1432 2025 1586 2076 ossa,
1614 2009 1727 2064 nisi
1756 2010 1928 2065 fortia

268 2101 405 2152 acta
424 2095 736 2167 signantur
753 2095 781 2150 ?
801 2095 872 2150 Et
892 2093 1243 2167 plerumque
1269 2097 1574 2169 contingit,
1603 2104 1665 2153 ut
1685 2099 1926 2171 quidam

269 2201 407 2240 cum
439 2200 574 2239 vera
603 2183 795 2239 cordis
838 2182 1174 2240 innocentia
1206 2185 1264 2238 in
1297 2185 1598 2242 nonnullis
1628 2187 1752 2242 suis
1783 2188 1926 2243 acti-

265 2273 384 2329 bus
416 2272 634 2327 inftrmi
668 2271 996 2340 videantur,
1029 2272 1271 2344 quidam
1310 2291 1442 2329 vero
1483 2276 1610 2346 jam
1657 2277 1924 2348 qumdam

263 2366 404 2417 ante
415 2361 704 2416 humanos
716 2361 916 2416 oculos
929 2362 1169 2416 robusta
1179 2365 1608 2430 exerceant,sed
1627 2369 1822 2420 tamen
1843 2383 1928 2421 er-

267 2465 346 2522 ga
366 2448 616 2506 aliorum
639 2449 793 2504 bona
813 2449 972 2504 intus
987 2448 1216 2505 invidiae
1242 2451 1575 2524 pestilentia
1600 2456 1922 2511 tabescunt.

265 2539 424 2594 Bene
453 2555 560 2611 ego
591 2537 807 2595 dicitur
839 2555 852 2593 :
891 2538 1007 2594 Vita
1033 2540 1289 2594 carnium
1315 2542 1524 2596 sanitas
1555 2542 1754 2608 cordis,
1787 2542 1929 2614 quia

267 2626 320 2682 si
350 2626 566 2682 mentis
599 2625 932 2682 innocentia
971 2627 1317 2693 custoditur,
1349 2629 1525 2684 etiam
1557 2629 1606 2684 si
1639 2647 1757 2702 qua
1786 2629 1927 2685 foris

269 2714 510 2770 infirma
529 2715 649 2770 sint
670 2715 1021 2787 quandoque
1055 2715 1426 2772 roborantur.
1452 2718 1520 2772 Et
1543 2723 1693 2773 recte
1724 2719 1924 2773 subdi-

271 2807 390 2870 tur,
421 2803 658 2860 Putredo
685 2805 889 2860 ossium
919 2803 1156 2875 invidia,
1191 2793 1331 2876 quia
1361 2823 1463 2877 per
1492 2805 1688 2862 livoris
1718 2806 1924 2862 vitium

272 2897 409 2948 ante
431 2890 532 2948 Dei
553 2891 755 2948 oculos
775 2897 1022 2964 pereunt
1043 2893 1217 2948 etiam
1259 2893 1430 2950 fortia
1461 2898 1590 2950 acta
1617 2895 1923 2950 virtutum.

271 2980 422 3036 Ossa
451 2979 668 3054 quippe
697 2997 802 3054 per
828 2980 1110 3037 invidiam
1155 2985 1487 3054 putrescere
1515 2987 1624 3050 est,
1657 2985 1926 3056 quaedam

268 3069 451 3126 etiam
486 3069 726 3126 robusta
755 3069 1038 3142 deperire.
1070 3071 1180 3126 Sed
1212 3087 1318 3126 cur
1348 3070 1468 3126 haec
1494 3073 1564 3127 de
1595 3071 1816 3128 invidia
1845 3073 1928 3127 di-

273 3157 488 3226 cimus,
523 3157 716 3214 sinon
746 3159 922 3214 etiam
962 3157 1212 3230 qualiter
1251 3164 1492 3214 eruatur
1538 3159 1928 3217 intimemus?

2044 590 2178 644 bam
2205 589 2402 663 itaque
2432 591 2526 648 hic
2556 592 2719 650 intus
2750 594 3020 664 sustinet,
3055 613 3229 668 quem
3263 600 3491 670 pondus
3520 601 3692 656 vehe-

2041 693 2206 734 mens
2253 678 2627 736 intlammatze
2678 682 3050 754 cogitationis
3096 686 3326 756 premit.
3361 690 3588 753 Quanta
3615 689 3694 745 sit

2041 781 2175 838 ergo
2210 767 2523 824 iracundia:
2557 771 2730 842 culpa
2759 789 3204 844 pensemus,per
3224 790 3402 846 quam
3425 793 3691 832 mansue-

2037 856 2180 910 tudo
2202 857 2785 932 amittitur,supernaa
2799 860 3076 935 imaginis
3088 860 3416 917 similitudo
3428 863 3684 920 vitiatur.

2039 942 2146 998 Per
2173 943 2320 1000 iram
2352 947 2641 1018 sapientia
2669 948 2952 1020 perditur,
2988 954 3053 1004 ut
3083 949 3224 1022 quid
3265 965 3449 1022 quove
3485 952 3688 1007 ordine

2037 1033 2333 1104 agendum
2365 1034 2443 1090 sit
2470 1035 2710 1091 omnino
2738 1036 3054 1104 nesciatur,
3079 1037 3232 1094 sicut
3258 1038 3544 1112 scriptum
3576 1044 3684 1106 est,

2036 1122 2126 1176 Ira
2160 1124 2218 1176 in
2247 1124 2378 1178 sinu
2419 1125 2580 1180 stulti
2607 1127 2898 1198 requiescit
2927 1125 3118 1198 (Eccle.
3141 1144 3242 1193 vn,
3281 1129 3389 1198 10),
3425 1128 3564 1200 quia
3592 1128 3685 1184 ni-

2037 1209 2255 1266 mirum
2286 1211 2680 1286 intelligentiee
2711 1213 2901 1268 lucem
2934 1215 3247 1284 subtrahit,
3263 1232 3398 1272 cum
3430 1221 3688 1273 mentem

2037 1301 2429 1368 promovendo
2461 1302 2784 1358 confundit.
2803 1301 2908 1358 Per
2939 1303 3084 1358 iram
3114 1303 3233 1358 vita
3261 1303 3689 1374 amittitur,ctsi

2037 1387 2326 1458 sapientia
2375 1389 2557 1444 teneri
2608 1389 2890 1457 videatur,
2926 1389 3080 1446 sicut
3111 1390 3396 1464 scriptum
3428 1398 3518 1448 est
3548 1409 3562 1448 :
3597 1395 3690 1450 Ira

2031 1475 2213 1547 perdit
2233 1478 2399 1532 etiam
2424 1478 2736 1548 prudentes,
2757 1479 2893 1551 quia
2909 1479 3131 1548 scilicet
3157 1479 3438 1536 confusus
3453 1483 3688 1538 animus

2037 1581 2407 1636 nequaquam
2435 1567 2828 1638 explet-,etiam
2847 1567 2896 1624 si
2923 1568 3063 1640 quid
3097 1567 3418 1642 intelligere
3441 1571 3690 1641 pruden-

2036 1657 2124 1706 ter
2152 1652 2322 1708 valet.
2359 1654 2464 1709 Per
2494 1655 2640 1710 iram
2685 1655 2920 1727 justitia
2953 1656 3326 1729 relinquitur,
3361 1657 3514 1714 sicut
3544 1659 3686 1715 scri-
3752 1698 3762 1704 -

2035 1745 2201 1811 ptum
2237 1746 2324 1797 est
2359 1759 2370 1798 :
2405 1744 2495 1798 Ira
2524 1746 2635 1800 viri
2652 1745 2932 1816 justitiam
2980 1746 3078 1800 Dei
3123 1762 3235 1800 non
3264 1754 3520 1818 operatur
3549 1749 3682 1819 (Jac.

2037 1829 2204 1896 1,20),
2241 1831 2380 1902 quia
2411 1831 2552 1887 dum
2583 1833 2816 1889 turbata
2846 1850 3014 1888 mens
3037 1833 3331 1906 judicium
3361 1835 3479 1890 sua:
3507 1835 3684 1892 ratio-

2038 1917 2131 1974 nis
2161 1925 2481 1991 exasperat,
2513 1937 2686 1976 omne
2717 1923 2868 1994 quod
2905 1921 3134 1978 fortiter
3161 1923 3442 1995 suggerit,
3457 1928 3682 1979 rectum

2035 2010 2220 2078 putat.
2255 2007 2362 2063 Per
2388 2007 2536 2064 iram
2567 2011 2756 2083 gratia
2783 2011 2912 2066 vita:
2943 2011 3176 2066 socialis
3209 2011 3516 2080 amittitur,
3533 2012 3686 2068 sicut

2035 2095 2322 2166 scriptum
2351 2101 2440 2152 est
2471 2114 2484 2152 :
2528 2099 2654 2154 Noli
2698 2115 2813 2154 esse
2859 2100 3114 2154 assiduus
3159 2115 3284 2154 cum
3315 2099 3538 2156 homine
3567 2103 3687 2156 ira-

2033 2183 2230 2254 cundo,
2261 2201 2331 2239 ne
2377 2185 2554 2240 discas
2608 2189 2830 2242 semitas
2888 2188 3026 2258 ejus,
3059 2195 3111 2242 et
3137 2203 3322 2242 sumas
3365 2187 3688 2243 scandalum

2035 2273 2244 2328 anima:
2273 2281 2378 2328 tua:
2405 2275 2588 2341 (Prov.
2609 2277 2846 2343 xxu,24)
2880 2292 2892 2329 :
2928 2275 3067 2347 quia
3096 2275 3197 2347 qui
3227 2292 3290 2331 se
3323 2293 3393 2331 ex
3426 2275 3688 2333 humana

2035 2358 2257 2418 ratione
2275 2377 2387 2416 non
2409 2366 2714 2434 temperat,
2733 2379 2968 2418 necesse
2989 2367 3078 2418 est
3101 2368 3163 2418 ut
3183 2363 3507 2420 bestialiter
3525 2364 3688 2422 solus

2032 2447 2207 2502 vivat.
2234 2447 2340 2502 Per
2361 2449 2506 2504 iram
2539 2450 2851 2506 concordia
2876 2451 3192 2524 rumpitur,
3217 2451 3376 2508 sicut
3401 2453 3686 2526 scriptum

2035 2540 2126 2590 est
2155 2553 2169 2592 :
2208 2537 2299 2592 Vir
2324 2539 2605 2593 animosus
2632 2541 2784 2610 parit
2814 2541 3053 2606 rixas,et
3080 2541 3168 2594 vir
3195 2539 3496 2596 iracundus
3513 2541 3688 2614 effun-

2034 2624 2115 2679 dit
2141 2634 2362 2696 peccata
2394 2629 2574 2696 (Prov.
2597 2645 2712 2695 xvr,
2734 2629 2846 2699 21).
2872 2628 3196 2684 Iracundus
3213 2629 3430 2702 quippe
3448 2635 3687 2702 peccata

2034 2713 2303 2780 ctt‘undit,
2336 2715 2475 2785 quia
2505 2715 2681 2770 etiam
2712 2715 2898 2771 malos
2929 2732 3076 2788 quos
3105 2717 3337 2772 incaute
3367 2719 3438 2772 ad
3469 2718 3687 2774 discor-

2037 2802 2193 2856 diam
2227 2809 2501 2874 provocat
2532 2804 2756 2874 pejores
2789 2803 2946 2858 facit.
2987 2804 3093 2858 Per
3118 2803 3266 2858 iram
3296 2804 3396 2860 lux
3423 2805 3683 2862 veritatis

2035 2889 2346 2958 amittitur,
2380 2890 2532 2946 sicut
2560 2891 2847 2962 scriptum
2878 2897 3005 2946 est:
3037 2892 3130 2946 Sol
3157 2908 3268 2947 non
3297 2892 3506 2948 occidat
3521 2910 3686 2965 super

2035 2979 2385 3034 iracundiam
2431 2987 2666 3034 vestram
2708 2979 2922 3050 (Ephes.
2958 2996 3034 3046 ιν,
3066 2979 3196 3051 26):
3230 2979 3368 3051 quia
3396 2997 3531 3036 cum
3562 2981 3684 3037 ira-

2037 3067 2256 3122 cundia
2311 3067 2488 3122 mcnti
2550 3067 2912 3123 confusionis
2969 3068 3242 3124 tenebras
3287 3067 3514 3139 incutit,
3549 3069 3686 3126 huic

2037 3155 2190 3210 Deus
2222 3155 2452 3211 radium
2487 3173 2605 3211 suae
2647 3147 2996 3228 cognitionis
3042 3157 3368 3213 abscondit.
3403 3157 3508 3214 Per
3536 3159 3684 3216 iram

273 3245 523 3302 Difficile
546 3263 802 3318 namque
823 3252 911 3302 est
932 3252 998 3302 ut
1019 3247 1127 3303 hoc
1149 3247 1314 3303 alteri
1341 3265 1454 3302 non
1477 3247 1752 3320 invideat,
1773 3251 1926 3322 quod
1955 3233 1999 3300 C
2038 3245 2223 3299 sancti
2269 3245 2524 3316 Spiritus
2585 3242 2862 3316 splendor
2909 3243 3240 3300 excluditur
3270 3261 3285 3301 :
3317 3263 3434 3318 quo
3461 3251 3684 3318 contra,

271 3335 523 3408 adipisci
567 3335 712 3391 alter
756 3341 988 3408 exoptat
1019 3354 1032 3392 :
1067 3337 1206 3408 quia
1265 3337 1550 3409 quidquid
1611 3338 1927 3410 temporale
2027 3334 2200 3403 juxta
2229 3336 2516 3388 vetustam
2547 3331 3016 3399 translationem,
3055 3333 3340 3406 scriptum
3371 3339 3492 3390 est:
3515 3336 3690 3407 Super

269 3424 616 3497 percipitur,
651 3429 812 3480 tanto
845 3426 910 3479 ﬁt
936 3425 1135 3480 minus
1166 3425 1436 3498 singulis,
1470 3431 1686 3498 quanto
1719 3427 1925 3482 dividi-

269 3517 368 3569 tur
386 3511 451 3568 in
476 3511 679 3568 multis
704 3530 718 3568 :
742 3518 799 3568 et
819 3513 1034 3570 idcirco
1059 3513 1451 3570 desiderantis
1482 3521 1737 3570 mentem
1782 3514 1928 3570 livor

267 3601 584 3668 excruciat,
605 3601 745 3673 quia
773 3601 881 3658 hoc
916 3601 1070 3674 quod
1104 3602 1345 3674 appetit,
1365 3606 1466 3657 aut
1497 3602 1760 3657 funditus
1779 3601 1928 3657 alter

269 3688 569 3762 accipiens
617 3688 846 3756 adimit,
879 3695 982 3746 aut
1025 3708 1058 3746 a
1089 3691 1416 3764 quantitate
1465 3691 1782 3763 restringit.
1817 3691 1923 3757 Qui

268 3793 408 3852 ergo
429 3776 630 3834 livoris
653 3782 816 3850 peste
833 3777 1003 3852 plene
1039 3796 1234 3836 carere
1268 3779 1580 3848 desiderat,
1615 3779 1776 3835 illam
1807 3779 1924 3834 hae-

267 3867 580 3924 reditatem
611 3865 840 3940 diligat,
873 3884 1052 3940 quam
1081 3869 1448 3924 cohaeredum
1493 3885 1777 3923 numerus
1807 3885 1924 3923 non

268 3960 586 4030 angustat:
611 3973 738 4028 qua:
755 3961 812 4013 et
827 3957 1104 4013 omnibus
1129 3975 1248 4013 una
1261 3961 1368 4022 est,
1388 3960 1446 4012 et
1474 3955 1724 4029 singulis
1753 3959 1875 4012 tota
1907 3973 1920 4012 :

266 4061 398 4118 qua
429 4048 594 4101 tanto
624 4043 841 4117 largior
869 4045 1222 4112 ostenditur,
1257 4049 1474 4117 quanto
1507 4045 1577 4100 ad
1611 4044 1762 4100 hanc
1793 4061 1923 4117 per-

266 4134 616 4208 cipientium
645 4133 962 4192 multitudo
994 4134 1294 4192 dilatatur.
1328 4134 1668 4190 Imminutio
1694 4150 1830 4206 ergo
1859 4132 1926 4188 li-

263 4223 424 4280 voris
448 4227 542 4280 est
589 4225 832 4280 affectus
889 4240 1138 4297 surgens
1192 4225 1432 4280 internae
1491 4222 1837 4290 dulcedinis,
1869 4225 1927 4278 et

265 4311 446 4384 plena
465 4327 626 4368 mors
651 4312 780 4384 ejus
801 4317 889 4368 est
911 4313 1201 4386 perfectus
1224 4329 1389 4368 amor
1407 4309 1923 4368 aeternitatisNam

270 4417 409 4455 cum
428 4416 598 4456 mens
622 4400 694 4458 ab
717 4400 896 4474 hujus
917 4401 1000 4456 rei
1019 4401 1278 4473 appetitu
1309 4400 1645 4468 retrahitur,
1669 4417 1796 4472 quae
1828 4416 1924 4455 ac-

265 4487 614 4562 cipientium
637 4506 882 4546 numero
903 4489 1176 4564 partitur,
1199 4493 1362 4544 tanto
1379 4487 1568 4560 magis
1591 4489 1922 4560 proximum

2035 3437 2211 3492 quem
2239 3423 2536 3492 requiescet
2580 3422 2814 3492 spiritus
2863 3438 3036 3488 meus,
3067 3423 3187 3477 nisi
3210 3439 3374 3495 super
3403 3423 3687 3493 humilem,

2033 3519 2084 3565 et
2114 3511 2378 3582 quietum,
2411 3521 2462 3567 et
2492 3519 2806 3568 trementem
2853 3527 3126 3567 sermones
3153 3528 3278 3568 suos
3303 3517 3326 3568 Ρ
3351 3513 3498 3568 Cum
3529 3513 3688 3570 enim

2035 3598 2316 3655 humilem
2341 3599 2580 3672 diceret,
2603 3599 2866 3672 quietum
2891 3600 3158 3672 protinus
3179 3601 3685 3680 adjunxit.Siergo

2032 3687 2120 3743 ira
2140 3689 2397 3760 quietem
2429 3687 2644 3744 mentis
2674 3687 2991 3759 subtrahit,
3015 3706 3184 3744 suam
3209 3694 3410 3746 sancto
3440 3689 3686 3762 Spiritui

2034 3777 2452 3834 habitationem
2485 3778 2744 3834 claudit:
2779 3778 2950 3849 cujus
2981 3778 3308 3834 recessione
3337 3779 3571 3835 animus
3595 3796 3688 3837 va-

2032 3883 2180 3924 cuus
2201 3867 2272 3922 ad
2296 3872 2557 3940 apertam
2584 3884 2717 3922 mox
2737 3867 3029 3944 insaniam
3061 3867 3382 3936 ducitur,et
3407 3885 3595 3941 usque
3611 3869 3684 3924 ad

2033 3956 2405 4027 superﬁciem
2419 3957 2492 4011 ab
2511 3955 2720 4011 intimo
2741 3955 3162 4027 cogitationum
3175 3956 3557 4013 fundamento
3573 3957 3689 4014 dis-

2033 4043 2226 4113 sipatu
2237 4043 2337 4097 r.N
2343 4059 2436 4097 am
2452 4043 2548 4096 ira:
2566 4059 2684 4096 suae
2706 4041 2962 4098 stimulis
2979 4057 3292 4098 accensum
3305 4058 3404 4098 cor
3413 4041 3682 4114 palpitat,

2033 4147 2244 4202 corpus
2275 4129 2495 4196 tremit,
2530 4128 2734 4202 lingua
2764 4146 2826 4185 se
2852 4128 3154 4202 praepedit,
3185 4128 3363 4184 facies
3415 4128 3682 4199 ignescit,

2033 4223 2454 4290 exasperantur
2481 4217 2656 4286 oculi,
2688 4220 2746 4272 et
2776 4232 3148 4289 nequaquam
3191 4221 3689 4292 recognoscuntur

2034 4306 2292 4363 noti.0re
2323 4306 2564 4379 quidem
2591 4305 2907 4371 clamorem
2939 4304 3282 4372 format,sed
3313 4319 3525 4360 sensus
3542 4304 3684 4378 quid

2033 4396 2292 4469 loquitur
2320 4397 2570 4468 ignorat.
2607 4396 2671 4451 In
2701 4411 2814 4468 quo
2866 4394 3062 4466 itaque
3111 4393 3221 4448 iste
3261 4393 3334 4449 ab
3365 4392 3686 4466 arreptitiis

2031 4485 2202 4559 longe
2233 4489 2340 4553 est,
2373 4484 2474 4558 qui
2505 4483 2752 4540 actionis
2782 4500 2901 4538 suae
2933 4481 3206 4538 conscius
3236 4499 3352 4538 non
3379 4481 3506 4559 est?
3525 4481 3688 4540 Unde

265 4557 484 4651 diligit,
515 4581 739 4650 quanto
770 4557 966 4634 minus
997 4593 1066 4633 ex
1087 4577 1349 4650 profectu
1386 4557 1542 4632 illius
1573 4557 1681 4631 sua
1709 4577 1926 4632 damna
1957 4599 2004 4664 Β
2035 4576 2100 4630 fit
2129 4557 2595 4664 plerumque,gut
2625 4589 2812 4664 usque
2841 4572 2914 4628 ad
2960 4588 3174 4664 manus
3204 4571 3290 4628 ira
3318 4557 3604 4644 prosiliat,
3631 4577 3690 4629 et

265 4667 636 4739 pertimescit
667 4683 681 4723 :
718 4683 847 4739 qua:
879 4667 928 4722 si
963 4668 1216 4740 perfecte
1255 4665 1315 4720 in
1367 4683 1625 4721 amorem
1674 4665 1927 4722 cmlestis

265 4754 472 4826 patriae
504 4755 754 4827 rapitur,
789 4755 958 4827 plene
1006 4755 1184 4810 etiam
1218 4755 1278 4810 in
1323 4753 1572 4826 proximi
1621 4753 1929 4808 dilectione

266 4843 560 4899 solidatur
587 4859 601 4899 :
635 4843 775 4915 quia
803 4861 939 4900 cum
971 4842 1135 4899 nulla
1167 4848 1396 4899 terrena
1437 4842 1748 4909 desiderat,
1783 4840 1929 4896 nihil

265 4935 359 4988 est
380 4931 540 5004 quod
566 4931 696 5002 ejus
718 4948 856 5004 erga
883 4931 1215 5005 proximum
1245 4929 1515 4986 charitati
1549 4931 1926 4987 contradicat.

266 5006 725 5085 Quaenimirum
757 5020 1018 5076 cbaritas
1039 5021 1180 5092 quid
1203 5023 1293 5076 est
1313 5019 1470 5074 aliud
1503 5035 1681 5090 quam
1716 5019 1929 5073 mentis

264 5108 501 5176 oculus,
534 5108 638 5181 qui
669 5109 718 5165 si
759 5111 976 5166 terreni
1025 5109 1241 5165 amoris
1275 5107 1510 5181 pulvere
1539 5107 1824 5180 tangitur,
1857 5109 1928 5163 ab

263 5195 517 5254 internae
548 5196 702 5254 lucis
732 5214 868 5253 mox
897 5198 1114 5254 intuitu
1145 5197 1320 5254 laesus
1356 5195 1832 5253 reverberatur?»

337 5285 506 5344 Alius
529 5287 628 5343 ira
651 5304 715 5344 se
747 5287 1006 5344 dominio
1047 5286 1282 5343 stravit:
1304 5285 1510 5358 ecquid
1535 5285 1592 5340 in
1616 5287 1786 5340 corde
1817 5283 1930 5340 nisi

254 5375 468 5449 jurgia
486 5376 667 5432 etiam
691 5392 819 5448 qua:
841 5376 1057 5432 desunt
1077 5374 1352 5448 peragit?
1377 5374 1478 5429 Hic
1501 5390 1652 5446 smpe
1683 5389 1932 5446 praesen-

260 5469 355 5521 tes
388 5481 508 5520 non
542 5464 718 5532 videt,
754 5463 1098 5520 absentibus
1131 5463 1500 5529 contradicit,
1535 5463 1690 5517 inter
1719 5466 1929 5518 semet-

255 5553 468 5626 ipsum
490 5551 882 5610 contumelias
903 5555 1123 5626 profert
1135 5556 1194 5606 et
1216 5551 1450 5622 recipit:
1469 5551 1715 5622 receptis
1736 5553 1931 5606 autem

263 5629 484 5703 durius
512 5641 852 5718 respondet,
881 5644 941 5702 et
983 5656 1119 5700 cum
1167 5639 1269 5715 qui
1307 5637 1499 5697 obviet
1528 5638 1726 5697 nullus
1757 5637 1930 5715 adsit,

2037 4681 2153 4735 quo
2185 4662 2330 4718 ratio
2362 4661 2594 4735 longius
2615 4660 2852 4728 recedit,
2875 4659 3154 4716 audacior
3173 4664 3483 4734 exsurgat:
3509 4678 3689 4734 seque

2036 4751 2233 4824 ipsum
2257 4751 2506 4806 retinere
2527 4749 2760 4805 animus
2783 4767 2894 4806 non
2919 4749 3088 4818 valet,
3115 4749 3254 4822 quia
3273 4749 3465 4806 factus
3485 4755 3574 4806 est
3593 4767 3690 4823 po-

2038 4839 2266 4896 testatis
2298 4839 2580 4908 ulienm,et
2611 4855 2676 4895 eo
2711 4839 2872 4894 luror
2901 4840 3167 4894 membra
3197 4840 3352 4896 foras
3381 4837 3442 4894 in
3473 4838 3690 4894 ictibus

2037 4929 2362 5001 exerit,qu0
2385 4928 2543 4984 intus
2574 4929 2764 5001 ipsam
2788 4929 3188 4983 membrorum
3213 4927 3511 4984 dominam
3534 4942 3692 4982 men-

2037 5022 2154 5072 tem
2188 5017 2476 5088 captivam
2508 5021 2687 5072 tenet.
2720 5017 3048 5090 Aliquando
3081 5021 3279 5072 autem
3325 5032 3539 5072 manus
3573 5031 3690 5069 non

2037 5105 2345 5170 exerit,sed
2363 5107 2421 5160 in
2443 5105 2871 5162 maledictionis
2894 5105 3162 5178 jaculum
3198 5104 3460 5176 linguam
3489 5103 3688 5158 vertit.

2039 5195 2256 5250 Fratris
2283 5211 2536 5266 namque
2568 5195 2870 5250 interitum
2905 5195 3176 5267 precibus
3197 5191 3473 5264 exposcit,
3498 5195 3556 5246 et
3582 5189 3691 5247 hoc

2039 5283 2222 5338 Deum
2255 5287 2587 5356 perpetrare
2610 5283 3009 5356 expetit,quod
3033 5282 3154 5352 ipse
3185 5296 3492 5352 perversus
3513 5279 3690 5336 homo

2041 5373 2226 5428 facere
2275 5372 2362 5427 vel
2413 5371 2642 5440 metuit,
2675 5371 2764 5428 vel
2797 5371 3110 5427 erubescit.
3146 5369 3352 5441 Fitque
3381 5373 3446 5424 ut
3474 5373 3605 5424 voto
3635 5373 3694 5425 et

2038 5477 2177 5516 voce
2199 5459 2580 5516 homicidium
2603 5465 2866 5533 peragat,
2889 5458 3067 5514 etiam
3089 5473 3224 5514 cum
3247 5474 3280 5514 a
3302 5457 3538 5514 laesione
3568 5475 3696 5530 pro-

2041 5548 2181 5604 ximi
2204 5549 2476 5606 manibus
2489 5547 3031 5620 cessat.Aliquando
3043 5546 3132 5602 ira
3143 5547 3483 5620 perturbato
3495 5547 3694 5614 animo

2043 5637 2214 5718 quasi
2255 5656 2325 5697 ex
2346 5638 2572 5717 judicio
2623 5635 2924 5696 silentium
2953 5635 3181 5711 indicit,
3214 5641 3273 5696 et
3301 5653 3416 5715 quo
3447 5628 3510 5696 se
3537 5637 3694 5699 foras
