3934 6182
293 359 416 430 879

1074 359 1451 437 HINCMARI
1499 360 1743 424 RHEM.
1790 357 2150 420 ARGHIEP.
2199 360 2608 425 OPUSCULA
2651 363 2918 424 VARIA.

3575 359 3686 426 880

297 506 400 564 per
428 489 690 562 linguam
719 507 835 546 non
865 493 1154 564 exprimit,
1186 493 1346 548 intus
1391 494 1642 549 deterior
1675 491 1940 566 ignescit,
1973 491 2028 555 Α
2055 495 2113 545 et
2137 491 2422 564 quidquid
2456 511 2570 551 non
2600 495 2911 551 accesserit
2934 493 3165 568 lucrum
3193 496 3378 568 putet.
3395 492 3690 555 Secundus

297 571 364 634 ut
380 578 566 651 iratus
586 578 838 652 quisque
860 579 1302 636 eollocutionem
1337 599 1504 651 suam
1530 581 1790 654 proximo
1813 580 1948 635 sub-

296 667 508 733 trahat,
544 671 602 724 et
631 666 776 722 nihil
807 668 1051 723 dicendo
1082 686 1260 742 quam
1297 669 1373 725 sit
1403 686 1640 725 aversus
1671 669 1845 723 dicat.
1877 669 1946 724 Et

297 771 725 826 nonnunquam
756 755 876 811 hmc
909 756 1123 811 silentii
1155 759 1431 814 severitas
1471 755 1790 829 disciplinae
1823 757 1945 812 dis-

293 843 696 918 pensationem
728 845 898 918 gerit,
919 845 965 900 si
996 850 1193 900 tamen
1225 847 1470 902 sollicite
1495 847 1554 902 in
1587 845 1814 901 intimis
1832 845 1947 902 dis-

293 933 652 992 cretionibus
707 933 894 990 forma
949 939 1234 992 teneatur.
1296 935 1727 1008 Nonnunquam
1787 951 1943 1000 vero,

294 1024 436 1099 dum
459 1039 742 1080 accensus
763 1022 999 1079 animus
1020 1041 1056 1079 a
1075 1027 1356 1080 consueta
1385 1023 1678 1080 locutione
1711 1023 1946 1082 restrin-

291 1113 472 1186 gitur,
496 1129 600 1186 per
629 1128 931 1168 accessum
961 1112 1245 1184 temporis
1275 1111 1511 1185 penitus
1533 1130 1566 1168 a
1587 1111 1832 1185 proximi
1857 1112 1942 1166 di-

292 1200 537 1259 lectione
561 1205 886 1276 separatur,
920 1205 977 1256 et
1005 1200 1256 1256 acriores
1302 1200 1522 1256 stimuli
1569 1203 1640 1257 ad
1687 1204 1940 1256 mentem

290 1289 748 1362 veniunt,causze
761 1306 993 1362 quoque
1006 1307 1133 1362 qua:
1146 1289 1384 1361 gravius
1396 1289 1833 1362 exasperantori
1845 1307 1918 1346 un
1930 1321 1948 1332 ο

293 1383 590 1452 tur,atque
618 1378 679 1435 in
710 1379 841 1437 irati
874 1378 1042 1434 oculo
1076 1379 1298 1434 festuca
1329 1379 1386 1434 in
1419 1379 1645 1434 trabem
1676 1379 1940 1445 vertitur,

291 1471 432 1527 dum
453 1469 543 1528 ira
563 1468 622 1526 in
641 1467 843 1524 odium
868 1471 1255 1540 permutatur.
1275 1466 1621 1539 Plerumque
1643 1467 1728 1523 ira
1748 1484 1851 1540 per
1871 1467 1945 1522 si-

290 1558 539 1630 lentium
563 1555 763 1612 clausa
783 1555 937 1610 intra
961 1562 1216 1612 mentem
1238 1555 1945 1626 vehementiusaestuat,et

291 1647 582 1712 clamosae
595 1643 772 1703 tacita
790 1661 960 1701 voces
983 1645 1302 1701 format.Ve
1310 1645 1412 1700 rba
1424 1645 1535 1700 sibi
1549 1663 1624 1718 qu
1634 1645 1764 1700 ibus
1777 1663 1940 1701 exas-

290 1733 1079 1812 peraturobjicit,ctquasiin
1105 1751 1293 1789 causae
1321 1733 1587 1790 examine
1603 1735 1814 1806 posita,
1841 1735 1944 1790 du-

290 1825 414 1882 rius
444 1826 785 1898 exasperata
827 1823 1162 1895 respondet,
1195 1823 1348 1894 quod
1384 1822 1660 1879 Salomon
1693 1823 1944 1879 breviter
1972 1859 2020 1924 Β

289 1915 552 1974 insinuat
583 1911 784 1970 dicens
816 1927 830 1966 :
864 1912 1204 1969 Prwstolatio
1245 1914 1541 1984 impiorum
1567 1915 1726 1984 furor
1755 1913 1935 1985 (Prov.

288 2021 367 2070 xx,
393 2001 509 2074 23).
543 2000 754 2074 Sicque
785 2000 852 2055 ﬁt
878 2003 941 2056 ut
969 2001 1349 2072 perturbatus
1391 2000 1626 2056 animus
1658 2002 1939 2073 majorem

289 2091 600 2169 strepitum
633 2088 694 2146 in
725 2105 831 2145 suo
863 2088 1094 2146 silentio
1125 2090 1358 2156 sentiat,
1375 2106 1507 2145 cum
1540 2107 1674 2145 eum
1704 2089 1940 2163 gravius

289 2181 489 2248 clausa
511 2179 752 2236 ﬂamma
772 2177 1256 2234 consumit.Unde
1268 2179 1414 2234 bene
1425 2183 1560 2234 ante
1579 2196 1686 2234 nos
1699 2196 1730 2251 q
1742 2178 1936 2235 uidam

289 2269 525 2348 sapiens
555 2267 702 2324 dixit
733 2285 746 2324 :
779 2266 1174 2340 Cogitationes
1223 2267 1489 2323 iracundi
1530 2268 1771 2340 vipercze
1801 2272 1942 2324 sunt

289 2358 717 2438 generationes,
749 2361 1008 2413 mentem
1068 2357 1384 2412 comedunt
1437 2361 1683 2414 matrem
1745 2375 1935 2414 suam.

290 2446 606 2507 Sciendum
639 2463 772 2502 vero
801 2449 891 2501 est
917 2446 1074 2516 quod
1131 2443 1447 2501 nonnullos
1495 2445 1582 2502 ira
1626 2447 1804 2502 citius
1843 2463 1938 2502 ac-

291 2535 508 2604 cendit,
535 2533 769 2594 facilius
813 2535 1030 2590 deserit
1061 2550 1074 2589 :
1109 2533 1423 2590 nonnullos
1453 2551 1584 2592 vero
1615 2535 1778 2592 tarde
1808 2535 1940 2609 qui-

291 2625 426 2684 dem
455 2627 802 2691 commovet,
827 2623 927 2678 sed
959 2622 1166 2678 durius
1197 2627 1375 2679 tenet.
1399 2623 1509 2678 Alii
1541 2641 1818 2696 namque,
1852 2641 1942 2679 ac-

290 2703 484 2782 censis
514 2712 758 2768 calamis
787 2711 1032 2780 similes,
1067 2713 1207 2768 dum
1247 2713 1488 2770 vocibus
1541 2717 1934 2787 perstrepunt,

290 2801 462 2878 quasi
494 2802 780 2878 quosdam
813 2801 1176 2858 accensionis
1206 2819 1325 2858 suae
1355 2802 1585 2858 sonitus
1634 2802 1888 2858 reddunt
1921 2819 1934 2856 :

291 2877 466 2960 citius
507 2877 746 2966 quidem
798 2890 1098 2948 flammam
1148 2890 1395 2956 faciunt,
1430 2891 1530 2946 sed
1582 2889 1848 2962 protinus
1877 2889 1938 2946 in

291 2981 552 3050 favillam
583 2980 926 3055 frigescunt.
959 2979 1069 3035 Alii
1117 2985 1334 3050 autem,
1367 2979 1544 3053 lignis
1572 2978 1938 3052 gravioribus

289 3070 743 3147 durioribusque
763 3085 881 3124 non
905 3068 1188 3140 dispares,
1213 3067 1617 3124 aceensionem
1641 3067 1790 3124 tardi
1813 3083 1942 3122 sus-

289 3159 536 3237 cipiunt,
559 3158 664 3214 sed
681 3157 908 3214 accensi
933 3157 1114 3212 semel
1136 3157 1227 3212 dif
1226 3156 1438 3212 {icilius
1459 3155 1936 3228 exstinguuntur,

2053 583 2249 635 autem
2281 584 2574 638 servandae
2608 582 3079 638 mansuetudinis
3111 583 3321 640 modus
3349 585 3539 650 est,ut
3565 599 3690 654 cum

2053 667 2274 725 alienos
2305 687 2578 728 excessus
2609 671 2951 744 aspicimus,
2986 676 3186 728 nostra
3233 670 3452 744 quibus
3477 671 3538 731 in
3572 670 3695 730 aliis

2053 759 2411 814 excessimus
2458 759 2674 816 delicta
2704 760 3050 833 cogitemus.
3081 759 3460 816 Considerata
3488 760 3696 833 quippe

2053 845 2268 903 infirmi
2281 851 2366 902 tas
2379 847 2614 920 propria
2633 847 2788 904 mala
2807 847 2976 904 nobis
2996 851 3238 904 excusat
3257 845 3697 918 aliena.Patieg-

2054 937 2143 990 ter
2169 952 2420 1007 namque
2449 935 2673 994 illatam
2705 936 2985 1010 injuriam
3035 935 3263 1003 tolerat,
3298 935 3400 1008 qui
3438 933 3699 1007 meminit

2053 1024 2208 1096 quod
2233 1025 2478 1082 fortasse
2499 1025 2690 1082 adhuc
2711 1011 2928 1082 habeat
2952 1025 3010 1080 in
3035 1041 3150 1101 quo
3183 1025 3394 1082 debeat
3424 1024 3551 1096 ipse
3569 1023 3697 1087 tole-

2052 1110 2189 1166 rari.
2213 1111 2284 1166 Et
2304 1111 2470 1183 quasi
2494 1129 2647 1186 aqua
2667 1112 2826 1185 ignis
2847 1110 3406 1185 exstinguitur,cum
3427 1115 3698 1185 surgente

2054 1199 2245 1255 furore
2267 1201 2445 1256 animi
2473 1218 2580 1257 sua
2599 1201 2810 1274 cuique
2823 1203 2893 1258 ad
2908 1205 3166 1258 mentem
3186 1201 3360 1274 culpa
3377 1205 3692 1269 revocatur.

2051 1288 2190 1361 quia
2218 1289 2509 1346 erubescit
2539 1296 2773 1362 peccato
2805 1309 2918 1348 non
2951 1307 3206 1364 parcere,
3227 1290 3327 1363 qui
3357 1290 3444 1346 vel
3478 1290 3598 1346 Deo
3619 1289 3697 1348 vel

2052 1376 2314 1450 proximo
2345 1395 2496 1452 εωρο
2527 1379 2730 1435 recolit
2759 1381 3052 1452 parcenda
3082 1396 3374 1452 peccasse.

2123 1467 2234 1522 Sed
2267 1467 2420 1522 inter
2457 1467 2578 1522 haec
2618 1467 2860 1524 solerter
2908 1468 3213 1524 sciendum
3261 1473 3371 1537 est,
3401 1467 3561 1540 quod
3595 1467 3698 1524 alia

2051 1560 2140 1613 est
2169 1557 2254 1612 ira
2283 1573 2460 1629 quam
2493 1557 2864 1629 impatientia
2893 1557 3124 1624 excitat,
3157 1557 3272 1613 alia
3323 1573 3502 1632 quam
3544 1556 3696 1614 zelus

2051 1646 2281 1702 format.
2319 1645 2423 1701 Illa
2453 1661 2520 1704 ex
2547 1645 2708 1712 vitio,
2741 1645 2863 1702 haec
2893 1663 2962 1702 ex
3009 1646 3226 1703 virtute
3275 1649 3618 1720 generatur.
3645 1645 3698 1702 Si

2051 1735 2208 1790 enim
2249 1732 2410 1790 nulla
2431 1735 2517 1790 ira
2537 1752 2606 1790 ex
2624 1735 2840 1791 virtute
2871 1739 3156 1808 surgeret,
3191 1735 3398 1790 divinae
3429 1734 3696 1792 animad-

2049 1823 2335 1879 versionis
2356 1823 2640 1896 impetum
2663 1823 2910 1880 Pbinees
2932 1839 3036 1896 per
3057 1823 3322 1896 gladium
3347 1839 3461 1880 non
3485 1823 3700 1898 placas-

2049 1916 2156 1968 set.
2181 1911 2340 1968 Hanc
2363 1911 2508 1968 iram
2535 1911 2672 1984 quia
2695 1911 2820 1968 Heli
2852 1929 2968 1968 non
2998 1911 3223 1980 habuit,
3244 1915 3471 1968 motum
3503 1917 3701 1968 contra

2048 2018 2112 2056 se
2141 1999 2587 2074 implacabiliter
2623 2016 2889 2073 superna:
2946 1999 3190 2058 ultionis
3233 1999 3524 2057 excitavit.
3557 2001 3696 2056 Nam

2049 2107 2165 2162 quo
2187 2094 2388 2146 contra
2417 2089 2787 2147 subditorum
2820 2089 2961 2146 vitia
2989 2089 3281 2164 tepuit,eo
3311 2093 3517 2146 contra
3535 2087 3697 2146 illum

2049 2179 2335 2234 districtio
2393 2179 2592 2234 (sterni
2651 2178 2894 2235 rectoris
2951 2179 3185 2235 exarsit.
3219 2179 3300 2234 De
3331 2177 3440 2234 hac
3471 2178 3564 2236 ira
3606 2194 3699 2256 per

2050 2267 2423 2326 Psalmistam
2483 2267 2742 2332 dicitur:
2789 2269 3104 2339 Irascimini
3157 2275 3208 2324 et
3255 2268 3425 2323 nolite
3479 2282 3698 2342 peccare

2047 2359 2221 2426 (Psul.
2252 2376 2328 2426 v1,
2355 2357 2432 2429 3).
2479 2357 2644 2426 Quod
2693 2357 2975 2414 nimirum
3008 2375 3124 2414 non
3153 2362 3308 2414 recte
3337 2355 3696 2433 intelligunt,

2049 2445 2147 2518 qui
2179 2445 2351 2502 irasci
2383 2463 2490 2502 nos
2522 2445 2690 2502 nobis
2720 2447 3274 2513 tantummodo,non
3303 2446 3483 2503 etiam
3515 2444 3700 2518 proxi-

2048 2533 2162 2590 mis
2194 2533 2670 2606 delinquentibus
2700 2534 2990 2592 volunt.Si
3011 2534 3168 2592 enim
3199 2535 3284 2590 sic
3311 2534 3615 2610 proximos
3636 2537 3698 2590 ut

2047 2640 2155 2680 nos
2187 2639 2384 2680 amare
2411 2623 2806 2696 prmeipimur,
2839 2627 3020 2692 restat
3050 2628 3114 2680 ut
3144 2623 3228 2680 sic
3258 2639 3462 2680 eorum
3493 2639 3696 2679 erran-

2048 2712 2208 2768 tibus
2230 2712 2385 2768 sicut
2405 2711 2622 2768 nostris
2643 2711 2803 2769 vitiis
2823 2711 3255 2770 irascamur.De
3273 2713 3386 2768 hac
3403 2729 3508 2786 per
3537 2710 3696 2768 Salo-

2047 2819 2284 2858 monem
2315 2801 2530 2856 dicitur
2561 2817 2574 2856 :
2606 2801 2796 2858 Melior
2850 2809 2928 2858 est
2976 2804 3066 2860 ira
3111 2803 3231 2858 risu
3259 2801 3456 2871 (Eccle.
3487 2817 3598 2868 vn,
3627 2801 3698 2873 5),

2047 2891 2188 2966 quia
2215 2907 2318 2964 per
2347 2891 2649 2948 tristitiam
2678 2889 2878 2946 vultus
2907 2891 3219 2964 corrigitur
3238 2891 3478 2948 animus
3507 2889 3694 2948 delin-

2048 2979 2302 3052 quentis.
2336 2979 2416 3036 De
2444 2979 2554 3036 hac
2583 2979 2797 3036 iterum
2829 2978 3141 3037 Psalmista
3167 2979 3252 3036 ait
3285 2995 3298 3036 :
3337 2979 3703 3036 Turbamus:

2041 3085 2166 3144 pra:
2213 3071 2300 3126 ira
2347 3071 2536 3126 oculus
2591 3085 2744 3125 mu:
2803 3068 2973 3142 (Psal.
3005 3085 3083 3136 VI,
3114 3067 3191 3140 8).
3225 3068 3316 3126 Ira
3346 3067 3565 3144 quippe
3601 3082 3698 3142 per

2045 3158 2253 3214 vitium
2285 3158 2522 3216 oculum
2547 3157 2764 3214 mentis
2783 3157 3143 3228 excaecat,ira
3164 3161 3360 3232 autem
3383 3173 3488 3231 per
3505 3157 3698 3222 zelum

288 3225 605 3323 etwquiasc
635 3245 862 3302 tardius
891 3247 951 3300 in
983 3245 1356 3316 asperitatem
1390 3225 1704 3312 concitant,
1722 3244 1936 3301 furoris
1959 3225 2008 3309 Cn
2045 3247 2555 3322 turbatzquiaquo
2572 3246 2780 3302 saltem
2798 3245 2938 3302 recti
2957 3225 3326 3302 aemulatione
3339 3225 3697 3314 concutitur,

289 3336 383 3393 sui
413 3334 624 3406 durius
651 3334 848 3408 ignem
879 3339 1130 3390 servant.
1149 3334 1262 3388 Alii
1295 3339 1514 3403 autem,
1534 3335 1688 3407 quod
1721 3339 1811 3392 est
1844 3353 1937 3392 ne-

289 3423 488 3498 quius,
509 3427 567 3480 et
585 3423 761 3482 citius
783 3422 1098 3478 iracundiae
1129 3422 1398 3478 ﬂammas
1429 3423 1806 3497 accipiunt,et
1825 3429 1938 3480 tar-

289 3512 424 3572 dius
441 3511 1048 3586 deponunt.Nonnulli
1070 3528 1204 3568 vero
1217 3511 1324 3568 has
1334 3516 1390 3568 et
1401 3512 1566 3568 tarde
1583 3513 1934 3586 suscipiunt,

288 3605 348 3658 et
388 3600 568 3666 citius
616 3601 918 3658 amittunt.
953 3601 1016 3657 In
1075 3599 1290 3674 quibus
1347 3600 1630 3657 nimirum
1685 3607 1940 3674 quatuor

289 3689 484 3760 modis
513 3691 738 3764 liquido
764 3689 943 3746 lector
973 3690 1256 3762 agnoscit,
1290 3689 1428 3763 quia
1455 3694 1513 3746 et
1539 3691 1613 3746 ad
1643 3691 1934 3763 tranquil-

289 3778 473 3846 litatis
504 3779 727 3836 bonum
758 3777 1006 3834 ultimus
1028 3777 1163 3850 plus
1185 3795 1360 3851 quam
1382 3781 1611 3852 primus
1631 3779 1938 3852 appropin~

288 3870 452 3941 quat,
475 3871 533 3927 et
562 3867 624 3924 in
655 3865 809 3924 malo
839 3867 1080 3940 quidem
1101 3869 1426 3924 secundum
1446 3869 1656 3926 tertius
1677 3875 1934 3943 superat.

287 3955 400 4024 Sed
431 3955 572 4029 quid
604 3957 842 4031 prodest
870 3957 1027 4029 quod
1043 3955 1347 4014 iracundia
1367 3958 1658 4029 quomodo
1678 3962 1937 4016 mentem

285 4048 481 4116 teneat
509 4045 784 4116 dicimus,
815 4045 863 4102 si
895 4063 1012 4102 non
1043 4046 1220 4104 etiam
1251 4047 1503 4118 qualiter
1531 4048 1823 4120 compesci
1845 4049 1940 4106 de-

287 4133 424 4194 beat
438 4133 878 4207 exprimamus?
898 4134 1138 4190 Duobus
1159 4134 1375 4191 etenim
1398 4135 1589 4192 modis
1612 4136 1796 4193 fracta
1810 4153 1940 4209 pos-

287 4222 480 4280 sidere
510 4223 776 4282 animum
811 4223 898 4280 ira
926 4223 1238 4280 desuescit.
1268 4223 1498 4280 Primus
1524 4224 1739 4298 quippe
1757 4229 1940 4294 est,ut

286 4327 454 4380 mens
487 4311 759 4380 sollicita,
789 4315 1110 4384 antequam
1141 4327 1312 4384 agere
1360 4313 1645 4385 quidlibet
1671 4313 1934 4387 incipiat,

284 4416 490 4458 omnes
519 4399 631 4466 sibi
663 4417 810 4474 quas
840 4401 962 4474 pati
994 4405 1188 4474 potest
1209 4402 1598 4458 contumelias
1626 4407 1931 4474 proponat,

287 4493 576 4560 quatenus
607 4489 1016 4562 Redemptoris
1045 4489 1134 4545 sui
1169 4489 1381 4562 probra
1409 4491 1696 4564 cogitans,
1731 4493 1804 4548 ad
1834 4493 1934 4548 ad-

2045 3354 2116 3392 ea
2140 3353 2266 3410 quae
2295 3336 2408 3393 nisi
2431 3334 2746 3409 tranquillo
2767 3335 2939 3391 corde
2959 3334 3176 3408 percipi
3197 3351 3315 3391 non
3337 3338 3537 3408 potest
3563 3353 3698 3408 con-

2043 3425 2348 3501 templatio
2368 3424 2848 3500 dissipatur.lpse
2863 3441 3118 3496 namque
3130 3423 3290 3480 zelus
3302 3423 3696 3491 rectitudinis,

2047 3516 2186 3590 quia
2213 3514 2625 3589 inquietudine
2664 3517 2923 3570 mentem
2953 3513 3153 3588 agitat,
3186 3513 3318 3586 ejus
3345 3529 3482 3570 mox
3511 3513 3696 3584 aciem

2046 3605 2345 3671 obscurat,
2360 3607 2427 3659 ut
2449 3602 2658 3660 altiora
2689 3603 2748 3658 in
2779 3603 3171 3659 commotione
3193 3619 3308 3658 non
3333 3601 3553 3670 videat,
3571 3617 3698 3676 qua

2047 3695 2192 3752 bene
2222 3693 2386 3766 prius
2411 3691 2732 3766 tranquilla
2760 3692 3052 3748 cernebat.
3085 3691 3199 3748 Sed
3246 3690 3384 3746 inde
3413 3691 3696 3756 subtilius

2046 3785 2119 3840 ad
2151 3783 2270 3839 alta
2297 3781 2780 3849 reducitur,unde
2811 3781 2882 3836 ad
2913 3785 3148 3854 tempus
3178 3795 3252 3838 ne
3277 3778 3477 3840 videat
3505 3795 3696 3841 rever-«-

2048 3874 2304 3930 beratur.
2338 3871 2484 3927 Nam
2517 3870 2647 3944 ipsa
2675 3869 2816 3926 recti
2847 3869 3142 3924 simulatio
3171 3874 3388 3940 aeterna
3403 3874 3544 3942 post
3561 3885 3700 3943 pau-

2038 3961 2236 4018 lulum
2258 3959 2318 4016 in
2349 3949 2837 4032 tranquillitatem
2866 3956 3089 4031 largius
3111 3956 3458 4031 aperit,quaa
3486 3957 3588 4013 hic
3615 3957 3699 4015 iur

2045 4051 2228 4118 terim,
2246 4065 2350 4122 per
2379 4047 2834 4106 commotionem
2859 4045 3167 4118 claudit,et
3193 4045 3351 4102 unde
3380 4061 3551 4118 mens
3579 4049 3700 4105 tun-

2045 4141 2222 4196 batur
2242 4155 2314 4197 ne
2332 4135 2688 4204 videat,inde
2705 4134 2937 4208 proficit
2965 4137 3030 4191 ut
3059 4133 3130 4190 ad
3161 4133 3485 4190 videndum
3503 4133 3696 4193 verius

2043 4225 2506 4294 clarescat,sicut
2533 4223 2858 4282 infirmanti
2887 4222 3055 4281 oculo
3085 4239 3219 4280 cum
3250 4222 3559 4296 collyrium
3583 4222 3696 4278 im-

2047 4317 2320 4384 mittitur,
2350 4314 2452 4371 lux
2510 4313 2745 4386 penitus
2804 4316 3066 4381 necatur,
3097 4311 3201 4370 sed
3233 4310 3370 4368 inde
3401 4327 3532 4370 eam
3559 4314 3698 4385 post

2044 4403 2354 4484 paululum
2397 4403 2680 4460 veraciter
2726 4401 2952 4474 recipit,
2987 4402 3144 4458 unde
3171 4401 3328 4462 hanc
3355 4401 3428 4459 ad
3461 4405 3699 4474 tempus

2045 4493 2359 4554 salubriter
2389 4491 2946 4564 amittiLNunquam
2975 4506 3110 4546 vero
3141 4489 3526 4548 commotioui
3553 4505 3696 4558 cou-

285 4591 455 4644 versa
473 4577 778 4669 toleranda
795 4580 1315 4669 sepraaparetﬂuze
1341 4578 1623 4636 nimirum
1644 4581 1936 4638 venientia
1964 4597 2012 4669 Ι)
2042 4581 2344 4656 templatio
2366 4579 2660 4653 jungitur,
2693 4595 2801 4669 nec
2831 4579 3109 4669 prawalet
3141 4595 3310 4669 mens
3353 4579 3699 4669 perturbata

285 4671 450 4730 tanto
509 4665 720 4722 fortius
775 4665 1011 4738 excipit,
1041 4671 1260 4738 quanto
1307 4685 1370 4724 se
1419 4669 1654 4726 cautius
1686 4685 1755 4725 ex
1783 4685 1932 4742 prm-

286 4754 534 4824 scientia
563 4755 829 4811 armavit.
865 4755 972 4822 Qui
1021 4755 1178 4812 enim
1223 4757 1588 4830 improvidus
1630 4759 1701 4814 ab
1732 4759 1932 4816 adver-

285 4845 459 4912 sitate
489 4843 1144 4918 deprehenditur,quasi
1171 4847 1242 4902 ab
1274 4847 1438 4903 hoste
1471 4847 1768 4904 dormiens
1786 4847 1936 4904 inve-

285 4933 725 5006 nitur,eumque
755 4933 932 4990 citius
960 4933 1236 4991 inimicus
1257 4939 1444 5004 necat,
1469 4935 1608 5008 quia
1631 4954 1746 4992 non
1770 4953 1938 5009 repu-

285 5028 568 5098 gnantem
599 5024 874 5096 perforat.
908 5023 1056 5080 Nam
1087 5023 1189 5096 qui
1241 5024 1398 5080 mala
1437 5025 1809 5082 imminentia
1832 5042 1936 5098 per

285 5112 746 5172 sollicitudinem
776 5116 1080 5184 prmnotat,
1113 5112 1356 5170 hostiles
1387 5113 1660 5171 incursus
1681 5114 1850 5188 quasi
1872 5115 1934 5170 in

283 5203 518 5260 insidiis
544 5201 797 5274 vigilans
828 5206 1142 5273 exspectat,
1165 5207 1222 5257 et
1239 5201 1375 5259 inde
1405 5203 1478 5259 ad
1506 5203 1809 5260 victoriam
1828 5221 1932 5262 va-

282 5291 470 5358 lenter
497 5289 844 5362 accingitur,
877 5291 1033 5348 unde
1081 5290 1348 5348 nesciens
1379 5291 1734 5364 deprehendi
1761 5296 1931 5365 puta-

283 5379 476 5447 batur.
509 5378 761 5446 Soleﬂer
783 5394 920 5452 ergo
951 5379 1184 5436 animus
1217 5385 1353 5436 ante
1379 5379 1626 5436 actionis
1657 5397 1776 5436 suae
1807 5381 1932 5453 pri-

286 5467 516 5534 mordia
541 5472 752 5536 cuncta
780 5469 956 5525 debet
999 5469 1242 5525 adversa
1285 5467 1575 5536 meditari,
1606 5472 1672 5524 ut
1701 5485 1934 5543 semper

436 5555 963 5630 cogitans,semper
989 5560 1192 5613 contra
1222 5555 1344 5612 haec
1374 5555 1610 5612 thorace
1639 5557 1930 5630 patientiae

285 5642 575 5715 muniWS,
607 5647 666 5702 et
689 5645 978 5718 quidquid
1011 5645 1324 5706 accesserit
1358 5645 1633 5721 providus
1673 5652 1928 5723 superet,

2041 4671 2377 4746 conspicere
2405 4670 2476 4727 ad
2512 4669 2667 4742 quod
2695 4668 2789 4724 vix
2833 4667 3155 4741 tranquilla
3207 4667 3360 4724 valet
3413 4667 3646 4725 inhiare
3678 4683 3694 4722 :

2043 4762 2184 4835 quia
2201 4777 2308 4818 nec
2331 4758 2472 4816 solis
2493 4758 2695 4814 radius
2717 4757 2998 4826 cernitur,
3021 4773 3158 4813 cum
3179 4761 3486 4814 commotae
3505 4755 3700 4813 nubes

2042 4850 2171 4908 caeli
2195 4850 2402 4906 faciem
2425 4848 2728 4904 obducunt
2743 4865 2757 4915 ;
2771 4863 2877 4904 nec
2899 4846 3171 4903 turbatus
3184 4846 3315 4904 fons
3326 4841 3699 4919 respicientis

2041 4939 2360 5013 imaginem
2381 4937 2776 5008 reddit,quam
2795 4935 3154 5008 tranquillus
3169 4935 3402 5010 proprie
3412 4931 3695 5002 ostendit,

2041 5027 2183 5102 quia
2201 5044 2317 5100 quo
2339 5027 2469 5098 ejus
2492 5025 2651 5082 unda
2669 5024 2939 5097 palpitat,
2959 5040 3027 5082 eo
3045 5024 3110 5081 in
3132 5041 3196 5081 se
3216 5024 3468 5098 speciem
3485 5021 3700 5090 simili-

2041 5117 2265 5174 tudinis
2295 5115 2708 5172 obscurat.Sed
2727 5131 2862 5170 cum
2895 5130 2999 5187 per
3027 5113 3216 5170 zelum
3247 5113 3484 5183 animus
3502 5126 3700 5168 move-

2042 5212 2159 5277 tur,
2184 5205 2512 5262 curandum
2552 5217 2924 5275 summopere
2945 5206 3056 5272 est,
3079 5219 3154 5259 ne
3171 5201 3295 5258 haec
3310 5201 3534 5268 eadem,
3559 5214 3696 5272 qua

2041 5295 2433 5352 instrumento
2443 5291 2678 5348 virtutis
2688 5289 3324 5360 assumitur,mentiira
3335 5288 3693 5358 dominetur,

2041 5400 2115 5440 ne
2143 5382 2315 5456 quasi
2342 5380 2582 5438 domina
2605 5382 2838 5453 praeeat,
2863 5380 2966 5437 sed
2996 5379 3158 5436 velut
3184 5377 3400 5438 ancilla
3427 5377 3500 5442 ad
3523 5377 3701 5438 obse-

2040 5471 2246 5545 quium
2279 5474 2502 5544 parata,
2535 5486 2570 5525 a
2600 5468 2846 5525 rationis
2892 5472 3056 5543 tergo
3095 5484 3403 5544 nunquam
3433 5463 3695 5530 recedat.

2041 5561 2204 5617 Tunc
2242 5559 2402 5616 enim
2451 5557 2752 5614 robustius
2811 5562 3013 5614 contra
3060 5557 3202 5616 vitia
3248 5555 3519 5630 exigitur,
3547 5568 3702 5624 cum

2040 5649 2277 5717 subdita
2301 5647 2512 5710 rationi
2537 5645 2875 5706 famulatur.
2900 5646 3048 5706 Nam
3067 5642 3704 5722 quanuzmlibctiraex
