3934 6182
313 307 426 371 881

1495 309 1596 372 DE
1641 289 2028 371 CAVENDIS
2070 307 2326 384 VITIIS,
2375 310 2546 374 ETG.

3603 311 3724 385 882

309 437 434 502 zelo
483 439 855 500 rectitudinis
913 443 1136 516 surgat,
1169 440 1219 500 si
1263 440 1646 501 immoderate
1700 445 1955 500 mentem
1987 441 2044 512 Α
2073 441 2168 502 sit.
2201 443 2366 501 Unde
2396 445 2657 519 praecipit
2687 446 2972 507 Dominus
3002 453 3066 508 ut
3095 450 3339 526 gibbum
3369 441 3646 526 tolerans,
3662 453 3722 514 id

307 529 530 600 vicerit,
565 529 776 588 rationi
807 531 1074 604 protinus
1105 531 1320 588 servire
1351 533 1692 602 contemnit,
1717 537 1776 589 et
1795 537 1958 589 tanto

309 639 374 678 se
403 619 804 694 impudentius
855 618 1082 688 dilatat,
1113 625 1334 693 quanto
1378 621 1754 695 impatientia:
1799 622 1960 679 virus

305 709 584 766 virtutem
617 712 802 782 putat.
827 709 992 766 Unde
1021 725 1258 765 necesse
1278 715 1369 767 est
1391 714 1456 766 ut
1475 711 1584 767 hoc
1605 715 1740 768 ante
1761 712 1960 768 omnia

275 855 281 859 .
307 799 410 872 qui
439 796 560 854 zelo
589 797 958 854 rectitudinis
986 803 1251 854 movetur
1280 801 1562 870 attendat,
1591 817 1662 856 ne
1683 801 1772 856 ira
1799 804 1960 856 extra

305 885 522 944 mentis
550 887 882 943 dominium
909 889 1206 955 transeat;
1242 887 1344 944 sed
1375 887 1436 943 in
1467 887 1689 944 ultione
1737 887 1957 962 peccati

303 980 540 1048 tempus
570 975 930 1048 modumque
972 975 1374 1043 considerans,
1405 980 1741 1049 surgentem
1773 976 1956 1032 animi

303 1063 806 1138 perturbationem
837 1062 1114 1120 subtilius
1160 1065 1568 1136 pertractando
1617 1064 1952 1138 restringat,

305 1153 742 1210 animositatem
809 1151 1109 1225 reprimat,
1169 1157 1228 1208 et
1283 1157 1476 1209 motus
1539 1153 1789 1209 fervidos
1845 1153 1955 1210 sub

305 1242 580 1314 aequitate
623 1241 918 1314 disponat,
952 1241 1018 1296 ut
1063 1257 1131 1296 eo
1170 1241 1272 1296 ﬁat
1294 1241 1515 1313 justior
1545 1240 1700 1298 ultor
1727 1241 1955 1299 alienus

306 1345 422 1404 quo
451 1328 616 1403 prius
647 1329 866 1386 exstitit
893 1329 1077 1385 victor
1106 1347 1251 1386 suus
1282 1347 1296 1384 :
1331 1335 1624 1402 quatenus
1646 1330 1730 1387 sic
1751 1331 1954 1404 culpas

305 1417 773 1492 delinquentium
801 1417 1076 1491 corrigat,
1108 1421 1174 1473 ut
1215 1420 1349 1474 ante
1395 1417 1520 1491 ipse
1569 1418 1669 1492 qui
1718 1419 1956 1494 corrigit

303 1517 410 1583 per
436 1507 777 1583 patientiam
809 1511 1052 1574 crescat,
1087 1510 1154 1562 ut
1198 1507 1480 1563 fervorem
1531 1525 1707 1564 suum
1755 1513 1952 1566 trans-

303 1597 604 1654 cendendo
660 1595 958 1668 dijudicet,
1009 1611 1082 1650 ne
1135 1594 1592 1667 intemperanter
1646 1595 1950 1665 excitatus,

301 1687 432 1761 ipso
475 1685 597 1742 zelo
644 1683 1012 1742 rectitudinis
1043 1683 1212 1756 longe
1244 1701 1278 1740 a
1306 1683 1656 1741 rectitudine
1701 1686 1950 1743 aberret.

300 1775 590 1844 Quoniam
622 1773 724 1846 qui
753 1773 1136 1877 semetipsum
1171 1771 1332 1844 prius
1373 1789 1488 1829 non
1526 1773 1774 1845 judicat,
1809 1774 1952 1846 quid
1978 1795 2029 1877 Β

299 1863 527 1922 malum
578 1865 732 1919 recte
776 1861 1006 1934 judicet
1055 1861 1307 1934 ignorat,
1343 1866 1400 1918 et
1427 1862 1477 1920 si
1509 1863 1669 1919 novit
1706 1863 1954 1920 fortasse

297 1965 407 2028 per
454 1951 722 2010 auditum
771 1951 926 2024 quod
978 1955 1132 2006 recte
1173 1951 1443 2022 judicare
1484 1952 1712 2020 debeat,
1753 1957 1951 2009 tamen

284 2042 562 2116 judicare
592 2039 783 2098 aliena
825 2039 1034 2096 merita
1083 2055 1200 2095 non
1246 2039 1415 2109 valet,
1450 2041 1545 2098 cui
1592 2041 1951 2100 conscientia

291 2128 644 2187 innocentia
675 2127 921 2202 propriae
952 2126 1176 2183 nullam
1191 2127 1401 2200 judicii
1425 2129 1686 2203 regulam
1711 2132 1946 2202 praebet.

294 2217 470 2276 Prius
497 2217 653 2275 enim
679 2217 794 2291 ipsi
825 2215 1117 2290 purgandi
1161 2219 1318 2286 sunt,
1354 2235 1457 2290 per
1503 2235 1650 2291 quos
1699 2219 1949 2276 aliorum

290 2307 484 2380 culpae
513 2305 823 2374 feriuntur,
856 2309 923 2360 ut
950 2304 1062 2378 ipsi
1085 2306 1214 2377 jam
1261 2305 1468 2362 mundi
1516 2323 1618 2380 per
1665 2307 1947 2365 ultionem

286 2395 554 2461 veniant,
586 2395 685 2468 qui
733 2394 984 2451 aliorum
1034 2392 1172 2450 vitia
1220 2393 1508 2468 corrigere
1553 2396 1853 2465 festinant,
1893 2400 1950 2454 et

289 2489 434 2544 dum
463 2488 666 2542 contra
693 2501 802 2542 nos
831 2482 979 2540 ultio
1007 2482 1189 2538 divini
1232 2483 1521 2540 examinis
1569 2490 1779 2552 cessat,
1813 2503 1946 2542 nos-

284 2575 390 2632 tra
416 2591 478 2632 se
526 2571 884 2630 conscientia
930 2571 1060 2644 ipsa
1107 2571 1515 2644 reprehendat,
1547 2574 1722 2645 atque
1761 2575 1834 2630 ad
1864 2573 1946 2630 la-

287 2664 494 2721 menta
514 2660 866 2736 pcenitentize
891 2660 1019 2733 ipsa
1035 2677 1098 2716 se
1117 2662 1320 2716 contra
1339 2661 1716 2734 semetipsam
1737 2661 1944 2735 erigat,

287 2765 402 2810 n'ec
433 2756 636 2808 contra
661 2749 846 2806 bonos
875 2747 1044 2817 elata,
1079 2752 1138 2804 et
1165 2747 1278 2804 sibi
1309 2747 1576 2821 humilis,
1610 2749 1710 2806 sed
1739 2755 1948 2827 contra

283 2855 360 2898 se
389 2839 578 2914 rigida
605 2839 715 2908 sit;
746 2837 917 2894 bonis
945 2855 1080 2894 vero
1110 2837 1387 2894 omnibus
1421 2837 1736 2894 submissa.
1772 2839 1943 2895 Sum-

283 2943 530 3004 mopere
560 2927 741 3003 igitur
770 2927 892 2983 haec
911 2925 1050 2983 vitia
1071 2925 1387 2998 unicuique
1411 2926 1673 2983 tendenti
1696 2927 1767 2984 ad
1789 2929 1946 2984 teter-

281 3035 430 3077 nam
459 3017 638 3075 vitam
669 3017 926 3074 cavenda
955 3020 1112 3085 sunt,
1147 3033 1252 3088 per
1279 3033 1406 3088 quae
1457 3015 1726 3072 diabolus
1755 3033 1942 3090 genus

2069 537 2158 591 est
2188 533 2434 590 terrenis
2463 533 2718 605 inhians,
2755 554 2871 593 non
2899 539 3100 596 oll'erat
3118 558 3300 613 panes
3322 543 3568 602 Domino
3590 561 3719 604 suo.

2067 623 2138 678 Et
2167 623 2442 696 superbia
2471 627 2528 678 et
2557 641 2704 680 vana
2733 624 2920 697 gloria
2956 626 3174 684 habent
3221 630 3494 702 spiritum
3521 633 3582 688 in
3613 624 3725 694 alis

2067 709 2364 768 milvinis:
2401 712 2678 784 quoniam
2709 712 2968 770 actiones
3011 715 3246 773 illarum
3297 719 3530 778 diabolo
3579 717 3722 782 sunt

2067 798 2454 872 proculdubio
2503 799 2748 870 similes,
2800 802 2901 874 qui
2949 801 3266 860 insidiatur
3313 823 3545 880 semper
3589 810 3720 867 vitae

2067 887 2466 961 parvulorum.
2494 891 2564 945 Et
2611 889 2804 946 levant
2852 890 3045 964 ipsam
3095 894 3462 966 amphoram,
3497 896 3722 956 scilicet

2065 976 2467 1049 cupiditatem,
2502 979 2653 1033 inter
2685 982 2900 1035 terram
2923 983 2980 1036 et
3009 980 3243 1052 emtum,
3275 984 3416 1055 quia
3445 987 3722 1058 superbia

2065 1069 2123 1120 et
2150 1083 2300 1122 vana
2330 1065 2514 1139 gloria
2542 1067 2652 1122 hoc
2681 1068 2981 1140 proprium
3015 1069 3252 1138 habent,
3277 1075 3344 1126 ut
3371 1089 3505 1128 eum
3540 1091 3715 1147 quem

2064 1153 2372 1210 infecerint
2400 1154 2458 1210 in
2493 1155 2841 1228 cogitatione
2865 1173 2973 1212 sua
2993 1175 3170 1231 super
3189 1161 3427 1217 caeteros
3447 1159 3716 1220 homines

2063 1241 2361 1309 extollant,
2395 1247 2454 1299 et
2484 1245 2658 1299 modo
2689 1261 2793 1317 per
2823 1245 3111 1301 ambitum
3158 1265 3376 1315 rerum,
3411 1253 3583 1306 modo
3611 1262 3718 1326 per

2064 1329 2420 1387 desiderium
2451 1333 3018 1405 dignitatum,quem
3043 1335 3225 1391 semel
3247 1341 3483 1410 captum
3513 1343 3716 1398 tenue-

2063 1421 2202 1474 runt
2223 1419 2388 1492 quasi
2419 1419 2479 1476 in
2511 1420 2731 1476 honore
2753 1421 3082 1478 altitudinis
3107 1423 3356 1492 elevant,
3379 1429 3437 1482 et
3459 1433 3714 1486 mentem

2063 1523 2168 1580 per
2195 1507 2500 1565 avaritiam
2531 1510 2613 1566 ita
2641 1509 2887 1580 elevant,
2903 1515 2967 1566 ut
2988 1511 3285 1584 quoslibet
3304 1515 3602 1586 proximos
3622 1519 3716 1574 de-

2063 1595 2377 1668 spicientes
2409 1599 2574 1670 quasi
2609 1599 2900 1668 deserant,
2935 1604 2992 1655 et
3020 1599 3138 1656 alta
3184 1601 3501 1674 gloriantes
3543 1621 3716 1678 expe-

2062 1689 2210 1740 tant.
2261 1686 2373 1742 Sed
2423 1687 2568 1743 tales
2615 1687 2854 1760 quique,
2890 1688 3030 1744 dum
3092 1691 3460 1762 snperbiunt,
3511 1696 3570 1748 et
3615 1711 3714 1752 eos

2063 1777 2257 1830 mente
2289 1779 2594 1832 transeunt
2623 1792 2758 1832 cum
2789 1775 3006 1848 quibus
3037 1779 3196 1848 sunt,
3229 1783 3287 1836 et
3311 1778 3714 1854 superioribus

2062 1861 2287 1920 civibus
2316 1864 2929 1939 minimejunguntur.
2953 1867 3023 1922 Et
3043 1866 3172 1940 ipsa
3194 1868 3477 1940 amphora
3499 1867 3715 1928 dicitur

2060 1953 2280 2023 portari
2307 1952 2368 2008 in
2398 1957 2614 2010 terram
2645 1955 2929 2020 Sennaar,
2961 1971 3089 2027 ques
3120 1955 3538 2030 interpretatur
3573 1963 3712 2032 fetor

2058 2055 2247 2097 eorum
2265 2060 2284 2096 :
2306 2042 2446 2114 quia
2473 2042 2638 2098 radix
2665 2046 2755 2099 est
2782 2042 3049 2100 omnium
3075 2042 3706 2120 malorunrcupiditas,

2059 2134 2117 2186 et
2145 2129 2284 2201 quia
2314 2130 2615 2202 quodlibet
2645 2131 2867 2188 malum
2893 2149 2996 2203 per
3015 2132 3318 2189 avaritiam
3340 2130 3714 2207 gignitur,di-

2057 2235 2243 2290 gnum
2273 2223 2361 2275 est
2392 2223 2456 2274 ut
2483 2220 2698 2276 domus
2727 2219 2980 2276 avaritiae
3007 2221 3066 2275 in
3099 2222 3277 2277 fetore
3315 2227 3708 2294 construatur,

2059 2323 2186 2379 quae
2219 2307 2533 2363 nonnullos
2565 2307 2720 2380 cogit
2749 2308 2978 2364 timoris
3002 2309 3088 2364 vel
3123 2310 3341 2366 amoris
3372 2309 3472 2366 Dei
3505 2311 3709 2368 oblivi-

2059 2395 2163 2463 sci,
2185 2400 2243 2452 et
2262 2397 2395 2452 boni
2420 2395 2676 2453 nominis
2697 2397 3030 2469 opinionem
3053 2397 3402 2470 relinquere,
3417 2403 3474 2454 et
3493 2392 3708 2458 sancta:

2059 2482 2356 2556 religionis
2387 2502 2451 2540 ac
2478 2485 2611 2540 fidei
2643 2485 3066 2552 odorem,unde
3096 2486 3382 2559 scriptum
3405 2491 3530 2544 est:
3556 2487 3710 2546 Chri-

2055 2575 2130 2628 sti
2159 2571 2329 2628 bonus
2359 2573 2490 2629 odor
2516 2589 2708 2630 sumus
2737 2575 2843 2630 Deo
2873 2574 2950 2644 (II
2975 2574 3095 2631 Cor.
3129 2592 3190 2644 ιι,
3225 2575 3333 2646 15).

2693 2687 2923 2744 CAPUT
2963 2689 3060 2745 III.

2052 2779 2134 2830 De
2151 2775 2484 2852 jurqmentis
2515 2784 2568 2832 et
2587 2777 2892 2852 perjuriis;
2921 2777 3062 2852 quod
3091 2781 3212 2852 sine
3230 2780 3352 2852 doto
3371 2773 3698 2852 jurandum,

2122 2845 2176 2923 et
2199 2845 2532 2923 ﬁdesgetiam
2579 2845 2720 2923 hosti
2765 2845 3030 2923 servanda
3057 2851 3170 2923 sit;
3197 2859 3250 2906 et
3273 2849 3339 2906 de
3365 2845 3698 2923 curiositate,

2123 2917 2474 2987 detractione,
2504 2920 2844 2991 peccatisque
2867 2921 3268 2990 cogitationum.

2123 3016 2202 3070 De
2211 3016 2568 3088 juramentis
2589 3016 2840 3072 vitandis
2863 3017 3237 3090 negligere,et
3249 3035 3399 3092 saepe
3411 3021 3698 3094 quosdam

279 3109 618 3166 humanum
651 3107 722 3162 ad
744 3109 960 3161 eterna
987 3103 1276 3178 supplicia
1318 3104 1548 3160 trahere
1593 3104 1852 3174 festinat,
1885 3109 1942 3162 et
1991 3180 1996 3181 γ
2050 3103 2122 3159 ad
2155 3102 2464 3171 fallaciam,
2497 3109 2554 3160 et
2583 3108 2648 3160 ut
2678 3104 2808 3178 ipsa
2837 3104 3068 3162 fallacia
3095 3107 3373 3163 abscondi
3395 3109 3700 3181 possit,so-

280 3199 402 3255 hoc
430 3198 504 3254 ab
534 3196 702 3252 initio
731 3195 962 3270 generis
993 3193 1237 3250 humani
1267 3193 1526 3266 incmpit,
1549 3197 1607 3250 et
1634 3211 1738 3266 per
1765 3211 1939 3251 omne
1969 3180 2012 3246 C
2050 3192 2171 3248 lent
2201 3210 2317 3250 non
2349 3192 2540 3249 solum
2573 3193 2644 3248 ad
2669 3193 3051 3266 jurationem,
3075 3195 3176 3251 sed
3208 3197 3264 3250 et
3297 3180 3592 3253 interdum
3623 3199 3696 3254 ad

280 3289 527 3360 tempus
557 3284 752 3341 saeculi
782 3283 962 3356 hujus
983 3283 1044 3338 in
1063 3282 1173 3338 hoc
1193 3300 1368 3338 suum
1401 3281 1664 3338 studium
1695 3287 1938 3339 exercet.

283 3373 590 3448 Superbiae
622 3371 861 3445 quidem
885 3368 1091 3426 faciem
1115 3369 1294 3426 menti
1317 3371 1444 3424 Eva:
1467 3371 1940 3443 supposuit,cum

285 3464 444 3520 hanc
475 3461 548 3519 ad
569 3459 1002 3518 contemnanda
1020 3459 1195 3514 verba
1216 3457 1532 3514 Dominicze
1545 3457 1836 3530 jussionis
1859 3458 1942 3514 in-

277 3549 543 3626 stigavit.
573 3549 806 3606 Invidia
835 3564 1068 3621 quoque
1098 3548 1338 3604 flamma
1357 3546 1498 3602 Cain
1523 3546 1788 3603 animum
1815 3565 1942 3604 suc-

279 3641 506 3711 cendit,
539 3654 674 3695 cum
705 3638 776 3694 de
821 3640 1056 3709 accepto
1089 3635 1284 3692 fratris
1315 3634 1600 3692 sacriﬁcio
1643 3635 1852 3705 doluit,
1883 3639 1942 3692 et

275 3747 389 3805 per
414 3728 526 3784 hoc
555 3744 742 3800 usque
773 3726 844 3782 ad
875 3723 1178 3780 fratricidii
1210 3724 1438 3780 facinus
1464 3723 1940 3802 pervcnit.Luxu-

273 3819 379 3877 ria:
411 3817 638 3874 facibus
671 3830 770 3872 cor
799 3813 1128 3870 Salomonis
1158 3811 1582 3884 exussit,quem
1620 3817 1777 3868 tanto
1808 3831 1935 3868 mu-

268 3907 526 3964 lieribus
558 3920 754 3962 amore
786 3902 1072 3971 subdidit,
1104 3904 1169 3956 ut
1199 3917 1386 3973 usque
1417 3902 1491 3956 ad
1523 3899 1812 3957 idolorum
1843 3919 1936 3957 ve-

269 3994 652 4053 nerationem
675 3991 1134 4061 deductus,dum
1157 3989 1351 4046 carnis
1380 3988 1824 4046 delectationem
1845 4008 1938 4046 se—

267 4079 844 4160 quitur,Conditoris
867 4079 1198 4136 reverentiae
1221 4077 1940 4154 oblivisceretur.Avaritia

268 4186 517 4248 quoque
531 4171 729 4228 Achab
749 4170 1015 4226 animum
1033 4165 1586 4234 concremavit,cum
1601 4183 1732 4222 eum
1753 4167 1823 4222 ad
1843 4184 1939 4240 ap-

266 4261 596 4338 petendam
617 4261 850 4316 vineam
873 4257 1126 4314 alienam
1155 4255 1600 4328 impatientibus
1629 4254 1936 4311 desideriis

267 4350 540 4426 impulit,
575 4353 632 4406 et
663 4365 766 4422 per
793 4348 903 4403 hoc
934 4363 1118 4418 usque
1142 4345 1216 4402 ad
1239 4347 1466 4400 reatum
1493 4343 1793 4400 homicidii
1815 4361 1938 4417 per-

267 4441 478 4499 traxit.
512 4439 642 4496 Hazc
671 4441 762 4494 est
790 4435 947 4494 enim
977 4434 1262 4508 amphora
1292 4450 1358 4490 os
1390 4437 1656 4506 apertum
1686 4433 1932 4502 habens,

2048 3281 2370 3354 perjurium
2403 3281 2722 3354 impellere,
2757 3286 2964 3355 praeter
2993 3281 3153 3338 illam
3178 3283 3540 3354 jurationem
3571 3301 3696 3359 quae

2049 3389 2117 3426 ex
2135 3371 2292 3426 mala
2309 3370 2734 3428 consuetudine
2751 3371 3059 3427 hominum
3078 3371 3286 3428 usibus
3302 3371 3698 3446 inolevit,cum

2049 3457 2350 3531 Scriptura
2380 3459 2536 3514 dicat
2567 3477 2580 3516 :
2621 3461 2712 3515 Vir
2741 3460 2977 3515 multum
2996 3461 3200 3532 jurans
3229 3477 3340 3518 non
3361 3463 3698 3536 justi/imbi-

2048 3556 2140 3604 tur
2165 3549 2348 3620 (Eccli.
2383 3566 2538 3616 xxiii,
2577 3549 2681 3620 11).
2714 3549 3088 3604 Consuetudo
3119 3550 3274 3604 enim
3305 3551 3436 3622 ejus
3465 3568 3582 3607 non
3611 3555 3701 3609 est

2046 3637 2220 3693 bona.
2263 3640 2556 3704 Quantum
2619 3655 2752 3694 vero
2800 3637 3187 3694 temeritatem
3227 3639 3470 3710 jurandi
3516 3640 3696 3698 vitare

2047 3726 2386 3795 debeamus,
2420 3731 2477 3782 et
2508 3727 2630 3798 ipse
2660 3726 2971 3800 Evangelio
3020 3727 3324 3796 Dominus,
3355 3731 3414 3783 et
3439 3729 3696 3786 Jacobus

2045 3812 2106 3867 in
2137 3811 2386 3884 epistola
2415 3831 2524 3870 sua
2547 3814 2715 3869 docet
2743 3813 2943 3869 dicens
2967 3831 2982 3869 :
3006 3813 3138 3870 Ante
3164 3817 3352 3872 omnia
3378 3819 3698 3890 autem,fl'a-

2046 3909 2151 3958 tres
2179 3904 2308 3969 mei,
2338 3904 2507 3958 nolite
2536 3903 2752 3974 jurare,
2783 3920 2958 3976 neque
2998 3919 3100 3976 per
3141 3905 3352 3973 aetum,
3385 3921 3557 3979 neque
3599 3917 3700 3980 per

2045 3999 2269 4058 terram,
2299 4007 2473 4064 neque
2492 4007 2594 4063 per
2621 3992 2779 4046 aliud
2807 3991 3160 4065 quodcunque
3180 3993 3602 4064 juramentum;
3625 3997 3701 4052 sit

2044 4088 2226 4135 autem
2253 4081 2430 4135 sermo
2458 4089 2648 4146 vester,
2679 4081 2789 4147 Est,
2817 4090 2912 4148 est,
2947 4081 3084 4148 Non,
3115 4099 3248 4149 non,
3280 4090 3342 4137 ut
3366 4099 3473 4138 non
3495 4085 3596 4139 sub
3607 4085 3698 4156 ju-

2044 4168 2187 4223 dicio
2235 4167 2495 4223 decidatis
2526 4167 2734 4235 (Matth.
2769 4185 2825 4234 v,
2858 4169 2962 4235 34;
2991 4171 3105 4224 Jac.
3138 4187 3192 4237 ν,
3231 4171 3358 4240 12);
3395 4169 3495 4226 illo
3538 4171 3694 4227 vide-

2043 4255 2180 4312 licet
2201 4256 2448 4327 judicio,
2482 4255 2592 4310 sub
2625 4273 2742 4327 quo
2772 4255 2991 4311 decidit
3020 4256 3298 4324 Herodes,
3329 4259 3395 4312 ut
3423 4255 3510 4313 vel
3539 4259 3696 4330 peje-

2044 4362 2192 4413 rare,
2225 4344 2312 4400 vel
2343 4342 2668 4418 perjurium
2701 4344 2957 4399 cavendo
2988 4343 3147 4399 aliud
3193 4360 3430 4400 necesse
3459 4344 3698 4402 haberet

2044 4440 2275 4508 patrare
2307 4433 2616 4506 flagitium.
2640 4434 2714 4488 At
2743 4431 2790 4487 si
2824 4431 3046 4504 aliquid
3079 4433 3228 4488 forte
3263 4449 3369 4488 nos
3399 4431 3695 4490 incautius

269 4547 460 4604 quam
492 4527 638 4584 vidit
663 4525 974 4583 Zacharias
1001 4523 1289 4598 propheta
1319 4527 1460 4614 (cap.
1483 4526 1539 4614 v2
1572 4523 1704 4614 ferri
1738 4539 1772 4578 a
1800 4523 1938 4579 dua-
1965 4550 2014 4614 Π
2037 4521 3422 4614 λιιι-αδδςοοῐιἰξεοιιὶιΑυωᾷφωωῙνᾳιιξῐη,εοίιίοθι
3437 4523 3695 4614 pejorem

173 4675 178 4678 .
265 4619 390 4676 bus
419 4615 792 4682 mulieribus,
815 4631 943 4688 quae
975 4613 1271 4669 habebant
1287 4609 1412 4667 alas
1439 4609 1598 4666 milvi
1623 4611 1696 4666 ad
1720 4611 1939 4684 rapaci-

263 4711 458 4766 tatem
487 4705 752 4762 volantes
785 4722 798 4760 :
825 4703 884 4759 in
915 4703 1087 4774 cujus
1117 4700 1412 4774 amphora:
1461 4699 1654 4756 medio
1695 4701 1937 4756 sedebat

265 4795 649 4867 mulier,qua3
668 4793 926 4866 projecta
939 4789 1105 4848 estin
1131 4789 1321 4846 medio
1353 4788 1734 4861 amphoramet
1755 4789 1938 4844 missa

264 4890 364 4944 est
381 4885 445 4940 in
464 4900 531 4940 os
548 4883 678 4955 ejus
694 4899 892 4938 massa
910 4879 1352 4953 plumbea.Duae
1364 4878 1523 4933 enim
1547 4876 1820 4933 mulieres
1841 4877 1939 4934 ha-

264 4975 485 5032 bentes
499 4971 624 5029 alas
636 4968 806 5043 quasi
819 4969 944 5026 alas
956 4967 1260 5037 milvi,duo
1273 4969 1414 5023 sunt
1425 4965 1935 5039 principaliavitia,

267 5061 561 5138 superbia
591 5056 860 5116 videlicet
879 5062 936 5114 et
958 5073 1108 5114 vana
1129 5055 1316 5130 gloria
1327 5056 1578 5112 ferentes
1591 5057 1938 5128 amphoram

265 5169 340 5210 os
364 5152 642 5224 apertum
662 5145 1065 5216 habentem,id
1077 5149 1166 5202 est
1184 5143 1484 5202 avaritiam
1509 5143 1690 5200 lucris
1710 5143 1936 5200 inhian-

265 5239 495 5298 tem.In
527 5237 700 5308 cujus
731 5235 924 5292 medio
953 5233 1103 5290 sedit
1135 5232 1426 5301 mulier,id
1460 5235 1550 5288 est
1579 5231 1931 5304 impietas,in

268 5329 454 5402 cujus
475 5324 700 5382 scilicet
718 5323 1040 5396 impietatis
1051 5338 1116 5378 os
1131 5339 1326 5378 massa
1349 5320 1620 5393 plumbea
1643 5319 1895 5376 mittitur
1917 5338 1929 5375 :

267 5425 407 5493 quae
421 5413 703 5488 impietas
720 5413 974 5470 avaritia:
989 5429 1106 5466 suae
1121 5411 1370 5484 psndere
1389 5411 1825 5484 gravatur,quia
1841 5427 1935 5464 cu-

258 5512 372 5582 jus
394 5505 660 5560 mentem
683 5499 1309 5568 avaritiainfecerit,ita
1319 5515 1553 5572 gravem
1567 5499 1849 5569 reddit,ut
1861 5499 1930 5554 ad

263 5587 615 5670 appetenda
633 5589 888 5650 calestia
909 5587 1189 5646 sublimia
1208 5585 1393 5644 attolli
1414 5602 1784 5660 nequaquam
1807 5603 1934 5660 pos-

2048 4615 2245 4685 vergat
2272 4611 2326 4666 in
2364 4611 2606 4677 exitum,
2631 4609 2874 4665 consilio
2895 4609 3206 4665 salubriori
3229 4611 3581 4666 mutandum
3605 4627 3702 4669 no-

2044 4700 2320 4755 verimus.
2355 4697 2478 4752 Non
2511 4696 2702 4752 solum
2733 4701 2928 4752 autem
2952 4697 3010 4752 in
3033 4698 3428 4770 jurando,sed
3455 4699 3514 4755 in
3537 4701 3697 4756 omni

2046 4788 2201 4860 quod
2235 4786 2618 4860 agimus,ha‘c
2641 4791 2730 4842 est
2752 4788 3076 4842 moderatio
3099 4787 3372 4844 solertius
3393 4789 3701 4846 observan-

2047 4877 2145 4944 da,
2168 4879 2234 4931 ut
2263 4875 2311 4930 si
2343 4875 2518 4930 talem
2555 4875 2697 4930 forte
2717 4874 2956 4947 lapsum
2979 4877 3198 4932 versuti
3219 4877 3408 4934 hostis
3428 4873 3700 4935 incideri-

2048 4981 2182 5021 mus
2211 4962 2547 5028 insidiis,ex
2571 4980 2684 5046 quo
2709 4963 2834 5019 sine
2857 4963 3054 5037 aliquo
3078 4965 3296 5038 peccati
3315 4983 3552 5040 surgere
3569 4984 3702 5022 con-

2048 5053 2206 5126 tagio
2237 5069 2352 5108 non
2383 5051 2701 5124 possimus,
2735 5052 2903 5108 illum
2935 5055 3130 5124 potius
3165 5053 3446 5110 evadendi
3471 5052 3698 5110 aditum

2043 5140 2397 5216 petamusn'n
2413 5157 2526 5212 quo
2549 5140 2748 5196 minus
2771 5141 3015 5214 periculi
3039 5160 3144 5198 nos
3165 5155 3547 5215 perpessuros
3569 5158 3699 5198 esse

2044 5247 2356 5288 cernamus
2391 5247 2404 5284 :
2441 5233 2498 5285 et
2519 5231 2690 5300 juxta
2720 5222 3052 5302 exemplum
3077 5230 3332 5297 illorum,
3352 5227 3452 5300 qui
3473 5229 3698 5285 hostili-

2043 5321 2154 5376 bus
2183 5318 2366 5374 clausi
2401 5318 2609 5390 muris,
2641 5319 2781 5374 dum
2813 5319 3053 5374 evadere
3083 5315 3547 5386 desiderant,sed
3569 5333 3698 5390 por-

2044 5415 2238 5466 tarum
2271 5409 2535 5476 omnium
2568 5424 2869 5464 accessum
2895 5406 3004 5460 sibi
3031 5405 3408 5460 interdictum
3434 5405 3704 5464 conside-

2045 5500 2195 5566 rant,
2227 5497 2306 5552 ibi
2357 5513 2595 5554 necesse
2635 5501 2724 5552 est
2754 5493 3060 5550 desiliendi
3093 5493 3286 5548 locum
3321 5491 3567 5568 eligant,
3599 5495 3699 5552 ubi

2045 5604 2218 5644 muro
2239 5587 2522 5642 existente
2543 5585 2802 5641 breviore
2823 5581 3134 5638 minimum
3157 5580 3398 5655 periculi
3424 5582 3702 5643 Cedentes
