3934 6182
275 269 392 333 883

1051 271 1438 335 HINCMARI
1485 273 1726 335 RHEM.
1772 269 2138 341 ARCHIEP.
2185 271 2582 336 OPUSGULA
2630 272 2894 334 VARIA.

3554 271 3668 337 884

275 403 596 460 incurrant.
630 404 756 460 Non
784 409 980 460 tamen
1021 405 1436 480 negligendum
1487 411 1576 463 est
1623 375 1922 479 cuiquam,
1953 405 2008 472 Α
2033 406 2190 462 enim
2222 406 2444 462 dictum
2475 410 2566 462 est
2594 406 2761 479 quasi
2777 406 2914 479 jure
2933 383 3182 473 orare,id
3204 405 3466 478 estjuste
3485 404 3662 479 loqui.

278 495 432 568 quod
462 498 566 550 aut
595 493 941 550 necessitate
985 501 1245 567 cogente,
1277 501 1380 552 aut
1429 497 1513 551 ira
1562 495 1917 568 impellente,

276 589 379 644 aut
407 583 726 656 cupiditate
755 589 1122 656 provocante,
1145 583 1202 639 in
1237 584 1471 641 nomine
1502 585 1733 640 Domini
1763 585 1919 656 poje-

277 674 426 730 ravit
456 690 470 730 :
505 673 608 729 sed
641 673 966 729 secundum
998 673 1238 728 modum
1269 673 1452 746 culpae
1485 691 1720 730 necesse
1750 679 1838 729 est
1860 679 1922 728 ut

277 763 672 835 subsequatur
687 763 1026 834 abstergens
1043 761 1276 834 culpam
1298 762 1919 835 pcenitentiagDomino

275 869 380 925 per
409 849 764 908 Ezechielem
797 850 1137 923 prophetam
1171 852 1240 906 de
1269 850 1551 907 Sedechia
1590 869 1722 923 rege
1749 851 1920 906 terri-

277 940 475 998 biliter
533 940 878 996 intonante:
917 941 1040 996 Vivo
1084 957 1197 1012 ego,
1247 941 1381 996 dicit
1436 943 1700 996 Dominus
1757 943 1917 1007 Deus,

279 1032 542 1103 quoniam
584 1031 739 1101 cujus
786 1031 916 1101 fecit
963 1031 1186 1085 irritum
1226 1031 1625 1101 juramentum,
1661 1039 1712 1085 et
1760 1031 1920 1085 solvit

276 1127 497 1192 pactum
525 1119 665 1190 quod
698 1119 926 1174 habebat
953 1135 1076 1173 cum
1117 1135 1242 1188 rege
1285 1120 1604 1191 Babylonis,
1637 1121 1697 1174 in
1743 1119 1921 1174 medio

276 1208 574 1280 Babylonis
609 1209 890 1264 morietur.
919 1207 1202 1279 Spreverat
1249 1209 1399 1262 enim
1433 1209 1816 1280 juramentum
1863 1217 1921 1263 ut

275 1298 503 1353 solveret
529 1296 722 1368 fwdus,
753 1303 804 1352 et
832 1313 957 1350 eum
985 1297 1171 1351 omnia
1217 1297 1335 1352 lare
1379 1299 1586 1367 fecerit,
1620 1313 1730 1352 non
1777 1297 1920 1368 e/fu-

279 1388 388 1456 giel
415 1384 626 1454 (Ezech.
659 1401 797 1450 xvu,
832 1384 938 1455 16).
970 1385 1051 1439 Ex
1082 1401 1196 1456 quo
1228 1384 1514 1440 discimus
1560 1386 1737 1440 etiam
1770 1385 1923 1440 inter

277 1474 478 1530 hostes
497 1472 839 1529 servandam
865 1471 1132 1540 fidem,et
1154 1490 1268 1528 non
1291 1473 1779 1528 considerandum
1804 1474 1920 1539 cui,

283 1563 386 1619 sod
419 1579 520 1634 per
546 1578 720 1632 quem
744 1560 1054 1632 juraveris.
1081 1559 1264 1616 Multo
1287 1559 1442 1616 enim
1478 1561 1700 1617 ﬁdelior
1729 1561 1924 1618 inven-

280 1656 375 1707 tus
404 1653 492 1706 est
519 1649 614 1706 iile
643 1649 744 1722 qui
777 1654 1012 1722 propter
1045 1667 1254 1704 nomen
1300 1650 1400 1705 Dei
1449 1649 1554 1706 tibi
1593 1651 1838 1706 credidit
1869 1656 1924 1707 et

280 1741 558 1812 deceptus
587 1742 694 1810 est,
718 1755 895 1810 quam
928 1737 1024 1793 ille
1055 1739 1154 1810 qui
1189 1756 1290 1810 per
1319 1739 1683 1795 occasionem
1715 1740 1920 1795 divina:
1953 1773 2004 1838 Β

281 1827 608 1900 majestatis
638 1827 789 1884 hosti
819 1831 940 1894 tuo,
966 1827 1083 1883 imo
1097 1829 1224 1899 jam
1255 1827 1558 1894 amico,est
1581 1828 1819 1884 molitus
1842 1829 1924 1884 in-

280 1917 481 1975 sidias.
512 1918 665 1984 Ecce,
699 1917 910 1988 inquit,
943 1916 1090 1972 dedit
1105 1935 1332 1972 manum
1353 1935 1509 1973 suam
1541 1920 1660 1986 regi
1691 1920 1921 1990 zEgepti,

279 2015 332 2063 et
357 2006 585 2062 tradidit
611 2023 669 2065 se
698 2007 759 2062 in
779 2024 977 2062 manus
1003 2007 1205 2078 ejus,et
1227 2006 1481 2079 perjurio
1511 2011 1713 2062 contra
1733 2007 1926 2062 Domi-

281 2113 424 2152 num
455 2095 751 2152 commisit
781 2095 1170 2168 sacrilegium.
1205 2097 1505 2152 Sententia
1551 2096 1706 2150 enim
1741 2114 1922 2151 saecu-

279 2186 419 2243 laris
447 2190 536 2243 est
561 2187 780 2256 (Virgil.
813 2185 1024 2241 rEneid.
1059 2187 1120 2256 ιι)
1153 2203 1166 2240 :

467 2277 630 2324 Dolus
659 2289 726 2323 au
757 2275 922 2324 virtus
945 2274 1063 2338 quis
1092 2275 1145 2324 in
1175 2274 1327 2324 hoste
1357 2275 1594 2337 requirat
1620 2278 1644 2323 ?

350 2366 535 2430 Quam
567 2362 755 2419 solent
784 2363 952 2418 nobis
992 2380 1283 2434 opponere
1329 2363 1428 2435 qui
1479 2363 1682 2418 dicunt
1729 2363 1925 2419 hostes

278 2451 484 2508 fraude
529 2451 922 2522 decipiendos.
954 2450 1080 2506 'Cui
1129 2455 1194 2506 ut
1237 2452 1703 2524 acquiescamus,
1737 2453 1924 2508 multo

278 2538 448 2610 pejus
473 2535 608 2592 fecit
637 2535 1099 2596 Sedecbias.Non
1122 2537 1278 2592 enim
1309 2537 1534 2592 hostem
1568 2537 1924 2610 decepit.scd

281 2625 534 2681 amicum
567 2624 659 2680 cui
693 2624 905 2680 fmdere
935 2624 1166 2679 Domini
1199 2627 1390 2680 fuerat
1417 2626 1743 2698 copulatus.
1777 2627 1924 2698 Ergo

279 2711 540 2784 quandiu
571 2728 686 2767 non
710 2713 960 2784 jures,et
979 2715 1214 2783 pactum
1239 2729 1352 2766 non
1377 2712 1538 2768 ineas
1559 2713 1670 2768 sub
1693 2713 1926 2768 nomine

279 2799 531 2867 Domini,
565 2799 886 2872 prudentiae
915 2804 1004 2855 est
1032 2803 1089 2855 et
1121 2799 1502 2868 fortitudinis,
1535 2801 1621 2856 vel
1661 2802 1925 2874 decipere

279 2890 366 2945 Vel
399 2907 675 2962 superare
703 2888 1102 2945 adversarium
1133 2893 1430 2961 utcunque
1475 2890 1750 2961 potueris.
1777 2891 1922 2946 Cum

280 2982 475 3039 autem
507 2983 562 3035 te
590 2977 1007 3034 constrinxeris
1028 2978 1390 3048 juramento,
1416 2996 1784 3050 nequaquam
1817 2979 1920 3034 ad-

279 3067 571 3124 versarius
601 3067 702 3124 sed
733 3066 958 3124 amicus
987 3071 1077 3123 est
1123 3065 1225 3138 qui
1275 3065 1401 3122 tibi.
1429 3067 1692 3136 credidit,
1727 3071 1783 3122 et
1812 3067 1920 3122 sub

281 3155 584 3214 occasione
605 3155 1018 3227 jurisjurandi,
1043 3156 1100 3210 id
1122 3160 1212 3210 est
1240 3156 1340 3210 Dei
1374 3156 1807 3226 nuncupatione
1829 3157 1923 3210 de-
1951 3139 1996 3206 C

281 3251 487 3318 ceptus
529 3249 639 3300 est.
689 3247 998 3314 Propterea,
1032 3244 1336 3314 Scriptura
1383 3261 1537 3298 nunc
1581 3243 1742 3312 dicit,
1765 3245 1926 3315 jura-

278 3342 520 3388 mentum
576 3331 716 3402 quod
771 3334 992 3402 sprevit,
1033 3341 1084 3386 et
1129 3331 1300 3400 [trdus
1347 3331 1487 3401 quod
1532 3335 1924 3402 prarvaricatus

279 3429 582 3492 est.ponam
612 3420 672 3472 in
701 3427 860 3490 caput
888 3421 1003 3489 ejus
1044 3419 1256 3490 (Ezeeli.
1293 3437 1428 3485 xv”,
1463 3422 1567 3488 19).
1601 3423 1678 3475 Ac
1711 3439 1782 3477 ne
1830 3439 1930 3494 pu-

279 3513 540 3564 taremus
563 3507 969 3578 juramentum
1001 3513 1059 3564 et
1081 3509 1267 3564 fuzdus
1289 3513 1347 3564 et
1369 3515 1600 3581 pactum
1627 3511 1778 3582 regis
1799 3529 1926 3567 esse

281 3595 584 3670 Babylonii
616 3595 700 3652 vel
733 3596 1026 3652 Sedechize
1050 3597 1148 3668 qui
1178 3597 1408 3662 fecerat,
1432 3599 1698 3670 sequitur
1721 3599 1775 3654 in
1800 3617 1926 3672 pro-

279 3685 502 3758 pheta:
547 3685 608 3740 In
651 3687 1106 3758 prmuaricatimze
1162 3703 1272 3757 qua
1325 3686 1581 3759 dcxjierit
1627 3705 1714 3744 me
1761 3689 1918 3757 (ibid.

276 3774 388 3844 20).

349 3862 496 3932 Ergo
509 3861 609 3933 qui
626 3862 1550 3932 contemnitjuramentum,illum
1564 3864 1810 3936 despicit
1826 3883 1924 3937 per

279 3966 449 4020 quem
473 3949 713 4018 juravit,
747 3949 949 4022 illique
977 3951 1116 4005 facit
1145 3951 1444 4022 injuriam,
1480 3953 1648 4023 cujus
1699 3954 1922 4010 nomini

277 4037 461 4092 credit
489 4037 875 4094 adversarius.
912 4039 1148 4110 Propter
1189 4058 1364 4112 quam
1415 4058 1676 4113 causam,
1707 4044 1922 4114 Erpua-

277 4124 421 4195 dam,
448 4125 635 4198 inquit
667 4127 972 4196 Dominus,
1003 4145 1166 4201 super
1192 4146 1317 4184 eum
1345 4139 1454 4186 rete
1479 4147 1680 4197 meum,
1711 4139 1760 4187 et
1784 4148 1922 4188 com-

271 4214 636 4286 prehendetur
663 4217 722 4271 in
746 4233 946 4288 sagena
973 4233 1116 4283 mea,
1136 4225 1186 4273 et
1216 4217 1482 4273 adducam
1511 4235 1637 4274 eum
1665 4222 1724 4274 in
1749 4221 1921 4293 Baby-

276 4303 455 4359 lonem
479 4311 532 4359 et
557 4303 870 4376 dijudicabo
900 4322 1024 4361 eum
1055 4307 1175 4362 illic
1195 4305 1398 4377 (ibid.).
1442 4306 1735 4379 Quidquid
1785 4325 1918 4364 vero

275 4395 478 4448 contra
507 4393 849 4448 Sedechiam
879 4395 1015 4448 fecit
1060 4395 1612 4461 Nabuchodonosor,
1646 4413 1760 4451 non
1793 4396 1918 4453 suis

2029 496 2193 550 Tunc
2223 495 2378 550 enim
2413 495 2702 568 quispiam
2729 495 2894 568 juste
2914 493 3435 568 loquitur,quando
3455 511 3524 552 ea
3545 511 3670 568 qua:

2031 584 2318 656 promittit
2348 584 2682 656 implentur.
2718 585 2886 640 Multi
2934 583 3090 640 enim
3139 589 3278 640 sunt
3325 585 3425 656 qui
3475 583 3672 641 dolose

2021 673 2228 743 jurant
2260 677 2322 727 ut
2350 673 2644 746 decipiant
2674 673 3005 745 proximum
3040 673 3231 745 :quod
3255 673 3672 729 abominantur

2030 762 2197 816 Pater
2252 761 2543 816 luminum
2593 762 2898 829 Dominus,
2939 761 3168 818 dicente
3219 762 3384 816 Petro
3419 778 3433 817 :
3467 761 3591 818 Non
3619 779 3670 818 es

2028 853 2284 906 mentitus
2333 851 2662 918 hominibus,
2693 849 2788 906 sed
2831 852 2936 906 Deo
2983 850 3114 922 (Act.
3148 867 3204 916 v,
3237 851 3311 921 4).
3345 851 3470 916 Qua
3517 849 3577 904 in
3618 867 3676 907 re

2029 939 2138 994 hoc
2171 957 2404 1012 quoque
2433 944 2660 1011 oportet
2682 939 2902 995 intendi
2923 938 3079 1011 quod
3103 939 3412 994 mendaces
3437 937 3680 994 fabrica-

2007 1032 2184 1082 ‘tores
2215 1029 2502 1084 mendacii
2529 1028 2993 1084 dicuntur.Sicut
3012 1026 3168 1082 enim
3189 1027 3505 1084 aedificium
3526 1025 3674 1100 lapi-

2029 1117 2228 1187 dibus,
2258 1117 2340 1172 ita
2371 1117 2741 1172 mendacium
2775 1115 3146 1172 sermonibus
3177 1115 3497 1171 fabricatur
3529 1133 3542 1172 :
3580 1116 3675 1172 ubi

2029 1206 2186 1261 enim
2214 1223 2327 1260 non
2362 1205 2563 1262 dolosa
2592 1204 2827 1274 locutio,
2861 1205 2962 1260 sed
2995 1222 3204 1261 sensus
3251 1209 3344 1260 est
3389 1205 3671 1271 veritatis,

2030 1295 2198 1367 quasi
2229 1295 2457 1350 munita
2486 1294 2669 1350 moles
2702 1312 2813 1350 non
2845 1311 2914 1349 ex
2941 1293 3179 1360 fabrica,
3212 1294 3313 1349 sed
3343 1311 3414 1349 ex
3463 1298 3675 1350 natura

2030 1385 2348 1456 consurgit.
2381 1383 2544 1440 Unde
2574 1383 2860 1455 scriptum
2905 1386 2995 1438 est
3025 1398 3039 1436 :
3071 1383 3183 1453 Qui
3210 1383 3456 1455 loquitur
3485 1385 3678 1438 verita-

2031 1483 2136 1529 tem
2167 1475 2225 1529 in
2253 1473 2410 1529 corde
2447 1489 2566 1539 suo,
2597 1481 2649 1528 et
2674 1489 2786 1528 non
2829 1474 2942 1542 egit
2985 1471 3175 1527 dolum
3227 1473 3288 1527 in
3334 1472 3534 1544 lingua
3577 1489 3679 1528 sua

2033 1563 2204 1634 (Psal.
2237 1579 2392 1628 xxm,
2427 1567 2499 1628 4).
2533 1562 2863 1617 Cavendum
2893 1566 2984 1616 est
3020 1560 3203 1633 igitur
3244 1561 3696 1634 juramentum,_

2033 1652 2217 1707 multo
2251 1651 2439 1724 magis
2467 1655 2664 1706 autem
2697 1650 3118 1730 perjurium.At
3139 1649 3187 1705 si
3210 1650 3454 1722 jurandi
3486 1668 3679 1708 neces-

2033 1741 2177 1795 sitas
2209 1744 2479 1812 perurget
2508 1745 2574 1795 et
2591 1743 2797 1806 arctat,
2833 1738 2888 1794 id
2921 1739 3086 1811 puris
3135 1739 3326 1795 verbis
3378 1744 3438 1796 et
3484 1744 3679 1796 mente

2037 1828 2131 1900 pia
2159 1829 2476 1900 gerendum
2509 1829 2964 1898 cst.l\‘ecjurans
2986 1827 3145 1884 verbi
3165 1832 3290 1884 arte
3312 1844 3374 1883 se
3394 1833 3562 1900 putet
3583 1827 3679 1883 fal-

2033 1915 2150 1973 lere
2183 1917 2493 1973 Dominum
2523 1934 2712 1990 posse,
2745 1917 2838 1972 cui
2872 1915 3016 1971 nihil
3054 1916 3408 1972 absconsum
3439 1921 3552 1985 est,
3585 1918 3678 1973 cui

2032 2008 2208 2062 corda
2238 2011 2447 2062 cuncta
2477 2010 2694 2078 patent,
2726 2005 2828 2078 qui
2858 2023 2972 2062 non
3000 2005 3212 2078 accipit
3238 2005 3392 2061 sicut
3421 2005 3554 2078 quis
3576 2008 3680 2076 ju-

2033 2101 2141 2162 rat,
2176 2096 2273 2150 sed
2311 2100 2373 2150 ut
2403 2095 2454 2151 is
2484 2095 2576 2150 cui
2601 2096 2840 2166 juratur
2861 2095 3097 2166 jurasse
3127 2099 3313 2166 putat.
3347 2095 3453 2151 Per
3475 2095 3676 2152 dolum

2031 2201 2168 2256 ergo
2190 2185 2401 2255 jurans
2433 2185 2664 2256 utrique
2696 2201 2830 2240 reus
2849 2183 3118 2252 habetur,
3139 2201 3350 2256 nempe
3369 2183 3486 2240 Deo
3509 2186 3679 2256 cujus

2035 2291 2247 2329 nomen
2278 2273 2335 2328 in
2376 2290 2590 2328 vanum
2638 2273 2980 2345 assumpsit,
3015 2277 3072 2348 et
3115 2273 3279 2328 fratri
3328 2290 3505 2345 quem
3555 2279 3681 2330 atra

2035 2363 2236 2417 fraude
2259 2362 2478 2434 paravit
2502 2359 2698 2416 fallere
2722 2365 2896 2432 atque
2918 2361 3219 2434 decipere:
3243 2365 3301 2416 ct
3330 2361 3404 2416 de
3433 2366 3680 2434 utroque

2034 2467 2269 2506 necesse
2299 2455 2387 2505 cst
2420 2455 2484 2504 ut
2511 2451 2690 2522 digna
2718 2449 3060 2522 ptenitentia
3088 2450 3507 2522 subsequatur,
3529 2451 3682 2507 vide-

2035 2539 2169 2596 licet
2195 2538 2332 2612 quia
2363 2555 2572 2595 nomen
2606 2537 2704 2594 Dei
2738 2538 3064 2610 assumpsit
3093 2538 3152 2593 in
3183 2555 3420 2607 vanum,
3455 2543 3512 2594 et
3540 2540 3682 2611 quia

2035 2633 2236 2684 contra
2265 2627 2364 2683 Dei
2401 2634 2753 2700 praeceptum
2795 2627 2928 2684 dolo
2977 2627 3178 2684 fefellit
3224 2629 3484 2684 fratrem.
3514 2627 3683 2684 Falsa

2035 2717 2190 2772 enim
2223 2735 2422 2788 agens,
2449 2716 2596 2772 falsa
2614 2716 2882 2788 loquens,
2907 2717 3174 2789 quamvis
3203 2717 3401 2772 animo
3432 2717 3682 2789 trepidet

2035 2810 2100 2860 ut
2129 2805 2522 2878 patetjaculis
2553 2806 2832 2874 veritatis,
2865 2810 2922 2862 et
2959 2806 3008 2861 si
3057 2805 3460 2877 deprehensus
3507 2806 3682 2862 fuerit

2033 2894 2277 2967 gloriam
2307 2895 2510 2966 perdat
2539 2895 2837 2954 favoris.et
2858 2895 3127 2966 quamvis
3155 2911 3290 2950 eum
3321 2895 3682 2951 conscientia

2032 2987 2269 3037 accuset
2297 2981 2438 3054 quia
2467 2981 2715 3038 scienter
2744 2986 2964 3052 peccat,
2988 2981 3305 3052 cupiditate
3333 2985 3532 3038 tamen
3553 2983 3678 3038 vin-

2033 3070 2270 3137 citur,et
2301 3087 2615 3142 suppresso
2639 3071 2830 3126 favore
2851 3069 3154 3125 audaciam
3179 3070 3249 3125 de
3271 3069 3679 3144 iniquitatibus

2034 3157 2217 3213 sumit
2251 3177 2264 3213 :
2299 3164 2357 3214 et
2387 3176 2538 3230 saepe
2566 3157 2741 3214 etiam
2793 3157 3014 3214 ultione
3060 3158 3242 3214 menti
3290 3159 3590 3232 proposita
3619 3176 3678 3216 se

2035 3253 2238 3302 contra
2267 3248 2449 3302 Deum
2482 3245 2672 3319 erigit,
2706 3250 2763 3302 et
2792 3246 3067 3318 quaelibet
3096 3247 3170 3302 ab
3197 3265 3264 3304 eo
3293 3248 3541 3304 adversa
3562 3265 3682 3322 per-

2035 3334 2153 3405 peti
2180 3335 2480 3401 deliberat,
2515 3335 2834 3390 dummodo
2864 3333 2958 3390 hic
2989 3335 3130 3390 dum
3160 3334 3312 3391 valet
3329 3353 3506 3392 omne
3527 3337 3678 3408 quod

2035 3423 2221 3494 placet
2249 3428 2401 3494 agat.
2439 3422 2602 3478 Unde
2623 3423 2778 3478 velut
2797 3423 3100 3496 Scriptura
3117 3422 3294 3480 dicit:
3316 3423 3475 3480 Sicut
3501 3428 3678 3480 virum

2033 3515 2392 3582 song-uinum,
2425 3515 2503 3568 ita
2548 3521 2600 3568 et
2653 3511 2902 3568 dolosam
2954 3513 3366 3568 abominabitur
3415 3513 3678 3570 Dominus

2032 3603 2202 3671 (Psal.
2235 3619 2290 3670 v,
2323 3605 2413 3670 8);
2447 3605 2505 3656 et
2553 3601 2746 3658 omnis
2795 3599 3054 3657 Ecclesia
3103 3600 3461 3672 imprecatur
3489 3603 3562 3658 de
3591 3601 3678 3658 his

2034 3691 2132 3763 qui
2166 3692 2226 3745 in
2254 3689 2410 3746 corde
2439 3699 2490 3746 et
2517 3689 2674 3746 corde
2713 3691 2880 3745 locuti
2905 3698 3056 3758 sunt,
3089 3697 3148 3745 ut
3172 3689 3450 3762 dispeth
3495 3691 3675 3747 Domi-

2031 3797 2134 3834 nus
2183 3781 2439 3834 universa
2485 3779 2634 3834 labia
2683 3778 2865 3834 dolosa
2912 3779 3082 3850 (Psal.
3115 3796 3192 3845 ιιι,
3220 3781 3275 3844 3,
3310 3780 3400 3848 4);
3433 3783 3494 3836 et
3541 3781 3672 3835 item

2032 3867 2334 3938 Scriptura
2361 3866 2504 3921 dicit
2527 3883 2538 3921 :
2565 3865 2877 3922 Malediclus
2911 3867 2994 3922 vir
3019 3867 3232 3923 dolosas
3261 3867 3478 3935 (Malae.
3503 3885 3541 3936 ι,
3569 3868 3671 3940 14),

2030 3963 2080 4011 et
2108 3963 2259 4010 muta
2285 3957 2422 4026 ﬁant
2453 3955 2604 4010 labia
2630 3954 2809 4010 dolosa
2835 3955 3006 4020 (Psal.
3041 3971 3172 4018 xxx.
3206 3954 3313 4027 19).

2103 4043 2510 4099 Pertimesccrc
2541 4042 2722 4114 igitur
2761 4043 2974 4098 debent
3007 4042 3300 4113 jurantes,
3332 4041 3454 4099 imo
3482 4045 3672 4116 perju-

2030 4137 2225 4188 rantes
2255 4131 2442 4187 dolosi
2473 4129 2530 4186 in
2565 4129 2800 4186 nomine
2829 4129 3044 4186 Christi
3075 4136 3132 4186 et
3161 4136 3502 4187 sanctorum
3522 4133 3667 4204 ejus,

2027 4220 2168 4293 quia
2183 4219 2680 4276 abominabuntur
2699 4219 2990 4275 aDomino
3011 4223 3073 4274 ut
3088 4219 3194 4274 viri
3211 4218 3590 4292 sanguinem,
3615 4218 3669 4275 id

2027 4313 2116 4364 est
2143 4309 2243 4380 qui
2277 4308 2532 4364 humano
2563 4323 2768 4362 cruore
2799 4305 3180 4379 polluuntur:
3204 4308 3486 4380 quoniam
3519 4308 3668 4364 sicut

2025 4395 2108 4451 illi
2142 4396 2434 4464 occidunt,
2469 4395 2549 4451 ita
2579 4399 2636 4450 et
2680 4395 2777 4450 isti
2826 4395 3128 4468 decipiunt
3172 4395 3449 4452 viventes.
3485 4399 3665 4464 Quam

274 4479 498 4535 viribus
531 4481 682 4546 fecit,
716 4482 816 4536 sed
849 4481 934 4537 ira
964 4481 1082 4550 Dei,
1116 4482 1175 4538 in
1227 4484 1396 4555 cujus
1447 4484 1682 4540 nomine
1730 4486 1919 4540 fuerat
1945 4501 1994 4566 Ι)
2025 4487 2281 4542 immane
2311 4488 2504 4540 autem
2537 4488 2712 4555 atque
2733 4483 2978 4539 mortale
2999 4490 3303 4556 peccatum
3325 4483 3405 4540 sit
3425 4484 3664 4540 homici-

274 4568 629 4638 perjuratus.
665 4569 944 4641 Degimus
994 4571 1151 4626 enim
1200 4571 1326 4643 (Jer.
1362 4590 1456 4642 LII,
1485 4573 1540 4643 5)
1573 4573 1914 4628 Sedechiam

273 4659 510 4724 captum
542 4671 670 4712 esse
699 4662 757 4712 et
777 4657 1018 4714 ductum
1035 4657 1095 4714 in
1117 4659 1580 4732 Reblata,ibiquc
1598 4661 1918 4718 interfectis

273 4740 411 4796 filiis
442 4742 502 4796 in
533 4743 719 4800 oculis
743 4745 872 4816 ejus
903 4753 1274 4814 excmcatum,
1303 4755 1358 4804 et
1388 4747 1574 4804 instar
1603 4750 1732 4804 ferae
1763 4750 1918 4806 elau-

272 4845 404 4884 sum
436 4846 609 4886 cavea
639 4833 986 4889 translatum
1021 4835 1078 4890 in
1113 4835 1484 4907 Babylonem.
1509 4838 1580 4892 Et
1609 4842 1749 4892 sunt
1771 4855 1914 4894 non-

273 4916 415 4972 nulli
447 4917 548 4990 qui
580 4924 702 4974 arte
737 4937 836 4992 per
865 4922 1064 4977 dolum
1087 4924 1358 4994 jurantes
1391 4928 1453 4978 ut
1479 4925 1750 4996 decipant
1777 4944 1912 4982 eum

270 5023 410 5080 erga
437 5023 612 5080 quem
634 5009 985 5080 jurant,non
1009 5030 1070 5067 se
1092 5016 1302 5082 putant
1332 5029 1460 5068 reos
1490 5030 1618 5069 esse
1648 5014 1913 5085 perjurii,

269 5095 702 5166 contradicente
755 5098 855 5154 Dei
915 5100 1125 5172 spiritu
1184 5117 1285 5172 per
1340 5101 1686 5173 Prophetam
1725 5119 1736 5157 :
1773 5105 1913 5170 Quis

266 5183 517 5250 iiseendet
544 5187 604 5240 in
632 5196 866 5244 montem
896 5189 1134 5256 Domini,
1164 5197 1215 5244 et
1254 5189 1418 5244 stabit
1465 5191 1524 5244 in
1573 5190 1683 5246 loco
1729 5200 1910 5247 sancto

265 5273 427 5344 ejus?
453 5275 564 5342 Qui
608 5293 714 5330 non
756 5277 970 5347 juranit
1019 5279 1075 5332 in
1123 5277 1242 5332 dolo
1287 5281 1538 5350 pruriam
1590 5295 1688 5334 suo
1737 5279 1904 5351 (Psal.

266 5376 404 5416 χχιιι
433 5363 510 5429 3).
547 5363 651 5418 Per
679 5363 879 5419 dolum
911 5366 1308 5437 itaquejurat,
1341 5367 1808 5439 quisquislaliter
1826 5371 1908 5423 fa-

267 5451 470 5506 cturus
499 5456 589 5506 est
618 5469 796 5523 quam
831 5455 1137 5526 promittit,
1160 5457 1401 5511 Credens
1432 5455 1754 5526 pcrjurium
1789 5474 1904 5512 non

2027 4573 2211 4641 dium,
2244 4573 2302 4628 in
2337 4590 2452 4644 quo
2481 4575 2538 4627 et
2571 4572 2844 4628 discretio
2875 4571 3023 4628 solet
3048 4573 3361 4642 esse,sicut
3381 4579 3440 4630 et
3461 4573 3520 4629 in
3542 4591 3665 4647 pec-

2027 4663 2172 4719 catis
2203 4663 2449 4728 cwteris,
2472 4667 2526 4716 et
2559 4660 2684 4732 ipsa
2732 4664 2959 4728 natura,
2993 4665 3050 4716 et
3097 4665 3303 4718 sancta
3351 4662 3663 4734 Scriptura,

2024 4756 2082 4808 et
2111 4751 2307 4806 divina
2337 4755 2510 4822 atque
2531 4749 2791 4804 humana
2803 4747 3030 4819 judicia
3047 4754 3312 4821 patenter
3330 4750 3658 4805 ostendunt.

2025 4839 2189 4895 Unde
2217 4842 2274 4894 et
2301 4838 2359 4892 in
2391 4836 2639 4893 Levitico
2669 4836 2886 4892 dicitur
2907 4854 2920 4893 :
2945 4840 3058 4908 Qui
3089 4840 3426 4909 peacusserit
3452 4847 3503 4893 et
3528 4837 3662 4894 occi-

2020 4927 2164 4984 derit
2199 4929 2473 4983 hominem
2519 4934 2688 4980 morte
2735 4927 3005 4981 moriatur
3047 4927 3238 4996 (Leuit.
3271 4943 3423 4992 xxxv,
3461 4927 3579 4998 17);
3609 4929 3665 4980 et

2019 5015 2332 5087 Apostolus
2365 5031 2378 5070 :
2409 5015 2522 5084 Qui
2549 5013 2680 5080 odit,
2712 5011 2922 5086 inquit,
2952 5017 3184 5085 fratrem
3205 5031 3370 5070 suum
3397 5014 3660 5071 homicida

2021 5112 2117 5171 est,
2147 5113 2196 5160 et
2221 5105 2422 5159 sci-mus
2452 5104 2583 5174 quia
2609 5103 2786 5158 omnis
2825 5103 3097 5159 homicida
3143 5120 3254 5160 non
3300 5103 3462 5160 habet
3506 5105 3661 5159 vitam

2019 5201 2282 5250 teter-nam
2316 5193 2376 5247 in
2404 5194 2688 5262 semetipso
2733 5200 3042 5247 manentem
3071 5194 3119 5261 (1
3145 5193 3303 5248 Joan.
3341 5211 3428 5259 ιιι,
3465 5195 3570 5260 15).
3597 5191 3659 5246 Et

2018 5280 2237 5336 talibus
2267 5279 2668 5352 peccatoribus
2699 5279 2881 5336 dolosi
2907 5281 3262 5352 junguntur.
3289 5281 3474 5337 Multa
3501 5278 3647 5336 enim

2018 5369 2274 5440 perjuria
2305 5371 2472 5436 liunt,
2506 5385 2632 5440 qua:
2666 5368 2897 5440 propria
2926 5367 3222 5424 voluntate
3250 5387 3362 5424 non
3387 5369 3643 5442 agimus:

2016 5456 2199 5512 dolosi
2223 5463 2415 5512 autem
2439 5457 2690 5511 scientes
2707 5455 2928 5511 malum
2955 5463 3272 5530 operantur
3284 5458 3536 5514 alienum
3549 5455 3656 5512 exi-

266 5548 394 5590 esse
423 5537 721 5610 decepisse
751 5542 1017 5613 nequiter
1055 5543 1342 5599 credentis
1391 5559 1663 5597 errorem.
1697 5543 1905 5600 Jurare
2013 5545 2194 5612 tium;
2221 5549 2554 5617 .propterea
2609 5543 2816 5601 merito
2844 5548 2910 5602 ut
2939 5545 3300 5618 sanguinarii
3341 5565 3377 5602 a
3420 5545 3651 5603 Domino
