3934 6182
1355 405 1362 410 ,
1410 329 1514 394 DE
1555 325 1943 393 GAVENDIS
1982 327 2244 408 vrrus,
2287 331 2462 394 ure.

229 461 668 536 abominantur,
701 467 758 520 et
787 467 1022 522 sanctos
1051 463 1150 538 qui
1184 481 1288 539 pro
1315 464 1556 522 veritate
1585 482 1774 538 usque
1804 465 1876 522 ad
1907 463 1965 534 Α
1993 465 2329 539 pastoribus
2357 465 2576 540 quibus
2604 464 2664 522 in
2696 465 2996 524 nativitate
3033 464 3348 523 Salvatoris
3395 463 3641 540 angelus

229 555 479 610 mortem
508 553 970 621 decertaverunt,
1017 553 1076 609 in
1125 571 1378 628 quorum
1427 555 1730 628 perjurant
1777 573 1880 614 no-

226 643 408 708 mine,
433 657 548 698 non
581 641 900 714 adjutores,
925 643 1026 699 sed
1053 643 1283 716 judices
1311 647 1368 700 et
1395 645 1879 702 condemnatores

225 732 294 787 in
323 729 587 787 districto
617 730 882 787 examine
910 730 1225 800 invenient,
1251 750 1398 806 quos
1421 734 1610 790 socios
1640 733 1700 789 in
1731 734 1878 790 veri-

223 819 369 876 tatis
399 823 576 892 atque
597 819 845 890 justitize
891 821 1216 878 assertione
1265 821 1480 878 habere
1511 827 1879 896 contempse-

224 911 386 976 runt,
409 911 468 963 et
496 905 892 964 testiﬁcationi
925 926 1044 967 sua:
1091 908 1366 967 falsitatis
1397 915 1577 968 testes
1615 912 1878 970 veritatis

223 995 648 1065 adhibuerunt,
669 996 770 1069 qui
801 1013 938 1054 cum
969 998 1217 1056 Domino
1239 1003 1304 1054 ut
1322 999 1477 1056 viros
1495 1001 1875 1075 sanguinum,

221 1083 310 1140 ita
336 1087 393 1140 et
417 1083 652 1141 dolosos
671 1085 1262 1160 abominantur,quia
1281 1105 1533 1160 quorum
1557 1089 1764 1145 animm
1797 1091 1877 1145 in-

220 1177 324 1230 tus
355 1172 778 1246 omnipotentis
806 1173 907 1230 Dei
931 1174 1255 1231 claritatem
1276 1176 1494 1246 vident,
1520 1177 1682 1234 nullo
1705 1179 1878 1234 modo

222 1261 584 1318 credendum
615 1265 706 1318 est
733 1261 874 1334 quia
913 1263 994 1318 sit
1045 1262 1186 1320 foris
1231 1263 1452 1337 aliquid
1506 1267 1662 1338 quod
1713 1265 1878 1340 igno-

220 1355 383 1419 rent;
424 1355 486 1408 et
532 1351 678 1406 nihil
708 1350 767 1406 in
799 1357 1066 1408 creatura
1111 1353 1305 1426 agitur
1333 1355 1489 1428 quod
1520 1356 1713 1412 videre
1762 1373 1878 1412 non

219 1440 479 1514 possint,
525 1443 584 1496 et
628 1457 755 1512 qua:
814 1440 1212 1498 abominanda
1259 1442 1591 1500 illustranto
1637 1446 1880 1502 veritate

219 1531 609 1602 cognoscunt,
641 1527 828 1586 eidem
873 1529 1102 1586 veritati
1153 1531 1503 1589 inhaerentes
1533 1533 1878 1590 abominan-

217 1621 340 1674 tur.
375 1613 491 1674 Nec
521 1622 718 1674 tamen
767 1635 970 1676 earum
1015 1619 1398 1678 beatitudinis
1425 1621 1749 1678 claritatem
1783 1623 1878 1679 fu-

217 1709 350 1764 scat
381 1710 618 1780 aspecta
663 1705 944 1780 iniquitas
973 1707 1061 1765 vel
1092 1725 1265 1782 pmna
1313 1711 1693 1784 reproborum
1727 1729 1740 1767 :
1775 1712 1876 1768 sed

215 1795 422 1870 potius
453 1795 590 1852 hinc
619 1813 821 1853 earum
851 1796 1134 1871 gaudium
1167 1798 1397 1870 crescit,
1420 1816 1556 1856 cum
1588 1800 1744 1858 mala
1772 1799 1878 1856 ini-

214 1901 476 1960 quorum
507 1884 898 1958 conspiciunt,
931 1886 1084 1958 quod
1116 1886 1217 1942 Dei
1253 1887 1656 1947 misericordia
1685 1906 1877 1947 evase-

214 1977 392 2042 runt;
433 1977 494 2031 et
536 1977 699 2030 tanto
751 1975 1006 2047 majores
1057 1975 1304 2048 ereptori
1355 1994 1462 2034 suo
1513 1979 1733 2053 gratias
1781 1995 1877 2036 re-

213 2063 444 2133 ferunt,
467 2066 688 2136 quanto
715 2062 913 2119 vident
957 2061 1016 2118 in
1063 2062 1196 2120 aliis
1227 2067 1380 2137 quod
1429 2065 1538 2140 ipsi
1571 2068 1792 2142 perpeti
1825 2068 1883 2124 si

211 2155 426 2210 essent
480 2149 668 2208 relicti
716 2155 1053 2224 potuerunt,
1085 2155 1144 2209 et
1195 2154 1542 2226 praedicente
1587 2158 1873 2214 veritate:

216 2241 395 2299 Testis
423 2240 602 2312 falsus
627 2255 737 2296 non
765 2241 873 2296 erit
903 2241 1205 2314 impunitus
1234 2243 1418 2315 (Prov.
1437 2263 1554 2314 xxx,
1574 2246 1630 2313 5,
1659 2245 1766 2318 9));
1799 2246 1879 2301 vi-

211 2327 437 2386 delicet
465 2327 566 2402 qui
595 2333 698 2386 aut
719 2328 972 2386 scienter
991 2333 1192 2386 contra
1211 2331 1510 2389 veritatem
1543 2333 1693 2391 falsa
1719 2333 1879 2390 testi-

211 2419 458 2486 ficatur,
481 2421 584 2473 aut
610 2433 745 2474 vera
795 2422 862 2474 ut
889 2417 1193 2476 veritatem
1242 2426 1549 2492 pervertat,
1579 2427 1636 2480 et
1683 2423 1877 2480 studio

98 2579 105 2588 ι
207 2505 637 2581 impunitionis
665 2506 869 2562 recitet
889 2507 1084 2579 juxta,
1107 2507 1254 2565 tales
1275 2513 1451 2567 testes
1469 2511 1629 2567 velut
1647 2511 1876 2568 veritati

208 2595 647 2654 ooncordantcs
667 2593 978 2652 exsultant.
1000 2597 1071 2652 Et
1099 2602 1238 2653 sunt
1260 2598 1522 2670 quidam,
1546 2601 1645 2673 qui
1675 2617 1792 2656 non
1815 2618 1878 2657 se

208 2684 354 2742 ladi
388 2687 493 2740 aut
522 2682 707 2740 levius
736 2682 866 2739 laedi
897 2688 1125 2758 putant,
1149 2685 1197 2742 si
1233 2704 1348 2742 non
1379 2687 1494 2761 ipsi
1525 2705 1629 2762 per
1649 2706 1710 2745 se
1732 2689 1878 2745 falso

207 2773 304 2830 vel
343 2771 545 2830 dolose
578 2773 806 2844 jurant,
838 2773 940 2830 sed
969 2773 1115 2830 alios
1146 2792 1250 2848 pro
1289 2792 1351 2832 se
1392 2793 1504 2832 sua
1532 2776 1653 2834 vico
1676 2778 1879 2850 jurare

209 2865 452 2922 faciunt
480 2879 495 2919 :
529 2867 585 2919 et
614 2881 730 2920 non
762 2865 1074 2921 attendunt
1106 2865 1248 2938 quia
1278 2865 1336 2922 in
1378 2883 1444 2924 eo
1476 2869 1611 2940 jure
1640 2872 1743 2924 aut
1774 2867 1877 2924 fal-

207 2953 379 3010 lente
409 2951 642 3009 diabolo
673 2951 1066 3026 decipiuntur,
1091 2959 1194 3012 aut
1231 2954 1456 3028 seipsos
1485 2955 1736 3013 scienter
1768 2957 1877 3030 ipsi

205 3043 285 3101 ad
312 3042 756 3116 deprecandum
779 3042 1160 3116 demergunt:
1185 3043 1256 3100 de
1277 3044 1552 3118 qualibus
1573 3045 1713 3103 dicit
1733 3047 1882 3102 Scri-

207 3135 419 3206 ptura,
453 3131 790 3188 Descendunt
836 3133 895 3187 in
943 3133 1226 3204 infernum
1274 3135 1510 3191 viventes
1556 3137 1731 3206 (Psal.
1768 3153 1876 3204 LIV,

1991 555 2264 628 apparuit
2294 555 2342 612 si
2375 555 2662 611 bonorum
2694 559 2889 611 actum
2913 555 3453 628 cogitationumque
3474 571 3642 611 mun-

1990 644 2198 699 darum
2229 643 2338 700 sibi
2363 648 2641 717 aggregat
2667 642 3108 700 multitudinem
3129 648 3187 699 et
3200 645 3500 715 justorum
3521 660 3642 700 mo-

1989 731 2289 788 deramine
2320 733 2668 804 gubernare,
2693 730 3028 788 cmlestibus
3071 731 3504 803 Scripturarum
3535 749 3638 804 pa-

1988 820 2144 895 ginis
2174 825 2232 877 et
2262 822 2548 877 bonorum
2581 837 2822 894 operum
2875 819 3155 892 exemplis
3203 819 3447 890 nutrire,
3469 825 3527 877 et
3551 821 3636 876 vi-

1987 909 2090 984 gili
2121 909 2361 986 solertia
2391 915 2595 967 contra
2639 911 3080 966 immundorum
3131 909 3446 981 spirituum
3495 908 3636 966 insi-

1988 999 2117 1056 dias
2147 1017 2376 1056 servare
2406 999 2727 1056 contendit.

2058 1089 2128 1144 Et
2157 1092 2296 1144 sunt
2325 1088 2564 1161 quidam
2589 1088 2689 1161 qui
2721 1088 2897 1144 etiam
2923 1086 3280 1144 curiositatis
3305 1086 3514 1142 vitium
3545 1087 3638 1143 in-

1987 1180 2077 1232 ter
2104 1177 2372 1250 graviora
2401 1180 2637 1250 peccata
2667 1195 2780 1233 non
2813 1179 3175 1249 computant,
3197 1177 3296 1232 sed
3329 1175 3634 1242 falluntur.

1987 1266 2168 1321 Grave
2208 1283 2462 1338 namque
2511 1270 2600 1322 est
2648 1265 3004 1321 curiositatis
3047 1265 3280 1329 vitium,
3310 1283 3440 1338 qua:
3491 1266 3633 1322 dum

1987 1353 2304 1427 cujuslibet
2325 1357 2579 1410 mentem
2603 1355 2676 1409 ad
2704 1353 3164 1425 investigandum
3186 1353 3362 1409 vitam
3386 1354 3633 1426 proximi

1986 1443 2240 1502 exterius
2272 1445 2452 1513 ducit,
2477 1461 2709 1517 semper
2746 1443 2796 1500 ei
2827 1460 2936 1498 sua
2967 1442 3177 1498 intima
3205 1443 3534 1510 abscondit,
3569 1447 3636 1498 ut

1987 1533 2176 1590 aliena
2209 1533 2404 1589 sciens
2434 1550 2498 1590 se
2542 1532 2784 1599 nesciat,
2805 1535 2863 1588 et
2890 1530 3107 1587 curiosi
3134 1531 3393 1598 animus,
3415 1535 3634 1604 quanto

1986 1621 2210 1696 peritus
2231 1621 2405 1678 fuerit
2425 1621 2598 1678 alieni
2623 1621 2838 1688 meriti,
2863 1624 3022 1675 tanto
3046 1620 3143 1676 fiet
3162 1619 3402 1694 ignarus
3424 1618 3517 1676 sui
3541 1635 3554 1674 :
3579 1623 3636 1676 et

1987 1727 2139 1784 smpe
2158 1711 2299 1766 dum
2321 1709 2589 1767 curiosus
2611 1709 2860 1782 quisque
2883 1726 3008 1782 quae
3031 1712 3170 1764 sunt
3193 1709 3382 1765 aliena
3405 1709 3636 1765 investi-

1987 1804 2106 1874 gat,
2135 1817 2305 1856 suam
2353 1799 2684 1856 molestiam
2726 1797 2959 1868 excitat,
2989 1797 3143 1854 sicut
3180 1797 3342 1854 canis
3389 1797 3515 1870 apri
3546 1797 3633 1854 vel

1985 1889 2136 1946 cervi
2167 1889 2459 1963 sagaciter
2484 1887 2732 1962 vestigia
2771 1887 3112 1960 insequens,
3134 1886 3427 1943 consecuti
3460 1887 3635 1943 dente

1981 1977 2070 2034 vel
2103 1994 2284 2034 cornu
2315 1977 2483 2051 perit.
2507 1977 2671 2034 Unde
2695 1977 2841 2034 bene
2869 1993 3100 2050 quoque
3130 1993 3233 2048 per
3261 1975 3632 2032 Salomonem

1984 2067 2234 2124 dicitur:
2263 2068 2478 2124 Cunctis
2514 2065 2852 2122 sermonibus
2883 2081 3009 2139 qua:
3033 2065 3296 2127 dicuntur
3328 2081 3398 2120 ne
3432 2081 3636 2121 accom-

1982 2157 2163 2213 modes
2191 2173 2284 2213 cor
2311 2165 2488 2226 tuum,
2514 2173 2582 2212 ne
2610 2159 2748 2228 forte
2780 2155 2976 2210 audias
3003 2171 3220 2210 servum
3265 2161 3419 2210 tuum
3463 2154 3634 2210 malc-

1983 2245 2248 2302 diccntem
2277 2246 2397 2302 tibi.
2429 2245 2544 2300 Scit
2587 2246 2737 2300 enim
2783 2245 3114 2300 conscientia
3161 2250 3252 2298 tua
3297 2245 3433 2315 quia
3477 2250 3528 2299 et
3577 2249 3637 2298 tu

1983 2335 2170 2390 crebro
2196 2333 2538 2389 malcdixisti
2563 2333 2693 2388 aliis
2715 2333 2900 2401 (Eccli.
2924 2348 3022 2397 vu,
3045 2335 3134 2398 22,
3158 2331 3270 2400 23).
3295 2331 3444 2386 Dum
3477 2330 3635 2386 enim

1985 2439 2304 2495 pensamus
2335 2421 2537 2494 quales
2567 2437 2705 2494 erga
2749 2419 2894 2476 alios
2925 2419 3168 2485 fuimus,
3191 2436 3318 2474 esse
3345 2419 3501 2474 circa
3529 2435 3638 2474 nos

1986 2511 2131 2568 tales
2162 2510 2308 2567 alios
2337 2511 2534 2566 minus
2562 2509 2849 2577 dolemus,
2875 2509 3015 2581 quia
3043 2507 3234 2564 aliena
3257 2507 3549 2579 injustitia
3577 2507 3639 2564 in

1985 2599 2156 2656 nobis
2185 2599 2443 2656 vindicat
2471 2599 2627 2671 quod
2662 2597 2717 2652 in
2752 2615 2813 2654 se
2846 2602 3046 2654 nostra
3084 2595 3440 2654 conscientia
3468 2613 3638 2654 accu-

1986 2692 2096 2745 sat.
2125 2689 2330 2745 Probet
2356 2691 2550 2744 autem
2575 2687 2836 2759 seipsum
2859 2685 3127 2742 curiosus
3156 2686 3352 2751 homo,
3374 2689 3434 2742 et
3463 2685 3548 2743 sic
3578 2686 3638 2742 in

1987 2794 2049 2834 se
2077 2781 2306 2833 tantum
2339 2774 2585 2849 gloriam
2619 2774 2878 2840 habebit,
2911 2778 2968 2829 et
3001 2791 3118 2830 non
3149 2773 3209 2829 in
3241 2772 3444 2841 altero,
3467 2777 3640 2848 cujus

1985 2865 2163 2922 vitam
2187 2864 2437 2938 exquirit
2458 2868 2515 2920 et
2537 2862 2760 2919 merita.
2783 2863 2928 2917 Nam
2954 2865 3092 2917 sunt
3113 2861 3213 2934 qui
3235 2878 3296 2917 se
3323 2867 3642 2936 praepoten-

1988 2959 2077 3010 tes
2108 2954 2316 3028 puiant
2345 2970 2472 3009 esse
2501 2951 2560 3008 in
2593 2951 2827 3018 saeculo,
2851 2954 2908 3006 et
2938 2967 3054 3006 non
3095 2949 3427 3023 intelligunt
3457 2968 3636 3024 quam

1987 3041 2106 3100 sint
2136 3041 2272 3098 vilia
2302 3040 2595 3114 mancipia
2623 3039 2762 3096 vitio
2799 3038 3158 3096 curiositatis
3193 3039 3520 3096 servientia.
3555 3039 3637 3097 De

1987 3150 2238 3206 quorum
2272 3131 2576 3206 impotenti
2625 3131 2886 3205 potentia
2937 3129 3176 3203 quidam
3225 3128 3550 3186 catholicus
3579 3133 3638 3186 et

211 3221 333 3291 16),
367 3217 430 3276 id
463 3223 552 3275 est
578 3219 862 3276 labuntur
891 3220 951 3276 in
980 3225 1283 3294 peccatum
1315 3221 1588 3280 scientes.
1613 3224 1680 3279 Hi
1711 3224 1878 3280 nimi-
1907 3209 1950 3277 C
1987 3222 2283 3296 sapientiae
2315 3239 2382 3277 ac
2412 3220 2666 3277 scientia:
2707 3219 2904 3276 multa:
2955 3217 3359 3291 philosophus,
3391 3217 3452 3273 in
3483 3235 3635 3290 quo-

207 3327 358 3366 rum
382 3313 548 3366 tanto
576 3308 811 3383 gravius
841 3314 1104 3384 peccant,
1131 3315 1350 3384 quanto
1377 3330 1493 3368 non
1521 3313 1629 3370 soli
1659 3313 1720 3369 in
1747 3331 1877 3386 pec-

207 3403 352 3456 cato
379 3397 738 3468 moriuntur,
763 3399 864 3455 sed
898 3417 961 3456 se
986 3404 1044 3456 et
1067 3416 1168 3456 eos
1186 3417 1334 3473 quos
1362 3401 1432 3456 ad
1457 3403 1880 3474 perjurandum

206 3487 498 3554 mittunt,
523 3486 637 3542 nisi
669 3503 773 3560 per
791 3487 1196 3561 penitentiam
1217 3489 1606 3563 corrigantur,
1627 3490 1687 3546 in
1712 3491 1884 3548 infer-

206 3593 366 3634 num
400 3574 760 3649 dimergunt.
783 3577 855 3632 Et
880 3575 1017 3633 licet
1047 3576 1131 3632 illi
1163 3577 1222 3632 in
1255 3577 1598 3650 hujusmodi
1627 3581 1883 3653 perjurio

210 3666 477 3740 peccent
493 3664 592 3735 qui
619 3664 982 3735 juraverunt,
1008 3665 1092 3721 illi
1125 3669 1322 3722 tamen
1347 3666 1447 3739 qui
1476 3667 1641 3724 irrita
1662 3669 1886 3727 faciunt

198 3755 562 3828 juramenta
577 3769 686 3809 sua
701 3753 824 3810 vice
835 3754 1054 3827 jurata,
1075 3755 1227 3811 sicut
1242 3755 1527 3811 Dominus
1543 3757 1616 3813 ad
1634 3757 1884 3815 Pilatum

207 3842 388 3910 dixit,
417 3841 595 3913 Hujus
637 3850 916 3914 peccatum
962 3844 1163 3899 habent
1192 3846 1370 3912 (Joan.
1403 3862 1521 3914 χιχ,
1545 3847 1652 3914 11),
1687 3845 1743 3902 id
1775 3851 1887 3916 est,

210 3931 315 4006 qui
353 3929 515 3988 alios
545 3945 785 4002 peccare
814 3931 1097 3997 fecerunt,
1121 3935 1179 3986 et
1209 3949 1313 4004 pro
1341 3933 1522 3988 tantis
1553 3933 1630 3989 rei
1667 3935 1725 3990 in
1758 3953 1887 3991 con-

212 4023 436 4094 spectu
473 4017 577 4074 Dei
614 4018 928 4085 habentur,
960 4019 1160 4099 addita
1200 4025 1258 4076 et
1305 4021 1514 4076 animae
1545 4040 1664 4078 sua:
1695 4025 1886 4097 culpa,

213 4111 493 4182 quantos
513 4107 571 4162 in
591 4105 914 4180 perjurium
933 4107 1264 4176 mittunt,ct
1277 4109 1504 4167 dicente
1521 4111 1766 4168 Domino
1789 4129 1894 4184 per

213 4197 581 4274 prophetam
605 4197 818 4268 (Ezech.
841 4197 1053 4270 xxxiv),
1076 4197 1215 4270 quia
1261 4200 1399 4254 sicat
1443 4215 1564 4256 oves
1611 4201 1677 4257 de
1721 4219 1893 4258 manu

209 4287 490 4362 pastoris,
525 4285 606 4340 ita
636 4290 695 4342 et
724 4285 856 4342 illos
885 4285 986 4359 qui
1026 4286 1377 4359 subjectioni
1410 4305 1528 4343 sua:
1557 4288 1894 4346 obedientes

211 4391 434 4435 eorum
461 4389 526 4430 se
546 4373 792 4430 factione
815 4375 1138 4447 perjurant,
1152 4373 1243 4431 vol
1268 4373 1380 4432 alio
1401 4376 1662 4448 quolibet
1681 4378 1896 4436 scelere

213 4463 604 4540 polluuntur,
628 4462 700 4518 de
722 4479 902 4519 manu
926 4462 1160 4519 illorum
1184 4463 1458 4536 requiret,
1482 4465 1580 4538 qui
1611 4467 1723 4523 sibi
1746 4485 1898 4525 com-

1988 3313 2125 3368 dam
2157 3329 2263 3368 suo
2295 3311 2464 3378 libro,
2487 3309 2808 3381 unicuique
2840 3307 3122 3365 fallaciter
3151 3306 3368 3380 potenti
3399 3309 3458 3364 et
3483 3323 3641 3364 vera-

1989 3401 2133 3458 citer
2163 3400 2468 3473 impotenti
2501 3399 2644 3455 dicit
2674 3399 2880 3469 (Boet.,
2904 3397 2970 3454 de
2991 3397 3372 3454 Consolatione
3402 3395 3637 3464 Philas,

1990 3489 2092 3546 lib.
2127 3489 2212 3562 ιιι)
2249 3507 2262 3544 :

2395 3604 2604 3666 Etenim
2630 3603 2754 3666 licet
2780 3601 2960 3651 ludica
2985 3601 3147 3666 longe

2395 3665 2568 3715 Tellus
2597 3669 2691 3715 tua
2713 3665 2837 3728 jura
2867 3665 3157 3728 tremiscat,

2399 3729 2461 3777 Et
2489 3729 2687 3777 serviat
2717 3727 2904 3776 ultima
2929 3727 3116 3787 Thule,

2396 3792 2596 3840 'l‘ameu
2627 3793 2770 3843 atras
2803 3790 3003 3853 pellere
3033 3803 3209 3853 curas,

2402 3853 2725 3916 Miserasque
2755 3852 2939 3915 fugare
2969 3852 3217 3916 querelas

2399 3917 2515 3966 Non
2537 3930 2712 3980 posse,
2737 3919 2979 3978 potentia
3009 3929 3118 3964 non
3145 3918 3241 3964 est.

2068 4023 2357 4090 (Pastoral.
2382 4021 2480 4076 lib.
2507 4039 2591 4088 ιιι,
2613 4039 2740 4093 cap.
2763 4021 2854 4093 24)
2880 4039 2926 4076 ;‹‹
2951 4022 3021 4076 Et
3063 4025 3204 4076 sunt
3248 4021 3516 4077 nonnulli
3550 4021 3653 4094 qui

2001 4127 2114 4166 non
2146 4111 2460 4166 attendunt
2491 4126 2668 4181 quam
2714 4108 3117 4181 multipliciter
3147 4112 3404 4180 peccent,
3429 4109 3528 4181 qui
3561 4125 3652 4165 se-

2001 4199 2283 4255 minando
2314 4197 2667 4254 discordiam
2699 4197 2852 4252 inter
2883 4198 3112 4264 fratres,
3133 4196 3502 4264 charitatem,
3524 4213 3652 4268 quae

2003 4285 2283 4343 nimirum
2313 4285 2596 4341 virtutum
2629 4288 2720 4340 est
2757 4283 3022 4340 omnium
3063 4287 3270 4354 mater,
3291 4283 3650 4356 exstinguat.

2004 4375 2290 4444 Quoniam
2325 4377 2520 4430 autem
2553 4372 2699 4429 nihil
2733 4376 2822 4428 est
2849 4371 3166 4444 pretiosius
3197 4371 3314 4426 Deo
3338 4369 3552 4426 virtute
3575 4369 3658 4426 di-

2005 4462 2450 4529 lectionis,nihil
2475 4459 2920 4518 desiderabilius
2942 4463 3032 4515 est
3058 4457 3290 4515 diabolo
3316 4457 3656 4514 exstinctio-

216 4553 455 4610 missos
484 4566 730 4642 peccare
769 4551 1048 4642 fecerunt.
1081 4552 1208 4642 Non
1239 4553 1396 4608 enim
1449 4553 1558 4609 soli
1611 4560 1902 4633 pastores,
1935 4577 1984 4642 Β
2015 4570 2086 4642 ne
2106 4552 2432 4642 charitatis,
2453 4549 2724 4642 quisquis
2760 4545 3551 4642 igitur.seminapdo‘jurgia
3570 4547 3660 4642 di-

215 4639 523 4716 episcopi,
576 4640 922 4713 presbyteri,
983 4644 1040 4696 et
1095 4641 1345 4711 diaconi,
1407 4647 1897 4704 monasteriorum

217 4735 499 4787 rectores
529 4732 669 4784 sunt
699 4728 1082 4802 intelligendi,
1113 4731 1213 4786 sed
1247 4734 1305 4787 et
1334 4748 1538 4788 omnes
1569 4734 1768 4792 ﬁdeles
1797 4738 1898 4809 qui

215 4819 312 4877 vel
347 4817 615 4892 parvulae
645 4834 765 4873 sua;
797 4819 1010 4874 domus
1037 4819 1366 4876 custodiam
1397 4826 1610 4894 gerunt
1639 4828 1900 4896 pastores

218 4911 392 4965 recte
421 4909 732 4972 vocantur,
766 4905 826 4962 in
855 4910 1143 4979 quantum
1175 4925 1295 4964 sum
1325 4907 1525 4964 domui
1555 4911 1805 4969 sollicita
1823 4914 1903 4969 vi-

217 4993 492 5072 gilantia
523 4999 803 5066 praesunt.
828 4995 899 5050 Et
917 4994 1256 5068 quicunque
1277 4996 1483 5054 saltem
1518 4999 1616 5054 uni
1639 5000 1728 5056 vel
1755 5002 1900 5060 duo-

217 5086 346 5143 bus
380 5077 674 5139 fratribus
702 5081 1046 5156 quotidiano
1077 5085 1362 5158 regimine
1399 5093 1627 5158 praeest,
1651 5091 1902 5162 pastoris

218 5172 471 5230 eisdem
517 5169 692 5227 debet
717 5170 1000 5240 officium,
1027 5171 1167 5245 quia
1213 5172 1272 5228 in
1323 5178 1613 5247 quantum
1664 5179 1904 5250 sufficit,

220 5274 488 5336 pascere
518 5274 618 5315 eos
655 5259 929 5333 dapibus,
963 5265 1021 5316 et
1063 5259 1372 5330 hortando,
1406 5263 1781 5338 increpando,
1813 5286 1905 5324 ar-

220 5347 504 5424 guendo,
547 5347 892 5422 corrigendo
941 5349 1134 5405 debet.
1169 5349 1292 5406 lmo
1341 5355 1770 5428 unusquisque,
1805 5359 1902 5430 qui

219 5438 425 5496 etiam
459 5435 724 5507 privatus
751 5436 937 5493 vivere
967 5437 1244 5505 creditur,
1269 5443 1522 5511 pastoris
1543 5445 1798 5502 ofﬁcium
1829 5452 1908 5504 te-

2015 4641 2319 4698 lectionem
2339 4637 2733 4712 proximorum
2754 4635 3010 4707 perimit,
3024 4634 3178 4691 hosti
3193 4633 3294 4691 Dei
3313 4634 3665 4692 familiarius

2009 4730 2208 4795 servit,
2230 4728 2508 4800 quoniam
2540 4743 2659 4797 qua
2707 4724 2804 4780 ille
2853 4724 3074 4780 amissa
3120 4725 3349 4793 cecidit,
3373 4723 3526 4781 hanc
3555 4726 3665 4781 iste

2008 4817 2328 4890 vulneratis
2367 4815 2643 4870 cordibus
2685 4813 3060 4880 subtrahens,
3093 4814 3178 4869 eis
3226 4813 3336 4870 iter
3364 4814 3665 4870 ascensio-

2011 4907 2104 4963 nis
2134 4904 2404 4962 abscidit.
2431 4927 2459 4952 »
2483 4903 2550 4958 Et
2581 4907 2721 4958 sunt
2753 4901 3018 4957 nonnulli
3042 4902 3142 4974 qui
3178 4901 3329 4959 male
3348 4901 3666 4959 dulcoratis

2010 4991 2472 5051 detractionibus
2503 4995 2643 5047 sunt
2680 4991 2924 5057 assueti,
2958 5008 3071 5046 non
3114 4991 3480 5047 attendentes
3509 4989 3664 5061 quod

2012 5079 2298 5139 Dominus
2329 5078 2492 5144 dicit,
2513 5080 2890 5136 Dctrahcntcm
2916 5087 3116 5134 secreto
3133 5081 3387 5150 proximo
3405 5092 3504 5133 suo
3523 5076 3670 5130 hunc

2010 5166 2372 5244 perscijucbar
2417 5168 2586 5240 (Psal.
2636 5185 2748 5235 CVI,
2799 5168 2877 5235 5).
2929 5167 3117 5222 Μοναι.
3171 5165 3272 5220 lib.
3323 5181 3438 5230 XIV,
3469 5180 3520 5218 c.
3550 5164 3668 5232 24.)

2015 5259 2180 5316 Unde
2208 5261 2262 5313 et
2295 5256 2570 5312 Salomon
2599 5256 2780 5312 dicit:
2805 5256 2930 5312 Noli
2958 5271 3072 5311 esse
3122 5256 3180 5308 in
3233 5253 3496 5308 conviviis
3522 5258 3671 5323 pota-

2015 5359 2220 5413 torum,
2251 5361 2424 5418 neque
2455 5347 2510 5400 in
2557 5345 3093 5400 commcssationibus
3121 5357 3309 5397 eorum
3351 5341 3452 5411 qui
3477 5356 3669 5396 sumes

2017 5438 2087 5494 ad
2125 5433 2445 5492 vescendum
2481 5437 2769 5504 cmi/i’runt
2798 5435 2978 5502 (Prov.
3012 5447 3168 5494 xxm,
3201 5427 3314 5500 28).
3347 5428 3564 5483 Carnes
3595 5429 3668 5484 ad

221 5531 356 5594 net,
385 5527 452 5581 et
481 5523 807 5596 spiritalem
855 5525 1044 5599 pascit
1073 5530 1690 5606 gregem,vigiliusque
1718 5538 1908 5594 noctis
2013 5524 2368 5583 vescendum
2393 5523 2653 5578 conferre
2669 5525 2778 5586 est,
2800 5520 2858 5574 in
2875 5517 3256 5606 collocutione
3277 5517 3671 5590 derogationis

220 5612 514 5674 custodit
543 5629 724 5686 supra
753 5613 945 5682 illum,
971 5615 1126 5674 sicut
1155 5615 1213 5672 in
1235 5615 1544 5692 Evangelia
1565 5605 1815 5697 legimus
1836 5627 1908 5684 de
2015 5611 2277 5676 vicissim
2300 5610 2698 5684 proximorum
2719 5607 2857 5663 vitia
2879 5605 3088 5662 dicere.
3115 5605 3196 5662 De
3217 5621 3468 5678 quorum
3500 5623 3671 5682 poena
