3934 6182
304 340 422 406 88⁸7

1089 347 1476 412 HINCMARI
1520 346 1764 412 RHEMt
1813 341 2177 413 ARCHIEP.
2225 349 2632 417 OPUSCULA
2673 350 2940 415 VARIA.

3587 341 3714 412 888.

305 488 440 532 mox
473 471 783 534 subditur:
810 476 951 548 Quia
980 491 1228 538 vacantes
1263 484 1478 554 potitus
1515 493 1567 540 et
1599 485 1787 541 dantes
1815 501 1956 556 sym-
1983 484 2038 550 Α
2061 485 2246 540 ruinae
2279 488 2540 553 modum,
2571 503 2748 558 quam
2779 487 2838 542 in
2871 483 3184 558 semetipso
3217 481 3464 556 quisque
3493 483 3706 542 intror-

305 563 427 621 beta
445 565 852 636 consumentnr,
875 577 927 624 et
943 571 1199 626 vestietur
1213 575 1416 644 pannis
1435 573 1745 629 dormitatio
1765 573 1948 640 (ibid,

299 655 412 722 21).
439 651 783 726 Symbolum
809 656 1074 714 Graecum
1123 677 1332 716 nomen
1365 667 1474 726 est,
1498 665 1556 718 et
1607 661 1949 733 interpreta-

299 746 398 799 tur
427 743 664 800 collatio.
689 743 794 801 Est
823 751 1017 802 autem
1049 745 1278 806 collatio
1323 767 1684 816 sermonum,
1709 749 1864 806 sicut
1891 750 1950 806 in

300 832 580 888 conviviis
597 831 742 889 solet
765 851 893 906 esse
914 837 1230 906 pecuniaru
1240 853 1318 902 m,
1335 837 1454 892 sive
1471 837 1716 893 aliarum
1735 855 1949 906 rerum,

301 926 368 976 ut
399 925 456 978 et
486 937 740 993 praesens
772 923 936 979 locus
966 922 1151 980 docet.
1180 923 1417 981 Potibus
1442 943 1576 997 ergo
1596 933 1821 994 vacant,
1850 929 1948 999 qui

302 1009 373 1064 de
404 1010 715 1082 Opprobrio
741 1011 941 1067 aliena:
962 1013 1090 1068 vitae
1121 1013 1432 1070 inebriant.
1457 1015 1798 1086 Symbolum
1822 1034 1952 1072 vero

301 1099 441 1176 dare
461 1101 572 1162 est,
597 1099 748 1154 sicut
770 1101 1178 1174 unusquisque
1201 1102 1349 1158 solet
1380 1121 1482 1174 pro
1515 1110 1677 1176 parte
1697 1105 1857 1161 cibos
1878 1107 1950 1162 ad

299 1185 676 1254 vescendum,
704 1188 786 1244 ita
807 1190 866 1244 in
891 1189 1361 1246 contabulatione
1383 1192 1760 1249 detractionis
1780 1197 1954 1250 verba

301 1274 582 1334 conferre.
607 1276 717 1334 Sed
751 1284 1023 1335 vacantes
1054 1279 1289 1352 potibus
1309 1286 1364 1336 et
1385 1283 1592 1338 dantes
1622 1281 1952 1355 symbolum

302 1367 744 1436 consumentur,
779 1367 919 1439 quia
948 1369 1235 1440 scriptum
1265 1375 1354 1426 est
1387 1387 1398 1424 :
1433 1369 1637 1427 Omnis
1667 1371 1957 1428 detractor

301 1453 697 1510 eradicabitur
751 1455 930 1526 (Prov.
983 1455 1092 1528 xv).
1145 1457 1440 1514 Vestietur
1495 1459 1692 1516 autem
1745 1461 1955 1532 pannis

301 1543 660 1610 darmitatio,
685 1544 824 1616 quia
845 1543 1183 1617 despectum
1215 1549 1272 1602 et
1300 1547 1532 1620 inopem
1556 1566 1589 1604 a
1609 1549 1840 1605 cunctis
1861 1551 1957 1605 bo-

301 1628 396 1688 nis
417 1631 695 1704 operibus
726 1650 886 1690 mors
908 1651 1017 1690 sua
1045 1633 1320 1703 inveniet,
1339 1653 1514 1709 quem
1542 1637 1636 1694 hic
1658 1640 1727 1694 ad
1754 1637 1954 1694 alienae

300 1719 430 1776 vita:
461 1721 821 1792 exquirenda
859 1721 1108 1780 crimina
1152 1723 1532 1782 detractionis
1561 1745 1679 1783 suae
1707 1727 1956 1800 languor

301 1809 624 1916 occppavit.
653 1833 681 1860 »ι
709 1809 876 1916 ἐξιίυέ
923 1811 1308 1916 eleemosynis
1355 1818 1550 1915 vacat,
1594 1817 1828 1888 propria
1865 1817 1952 1871 di-
1987 1841 2040 1916 Β

302 1899 542 1956 stribuit
586 1917 600 1955 :
655 1901 754 1956 sed
815 1900 956 1956 dum
1016 1897 1218 1958 multis
1274 1899 1582 1972 injustitiis
1641 1904 1838 1972 servit,
1869 1906 1957 1961 vel

301 1989 554 2045 fortasse
583 1989 845 2062 linguam
881 1989 938 2044 in
978 1989 1440 2048 detractionibus
1487 1994 1686 2058 exerit,
1720 1994 1787 2050 fit
1836 1994 1958 2066 ple-

307 2089 561 2149 rumque
607 2083 674 2134 ut
721 2078 792 2142 is,
821 2078 927 2150 qui
985 2077 1316 2136 misericors
1369 2082 1576 2146 fuerat,
1609 2083 1781 2152 juxta
1829 2084 1958 2138 vitae

305 2177 425 2222 sna:
457 2165 777 2222 terminum
821 2167 1159 2238 rapacitatis
1215 2173 1271 2224 et
1323 2168 1688 2228 crudelitatis
1744 2171 1959 2227 stimu-

303 2253 377 2310 lis
408 2253 757 2310 inardescat.
791 2256 952 2321 Quod
985 2255 1153 2312 valde
1185 2257 1410 2326 judicio
1441 2260 1606 2331 justo
1645 2261 1859 2333 agitur,
1894 2265 1960 2316 ut

305 2343 513 2416 perdat
541 2343 599 2399 et
625 2348 758 2399 ante
805 2343 1073 2399 homines
1123 2345 1278 2401 unde
1329 2347 1670 2405 hominibus
1717 2349 1956 2421 placuit,

306 2432 408 2504 qui
440 2429 549 2488 hoc
575 2431 730 2488 unde
762 2433 877 2487 Deo
909 2431 1211 2506 displicuit
1231 2435 1518 2507 corrigere
1541 2454 1843 2508 nunquam
1867 2455 1955 2493 cu-

309 2522 478 2577 ravit.
503 2519 641 2576 Duae
663 2525 858 2576 autem
892 2526 1032 2576 sunt
1060 2539 1248 2577 causa:
1278 2523 1338 2578 in
1369 2524 1587 2595 quibus
1620 2525 1755 2582 licet
1786 2526 1959 2582 alicui

306 2609 499 2666 dicere
529 2610 588 2664 et
616 2609 931 2664 retractare
953 2607 1145 2665 aliena
1174 2611 1348 2667 mala.
1369 2613 1427 2668 Si
1461 2614 1694 2685 quando
1727 2632 1961 2672 necesse

305 2701 396 2756 eat
426 2696 742 2755 consilium
773 2698 974 2754 haberi
1005 2716 1138 2754 cum
1170 2702 1416 2768 caeteris,
1442 2703 1542 2774 qui
1593 2702 1651 2758 in
1697 2703 1804 2760 hoc
1835 2705 1960 2776 ipso

305 2787 583 2845 videntur
612 2787 858 2854 assumi,
885 2788 1178 2859 quomodo
1204 2789 1532 2862 corrigatur
1561 2790 1611 2846 is
1641 2791 1740 2863 qui
1767 2810 1964 2863 pecca-

304 2876 387 2932 vlt
415 2875 501 2933 vel
533 2875 686 2932 male
714 2875 934 2949 aliquid
967 2875 1105 2946 egit.
1129 2877 1200 2932 Et
1231 2895 1488 2945 rursum,
1523 2879 1568 2936 si
1603 2881 1839 2952 quando
1871 2898 1964 2937 ne-

308 2981 470 3022 cesse
491 2969 579 3022 est
600 2965 899 3038 praeveniri
935 2964 1288 3037 aliquem.et
1309 2969 1664 3024 commoneri
1708 2986 1779 3024 ne
1819 2970 1965 3025 forte

309 3054 572 3110 incurrat
601 3054 658 3108 in
691 3054 1050 3110 consortinm
1083 3053 1333 3126 alicujus
1361 3055 1520 3122 mali,
1542 3057 1682 3112 dum
1707 3075 1838 3114 eum
1865 3075 1964 3130 pu-

310 3146 396 3199 tat
423 3159 553 3199 esse
582 3141 979 3213 bonum,quia
999 3141 1142 3197 dicit
1175 3143 1487 3214 Apostolus
1513 3160 1526 3198 :
1552 3143 1726 3201 Nolite
1746 3149 1964 3201 commi-

2060 581 2164 629 sus
2195 575 2391 639 sentit,
2426 575 2601 630 etiam
2649 587 2928 630 mensum
2964 571 3400 628 lamentationis
3430 571 3704 646 erigatur,

2059 679 2132 717 ne
2157 661 2204 718 si
2229 663 2483 733 cogitata
2504 662 2658 718 mala
2683 663 2880 718 minus
2901 661 3184 728 cruciant,
3213 677 3400 732 usque
3419 660 3492 716 ad
3517 677 3710 734 perpe-

2061 751 2269 806 tranda
2300 767 2476 823 opera
2505 751 2847 822 perducant.
2881 751 3243 822 Quapropter
3271 754 3476 804 contra
3515 749 3712 805 omnia

2058 837 2198 893 vitia
2237 844 2294 894 et
2341 844 2580 910 peccata
2626 838 2875 911 quisque
2923 837 3166 894 solerter
3214 835 3492 910 invigilet,
3526 842 3586 893 et
3613 839 3708 910 qui

2061 933 2300 999 peccata
2329 927 2614 998 deplorat,
2657 926 2940 1000 ploranda
2988 923 3229 982 minime
3273 925 3633 994 committat,
3660 931 3714 982 et

2061 1015 2159 1088 qui
2192 1015 2418 1094 plangit
2446 1015 2606 1079 vitia,
2634 1022 2960 1088 perpetrare
2981 1015 3122 1070 vitia
3143 1015 3538 1086 pertimescat.
3571 1015 3710 1070 Nam

2061 1105 2436 1178 cogitandum
2465 1122 2838 1177 summopere
2863 1109 2970 1172 est,
2997 1108 3064 1158 ut
3083 1104 3182 1176 qui
3207 1119 3270 1159 se
3289 1099 3492 1158 illicita
3513 1103 3714 1158 memi-

2063 1192 2150 1248 nit
2176 1191 2565 1260 commisisse,
2599 1211 2633 1248 a
2670 1193 3024 1264 quibusdam
3058 1192 3236 1247 etiam
3275 1190 3453 1248 licitis
3483 1191 3716 1247 studeat

2061 1282 2355 1338 abstinere
2379 1299 2392 1336 :
2421 1287 2714 1353 quatenus
2747 1299 2849 1353 per
2877 1281 2986 1338 hoc
3017 1279 3312 1336 Conditori
3342 1297 3452 1336 sua
3481 1280 3714 1336 satisfa-

2062 1371 2196 1436 ciat,
2223 1373 2287 1425 ut
2307 1370 2407 1442 qui
2435 1369 2733 1426 commisit
2762 1369 3076 1442 prohibita,
3101 1368 3452 1441 sibimetipsi
3481 1367 3713 1425 abscin-

2062 1457 2200 1512 dere
2229 1457 2440 1513 debeat
2485 1457 2662 1513 etiam
2695 1473 2993 1524 concessa,
3027 1461 3086 1513 et
3133 1473 3196 1514 se
3242 1456 3636 1530 reprehendat
3659 1456 3712 1512 in

2061 1545 2345 1611 minimis,
2383 1561 2558 1618 quem
2609 1546 2881 1602 meminit
2936 1547 2998 1602 in
3056 1545 3327 1602 maximis
3373 1545 3711 1618 deliquisse.

2062 1634 2256 1690 Nimia
2293 1637 2434 1690 sunt
2465 1651 2592 1707 qua:
2641 1633 2868 1706 loquor,
2912 1635 2961 1690 si
3012 1632 3134 1690 hac
3181 1651 3250 1689 ex
3296 1634 3446 1690 sacri
3499 1633 3713 1707 eloquii

2062 1723 2397 1780 testimonio
2417 1739 2529 1777 non
2550 1722 2800 1780 afﬁrmo.
2818 1724 2931 1780 Lex
2945 1727 3100 1779 certe
3115 1721 3341 1779 Veteris
3356 1718 3715 1780 Testamenti

2061 1810 2312 1868 alienam
2360 1827 2598 1867 uxorem
2652 1811 2986 1885 concupisci
3036 1809 3322 1884 prohibet,
3355 1829 3390 1866 a
3421 1827 3558 1884 rege
3592 1818 3714 1868 vero

2068 1901 2236 1957 fortia
2259 1900 2458 1971 juberi
2502 1895 2812 1968 militibus,
2845 1900 2933 1956 vel
2965 1899 3282 1957 desiderari
3328 1915 3574 1972 aquam,
3603 1915 3716 1956 non

2069 1989 2374 2062 poenaliter
2417 1991 2593 2044 vetat.
2637 1989 2707 2044 Et
2752 1987 2949 2044 cuncti
3000 1987 3269 2044 novimus
3309 1989 3467 2060 quod
3520 1985 3718 2056 David,

2067 2077 2552 2150 concupiscentia:
2575 2094 2854 2133 mucrone
2879 2078 3218 2142 transfixus,
3245 2075 3500 2132 alienam
3522 2077 3720 2149 conju-

2067 2184 2198 2240 gem
2229 2172 2286 2221 et
2315 2165 2592 2238 appetivit
2631 2171 2688 2221 et
2733 2163 2978 2221 abstulit
3009 2183 3024 2220 ε
3057 2166 3229 2237 cujus
3279 2164 3519 2238 culpam
3552 2165 3724 2236 digna

2067 2255 2306 2310 verbera
2330 2257 2469 2309 sunt
2499 2257 2720 2319 secuta,
2745 2257 2803 2309 et
2826 2251 3047 2309 malum
3071 2255 3224 2326 quod
3247 2255 3610 2327 perpetravit
3631 2265 3725 2327 per

2070 2344 2420 2416 pccnilentiee
2468 2343 2724 2398 lamenta
2754 2343 3022 2398 correxit.
3047 2343 3153 2408 Qui
3186 2359 3321 2398 cum
3369 2340 3549 2415 longe
3601 2347 3734 2416 post

2069 2437 2271 2488 centra
2310 2431 2568 2487 hostium
2620 2449 2837 2486 cuneos
2880 2433 3130 2496 sederet,
3161 2447 3377 2504 aquam
3430 2429 3635 2488 bibere
3663 2447 3727 2487 ex

2068 2537 2270 2576 eorum
2303 2519 2560 2575 cisterna
2584 2538 2653 2576 ex
2673 2519 2962 2576 desiderio
2985 2519 3202 2576 voluit:
3226 2521 3399 2590 cujus
3430 2518 3610 2575 electi
3635 2519 3730 2574 mi-

2068 2607 2220 2675 lites,
2241 2609 2394 2663 inter
2413 2609 2673 2664 catervas
2697 2609 3132 2664 adversantium
3157 2607 3381 2664 medias
3405 2607 3728 2680 irrumpen-

2069 2703 2178 2766 tes,
2203 2715 2418 2770 aquam
2450 2713 2626 2768 quam
2658 2713 2753 2751 rex
2785 2696 3134 2752 desideravit
3171 2695 3336 2753 illaesi
3369 2695 3724 2753 detulerunt.

2071 2787 2182 2842 Sed
2205 2787 2292 2840 vir
2311 2785 2555 2857 ﬂagellis
2577 2784 2864 2852 eruditus,
2889 2783 3274 2856 semetipsum
3296 2785 3575 2857 protinus
3594 2801 3723 2840 cum

2071 2875 2328 2949 periculo
2359 2874 2614 2930 militum
2667 2890 2881 2945 aquam
2913 2872 3278 2929 desiderasse
3324 2872 3724 2945 reprehendit,

2069 2981 2316 3035 eamque
2338 2963 2582 3019 Domino
2605 2963 2856 3018 fundens
2877 2961 3100 3030 libavit,
3123 2962 3276 3018 sicut
3295 2961 3414 3017 illic
3435 2963 3723 3035 scriptum

2071 3057 2162 3108 est
2193 3067 2206 3106 :
2241 3053 2448 3108 Libavtt
2491 3067 2613 3108 eam
2657 3053 2885 3108 Domino
2915 3051 2989 3122 (II
3013 3051 3136 3122 Reg.
3170 3067 3330 3117 χχιιι,
3367 3051 3478 3122 16).
3519 3051 3587 3107 In
3636 3069 3724 3107 sa-

2071 3141 2354 3198 crificium
2385 3140 2601 3214 quippe
2646 3139 2872 3196 Domini
2903 3139 3089 3196 eil‘usa
3119 3157 3273 3211 aqua
3301 3155 3591 3196 conversa
3619 3139 3722 3207 est,

305 3235 449 3288 sceri
488 3237 613 3286 cum
657 3229 1030 3302 hujuscemvdi
1058 3231 1108 3296 (Ι
1134 3231 1256 3286 Cor.
1287 3249 1342 3296 v,
1377 3232 1589 3301 il).-Et
1638 3233 1910 3289 Salomon
1946 3252 1960 3290 :
1990 3215 2033 3282 C
2067 3231 2206 3302 quia
2237 3231 2470 3302 culpam
2493 3227 2976 3301 concupiscentia:
3010 3226 3284 3283 mactavit
3315 3245 3421 3300 per
3447 3228 3728 3300 pauitan-

307 3321 433 3378 Noll
461 3335 681 3375 manere
709 3335 832 3374 cum
861 3321 1078 3375 homine
1101 3320 1386 3382 iracundo,
1410 3338 1478 3375 ne
1506 3324 1645 3392 forte
1672 3341 1856 3380 sumas
1889 3323 1964 3380 la-

308 3420 506 3480 queum
535 3409 737 3462 animis
787 3415 898 3463 tum
943 3405 1124 3474 (Prov.
1159 3425 1296 3474 XXII,
1319 3409 1432 3474 24).
1467 3410 1628 3474 Quod
1663 3415 1719 3466 et
1765 3412 1958 3484 ipsum

283 3493 650 3574 'Apostolum
685 3495 890 3550 fecisse
920 3495 1252 3552 invenimus
1300 3513 1402 3568 per
1434 3497 1540 3554 hoc
1573 3502 1725 3571 quod
1760 3503 1964 3558 scribit

311 3583 382 3638 ad
431 3583 802 3638 Timotheum
849 3582 1094 3640 dicens:
1147 3585 1456 3641 Alewamler
1501 3591 1740 3645 aerarius
1788 3593 1964 3648 multa

309 3672 457 3728 mala
487 3673 628 3728 mihi
655 3672 902 3736 ostendit,
929 3690 1089 3745 quem
1116 3679 1168 3729 et
1208 3681 1268 3730 tu
1297 3675 1494 3742 devita,
1524 3676 1678 3732 valde
1704 3681 1854 3734 enim
1883 3697 1958 3736 re-

309 3763 451 3818 stitit
479 3763 656 3818 verbis
683 3764 884 3817 nostris
914 3761 986 3832 (11
1020 3761 1152 3818 Tim.
1188 3779 1264 3828 1v,
1287 3762 1398 3833 24).
1422 3763 1632 3820 Praeter
1661 3766 1964 3838 hujusmo-

311 3848 371 3904 di
401 3853 599 3904 autem
655 3847 1055 3912 necessitates,
1079 3847 1180 3920 qui
1233 3849 1376 3904 dicit
1419 3850 1698 3908 adversus
1755 3854 1958 3923 alium,

311 3939 379 3990 ut
405 3935 491 3990 vel
523 3936 761 4007 deroget
789 3935 838 3989 ei
870 3933 955 3992 vel
988 3937 1287 4002 obtrectet,
1315 3935 1469 3993 istud
1502 3943 1592 3994 est
1633 3941 1958 4010 detrahere,

311 4023 540 4080 etiarnsi
569 4039 707 4079 vera
732 4023 1041 4079 videantur
1072 4041 1202 4080 esse
1241 4041 1369 4096 quis
1400 4025 1558 4082 dicit.
1593 4027 1662 4083 Et
1692 4033 1832 4084 sunt
1859 4031 1958 4103 qui

310 4111 581 4186 quamvis
617 4110 675 4166 in
726 4109 1010 4182 minimis,
1043 4111 1142 4168 sed
1174 4119 1368 4169 tamen
1418 4115 1754 4187 frequenter
1799 4135 1960 4175 exce-

311 4202 460 4258 dunt
488 4204 554 4256 ut
583 4208 955 4273 nequaquam
987 4201 1358 4258 considerent
1378 4203 1575 4275 qualia
1605 4207 1705 4261 sed
1740 4211 1962 4278 quanta

310 4288 706 4344 committunt.
740 4287 801 4344 Si
831 4287 988 4343 enim
1022 4289 1173 4343 facta
1216 4299 1324 4344 Sua
1372 4290 1722 4364 despiciunt,
1755 4295 1962 4352 timere

309 4392 443 4432 cum
469 4375 717 4448 pensant
734 4373 966 4442 debent,
993 4377 1306 4433 formidare
1327 4394 1461 4433 cum
1486 4383 1963 4456 numerant,quia

311 4467 540 4521 minuta
569 4470 709 4520 sunt
739 4481 867 4535 qum
898 4470 1218 4536 erhmpunt
1250 4465 1549 4534 membris,
1581 4486 1682 4540 per
1703 4473 1959 4528 scabiem

2068 3319 2211 3373 tiam
2243 3315 2607 3373 remissionis
2637 3333 2777 3372 suae.
2811 3314 2918 3382 Qui
2951 3331 3094 3386 ergo
3123 3314 3422 3386 quondam
3453 3315 3727 3387 concupi-

2070 3423 2228 3463 scere
2259 3406 2508 3460 alienam
2557 3406 2868 3475 conjugem
2917 3414 3302 3474 nequaquam
3339 3403 3567 3472 timuit,
3603 3405 3729 3475 post

2070 3495 2244 3550 etiam
2273 3494 2412 3566 quia
2453 3511 2667 3566 aquam
2718 3491 3051 3563 concupivit
3099 3489 3344 3563 expavit.
3371 3490 3524 3556 Quia
3575 3492 3726 3546 enim

2071 3599 2132 3640 se
2162 3583 2366 3638 illicita
2409 3587 2775 3654 perpetrasse
2816 3579 3181 3647 meminerat,
3204 3583 3408 3635 contra
3448 3579 3728 3652 semetip-

2071 3683 2203 3728 sum
2227 3673 2353 3743 jam
2388 3671 2615 3743 rigidus
2646 3675 2704 3726 et
2733 3688 2767 3725 a
2796 3667 2972 3724 licitis
2997 3667 3348 3724 abstinebat.
3373 3667 3471 3723 Sic
3500 3667 3592 3724 sic
3621 3669 3731 3742 agi-

2071 3777 2206 3816 mus
2237 3757 2665 3832 poznitentiam,
2697 3758 2745 3814 si
2781 3773 2849 3814 ea
2878 3773 3006 3830 qua:
3036 3755 3448 3814 commisimus
3477 3758 3728 3828 perfecle

2071 3849 2460 3921 deploremus.

2709 3952 2944 4008 CAPUT
2985 3951 3078 4007 ιν.

2070 4045 2142 4100 De
2165 4043 2414 4114 operibus
2443 4041 2853 4114 misericordia".
2885 4049 2934 4096 et
2964 4040 3028 4096 de
3054 4040 3388 4114 paenitentia
3403 4041 3591 4114 qualis
3619 4052 3727 4114 esse

2139 4111 2346 4186 debeat,
2379 4114 2624 4186 quodque
2653 4111 2786 4186 dum
2823 4115 2948 4169 licet
2971 4111 3221 4186 minime
3261 4111 3596 4186 negligenda
3621 4113 3727 4176 sit;

2140 4185 2204 4242 de
2223 4183 2436 4259 judicio
2467 4183 2596 4242 item
2625 4185 2840 4252 ultimo,
2868 4193 2921 4242 et
2951 4183 3016 4241 de
3037 4184 3217 4256 poenis
3249 4183 3484 4253 inferni.

2142 4292 2296 4347 Inter
2323 4291 2443 4346 haec
2474 4295 2670 4348 autem
2721 4291 3026 4346 sciendum
3073 4293 3164 4346 est
3210 4292 3502 4360 quantum
3555 4299 3728 4358 opera
3771 4313 3778 4318 -

2071 4377 2482 4433 misericordiae
2513 4378 2762 4445 valeant,
2787 4393 2920 4432 cum
2953 4377 3026 4432 ad
3056 4377 3286 4432 fructus
3305 4373 3521 4447 dignos
3554 4373 3731 4447 pumi-

2069 4468 2267 4524 tentize
2299 4468 2426 4540 ipsa
2464 4485 2580 4540 prae
2630 4467 2853 4523 caeteris
2902 4465 3340 4539 praecipiuntur.
3377 4464 3522 4519 llinc
3573 4463 3727 4519 enim

309 4546 576 4622 vulnera,
596 4555 695 4647 sed
728 4563 864 4608 cum
887 4543 1203 4608 multitudo
1227 4571 1427 4610 eorum
1461 4555 1966 4616 innumerabiliter
1996 4580 2044 4647 η
2073 4575 2176 4630 per
2204 4558 2580 4628 semetipsam
2612 4557 2841 4611 Veritas
2872 4553 3051 4611 dicit:
3083 4557 3218 4611 Date
3239 4555 3730 4624 eleeinosynam,et

311 4645 579 4711 occupat,
613 4639 698 4695 sic
730 4641 908 4696 vitam
952 4641 1213 4713 corporis
1253 4643 1408 4699 sicut
1453 4661 1639 4701 unum
1670 4665 1844 4718 grave
1874 4650 1962 4705 in-

312 4729 536 4784 flictum
560 4728 775 4800 pectori
791 4729 1006 4785 vulnus
1026 4736 1213 4786 necat.
1234 4723 1379 4787 Hinc
1397 4733 1664 4790 videlicet
1681 4736 1964 4810 scriptum

311 4821 438 4901 est:
465 4818 581 4888 Qui
607 4817 821 4872 modica
843 4821 1052 4888 spernit
1093 4819 1364 4890 paulatim
1394 4821 1600 4880 deridet
1626 4826 1814 4893 (Et-cli.
1847 4845 1964 4902 xu,

315 4907 388 4972 ί).
423 4905 532 4972 Qui
563 4905 720 4960 enim
753 4912 992 4976 peccata
1021 4907 1252 4962 minuta
1281 4909 1416 4966 [lere
1463 4929 1530 4966 ac
1577 4913 1830 4970 devitarc
1859 4931 1962 4971 ne—

311 4993 501 5067 gligit,
534 4992 608 5050 ab
639 4997 798 5049 statu
839 4993 1086 5064 justitiaa
1120 5011 1232 5051 non
1279 4997 1518 5068 quidem
1568 5007 1823 5072 repente,
1859 5005 1960 5060 sed

311 5083 581 5157 partlbUs
604 5087 766 5139 totus
794 5081 971 5138 cadit.

381 5170 452 5227 Et
496 5171 726 5228 dicente
773 5171 1043 5238 Domino,
1086 5172 1203 5244 Ego
1251 5189 1425 5244 opera
1480 5179 1537 5230 et
1593 5177 1965 5248 cogitationis

311 5274 513 5315 eorum
545 5259 711 5316 venio
743 5269 808 5314 ut
839 5275 1210 5331 congregem,
1237 5277 1472 5318 necesse
1503 5269 1593 5320 est
1624 5271 1688 5320 ut
1715 5267 1966 5340 quisque

313 5365 426 5404 non
447 5348 636 5404 solum
664 5353 895 5419 peccata
912 5365 1176 5418 opm-um,
1193 5350 1290 5403 sed
1310 5350 1486 5406 etiam
1507 5359 1740 5423 pomata
1757 5356 1966 5412 deﬂeat

313 5437 756 5506 cogitationum.
781 5437 850 5491 Et
872 5453 986 5490 non
1010 5436 1201 5492 solum
1226 5455 1502 5494 niensura
1535 5445 1752 5512 peccati
1779 5446 1966 5501 consi-

312 5524 570 5580 deranda
590 5531 680 5582 est
700 5525 855 5596 quod
889 5531 1256 5596 perpetretur
1274 5526 1332 5580 in
1355 5544 1762 5598 opere,verum
1787 5533 1961 5590 etiam

313 5614 371 5665 et
392 5611 450 5666 in
468 5623 534 5670 eo
550 5613 706 5684 quod
729 5617 1096 5684 perpetretur
1115 5613 1783 5687 cogitatione,quatenus
1795 5621 1966 5690 juxta

2071 4661 2188 4702 ecce
2214 4647 2398 4701 omnia
2426 4644 2632 4700 munda
2659 4650 2790 4700 sunt
2820 4646 2968 4700 vobis
2996 4645 3147 4712 (Luc.
3173 4657 3250 4710 χι,
3285 4643 3395 4710 lit).
3428 4640 3580 4697 Hine
3611 4646 3730 4695 rur-

2075 4748 2178 4790 sus
2227 4735 2354 4790 ait:
2387 4733 2520 4789 Date
2566 4741 2618 4789 et
2663 4729 2889 4789 dabitur
2934 4734 3083 4789 vobis
3132 4733 3282 4805 (Luc.
3313 4747 3392 4799 xx,
3423 4731 3538 4798 38).
3585 4727 3728 4786 Hinc

2073 4823 2249 4879 etiam
2276 4823 2562 4894 scriptum
2583 4827 2674 4877 est
2695 4839 2710 4876 :
2738 4813 2921 4890 Ignem
2942 4821 3220 4876 ardentem
3237 4820 3542 4886 exstinguit
3561 4827 3732 4889 aqua,-

2070 4921 2124 4969 σε
2165 4913 2508 4983 eleenwsyna
2554 4913 2760 4966 resistit
2801 4911 3035 4981 peccatis
3081 4909 3271 4978 (Eucti;
3315 4923 3400 4973 ιιι,
3429 4906 3546 4973 33).
3583 4905 3726 4961 mae

2070 5003 2285 5057 iterum
2316 5000 2458 5055 dicit
2481 5017 2494 5055 :
2523 4999 2790 5055 Conclude
2817 4999 3217 5069 eleetnosynam
3245 4997 3306 5052 tu
3334 4994 3494 5050 corde
3515 5001 3724 5066 paupe-

2068 5093 2169 5157 ris,
2199 5098 2251 5146 et
2295 5091 2414 5146 heec
2456 5105 2558 5160 pro
2607 5097 2658 5144 te
2703 5089 2953 5143 exorabit
2993 5087 3180 5158 (Eeeli.
3230 5092 3383 5151 xxix,
3433 5083 3544 5154 15).
3579 5077 3723 5138 Hinc

2074 5179 2265 5236 bonus
2297 5181 2460 5249 pater
2488 5176 2856 5232 innocentem
2889 5175 3078 5231 ﬁlium
3105 5174 3384 5229 admonet
3401 5171 3607 5228 dicens
3629 5187 3646 5226 :
3666 5170 3726 5225 Si

2071 5268 2309 5323 multum
2345 5267 2517 5336 fuerit
2559 5265 2682 5330 tibi,
2716 5264 3059 5319 abundanter
3107 5261 3288 5318 tribue
3317 5279 3336 5317 :
3364 5263 3417 5316 si
3460 5262 3728 5331 exiguis

2070 5356 2262 5425 fuerit,
2296 5363 2475 5408 tamen
2517 5355 2782 5420 eriguum
2815 5354 3044 5407 libenter
3090 5351 3366 5421 impertiri
3391 5348 3547 5403 stude
3569 5345 3722 5415 (T00.

2073 5461 2150 5512 1v,
2181 5445 2259 5511 9').
2289 5439 2360 5498 Ut
2389 5447 2586 5497 autem
2619 5445 2839 5512 quanta
2867 5444 3022 5496 esset
3051 5437 3246 5513 virtus
3277 5438 3337 5492 in
3365 5433 3726 5492 continentia

2074 5536 2131 5588 et
2147 5531 2517 5602 susceptione
2539 5529 2932 5600 indigentium
2952 5525 3305 5600 Redemptor
3325 5529 3524 5582 noster
3536 5529 3731 5580 osten-

2075 5621 2260 5688 deret,
2281 5617 2428 5673 dixit
2453 5633 2465 5672 :
2491 5617 2598 5686 Qui
2646 5619 2841 5689 recipit
2861 5606 3178 5690 prophetam
3225 5617 3290 5671 in
3333 5616 3554 5672 nomine
3591 5615 3730 5684 prd-
