3934 6182
137 285 284 366 893,

1313 289 1416 354 DE
1459 286 1848 354 CAVE‘NDIS
1892 286 2150 362 VlTIlS,
2191 286 2368 351 ETC.

3429 294 3550 362 894

138 419 529 495 tranquillum
559 438 726 479 mens
756 420 1020 481 humana
1041 439 1246 498 capere
1277 441 1394 480 non
1420 421 1595 492 valet,
1611 420 1789 478 etiam
1815 417 1874 487 Α
1901 389 2257 488 nominatur,
2281 419 2419 494 quia
2449 426 2752 497 susceptos
2783 424 3070 486 stabiliter
3096 431 3274 500 tenet,
3299 434 3358 488 et
3384 429 3549 492 lacus

139 509 360 567 iratum
388 511 602 568 videre.
637 513 820 578 Quem
851 511 1005 569 diem
1037 513 1185 570 bene
1219 513 1456 569 intuens
1512 511 1794 586 propheta

141 599 228 655 ait
259 618 274 656 :
306 601 432 657 Dies
457 601 578 668 illa,
599 600 715 656 dies
747 601 991 672 irae,dies
1019 603 1392 658 tribulationis
1421 610 1471 658 et
1497 603 1789 670 angustiae,

139 689 260 744 dies
285 689 615 746 calamitatis
653 697 706 746 et
746 691 1014 759 miseriae,
1047 691 1162 747 dies
1205 693 1552 747 tenebrarum
1577 699 1629 746 et
1655 691 1791 746 cali-

140 778 314 846 ginis,
351 777 466 834 dies
514 779 733 835 imbutae
759 786 811 834 et
838 779 1099 849 turbinis,
1128 779 1242 835 dies
1273 779 1420 836 tuba?
1439 787 1492 835 et
1519 779 1794 851 clangoris

141 866 332 939 (Soph.
366 883 404 934 ι,
443 865 549 939 15).
582 867 848 934 Pensate,
883 868 1090 925 fratres
1141 867 1496 936 charissimi,
1549 867 1790 924 extremi

141 955 301 1010 diem
314 953 524 1027 judicii
549 972 726 1028 super
744 957 922 1012 corda
941 958 1319 1030 reproborum
1343 974 1460 1030 qua
1481 957 1794 1029 asperitate

141 1043 431 1116 propheta
448 1043 592 1099 vidit
609 1061 992 1113 amarescere,
1013 1061 1188 1117 quem
1206 1044 1793 1118 totappellationibus

142 1149 260 1189 non
281 1132 434 1188 valet
451 1130 757 1204 explicare.
783 1135 1010 1199 Quanta
1027 1151 1162 1189 vero
1185 1139 1325 1189 tunc
1345 1133 1456 1190 erit
1475 1133 1792 1189 electorum

144 1221 366 1290 latitia,
397 1221 498 1293 qui
529 1223 600 1278 de
629 1222 758 1293 ejus
791 1221 1015 1278 visione
1069 1227 1372 1279 merentur
1416 1223 1688 1295 gaudere,
1723 1223 1794 1278 de

143 1311 316 1382 cujus
338 1313 655 1382 conspectu
681 1310 880 1366 vident
907 1315 966 1367 et
993 1311 1285 1368 elementa
1313 1311 1790 1368 contremiscere:

143 1417 278 1456 cum
323 1417 392 1456 eo
441 1399 618 1456 simul
679 1401 751 1456 ad
806 1400 1046 1472 nuptias
1103 1401 1342 1468 intrare,
1373 1399 1562 1472 quiin
1593 1399 1795 1472 sponsi

144 1487 371 1561 nuptiis
391 1488 668 1560 gaudent,
693 1493 752 1545 et
783 1493 978 1544 tamen
1009 1487 1120 1560 ipsi
1154 1493 1294 1544 sunt
1315 1505 1552 1562 sponsa,
1573 1489 1713 1560 quia
1734 1489 1794 1544 in

142 1575 244 1632 illo
263 1575 464 1632 (sterni
495 1575 658 1649 regni
688 1575 970 1644 thalamo,
991 1573 1198 1632 visioni
1230 1580 1441 1633 nostrae
1471 1576 1626 1632 Deus
1656 1593 1792 1632 con-

143 1664 585 1739 iungiturzquae
607 1663 830 1720 scilicet
851 1663 994 1722 visio
1027 1682 1332 1738 nunquam
1356 1667 1483 1736 jam
1515 1665 1572 1720 in
1597 1682 1796 1738 perpe-

142 1759 313 1810 tuum
335 1754 411 1810 ab
423 1753 641 1810 amoris
655 1752 745 1810 sui
759 1753 1126 1826 amplexibus
1145 1754 1538 1812 evellatur.Tu
1548 1772 1617 1810 nc
1630 1753 1792 1828 regni

132 1842 322 1914 janua
349 1842 687 1917 lugentibus
716 1841 1032 1909 clauditur,
1055 1860 1184 1915 quae
1207 1843 1380 1900 modo
1401 1841 1661 1916 quotidie
1683 1860 1796 1916 poe-

141 1931 470 1989 nitentibus
499 1931 778 2006 aperitur.
811 1931 934 1987 Erit
971 1949 1226 2004 namque
1260 1935 1400 1987 tunc
1430 1932 1790 2004 poenitentia,

141 2022 240 2079 sed
265 2022 574 2078 fructuosa
588 2021 716 2090 jam
752 2037 866 2076 non
897 2019 1028 2089 erit,
1063 2020 1202 2093 quia
1251 2037 1622 2093 nequaquam
1655 2025 1794 2077 tunc

137 2109 372 2167 veniam
415 2109 654 2176 invenit,
688 2110 788 2182 qui
841 2109 1015 2166 modo
1063 2114 1266 2182 aptum
1320 2109 1526 2166 veniae.
1558 2113 1794 2182 tempus

138 2197 353 2272 perdit.
389 2197 533 2253 Hinc
571 2196 732 2252 enim
767 2195 984 2252 Paulus
1022 2195 1193 2252 dicit:
1219 2199 1366 2252 Ecce
1394 2213 1545 2252 nunc
1569 2206 1793 2270 tempus

139 2285 534 2359 acceptabile,
563 2302 691 2343 ecce
737 2301 888 2341 nunc
931 2286 1056 2342 dies
1080 2285 1298 2342 salutis
1331 2287 1412 2358 (11
1443 2288 1577 2342 Cor.
1607 2303 1683 2352 v1,
1713 2286 1790 2358 2).

139 2375 285 2431 Hinc
317 2375 604 2448 propheta
623 2374 707 2430 ait
730 2391 744 2430 :
770 2375 1024 2445 Quazrite
1049 2375 1358 2431 Dominam
1379 2375 1517 2431 dum
1541 2375 1796 2432 inveniri

133 2465 621 2536 potest,inoocate
631 2479 766 2520 eum
780 2465 918 2520 dum
929 2481 1112 2536 prope
1125 2470 1204 2520 est
1218 2468 1335 2532 (lsa
1347 2463 1791 2536 .Lv,6).Cautum

135 2553 320 2626 igitur
349 2569 420 2610 ac
451 2551 766 2608 sollicitum
799 2570 862 2609 se
890 2569 1020 2609 vere
1043 2553 1321 2622 ostendit,
1355 2552 1458 2625 qui
1489 2553 1794 2625 praesentis

136 2641 664 2708 considerans,non
679 2642 808 2714 ejus
823 2658 997 2698 usum
1021 2642 1122 2698 sed
1145 2641 1462 2697 terminum
1481 2640 1790 2714 conspicit,

134 2733 198 2786 ut
217 2749 289 2788 ex
311 2731 431 2786 line
451 2729 690 2804 colligat
710 2729 855 2786 nihil
879 2747 1008 2786 esse
1029 2731 1183 2803 quod
1205 2729 1500 2786 transiens
1521 2730 1789 2786 delectat.

133 2818 280 2876 Hinc
332 2836 592 2892 namque
648 2817 750 2892 p'er
798 2818 1170 2876 Salomonem
1229 2819 1443 2876 dicitur
1475 2836 1488 2876 :
1522 2819 1590 2875 Si
1617 2820 1794 2875 annis

131 2908 348 2966 multis
376 2909 600 2965 vicerit
625 2908 880 2978 homo,et
906 2908 1000 2964 his
1027 2909 1300 2964 omnibus
1321 2907 1558 2966 laetatus
1579 2908 1767 2982 fuerit
1777 2953 1792 2976 ,

130 2999 466 3054 meminisse
495 2997 666 3054 debet
687 2996 990 3054 tenebrosi
1007 2999 1287 3069 temporis
1303 3003 1360 3054 et
1380 2997 1613 3054 dierum
1635 2996 1793 3053 mul-
1814 3041 1818 3044 .

129 3090 354 3154 torum;
365 3086 624 3160 qui,cam
638 3087 899 3142 venerint
909 3087 1155 3152 ,vanitat
1162 3087 1213 3142 is
1223 3103 1333 3159 arg
1342 3091 1474 3142 nent
1481 3091 1795 3159 urprzeter-

1901 507 2138 580 dicitur,
2170 510 2310 582 quia
2340 509 2448 567 hos
2478 529 2626 584 quos
2675 515 2854 570 semel
2906 519 3125 590 ceperit
3170 537 3402 594 semper
3437 524 3546 580 ﬂu-

1901 602 2168 654 ctuantes
2189 603 2246 654 et
2266 599 2524 673 trepidos
2552 603 2858 660 tormentis
2888 605 3431 668 circumﬂuentibus
3453 614 3551 669 ab-

1901 688 2118 743 sorbet.
2153 689 2404 744 Sanctus
2463 693 2662 746 autem
2705 679 2815 760 vir,
2851 693 2970 750 sive
3000 711 3129 764 sua,
3165 715 3266 754 seu
3297 699 3546 758 humani

1901 777 2132 850 generis
2185 794 2321 848 voce
2379 777 2596 834 dimitti
2625 797 2687 836 se
2721 781 2978 852 postulat
3007 789 3324 858 antequam
3355 791 3547 856 vadat,

1902 882 2018 920 non
2049 865 2188 938 quia
2218 867 2286 921 ad
2321 871 2537 923 terram
2582 870 2952 926 tenebrosam
2984 873 3085 944 qui
3115 874 3348 946 culpam
3379 877 3554 935 deﬂet

1902 955 2092 1010 iturus
2109 958 2218 1020 est,
2243 956 2345 1010 sed
2367 956 2507 1028 quia
2537 957 2608 1012 ad
2639 957 2790 1014 hanc
2822 960 3022 1031 procul
3052 962 3230 1020 dubio
3261 965 3361 1037 qui
3393 965 3554 1039 plan-

1901 1058 2036 1114 gere
2085 1042 2328 1115 ncgligit
2386 1045 2580 1101 vadat.
2614 1046 2779 1102 Sicut
2829 1048 3076 1106 debitori
3137 1069 3244 1108 suo
3303 1054 3556 1112 creditor

1902 1130 2044 1187 dicit
2075 1147 2088 1186 :
2122 1130 2288 1188 Solve
2340 1133 2604 1190 debitum
2664 1135 3010 1208 priusquam
3049 1157 3154 1212 pro
3183 1141 3380 1199 debito
3410 1161 3553 1200 con-

1902 1219 2238 1291 stringaris:
2255 1221 2356 1292 qui
2374 1225 2571 1278 tamen
2590 1224 3032 1298 constringitur,
3047 1231 3146 1300 qui
3169 1231 3324 1302 quod
3347 1231 3558 1288 debeat

1903 1307 2122 1364 solvere
2172 1325 2287 1364 non
2347 1315 2630 1367 moratur.
2676 1311 2786 1368 Ubi
2817 1317 2874 1369 et
2903 1319 3056 1371 recte
3085 1317 3360 1374 subditur
3391 1337 3404 1374 :
3436 1321 3556 1377 Non

1902 1404 2160 1464 revertar,
2194 1397 2336 1470 quia
2382 1415 2756 1472 nequaquam
2803 1401 2958 1458 ultra
2989 1403 3392 1463 misericordia
3421 1426 3553 1481 par-

1901 1486 2089 1542 centis
2119 1485 2328 1542 liberat
2357 1488 2515 1560 quod
2541 1489 2722 1545 semel
2752 1488 2812 1546 in
2845 1489 2988 1548 locis
3017 1494 3348 1565 pcenalibus
3369 1497 3554 1568 justi-

1902 1573 1984 1630 tia
2004 1573 2330 1646 judicantis
2360 1577 2622 1634 damnat.
2655 1581 2790 1644 Qua
2848 1579 3041 1637 adhuc
3098 1583 3380 1642 subtilius
3428 1585 3556 1650 loca

1901 1663 2320 1719 describuntur
2347 1681 2484 1720 cum
2515 1665 2750 1734 dicitur,
2775 1672 3001 1724 terram
3032 1672 3284 1730 miseriae
3309 1679 3368 1728 et
3394 1679 3556 1730 tene-

1904 1750 2142 1807 brarum
2186 1753 2340 1826 (cap.
2365 1755 2478 1827 64).
2542 1755 2775 1812 Miseria
2833 1757 2904 1812 ad
2963 1758 3222 1816 dolorem
3281 1761 3553 1832 pertinet,

1903 1839 2154 1894 tenebrae
2177 1841 2248 1896 ad
2270 1841 2610 1900 caecitatem.
2637 1845 2718 1900 Ea
2755 1863 2882 1917 quae
2906 1863 2941 1902 a
2959 1853 3274 1920 conspectu
3305 1849 3556 1908 districti

1893 1927 2116 1998 judicis
2136 1929 2410 2000 expulsos
2447 1935 2626 1998 tenet,
2649 1931 2896 1990 miseriae
2921 1939 2978 1990 et
2997 1937 3371 1993 tenebrarum
3401 1942 3558 1995 terra

1901 2015 2263 2088 perhibetur,
2299 2019 2437 2090 quia
2465 2019 2607 2076 foris
2637 2020 2804 2076 dolor
2831 2023 3057 2078 cruciat
3099 2041 3250 2097 quos
3275 2025 3492 2082 divisos
3521 2043 3556 2082 a

1901 2121 2035 2159 vero
2065 2103 2289 2162 lumine
2321 2107 2482 2162 intus
2512 2109 2742 2165 caecitas
2772 2110 3068 2167 obscurat.
3099 2135 3128 2162 ››
3162 2113 3224 2168 In
3255 2115 3426 2186 cujus
3453 2115 3555 2170 ad-

1903 2192 2018 2248 huc
2051 2193 2445 2268 descriptione
2475 2198 2875 2271 subjungitur,
2897 2201 3000 2256 ubi
3031 2201 3244 2258 umbra
3267 2204 3473 2259 mortis
3500 2212 3556 2259 et

1901 2279 2108 2336 nulla:
2135 2283 2284 2338 ordo
2313 2285 2760 2358 (cap.65).Sicut
2787 2304 2947 2344 mors
2976 2288 3224 2346 exterior
3253 2290 3327 2346 ab
3357 2290 3558 2348 anima

1903 2368 2107 2425 dividit
2153 2387 2412 2440 carnem,
2463 2373 2547 2429 ita
2605 2391 2764 2431 mors
2821 2375 3064 2434 interior
3100 2378 3276 2435 aDeo
3323 2383 3558 2452 separat

1902 2457 2182 2514 animam.
2207 2459 2426 2516 Umbra
2449 2479 2584 2535 ergo
2611 2463 2817 2520 mortis
2845 2469 2936 2522 est
2963 2466 3294 2524 obscuritas
3323 2467 3556 2525 divisio-

1902 2547 2016 2612 nis,
2049 2547 2190 2619 quia
2217 2549 2534 2606 damnatus
2565 2551 2836 2624 quisque,
2859 2570 2996 2610 cum
3028 2559 3242 2613 aeterno
3264 2555 3397 2630 igne
3427 2574 3558 2614 suc-

1902 2635 2191 2704 cenditur,
2238 2637 2311 2692 ab
2369 2636 2599 2694 interno
2656 2639 2879 2696 lumine
2929 2643 3286 2700 tenebratur.
3334 2645 3558 2700 Natura

1899 2739 2035 2778 vero
2093 2723 2248 2796 ignis
2305 2728 2415 2796 est,
2441 2729 2507 2780 ut
2547 2743 2616 2782 ex
2647 2728 2840 2800 seipse
2868 2733 2926 2785 et
2953 2729 3142 2786 lucem
3175 2731 3465 2800 exhibeat,
3496 2737 3556 2788 et

1901 2812 2429 2868 concremationem
2439 2815 2559 2882 ;sed
2574 2817 3002 2873 transactorum
3015 2817 3116 2875 illa
3129 2819 3305 2874 ultrix
3315 2819 3556 2877 ﬂamma

1900 2899 2179 2956 vitiorum
2209 2903 2740 2960 concremationem
2771 2905 2968 2972 habet,
2991 2911 3048 2962 et
3075 2906 3274 2963 lumen
3307 2925 3420 2963 non
3451 2907 3552 2962 ha-

1901 2987 2016 3044 bet.
2041 2988 2188 3046 Hinc
2209 2994 2298 3046 est
2317 2990 2474 3046 enim
2500 2993 2654 3064 quod
2678 2993 2941 3066 reprobis
2961 2993 3189 3051 Veritas
3219 2993 3386 3052 dicit:
3420 2997 3554 3068 Dis-

1903 3079 2088 3134 cedite
2099 3094 2138 3134 a
2152 3096 2362 3146 me,ma
2373 3077 2672 3150 ledicti,in
2682 3083 2875 3154 ignem
2887 3085 3297 3158 aetemamgui
3306 3089 3483 3154 parat
3491 3101 3554 3138 us

131 3174 224 3229 ita
252 3153 469 3245 (Eccle.
505 3190 584 3242 x1,
616 3173 694 3244 8).
746 3173 892 3228 Hinc
947 3191 1158 3230 rursus
1207 3153 1498 3246 scriptum
1546 3153 1636 3230 est
1668 3190 1682 3229 :
1732 3178 1800 3230 1n
1827 3153 1871 3220 C
1902 3175 1983 3222 est
2005 3166 2257 3223 diabolo
2276 3173 2332 3224 et
2349 3167 2588 3242 angelis
2604 3153 2729 3239 ejus
2753 3153 3260 3245 (Matth.xirv,!il—).
3291 3153 3549 3239 Quorum

131 3262 404 3319 omnibus
433 3262 707 3334 operibus
735 3265 854 3319 tuis
891 3279 1222 3319 memorare
1250 3263 1574 3320 novissima
1591 3269 1721 3330 tua,
1743 3269 1800 3319 et

131 3349 192 3407 in
219 3355 513 3408 wternam
541 3367 658 3406 non
681 3351 956 3424 peccabis
986 3351 1188 3420 (Eccli.
1223 3368 1323 3418 vn,
1357 3353 1468 3421 40).

201 3439 450 3512 (Horat.
482 3437 585 3494 lib.
620 3439 875 3512 11,0.62.)
897 3462 926 3490 «
955 3437 1096 3496 Ilinc
1120 3439 1206 3494 vir
1237 3445 1478 3496 sanctus
1511 3439 1676 3514 petiit
1695 3442 1801 3499 Do-

132 3528 370 3584 minum
383 3525 608 3584 dicens:
626 3529 872 3584 Dimitte
883 3545 972 3585 me
985 3533 1046 3584 ut
1055 3527 1356 3602 plangam
1365 3528 1560 3600 paula
1569 3528 1686 3584 tam
1699 3531 1803 3590 do-

134 3613 326 3673 torem
342 3617 669 3686 meam(Job
680 3616 1004 3690 x,20).0uia
1015 3615 1129 3673 nisi
1143 3634 1178 3673 a
1189 3621 1350 3674 reatu
1365 3617 1550 3690 culpae
1563 3635 1680 3690 quo
1693 3636 1798 3676 nos

129 3705 454 3779 ligavimus
484 3704 942 3762 misericorditer
971 3705 1364 3774 dimittamur,
1389 3707 1642 3780 perfecte
1665 3708 1800 3764 ﬂere

133 3811 251 3851 non
269 3811 593 3868 possumus
608 3793 720 3850 hoc
739 3795 964 3867 quodin
979 3793 1148 3850 nobis
1166 3793 1310 3867 ipsis
1329 3800 1532 3851 contra
1550 3802 1800 3853 nosmet-

131 3883 296 3954 ipsos
317 3881 611 3939 dolemus.
639 3883 750 3940 Sed
783 3887 923 3938 tunc
951 3883 1236 3939 veraciter
1264 3888 1460 3940 reatus
1482 3884 1666 3940 nostri
1689 3885 1796 3941 do-

130 3969 222 4027 lor
251 3970 576 4044 plangitur,
610 3987 746 4027 cum
779 3971 1088 4027 tenebrosa
1117 3969 1219 4026 illa
1246 3969 1457 4026 inferni
1490 3971 1796 4028 retributio

126 4058 362 4117 intento
419 4059 630 4116 timore
686 4058 1036 4134 pravidetur
1090 4059 1239 4130 (cap.
1269 4060 1386 4128 63).
1442 4059 1606 4116 Unde
1663 4065 1797 4132 apte

127 4149 550 4222 subjungitur:
569 4154 906 4221 Antequam
933 4149 1159 4204 cadam
1186 4153 1242 4204 et
1273 4165 1389 4203 non
1416 4153 1690 4204 revertar
1710 4149 1798 4205 ad

121 4247 356 4295 terram
375 4238 744 4294 tenebrosam
764 4243 822 4292 et
843 4245 1112 4310 opertam
1133 4239 1418 4294 mortisca
1427 4236 1791 4310 tigine.Quid

119 4326 289 4384 enim
321 4331 492 4382 terra:
522 4326 764 4383 nomine
793 4327 1140 4393 tenebrosae,
1173 4325 1286 4382 nisi
1314 4325 1624 4382 tenebrosa
1671 4329 1793 4382 tar-

120 4414 237 4470 tari
271 4414 536 4471 claustra
567 4415 917 4488 signantur?
945 4417 1079 4482 Quae
1110 4418 1337 4470 internae
1371 4413 1577 4470 mortis
1605 4413 1792 4486 caligo

115 4501 336 4573 operit,
362 4501 508 4574 quia
528 4500 840 4558 damnatos
861 4518 1128 4574 quosque
1158 4499 1219 4556 in
1243 4505 1591 4574 perpetuum
1619 4519 1655 4558 a
1673 4503 1796 4558 vita
1820 4520 1870 4585 D

119 4587 281 4645 lucis
302 4589 619 4662 disjungit.
641 4589 758 4646 Nec
780 4588 1074 4644 immerito
1096 4588 1362 4644 infernus
1384 4593 1535 4644 terra
1551 4589 1787 4660 dicitur,

115 4677 267 4749 quia
287 4678 632 4750 quicunque
654 4677 725 4732 ab
747 4695 816 4733 ea
838 4677 990 4750 capti
1015 4678 1253 4744 fuerint,
1279 4676 1570 4735 stabiliter
1589 4681 1781 4734 tenen.

117 4765 376 4822 tur.Scri
385 4771 557 4838 ptum
580 4765 797 4840 quippe
820 4770 910 4823 est
934 4783 947 4820 :
975 4766 1284 4823 Generatio
1306 4767 1580 4838 praeterit
1613 4773 1669 4822 et
1697 4784 1790 4838 ge-

114 4856 369 4911 neratio
389 4855 654 4924 advenit,
670 4863 837 4910 terra
859 4870 996 4910 vero
1021 4856 1086 4910 in
1115 4860 1396 4910 (sternam
1423 4860 1544 4910 stat
1576 4854 1787 4926 (Ecclc.

117 4960 159 5009 ι,
194 4943 279 5016 4).
315 4942 493 4998 Recte
543 4943 725 5016 igitur
770 4941 982 4998 inferni
1012 4941 1272 4999 claustra
1301 4943 1610 4998 tenebrosa
1637 4946 1792 4998 terra

116 5031 686 5104 nominantur,quia
704 5049 854 5105 quos
875 5031 1208 5105 puniendos
1230 5030 1546 5103 accipiunt,
1572 5048 1790 5104 nequa-

115 5135 315 5190 quam
361 5135 545 5190 paanm
595 5118 944 5175 transitoria:
973 5118 1060 5174 vel
1090 5117 1542 5192 plantasmatica
1571 5117 1784 5194 imagi-

113 5205 370 5262 natione
407 5206 696 5275 cruciant,
717 5207 816 5264 sed
841 5205 1062 5262 ultione
1083 5206 1270 5263 solida
1299 5211 1590 5279 perpetua:
1621 5207 1785 5263 dam-

111 5293 392 5350 nationis
424 5297 823 5362 servant.Quae
851 5294 1168 5368 aliquando
1185 5299 1381 5350 tamen
1403 5293 1514 5351 loci
1531 5294 1784 5368 appella-

109 5381 282 5439 tione
322 5382 612 5456 signatur,
649 5383 936 5456 propheta
993 5387 1328 5448 attestante,
1360 5385 1458 5456 qui
1493 5385 1609 5440 ait:
1643 5391 1786 5440 l’or-

106 5477 409 5529 lacerant
441 5474 842 5547 ignominiam
859 5489 1034 5529 suam
1048 5489 1180 5528 cum
1207 5472 1300 5528 his
1315 5473 1416 5546 qui
1431 5472 1789 5530 descendant

106 5563 174 5620 in
199 5561 418 5640 lacum
442 5562 673 5635 (Ezech.
708 5579 884 5633 xxxii,
914 5561 1027 5633 24).
1061 5561 1332 5617 Infernus
1381 5577 1516 5634 ergo
1549 5566 1605 5617 et
1635 5567 1788 5619 terra

1907 3269 2114 3310 rursus
2132 3253 2396 3311 omnium
2420 3273 2634 3329 corpus
2654 3257 2713 3312 in
2737 3258 2915 3315 unius
2938 3276 3190 3332 persona
3209 3259 3550 3334 signiﬁcans

1907 3341 1990 3397 ait
2015 3359 2028 3398 :
2052 3345 2262 3417 Ligate
2291 3346 2351 3401 ei
2373 3362 2582 3402 manus
2605 3352 2662 3400 et
2685 3347 2886 3418 pedes,
2899 3355 2954 3404 et
2983 3348 3196 3405 mittite
3223 3365 3353 3405 eum
3376 3350 3439 3406 in
3465 3355 3550 3406 te-

1907 3431 2118 3488 nebras
2145 3435 2467 3489 anteriores
2505 3434 2746 3506 (Matth.
2777 3453 2916 3504 χχιι,
2952 3436 3060 3508 13).
3094 3438 3242 3504 Quia
3269 3453 3419 3510 quos
3449 3435 3552 3494 illa

1907 3519 2187 3594 gehenna:
2240 3521 2480 3576 ﬂamma
2531 3522 2786 3590 devorat,
2817 3541 2852 3579 a
2880 3523 3102 3581 visione
3143 3525 3260 3582 veri
3308 3524 3550 3582 luminis

1909 3611 2104 3677 caecat,
2131 3611 2195 3664 ut
2209 3613 2268 3664 et
2286 3609 2428 3666 foris
2449 3626 2548 3666 eos
2569 3609 2734 3666 dolor
2769 3612 3192 3670 combustionis
3225 3613 3462 3681 cruciet,
3495 3618 3554 3671 et

1907 3696 2068 3752 intus
2090 3696 2550 3769 pmnacaacitatis
2571 3700 2843 3756 obscuret
2865 3718 2879 3756 :
2903 3705 3198 3774 quatenus
3214 3701 3314 3776 qui
3327 3703 3550 3760 auctori

1907 3801 2014 3840 suo
2043 3801 2282 3858 corpore
2311 3790 2368 3842 et
2397 3787 2569 3842 corde
2597 3787 2990 3862 deliquerunt,
3014 3789 3190 3847 simul
3224 3808 3464 3865 corpore
3493 3795 3552 3848 et

1905 3875 2078 3930 corde
2106 3875 2448 3948 puniantur,
2471 3881 2530 3932 et
2561 3877 2868 3952 utrobique
2893 3897 3123 3952 poenam
3153 3881 3431 3952 sentiant,
3448 3883 3550 3954 qui
3576 3887 3582 3894 '

1904 3963 2048 4018 dum
2079 3962 2174 4018 hic
2201 3963 2478 4034 viverent,
2509 3965 2704 4038 pravis
2761 3969 2886 4025 suis
2945 3969 3427 4028 delectationibus
3483 3987 3552 4028 ex

1905 4055 2150 4124 utroque
2167 4053 2941 4121 serviebant,etdamnatum
2954 4075 3250 4132 quemque
3253 4061 3424 4132 juxta
3435 4073 3554 4116 mo-

1903 4139 2046 4194 dum
2068 4139 2333 4196 criminis
2362 4141 2668 4197 rctributio
2699 4149 2981 4216 sequatur
3010 4145 3270 4202 ultionis.
3293 4147 3551 4220 (cap65.)

1904 4229 2048 4283 llinc
2079 4227 2136 4282 in
2177 4227 2488 4302 Babylonis
2531 4229 2907 4287 damnatione
2959 4233 3174 4289 dicitur
3204 4250 3218 4289 :
3250 4239 3554 4308 Quantam

1901 4315 2196 4373 exultavit
2221 4333 2282 4372 se
2301 4322 2358 4372 et
2389 4317 2448 4372 in
2477 4315 2720 4375 deliciis
2742 4319 2886 4390 fuit,
2917 4325 3152 4376 tantum
3179 4323 3322 4378 date
3346 4323 3408 4378 ei
3428 4327 3548 4378 tor-

1901 4412 2101 4462 menta
2129 4411 2184 4462 et
2219 4404 2440 4461 luctum
2463 4407 2666 4480 (Apoc.
2689 4425 2853 4477 xvm,
2881 4410 2958 4482 7).
2991 4409 3061 4465 Et
3081 4411 3264 4482 judex
3310 4411 3550 4468 veniens

1901 4495 2198 4550 dicturum
2229 4512 2292 4551 se
2323 4496 2684 4552 messoribus
2733 4514 2861 4554 esse
2909 4495 3217 4572 perhibet:
3253 4497 3550 4574 Colligite

1899 4585 2162 4652 zizania,
2190 4593 2245 4640 et
2280 4582 2474 4658 ligate
2520 4601 2590 4640 ea
2642 4584 2948 4660 fasciculis
2983 4587 3072 4643 ad
3098 4588 3549 4646 comburendam

1899 4674 2140 4743 (Matth.
2165 4690 2286 4740 x111,
2308 4675 2420 4742 30).
2450 4673 2780 4731 Fasciculus
2801 4675 3082 4732 nimirum
3105 4678 3178 4733 ad
3200 4679 3548 4736 comburen-

1899 4763 2042 4818 dum
2075 4762 2254 4836 ligare
2284 4767 2392 4832 est,
2425 4761 2532 4818 hos
2564 4762 2664 4836 qui
2691 4768 2904 4821 mtcruo
2936 4766 3058 4840 igni
3107 4768 3378 4824 tradendi
3409 4773 3551 4826 sunt

1898 4868 2071 4924 pares
2101 4851 2340 4924 paribus
2369 4851 2610 4918 sociare,
2629 4856 2696 4908 ut
2723 4870 2872 4925 quos
2904 4855 3118 4912 similis
3147 4856 3322 4930 culpa
3352 4857 3548 4930 inqui-

1899 4945 2134 5013 nat,par
2152 4940 2330 4996 etiam
2361 4956 2532 5012 poena
2562 4943 3014 5017 eonstringat,et
3040 4945 3144 5018 qui
3174 4962 3546 5018 nequaquam

1899 5028 2122 5102 dispari
2155 5027 2460 5101 iniquitate
2491 5027 2698 5100 polluti
2727 5037 2888 5102 sunt,
2919 5051 3293 5108 nequaquam
3324 5033 3544 5106 dispari

1895 5122 2184 5174 tormento
2244 5117 2950 5192 crucienturzquatenus
3009 5123 3189 5180 simul
3246 5119 3543 5178 damnatio

1895 5211 2160 5263 conterat
2177 5223 2324 5278 quos
2345 5205 2521 5262 simul
2544 5207 2720 5266 elatio
2741 5210 3083 5268 sublevabat
3105 5229 3117 5266 :
3141 5225 3406 5282 quosque
3426 5224 3540 5262 non

1897 5294 2261 5352 dissimiliter
2288 5294 2551 5351 dilatavit
2569 5297 2956 5366 ambitio,non
2973 5297 3277 5355 dissimilis
3303 5295 3541 5353 afflictio

1895 5389 2190 5457 angmlet,
2224 5388 2282 5439 et
2315 5402 2418 5457 par
2448 5387 2668 5440 cruciet
2711 5387 2948 5442 ﬂamma
2979 5385 3271 5459 supplicii,
3301 5402 3449 5458 quos
3477 5383 3538 5440 in

1897 5475 2029 5548 igne
2061 5471 2302 5528 luxuriae
2332 5489 2438 5544 par
2467 5475 2772 5530 succendit
2817 5475 3056 5530 ﬂamma
3101 5473 3340 5546 peccati.
3375 5473 3540 5530 Sicut

1897 5562 2054 5620 enim
2079 5562 2137 5618 in
2158 5562 2332 5618 domo
2356 5561 2544 5619 Patris
2565 5563 2900 5618 mansiones
2938 5561 3134 5619 multae
3156 5565 3297 5618 sunt
3315 5578 3418 5636 pro
3444 5562 3540 5619 di-
