3934 6182
384 317 504 384 895

1162 318 1544 382 HINCMARI
1592 317 1838 380 RHEM.
1883 313 2246 378 ARCHIEP.
2295 315 2706 394 OPUSCULA
2749 316 3008 380 VARIA.

3654 318 3758 379 898

381 452 656 510 v’er‘sitate
685 452 920 510 virtutis
953 452 1129 526 (Joan.
1159 453 1298 526 xxv),
1326 453 1409 509 sic
1450 451 1758 508 damnatos
1805 449 2032 507 diverso
2060 449 2115 516 Α
2143 447 2407 506 veniunt.
2440 450 2510 506 Et
2558 449 2825 522 quamvis
2875 445 3214 524 angelorum
3265 453 3435 526 atque
3481 451 3758 508 nominum

383 541 670 615 supplicio
702 542 979 617 gehennae
1010 543 1248 617 ignibus
1276 543 1516 616 subjicit
1547 541 1907 615 disparilitas
1931 539 2034 595 cri-

381 631 582 688 minis.
617 633 750 698 Qua:
783 630 1007 687 scilicet
1035 631 1320 704 gehenna,
1358 631 1626 703 quamvis
1655 629 1882 686 cunctis
1916 647 2034 684 una

380 719 478 786 sit,
501 725 830 776 nontamen
850 724 1092 776 cunctos
1110 737 1228 776 una
1243 721 1562 792 eademque
1593 719 1875 792 qualitate
1893 736 2031 774 suc-

379 809 597 869 c'eudit.
631 805 778 864 Nam
823 809 978 864 sicut
1023 826 1138 864 uno
1182 808 1303 864 sole
1333 825 1537 864 omnes
1569 807 1888 880 tangimur,
1925 823 2028 862 nec

379 903 577 954 tamen
609 897 720 953 sub
753 913 819 952 eo
866 914 982 952 uno
1026 897 1228 952 ordine
1277 912 1480 951 omnes
1524 899 1862 964 aestuamus,
1891 893 2031 965 quia

371 988 542 1059 ju‘xta
571 985 911 1058 qualitatem
971 984 1228 1056 corporis
1270 983 1527 1040 ‘sentitur
1573 983 1748 1038 etiam
1799 983 2029 1054 pondus

380 1073 622 1132 caloris:
657 1075 738 1130 sic
770 1073 1065 1130 damnatis
1097 1078 1153 1129 et
1185 1091 1300 1128 una
1329 1077 1418 1128 est
1447 1072 1713 1145 gehenna
1745 1089 1870 1143 qua:
1911 1073 2030 1126 atl‘i-

379 1163 479 1232 cit,
511 1169 570 1222 et
599 1165 795 1220 tamen
830 1181 944 1218 non
989 1181 1192 1218 omnes
1237 1181 1354 1217 una
1403 1161 1680 1234 qualitate
1712 1161 2024 1228 comburit,

377 1255 516 1328 quia
548 1255 702 1326 quod
743 1253 836 1308 hic
885 1252 1005 1326 agit
1035 1253 1236 1323 dispar
1266 1251 1521 1306 valitudo
1553 1268 1884 1322 corporum,
1916 1251 2026 1305 hoc

379 1338 498 1400 illic
529 1343 761 1399 exhibet
788 1343 987 1415 dispar
1015 1359 1195 1396 causa
1237 1341 1580 1395 meritorum
1611 1341 1764 1411 (cap.
1797 1341 1890 1408 6(3)
1925 1356 1936 1394 :
1972 1343 2028 1394 et

377 1431 609 1488 aeternis
657 1431 893 1504 ignibus
948 1431 1167 1498 traditi,
1202 1433 1259 1486 et
1307 1429 1367 1484 in
1418 1428 1723 1501 suppliciis
1767 1427 2022 1484 dolorem

377 1515 719 1588 sentiunt,et
751 1519 808 1576 in
839 1517 1036 1574 dolore
1066 1517 1350 1592 angustia:
1383 1517 1673 1591 pulsantis
1703 1534 1764 1573 se
1797 1533 2028 1589 semper

377 1614 588 1682 pavere
619 1609 838 1664 feriunt
869 1626 882 1663 :
917 1613 982 1664 ut
1011 1613 1067 1664 et
1093 1608 1246 1681 quod
1277 1608 1487 1662 timent
1511 1606 1778 1674 tolerent,
1809 1610 1868 1662 et
1897 1624 2024 1661 rur-

377 1717 480 1758 sus
511 1699 664 1772 quod
696 1697 944 1755 tolerant
969 1697 1096 1754 sine
1128 1697 1448 1754 cessatione
1480 1696 1912 1768 pertimescant.
1946 1695 2026 1750 De

2143 537 2314 611 longe
2338 537 2414 594 sit
2435 542 2644 595 natura
2665 537 3118 608 dissimilis,una
3130 543 3327 596 tamen
3345 539 3762 614 pmnaimplicat

2143 645 2292 700 quos
2315 645 2468 683 unus
2489 628 2546 682 in
2570 627 2814 688 crimine
2834 627 2978 702 ligat
2999 631 3379 696 reatus.Quod
3405 629 3549 686 bene
3569 646 3630 687 ac
3654 631 3763 686 bre-

2138 716 2288 771 viter
2308 716 2569 772 insinuat
2599 717 2886 790 propheta
2915 718 3016 790 qui
3051 717 3169 774 ait:
3195 717 3284 774 Ibi
3306 721 3490 774 Assur
3518 723 3572 774 et
3597 721 3762 774 omnis

2141 805 2468 862 multitudo
2500 811 2646 880 ejus,
2679 817 2732 862 el
2765 809 2828 862 in
2860 808 3116 862 circuitu
3143 811 3270 879 ejus
3309 807 3582 879 sepulcra
3611 807 3765 864 illius

2139 896 2374 968 (Ezech.
2394 913 2569 962 xxxu,
2589 897 2700 966 26).
2721 896 2862 962 Quis
2883 912 3138 968 namque
3165 897 3350 952 Assur
3369 897 3602 969 superbi
3628 898 3763 970 regis

2139 985 2373 1041 nomine
2391 985 2502 1040 nisi
2521 984 2616 1040 ille
2634 1002 2737 1057 per
2751 984 3060 1040 elationem
3076 985 3291 1040 cadens
3311 985 3762 1058 antiquushostis

2137 1073 2610 1147 exprimitur,qui
2643 1091 2746 1146 pro
2777 1091 2844 1129 eo
2869 1073 3023 1146 quod
3057 1073 3274 1130 multos
3303 1075 3376 1128 ad
3408 1073 3634 1147 culpam
3657 1091 3765 1148 per-

2137 1163 2478 1232 trahit,eum
2509 1166 2720 1218 cuncta
2751 1179 2860 1219 sua
2891 1162 3268 1218 multitudine
3299 1163 3370 1219 ad
3405 1162 3612 1219 inferni
3629 1163 3764 1220 clau-

2137 1255 2259 1306 stra
2289 1249 2633 1306 descendit?
2661 1249 2938 1321 Sepulcra
2967 1255 3157 1306 autem
3193 1255 3458 1307 mortuos
3490 1253 3762 1325 teguntl-It

2136 1339 2270 1412 quis
2293 1339 2444 1394 alius
2467 1339 2660 1395 acrius
2677 1342 2924 1394 mortem
2947 1339 3388 1412 pertulit,quam
3407 1339 3764 1412 isquiCondiz

2135 1432 2318 1485 torem
2371 1443 2547 1485 suum
2587 1427 2917 1500 despiciens
2973 1428 3150 1484 vitam
3203 1428 3488 1502 reliquit?
3515 1434 3574 1485 et
3607 1445 3760 1502 quem

2133 1517 2403 1574 videlicet
2435 1522 2734 1572 mortuum
2765 1534 2899 1573 cum
2937 1517 3199 1574 humana
3225 1519 3403 1574 corda
3429 1519 3758 1591 suscipiunt,

2133 1607 2262 1679 ejus
2285 1605 2486 1680 procul
2509 1605 2686 1662 dubio
2707 1605 3277 1679 sepulcraﬁunt.Sed
3292 1607 3351 1662 in
3365 1606 3612 1662 circuitu
3625 1605 3760 1664 illius

2133 1696 2404 1770 sepulcra
2423 1697 2550 1768 ejus
2573 1695 2880 1768 sunt,quia
2895 1695 2952 1750 in
2967 1711 3218 1768 quorum
3241 1712 3303 1752 se
3317 1695 3760 1752 mentibusnunc

375 1788 469 1845 h‘is
498 1789 714 1844 etenim
745 1785 1033 1860 scriptum
1059 1791 1178 1843 est:
1203 1787 1431 1842 Vermis
1451 1801 1650 1841 eorum
1674 1802 1789 1840 non
1819 1786 2026 1842 morie-
2053 1819 2102 1885 Β
2135 1803 2239 1858 per
2267 1784 2554 1842 desideria
2580 1783 2806 1857 sepelit,
2840 1783 2948 1840 hos
2977 1784 3090 1840 sibi
3123 1785 3500 1858 postmodum
3530 1793 3631 1857 per
3658 1785 3757 1841 tore

373 1879 556 1946 tinget
586 1878 747 1950 ignis
773 1893 978 1933 eorum
1008 1893 1122 1932 non
1151 1877 1556 1947 cxslinguetur
1583 1873 1790 1947 (Marc.
1815 1893 1890 1941 1x,
1913 1876 2022 1944 43).

375 1957 511 2034 Οὐδὲ
559 1965 736 2022 etiam
787 1963 1077 2036 supplicia
1105 1963 1164 2019 in
1197 1981 1259 2019 se
1291 1964 1579 2020 dimersos
1611 1967 1665 2020 et
1697 1961 1850 2018 ultra
1875 1963 2025 2020 vires

375 2054 661 2120 cruciant,
693 2058 751 2110 et
786 2055 846 2110 in
896 2053 982 2110 eis
1025 2054 1154 2110 vita:
1199 2053 1532 2110 subsidium
1589 2052 2024 2124 exstinguentes

375 2147 630 2212 servant,
662 2147 728 2199 ut
765 2143 849 2200 sic
891 2143 1071 2199 vitam
1129 2143 1418 2198 terminus
1473 2141 1698 2214 puniat,
1731 2145 2022 2214 quatenus

374 2250 606 2306 semper
646 2231 773 2289 sine
819 2233 1070 2288 termino
1117 2232 1412 2288 cruciatus
1461 2231 1650 2297 vivat;
1692 2229 1831 2302 quia
1861 2235 1919 2286 et
1947 2231 2020 2286 ad

375 2315 550 2378 tinem
581 2336 687 2393 per
717 2323 1009 2376 tormenta
1039 2323 1326 2391 properat,
1351 2322 1408 2373 et
1437 2317 1562 2374 sine
1595 2319 1709 2372 fine
1743 2317 2020 2374 deficiens

372 2403 566 2466 durat.
589 2408 712 2466 Erit
732 2425 868 2481 ergo
898 2407 1130 2476 miseris
1161 2425 1318 2464 mors
1349 2406 1474 2462 sine
1498 2411 1702 2474 morte,
1727 2407 1864 2462 ﬁnis
1895 2407 2022 2463 sine

373 2487 509 2565 line,
539 2498 800 2554 defectus
849 2496 976 2552 sine
1024 2497 1252 2552 defectu
1287 2514 1300 2552 :
1335 2497 1476 2569 quia
1503 2499 1562 2551 et
1588 2513 1745 2551 mors
1776 2495 1930 2563 vivit,
1965 2499 2022 2551 et

372 2587 510 2644 ﬁnis
539 2603 772 2658 semper
828 2585 1052 2659 incipit,
1094 2586 1443 2652 et_deﬁeere
1494 2586 1755 2642 defectus
1813 2585 2016 2641 nescit.

372 2675 528 2733 Mors
557 2674 794 2749 perimit
833 2679 890 2732 et
935 2692 1052 2730 non
1097 2675 1438 2747 exstinguit,
1471 2673 1635 2730 dolor
1663 2673 1888 2730 cruciat
1917 2673 2016 2730 sed

371 2764 708 2822 nullatenus
729 2782 1000 2838 pavorem
1024 2764 1215 2836 fugat;
1236 2763 1474 2819 flamma
1489 2763 1908 2829 comburit,sed
1927 2780 2022 2818 ne-

361 2871 669 2928 quaquam
699 2853 974 2910 tenebras
1004 2852 1333 2924 discutit,et
1349 2851 1445 2908 ille
1473 2852 1626 2926 ignis
1655 2853 1728 2908 ad
1761 2850 2020 2908 consola-

369 2944 584 3002 tionem
609 2961 724 3000 non
745 2943 986 3012 1ucet,et
1003 2947 1197 2998 tamen
1221 2946 1287 2998 ut
1309 2941 1496 3015 magis
1517 2945 1781 3014 torqueat
1795 2940 2016 3014 aliquid

369 3033 543 3090 lucet.
575 3033 723 3089 Nam
755 3049 1034 3104 sequaces
1081 3049 1346 3104 quosque
1393 3047 1533 3087 suos
1577 3047 1775 3086 secum
1807 3029 1867 3084 iu
1899 3035 2014 3085 tor-

367 3121 564 3178 mento
592 3120 823 3194 reprobi
845 3121 1083 3176 flamma
1113 3117 1445 3175 illustrante
1474 3118 1649 3174 visuri
1675 3123 1832 3186 sunt,
1865 3136 2011 3190 quo—

367 3229 500 3267 rum
523 3219 718 3266 amere
739 3207 1111 3280 deliquerunt
1133 3225 1146 3262 :
1171 3209 1462 3280 quatenus
1487 3206 1586 3278 qui
1611 3224 1812 3262 eorum
1831 3207 2010 3262 vitam
2034 3186 2087 3254 (ἶ

367 3293 678 3354 carnaliter
704 3297 909 3350 contra
939 3298 1224 3367 praicepta
1272 3293 1604 3350 Conditoris
1652 3299 2008 3365 amaverunt,

365 3385 746 3456 ipsorumque
767 3399 1001 3455 quoque
1023 3383 1340 3439 in‘teriusin
1359 3387 1673 3456 augmento
1699 3402 1816 3439 sua:
1839 3383 2010 3440 dam-

367 3471 622 3528 nationis
643 3471 884 3543 at'ﬂigat.
909 3473 1070 3538 Quod
1095 3469 1349 3543 profecto
1370 3471 1679 3545 Evangelio
1699 3474 1840 3530 teste
1859 3473 2014 3530 colli-

363 3557 524 3634 gitur
542 3556 696 3633 (Luc.
727 3564 867 3628 xvx),
901 3561 958 3616 in
981 3579 1094 3640 quo
1115 3562 1355 3617 veritate
1386 3563 1692 3618 nuntiante
1713 3565 1872 3619 dives
1895 3564 2009 3632 ille,

365 3657 542 3724 quem
574 3649 820 3723 contigit
840 3651 912 3706 ad
940 3650 1138 3706 aeterni
1171 3650 1426 3706 incendii
1455 3656 1739 3708 tormenta
1772 3651 2010 3709 descen-

363 3739 518 3811 dere,
553 3737 812 3811 quiuque
841 3737 1088 3794 fratrUm
1120 3739 1473 3795 describitur
1497 3741 1875 3798 meminisse:
1909 3743 2009 3815 qui

360 3827 655 3883 Abraham
683 3827 944 3900 petiit,ut
973 3828 1254 3883 Lazarum
1284 3828 1352 3883 ad
1387 3845 1588 3885 eorum
1621 3830 2011 3886 eruditionem

363 3915 642 3983 mitteret,
676 3933 748 3970 ne
775 3913 914 3972 illuc
942 3933 1041 3972 eos
1090 3917 1442 3990 quandoque
1490 3918 1786 3996 venientes
1842 3937 2014 3992 poma

363 4003 788 4069 cruciaret.Qui
813 4003 994 4077 igitur
1014 4005 1084 4060 ad
1109 4003 1328 4061 doloris
1345 4003 1434 4061 sui
1452 4006 1757 4063 cumulum
1783 4007 2013 4080 prepin-

363 4109 614 4166 quorum
659 4089 970 4149 absentum
1022 4091 1310 4163 meminit,
1342 4099 1571 4152 constat
1599 4096 1801 4168 procul
1833 4097 2011 4154 dubio

361 4180 504 4254 quia
531 4197 631 4237 eos
661 4177 732 4237 ad
767 4185 1150 4254 augmentum
1175 4182 1450 4257 supplicii
1473 4186 1650 4256 paulo
1672 4191 1804 4256 post
1824 4187 2014 4258 potuit

360 4265 539 4327 etiam
560 4273 875 4344 praesentes
895 4268 1260 4340 videre.Quid
1281 4278 1477 4328 autem
1500 4274 1716 4329 mirum
1741 4275 1786 4330 si
1811 4292 2009 4331 secum

361 4376 594 4432 quoque
614 4353 892 4433 reprobos
913 4360 1124 4432 aspicit
1145 4361 1412 4430 cremari,
1437 4361 1538 4434 qui
1561 4364 1632 4418 ad
1669 4363 1884 4420 doloris
1918 4364 2012 4420 sui

361 4445 668 4505 cumulum
690 4466 826 4504 eum
851 4464 1024 4521 quem
1049 4450 1390 4522 despexerat
1412 4449 1470 4504 in
1493 4449 1626 4506 sinu
1645 4452 1888 4508 Abrahae
1913 4454 2012 4508 La-

2135 1879 2332 1930 menta
2361 1873 2665 1947 conjungit
2698 1891 2710 1929 :
2746 1876 2803 1929 et
2835 1873 3113 1945 quoniam
3157 1890 3313 1930 nunc
3357 1871 3418 1928 in
3451 1871 3762 1947 semetipsis

2133 1963 2361 2036 reprobi
2387 1962 2676 2036 malignos
2698 1961 2943 2034 spiritus
2965 1961 3166 2018 illicita
3191 1963 3584 2036 perpetrando
3603 1961 3763 2020 susci-

2131 2052 2320 2126 piunt,
2352 2057 2493 2108 tunc
2525 2049 2794 2124 sepulcra
2825 2069 2960 2108 cum
2993 2051 3240 2108 mortuis
3269 2041 3582 2108 ardebant.
3617 2051 3762 2108 Sicut

2132 2141 2204 2196 de
2227 2141 2606 2214 reproborum
2636 2139 2978 2212 corporibus
3011 2140 3298 2212 scriptum
3329 2142 3446 2196 est:
3465 2135 3764 2196 Devorabit

2129 2247 2258 2285 eum
2309 2231 2461 2302 ignis
2501 2230 2600 2304 qui
2648 2247 2764 2285 non
2817 2229 3194 2284 succenditur
3222 2228 3350 2302 (Job
3373 2245 3466 2297 xx,
3498 2231 3612 2298 26),
3641 2229 3763 2301 quia

2129 2317 2560 2390 Omnipotentis
2581 2317 2838 2389 justitia,
2873 2318 3204 2372 futurorum
3251 2315 3516 2388 praescia,
3549 2317 3621 2373 ab
3651 2317 3764 2390 ipsa

2129 2407 2334 2461 mundi
2357 2406 2578 2480 origine
2601 2406 2878 2480 gehennae
2901 2405 3098 2479 ignem
3121 2405 3355 2476 creavit,
3382 2405 3482 2478 qui
3521 2406 3580 2461 in
3610 2420 3764 2479 poena

2129 2497 2509 2569 reproborum
2529 2513 2658 2551 esse
2679 2495 2859 2550 semel
2884 2492 3184 2566 inciperet,
3199 2495 3301 2549 sed
3325 2495 3589 2570 ardorem
3603 2494 3761 2551 etiam

2127 2585 2254 2642 sine
2273 2584 2450 2658 lignis
2471 2596 2773 2656 nunquam
2799 2583 3336 2640 ﬁniret.Scieudum
3363 2601 3496 2640 vero
3515 2589 3604 2640 est
3623 2585 3757 2656 quod

2127 2691 2332 2730 omnes
2354 2673 2604 2746 reprobi,
2630 2671 2768 2744 quia
2796 2689 2865 2728 ex
2886 2672 3086 2728 anima
3105 2670 3280 2728 simul
3306 2675 3365 2728 et
3383 2679 3558 2728 earne
3577 2685 3756 2745 pecca-

2127 2767 2354 2831 verunt,
2390 2761 2506 2818 illic
2538 2762 2597 2817 in
2626 2762 2826 2818 anima
2855 2761 3068 2837 partim
3111 2766 3168 2816 et
3205 2777 3380 2818 carne
3426 2761 3756 2817 crueiabuu-

2127 2858 2302 2908 tur.»
2349 2851 2490 2908 Ecce
2551 2868 2679 2922 quae
2729 2855 2962 2907 maneat
3007 2849 3300 2907 damnatis
3353 2865 3526 2923 poma
3566 2865 3752 2924 cogno-
3807 2855 3814 2861 '

2125 2941 2339 3010 vimus,
2373 2944 2432 2996 et
2483 2941 2812 2997 instruente
2859 2957 2966 2996 nos
3013 2951 3178 2996 Sacro
3227 2937 3480 3012 eloquio,
3522 2939 3755 3012 quantus

2124 3031 2184 3086 in
2217 3029 2596 3088 damnatione
2643 3026 2816 3104 ignis,
2863 3033 3086 3102 quanta
3136 3029 3195 3084 in
3243 3027 3378 3102 igne
3425 3025 3754 3090 obscuritas,

2124 3123 2497 3192 quantusque
2549 3117 2608 3173 in
2660 3117 3016 3174 obscuritate
3063 3130 3244 3190 pavor
3286 3117 3386 3184 sit,
3439 3115 3756 3174 nullatenus

2125 3209 2504 3282 ambigimus.
2547 3209 2658 3264 Sed
2711 3206 2852 3280 quid
2911 3207 3148 3280 prodest
3202 3207 3318 3263 ista
3373 3221 3686 3279 praenosse,
3712 3206 3754 3262 si

2121 3317 2237 3354 non
2287 3298 2590 3370 contingat
2637 3296 2922 3352 evadere?
2953 3297 3100 3352 Tota
3127 3309 3263 3369 ergo
3314 3295 3636 3351 intentidne
3663 3309 3754 3350 cu-

2120 3389 2370 3443 randum
2403 3392 2512 3453 est,
2548 3391 2614 3442 ut
2643 3403 2776 3441 cum
2807 3385 3130 3442 vacationis
3161 3389 3396 3458 tempus
3426 3382 3753 3456 accipimus,

2121 3477 2267 3532 bene
2287 3475 2513 3532 vivendi
2537 3475 2731 3531 studio
2754 3474 3043 3530 malorum
3067 3471 3757 3547 u‘ltimatormentafugia-

2123 3575 2277 3621 mus.
2313 3565 2456 3620 lliuc
2482 3564 2696 3637 quippe
2727 3582 2829 3636 per
2857 3563 3230 3620 Salomonem
3277 3563 3495 3620 dicitur
3527 3579 3540 3617 :
3574 3559 3754 3634 Quot!-

2120 3669 2336 3726 cunque
2361 3658 2546 3726 poles!
2580 3667 2787 3708 manus
2809 3656 2916 3707 tua
2945 3651 3148 3725 facere
3178 3649 3470 3706 instanter
3500 3655 3754 3720 operare,

2119 3743 2259 3816 quia
2289 3759 2394 3797 nec
2422 3759 2583 3814 opus,
2615 3755 2717 3796 nec
2742 3741 2925 3810 ratio,
2946 3756 3050 3795 nec
3075 3737 3337 3808 scientia,
3357 3752 3462 3794 nec
3480 3737 3759 3808 sapientia

2119 3835 2236 3888 erit
2283 3833 2447 3902 apud
2492 3831 2730 3904 inferos,
2762 3847 2870 3904 quo
2899 3834 2966 3884 tu
2991 3844 3279 3901 properas
3299 3825 3519 3901 (Ecclc.
3553 3837 3630 3894 ix,
3663 3823 3757 3896 ω).

2122 3923 2266 3978 Hinc
2285 3921 2466 3977 Isaias
2481 3921 2590 3977 ait:
2607 3921 2872 3994 Qumrile
2899 3918 3200 3974 Dominum
3228 3918 3370 3974 dum
3393 3915 3652 3974 inveniri
3669 3920 3760 3988 ρο·
3857 3915 3864 3921 ’

2119 4015 2252 4080 test,
2284 4011 2546 4066 invocato
2575 4027 2707 4065 cum
2739 4007 2882 4064 dum
2907 4024 3088 4082 prope
3113 4013 3195 4064 est
3227 4008 3364 4080 (lsa.
3401 4013 3492 4076 LV,
3521 4007 3602 4076 6).
3635 3995 3759 4060 Hinc

2121 4099 2338 4156 Paulus
2370 4097 2510 4154 dicit
2544 4115 2556 4154 :
2591 4103 2732 4155 Ecce
2777 4111 2929 4152 nunc
2977 4102 3201 4170 tempus
3227 4093 3622 4166 acceptab‘ile’,
3651 4103 3762 4148 ecce

2119 4206 2272 4245 nunc
2303 4188 2432 4244 dies
2457 4186 2677 4244 salutis
2707 4185 2779 4259 (II
2807 4184 2936 4241 Cor.
2970 4203 3049 4252 VI,
3081 4185 3158 4257 2).
3194 4183 3340 4240 Hinc
3391 4193 3599 4240 turmis
3646 4179 3758 4238 ait:

2123 4279 2269 4334 Dum
2299 4287 2524 4346 tempus
2557 4275 2852 4344 habemus,
2884 4288 3193 4346 operemur
3237 4271 3448 4328 bonum
3479 4269 3568 4328 ad
3589 4271 3763 4327 omne:

2121 4365 2278 4439 (Gul.
2312 4383 2388 4432 γι,
2426 4364 2532 4436 10).
2563 4365 2636 4421 Et
2667 4365 2805 4421 item
2838 4363 3124 4436 scriptum
3152 4365 3281 4418 est:
3316 4361 3486 4416 Βραιί
3533 4365 3760 4435 quorum

2120 4461 2276 4512 tecta
2297 4459 2430 4511 sunt
2457 4459 2708 4528 peccata
2738 4450 2926 4522 (Psal.
2953 4452 3204 4520 xxx1,l).
3237 4451 3553 4506 Peccantes
3581 4439 3760 4520 itaque

362 4550 563 4592 zarum
593 4535 798 4592 videt?
828 4538 952 4604 Qua
977 4553 1046 4592 ex
1074 4556 1134 4594 re
1165 4537 1480 4612 colligitur,
1513 4541 1667 4612 quod
1718 4558 1816 4597 eos
1863 4559 2010 4614 quos
2042 4551 2090 4617 Β
2120 4541 2276 4600 mala
2297 4543 2451 4598 facta
2471 4541 2640 4598 bonis
2654 4540 2884 4597 actibus
2899 4535 3626 4613 superponimusﬂimndo
3639 4541 3761 4606 ergo

363 4623 691 4681 inordinate
713 4642 868 4682 nunc
889 4626 1120 4699 reprobi
1141 4625 1795 4702 diligunt,mirojudicii
1810 4631 2013 4688 ordine

363 4729 563 4768 secum
587 4711 727 4768 tunc
759 4713 817 4768 in
851 4714 1155 4772 tormentis
1182 4712 1482 4785 videbunt,
1517 4723 1578 4774 ut
1607 4736 1838 4791 poenam
1874 4737 2009 4792 pto-

364 4800 501 4873 pria:
535 4800 858 4874 puuitionis
879 4809 1186 4878 exaggeret
1207 4803 1306 4860 illa
1325 4807 1544 4863 auctori
1564 4806 1874 4879 praeposita
1895 4827 2014 4863 car-

368 4887 520 4946 nalis
545 4890 816 4963 cognatio
844 4891 970 4964 pari
1013 4897 1147 4948 ante
1195 4894 1394 4951 oculos
1439 4894 1658 4952 ultione
1713 4898 2010 4952 damnata.

363 4979 520 5054 Ignis
549 4980 767 5052 itaque,
798 4981 898 5054 qui
929 4981 989 5036 in
1022 4983 1377 5040 obscuritate
1406 4985 2013 5052 cruciat,credendum

360 5075 450 5126 est
470 5069 608 5144 quia
636 5069 835 5126 lumen
867 5071 938 5126 ad
958 5074 1314 5128 tormentum
1342 5075 1713 5142 servat,sicut
1730 5075 2014 5132 tadarum

363 5159 605 5216 ﬂamma
641 5152 800 5214 lucet
841 5159 1109 5215 obscura.
1141 5161 1305 5216 Tunc
1359 5163 1504 5218 edax
1563 5164 1804 5220 ﬂamma
1855 5182 2011 5220 com-

361 5248 534 5304 buret
609 5263 757 5320 quos
829 5265 984 5304 nunc
1051 5249 1305 5306 carnalis
1379 5250 1686 5307 delectatio
1755 5251 2010 5326 polluit:

361 5341 502 5392 tunc
553 5336 779 5392 inﬁnite
839 5340 1047 5409 patens
1107 5338 1315 5394 inferni
1377 5340 1718 5395 barathrum
1779 5343 2015 5398 devorat

363 5443 512 5497 quos
544 5439 698 5482 nunc
731 5425 922 5483 inanis
964 5425 1136 5483 elatio
1167 5427 1402 5495 exultat,
1433 5432 1610 5500 atque
1658 5430 1919 5502 quolibet
1945 5448 2014 5486 ex

362 5509 504 5570 vitio
551 5509 648 5569 hic
693 5515 1054 5572 voluntatem
1103 5515 1298 5572 callidi
1355 5517 1680 5588 pervaseris
1739 5535 2013 5575 exercue-

367 5606 524 5674 runt,
557 5606 700 5660 tunc
731 5620 866 5661 cum
898 5603 1043 5662 duce
1074 5622 1180 5662 suo
1213 5605 1441 5678 reprobi
1472 5607 1544 5662 ad
1569 5610 1862 5664 tormenta
1891 5625 2016 5681 per-

2123 4631 2466 4690 abdicamus
2489 4630 2648 4688 mala
2665 4648 2794 4708 quae
2820 4629 3086 4697 iecimus,
3105 4631 3161 4685 et
3182 4627 3461 4701 eligimus
3480 4628 3626 4683 bona
3648 4639 3760 4696 qua:

2122 4721 2605 4794 faciamusquasi
2635 4724 2870 4793 tegmen
2902 4719 2984 4774 rei
3017 4716 3474 4791 superducimus
3499 4723 3670 4788 quam
3690 4710 3760 4764 vi-

2122 4811 2244 4868 deri
2279 4809 2705 4866 erubescimus.
2739 4807 2846 4876 Qui
2877 4824 3014 4881 ergo
3044 4807 3241 4880 priora
3270 4804 3430 4860 mala
3459 4800 3684 4867 deserit,
3714 4797 3762 4851 ct

2122 4902 2275 4957 bona
2297 4897 2590 4972 posterius
2611 4896 2768 4966 facit,
2795 4914 2899 4970 per
2917 4896 3026 4952 hoc
3047 4895 3202 4969 quod
3225 4887 3392 4951 addit
3422 4893 3757 4950 transactam

2123 4988 2446 5062 nequitiam
2478 4985 2754 5060 tegit,cui
2783 4985 2920 5042 boni
2951 4985 3145 5058 operis
3175 4982 3387 5040 merita
3417 4973 3754 5056 superducit.

2123 5077 2392 5144 Quandiu
2442 5075 2598 5131 enim
2650 5074 2838 5132 sancti
2876 5073 2984 5130 viri
3015 5074 3075 5130 in
3105 5073 3213 5129 hac
3243 5071 3442 5129 adhuc
3471 5071 3578 5126 vita
3605 5065 3748 5124 sunt.

2123 5167 2341 5223 habent
2361 5169 2558 5220 tamen
2582 5164 2737 5236 quod
2759 5167 2895 5220 ante
2914 5161 3014 5219 Dei
3034 5161 3234 5218 oculos
3255 5162 3477 5234 operire
3498 5152 3746 5215 debeant.

2123 5255 2265 5329 quia
2293 5254 2532 5310 omnino
2557 5257 2644 5310 est
2674 5251 3140 5326 impossibile,ut
3168 5249 3270 5307 aut
3291 5249 3352 5306 in
3383 5243 3664 5323 opere,aut
3692 5238 3746 5292 in

2122 5343 2414 5400 locutione
2445 5343 2626 5404 autin
2649 5341 2998 5415 cogitatione
3033 5357 3336 5412 nunquam
3369 5331 3746 5408 delinquant.»
