3934 6182
205 361 327 420 897

867 491 1096 550 CAPUT
1135 492 1202 548 V.

207 581 372 657 Quod
394 590 617 657 peccata
662 581 852 638 multis
897 583 1074 657 modis
1116 591 1512 657 Iicrpetrcntur,
1553 593 1605 640 et
1654 585 1858 640 humili

275 653 598 782 mitcntia
625 661 902 718 curentur,
935 662 985 708 et
1015 653 1079 710 dc
1106 653 1326 727 offensis
1371 657 1622 727 pravum
1669 657 1855 712 (Πηλέι-

407 742 474 780 is.

279 851 392 908 Sed
425 849 728 908 sciendum
762 855 852 905 est
880 849 1222 923 quiatribus
1245 850 1434 905 modis
1455 849 1648 906 omnis
1673 851 1855 925 culpae

204 939 534 1014 nequitiam
563 942 996 1012 perpetramus,
1029 940 1406 1013 suggestione
1431 939 1674 1011 scilicet,
1696 942 1855 997 dele-

203 1029 481 1097 ctatione,
513 1044 826 1085 consensu.
862 1027 1124 1085 Primum
1155 1030 1353 1102 itaque
1384 1045 1490 1102 per
1518 1029 1859 1102 hostem,se-

202 1119 468 1178 cundum
498 1134 632 1174 vero
665 1133 766 1190 per
794 1117 1299 1188 carnem,tertium
1314 1134 1417 1191 per
1437 1117 1712 1190 spiritum
1736 1137 1860 1192 per-

201 1211 491 1282 petretur.
525 1207 840 1264 Insidiator
881 1205 1039 1262 enim
1090 1223 1265 1280 prava
1314 1207 1600 1279 suggerit,
1631 1225 1764 1263 caro
1796 1225 1858 1264 se

202 1295 577 1363 delectationi
611 1294 870 1366 subjicit,
906 1299 1081 1367 atque
1113 1297 1184 1352 ad
1235 1300 1565 1352 extremum
1615 1297 1858 1370 spiritus

204 1387 398 1444 victus
441 1383 814 1451 delectationi
861 1383 1174 1440 consentit.
1227 1385 1616 1459 Suggestione
1660 1385 1860 1459 itaque

201 1478 512 1550 peccatum
543 1474 942 1547 agnoscimus,
969 1473 1354 1531 delectatione
1383 1474 1700 1544 vincimur,
1721 1492 1858 1534 con-

201 1582 386 1628 sensu
417 1563 595 1620 etiam
628 1562 902 1636 ligamur.
934 1564 1006 1620 Et
1034 1566 1288 1636 quatuor
1317 1565 1508 1620 modis
1555 1569 1858 1638 peccatum

193 1651 642 1727 perpetraturin
662 1653 1115 1724 corde,quatuor
1129 1657 1576 1710 consummatur
1590 1654 1645 1709 in
1659 1671 1832 1726 opere
1843 1698 1856 1710 .

195 1731 264 1800 In
277 1740 1856 1814 cordenamquesuggestione,delectatione,consensu,

1389 363 1492 422 DE
1535 362 1924 424 CAVENDIS
1968 363 2226 434 VI'l‘lIS,
2273 363 2442 424 ETC.

1885 497 1940 562 Α
1968 495 2078 552 sed
2097 512 2228 552 cum
2262 512 2356 552 res
2384 495 2561 568 exigit
2591 494 2839 569 ut'loqui
2870 498 3010 570 quid
3042 497 3354 573 dupliciter
3381 502 3610 576 debeat,

3491 367 3612 432 898

1965 584 2132 656 quasi
2157 585 2476 658 postposito
2501 588 2719 640 terrore
2741 587 3301 658 superbize,remissa
3320 589 3611 650 locutione

1965 674 2284 741 blanditur,
2321 680 2378 730 et
2408 691 2542 729 cum
2575 675 2866 746 superbus
2895 675 3075 730 videri
3109 677 3363 745 desierit,
3397 680 3612 753 duplex

1964 763 2115 817 efﬁci
2140 781 2253 818 non
2289 763 2675 835 pertimescit:
2709 763 2808 834 qui
2841 767 2983 835 quot
3011 763 3166 819 vitiis
3197 766 3611 828 decedentibus

1965 855 2022 907 et
2047 853 2498 908 succedentibus
2531 851 2838 924 premitur,
2873 856 2956 906 tot
2986 853 3262 926 malignis
3305 857 3611 928 spiritibus

1965 941 2094 1010 ejus
2125 942 2360 998 animus
2387 943 2554 1014 quasi
2579 942 2855 1006 euntibus
2868 958 2933 998 ac
2951 942 3334 999 redeuntibus
3354 944 3615 1004 devasta-

1967 1034 2080 1086 tur.
2119 1054 2144 1079 ››
2177 1031 2247 1085 Et
2277 1032 2375 1104 qui
2410 1034 2622 1088 cuncta
2651 1030 2828 1086 simul
2859 1030 2918 1086 in
2951 1032 3158 1087 effectu
3188 1032 3616 1105 cxplet,cunota

1966 1137 2095 1192 qua:
2145 1125 2358 1177 nocent
2402 1121 2462 1177 in
2513 1125 2707 1180 mente
2750 1121 2965 1178 tacitus
3011 1125 3188 1179 tenet.
3223 1123 3408 1180 Tanto
3437 1123 3618 1198 igitur

1967 1209 2201 1266 arctiori
2225 1227 2404 1266 manu
2428 1210 2779 1282 pmnitentite
2801 1211 3264 1283 menstergeuda
3281 1217 3616 1286 est,quunbo

1967 1313 2030 1356 se
2062 1314 2164 1368 per
2191 1313 2545 1358 consensum
2573 1296 2858 1369 conspicit
2887 1296 3186 1364 sordidius
3222 1300 3614 1373 inquinatam.

1969 1385 2254 1452 Quoniam
2287 1387 2480 1442 omnis
2512 1387 2838 1459 culpa,qute
2869 1385 2965 1442 hic
2996 1387 3481 1460 perdisciplinam
3507 1408 3620 1463 pm—

1969 1475 2227 1532 nitentim
2257 1493 2371 1532 non
2404 1475 2762 1547 reprimitur,
2777 1475 3054 1548 gehennae
3087 1475 3324 1549 ignibus
3355 1477 3614 1539 ferietur.

1970 1564 2133 1620 Unde
2165 1581 2267 1637 per
2297 1564 2670 1622 Salomonem
2696 1563 2934 1621 dicitur:
2957 1563 3019 1619 Si
3048 1563 3349 1624 ascenderit
3376 1582 3542 1638 super
3568 1576 3618 1632 te

1967 1655 2194 1725 spiritus
2220 1663 2535 1726 potestatem
2561 1656 2828 1720 habentis,
2862 1655 3038 1714 locum
3073 1661 3230 1719 tuum
3273 1671 3344 1710 ne
3392 1655 3616 1713 dimise-

1971 1744 2050 1798 ris
2077 1744 2273 1809 (Eccle.
2303 1761 2358 1810 x,
2393 1745 2468 1808 4).
2500 1745 2578 1798 Ac
2609 1743 2656 1798 si
2691 1746 2890 1814 aperte
2941 1741 3098 1798 dicat
3131 1760 3143 1799 :
3174 1743 3234 1800 Si
3267 1747 3616 1809 tentatorem

197 1836 258 1886 et
284 1829 647 1892 defensionis
674 1829 920 1928 audacia
969 1834 1358 1902 perpetratur,
1391 1836 1449 1886 et
1493 1833 1648 1904 quod
1697 1832 1856 1892 omni
1890 1868 1938 1932 Β
1971 1831 2245 1904 spiritum
2275 1835 2478 1887 contra
2506 1836 2562 1890 te
2593 1830 2903 1904 praevalere
2930 1830 3286 1898 consideras,
3318 1828 3638 1896 humilita?

195 1919 378 1992 culpa
401 1919 468 1984 fit
496 1916 942 1991 gravius,etiam
973 1918 1044 1974 de
1075 1919 1392 1976 commisso
1420 1919 1562 1975 vitio
1593 1921 1858 1993 superbi-

197 2007 475 2068 tur.Nam
498 2005 769 2080 quamvis
791 2007 864 2064 de
881 2005 1094 2062 virtute
1115 2006 1276 2064 nasci
1297 2007 1470 2063 elatio
1494 2007 1696 2076 soleat,
1722 2027 1858 2066 non-

199 2111 510 2169 nunquam
529 2099 722 2154 tamen
738 2093 922 2151 stulta
936 2111 1104 2152 mens
1117 2096 1189 2150 de
1211 2100 1542 2168 perpetrata
1568 2115 1630 2153 se
1651 2099 1858 2170 nequi-

203 2183 552 2244 tiaexallat:
583 2185 735 2239 unde
749 2183 892 2238 dicit
914 2183 1194 2255 propheta
1219 2202 1231 2240 :
1257 2184 1548 2242 Occurrent
1582 2185 1860 2241 daunonia

193 2274 588 2342 onpcentauris
599 2275 959 2342 (lsa.xx,x1v,
978 2273 1084 2344 14).
1099 2273 1431 2342 (Moralium.
1447 2273 1548 2330 lib.
1565 2292 1662 2340 vn,
1679 2275 1854 2348 0.12).

201 2387 231 2414 α
265 2361 422 2430 Quid
450 2378 584 2417 vero
613 2363 1072 2419 onocentaurum
1106 2361 1341 2418 nomine
1383 2361 1495 2417 nisi
1545 2365 1603 2417 et
1647 2361 1857 2420 lubrici

199 2451 540 2525 ﬁgurantur
557 2453 616 2506 et
635 2448 802 2505 elati?
813 2449 1008 2505 Graeco
1031 2448 1244 2522 quippe
1264 2450 1494 2523 eloquio
1521 2459 1628 2516 ὄνος
1655 2452 1858 2506 asinus

199 2537 507 2611 (licitumst
536 2535 926 2612 appellatione
957 2537 1106 2593 asini
1130 2537 1361 2594 luxuria
1391 2556 1494 2612 per
1511 2539 1853 2612 prophetam

201 2628 574 2701 designatur,
586 2627 686 2700 qui
715 2626 816 2682 ait:
835 2627 898 2682 Ut
915 2642 1106 2682 carnes
1135 2629 1421 2684 asinorum
1449 2644 1640 2684 carnes
1670 2645 1856 2683 eorum

200 2717 422 2790 (Ezech.
468 2733 630 2781 xxm,
673 2717 786 2788 20).
848 2714 1025 2771 Tauri
1086 2720 1282 2770 autem
1333 2716 1614 2772 vocabulo
1669 2715 1858 2772 cervix

199 2804 494 2880 superbia:
541 2805 998 2870 demonstratur,
1051 2805 1203 2859 sicut
1247 2821 1385 2860 voce
1434 2805 1737 2860 Dominiea
1786 2805 1857 2859 de

195 2893 428 2951 Judaeis
444 2893 922 2966 superbientibus
943 2909 1046 2965 per
1059 2891 1430 2948 Psalmistam
1449 2891 1682 2948 dicitur:
1695 2894 1859 2948 Tauri

191 2985 438 3054 pingues
485 2981 808 3038 obsederunt
852 2998 938 3037 me
967 2982 1139 3051 (Psal.
1173 2999 1286 3048 xxx,
1329 2980 1435 3052 13).
1469 2980 1854 3036 Onocentauri

197 3088 342 3146 ergo
374 3069 642 3143 sunt,qui
674 3070 922 3143 subjecti
945 3069 1186 3126 luxuriae
1216 3070 1390 3139 vitiis,
1412 3069 1545 3126 inde
1576 3069 1855 3126 cervicem

198 3158 626 3233 erigunt,unde
657 3157 956 3215 humiliari
987 3158 1353 3214 debuerunt:
1387 3159 1484 3230 qui
1517 3159 1712 3214 carnis
1734 3176 1855 3214 sum

1968 1924 2086 1974 tem
2118 1919 2466 1992 paenitentiae
2481 1937 2593 1976 non
2613 1918 2998 1991 relinquas,et
3015 1918 3208 1974 verbis
3230 1921 3618 1992 sequentibus

1969 2008 2224 2063 ostendit
2253 2009 2455 2064 dicens
2489 2025 2503 2065 :
2539 2009 2681 2076 Quia
2710 2010 2922 2063 curatio
2950 2023 3160 2064 cessare
3201 2009 3369 2078 faciet
3401 2017 3620 2081 peccata

1965 2099 2214 2152 maxima
2266 2097 2449 2167 (ibid).
2485 2095 2794 2166 (Horatium
2837 2095 2939 2151 lib.
2975 2112 3052 2160 ιχ,
3083 2112 3210 2168 cap.
3247 2095 3356 2164 19).
3393 2119 3422 2148 a
3467 2098 3618 2164 Quid

1967 2189 2058 2239 est
2105 2186 2262 2240 enim
2311 2185 2467 2242 aliud
2518 2185 2826 2240 humilitas
2873 2183 3138 2247 lamenti,
3173 2183 3284 2238 nisi
3326 2185 3616 2246 medicina

1969 2274 2228 2344 peccati?
2260 2275 2338 2329 De
2365 2291 2480 2345 qua
2513 2273 2845 2329 humilitate
2877 2272 3116 2328 lamenti
3163 2271 3449 2345 scriptum
3479 2277 3570 2330 est
3601 2288 3616 2327 τ

1965 2362 2029 2418 Si
2059 2363 2196 2418 lotus
2223 2366 2378 2434 fuero
2425 2363 2588 2434 quasi
2631 2363 2791 2434 aquis
2837 2363 2984 2416 nivis
3031 2362 3150 2429 (Job
3181 2378 3258 2428 IX,
3288 2361 3400 2428 30).
3432 2362 3611 2434 Aqua)

1967 2449 2122 2506 enim
2157 2451 2305 2506 nivis
2335 2455 2478 2508 sunt
2505 2449 2762 2508 lamenta
2790 2448 3164 2506 humilitatis:
3197 2466 3326 2522 quae
3357 2451 3614 2523 profecto

1967 2538 2447 2611 bumilitas,quia
2477 2542 2610 2594 ante
2638 2537 2886 2594 districti
2910 2537 3135 2610 judicis
3163 2538 3365 2596 oculos
3395 2539 3617 2604 caeteris

1965 2626 2162 2682 virtuti
2173 2628 2281 2682 bus
2293 2627 2824 2699 prmeminet,quasi
2839 2644 2942 2698 per
2953 2627 3150 2698 magni
3164 2627 3352 2686 meriti
3366 2627 3617 2693 colorem

1966 2717 2193 2771 candet.
2214 2717 2362 2771 Sunt
2394 2732 2647 2786 namque
2673 2715 2940 2770 nonnulli
2973 2715 3072 2786 qui
3105 2715 3362 2774 lamenta
3379 2716 3614 2786 habent.

1965 2805 2068 2859 sed
2098 2803 2490 2880 humilitatem
2521 2819 2634 2858 non
2666 2803 2906 2867 habent,
2939 2803 3037 2874 qui
3073 2803 3271 2858 afﬂicti
3301 2802 3610 2876 plangunt,

1966 2893 2068 2949 sed
2101 2896 2297 2948 tamen
2328 2892 2384 2946 in
2419 2891 2565 2963 ipsis
2599 2889 2946 2956 ﬂetibus,vel
2979 2893 3182 2946 contra
3211 2891 3612 2962 proximorum

1962 2982 2142 3038 vitam
2177 2978 2644 3052 superbiunt,vel
2677 2983 2881 3035 contra
2901 2979 3328 3036 ordinationem
3349 2977 3620 3044 Condito.-

1965 3071 2046 3126 ris
2075 3069 2401 3141 eriguntur.
2435 3068 2502 3123 lli
2535 3067 2817 3126 nimirum
2849 3084 3034 3139 aquas
3060 3066 3298 3134 habent,
3329 3067 3431 3127 sed
3464 3067 3615 3126 nivis

1967 3176 2151 3230 aquas
2199 3175 2313 3214 non
2364 3157 2598 3225 habent,
2632 3160 2689 3211 et
2732 3157 2938 3212 mundi
2983 3172 3111 3212 esse
3160 3160 3447 3228 nequunt,
3479 3156 3621 3228 quia

195 3246 607 3321 voluptatibus
637 3247 976 3313 servientes,
1010 3246 1255 3318 expulsa
1281 3246 1452 3320 longe
1491 3247 1861 3314 verecundia,
1895 3235 1937 3301 C
1967 3245 2315 3302 humilitatis
2346 3245 2580 3302 ﬂetibus
2611 3245 2852 3302 minime
2879 3244 3165 3302 lavantur.
3197 3244 3381 3316 Aquis
3420 3249 3618 3311 autem

199 3355 320 3392 non
353 3335 553 3392 solum
585 3353 648 3392 se
677 3335 943 3391 amittere
964 3334 1371 3391 rectitudinem
1395 3345 1510 3391 non
1531 3335 1857 3403 dolent,scd

201 3427 400 3482 adhuc
433 3425 610 3482 etiam
654 3425 726 3480 de
773 3441 945 3498 opere
985 3424 1348 3481 confusionis
1395 3425 1672 3498 gaudent.
1706 3425 1858 3480 Ono-

201 3513 506 3579 centauris
535 3517 730 3571 autem
764 3513 1053 3568 daztnonia
1082 3518 1416 3581 occurrunt,
1451 3513 1591 3586 quia
1620 3513 1861 3586 maligni

199 3601 458 3676 spiritus
503 3601 670 3658 valde
715 3599 800 3658 eis
847 3601 920 3658 ad
969 3605 1168 3658 votum
1220 3603 1578 3671 deserviunt,
1609 3619 1760 3674 quos
1790 3603 1862 3658 de

195 3690 296 3750 his
326 3690 588 3763 gaudere
613 3689 1006 3762 conspiciunt,
1035 3690 1106 3745 de
1137 3690 1354 3763 quibus
1383 3690 1594 3746 deﬂere
1646 3691 1878 3746 debue--

197 3783 368 3834 runt.
403 3800 435 3832 ››
468 3777 782 3846 (Moralium
811 3777 914 3834 lib.
950 3796 1026 3846 ιν,
1061 3796 1110 3834 c.
1143 3781 1256 3847 25).
1287 3803 1313 3830 ‹‹
1348 3779 1418 3834 Et
1456 3779 1666 3836 iisdem
1716 3796 1858 3852 qua-

195 3872 336 3924 tuor
367 3866 563 3924 modis
589 3871 892 3942 peccatum
923 3872 1370 3923 consummatur
1394 3869 1453 3922 in
1485 3867 1861 3940 opere.Prius

176 3973 464 4030 namque
520 3954 712 4012 latens
770 3955 946 4029 culpa
1001 3956 1215 4028 agitur,
1277 3957 1654 4029 postmodum
1725 3974 1859 4012 vero

197 4044 384 4102 etiam
410 4048 548 4100 ante
579 4043 781 4100 oculos
812 4043 1121 4100 hominum
1145 4044 1270 4100 sine
1293 4044 1634 4101 confusione
1665 4049 1860 4101 reatus

199 4132 489 4207 aperitur,
519 4131 732 4188 dehinc
761 4136 819 4188 et
861 4133 918 4187 in
967 4133 1454 4188 consuetudinem
1501 4131 1756 4202 ducitur,
1785 4133 1860 4188 ad

199 4224 533 4279 extremum
567 4238 800 4294 quoque
820 4221 908 4277 vel
933 4220 1092 4277 falsae
1123 4221 1244 4294 spei
1276 4219 1739 4290 seductionibus,
1770 4219 1858 4277 vel

199 4309 604 4368 obstinatione
634 4309 862 4366 miserae
893 4309 1317 4382 desperationis
1347 4309 1731 4376 enutritur,ac
1759 4326 1862 4382 per

198 4398 316 4454 hoc
345 4402 408 4454 et
438 4397 604 4456 nulla
629 4398 803 4472 culpa
831 4398 1176 4465 devincitur,
1211 4414 1348 4454 cum
1382 4397 1495 4453 alia
1525 4415 1627 4470 per
1655 4397 1858 4454 aliam-

193 4490 597 4565 perpetratur.
629 4488 779 4544 Nam
808 4504 961 4560 saepe
993 4487 1146 4542 furto
1179 4485 1592 4559 negotiationis
1631 4485 1862 4542 fallacia

188 4575 561 4670 jungitur,et
590 4593 742 4651 saepe
773 4575 1014 4632 fallacia:
1036 4575 1276 4648 perjurii
1295 4575 1856 4632 reatuscumulatur.
1889 4599 1938 4670 Β

197 4664 373 4720 Unde
403 4663 692 4741 scriptum
730 4668 863 4722 est:
916 4665 1132 4730 Vadcnt,
1181 4674 1233 4720 et
1261 4666 1490 4720 uenient
1532 4680 1694 4737 super
1735 4681 1861 4721 eum

193 4753 503 4810 horribiles
529 4755 656 4826 (Job
685 4771 778 4822 xx,
798 4754 924 4822 .15),
957 4753 1015 4808 id
1046 4757 1135 4810 est
1183 4769 1362 4825 super
1391 4751 1567 4808 talem
1608 4770 1861 4826 peccan-

197 4845 324 4906 tem
354 4841 590 4915 vadent,
619 4846 679 4899 et
707 4842 940 4899 venient
969 4841 1210 4915 maligni
1243 4840 1508 4914 spiritus,
1540 4841 1714 4897 certis
1757 4843 1859 4916 qui

197 4932 441 5003 busque
459 4931 615 4988 vitiis
637 4932 1045 5004 obsequentes,
1067 4929 1205 5003 quia
1229 4929 1483 5002 perversi
1515 4933 1770 4986 mentem
1802 4936 1860 4988 et

196 5019 256 5076 si
285 5017 410 5074 alia
435 5019 856 5088 deserunt,alia
883 5018 1022 5074 vitia
1050 5021 1358 5090 occupant.
1379 5041 1406 5066 ι)
1421 5017 1733 5090 (Moralium
1754 5018 1856 5076 lib.

195 5108 486 5182 xv,c.16).
515 5131 544 5162 κ
579 5109 741 5182 Saepe
770 5123 1025 5180 namque
1049 5107 1249 5164 videas
1277 5105 1550 5179 iniquum
1583 5106 1640 5162 in
1675 5112 1858 5164 terre-

197 5215 284 5254 na
313 5201 604 5270 potestate
635 5198 1024 5256 constitutum
1053 5196 1214 5270 gravi
1252 5197 1443 5252 furore
1486 5197 1858 5266 commoveri,

195 5285 500 5360 quidquid
533 5285 622 5344 ira
651 5286 1014 5361 suggesserit
1043 5285 1300 5358 exsequi,
1325 5287 1383 5342 et
1409 5301 1543 5342 eum
1577 5286 1739 5342 furor
1767 5287 1862 5342 ab-

193 5373 507 5444 scesserit,
531 5391 667 5434 mox
694 5377 823 5448 ejus
853 5378 1112 5432 mentem
1144 5373 1376 5431 luxuria
1405 5374 1688 5440 devastat,
1725 5393 1858 5434 cum

195 5462 448 5528 luxuria
495 5465 567 5524 ad
617 5469 851 5539 tempus
900 5463 1328 5530 intermittitur,
1368 5463 1542 5519 elatio
1591 5465 1860 5536 protinus

194 5552 380 5628 quasi
409 5552 486 5612 de
508 5555 869 5613 continentia
886 5553 946 5610 in
966 5553 1096 5626 ejus
1112 5550 1464 5625 cogitatione
1485 5552 1858 5626 subrogatur,

193 5646 388 5720 atque
415 5646 487 5710 ut
515 5660 552 5716 ᾳ
580 5643 803 5715 ceteris
823 5644 1105 5702 timeatur
1120 5639 1345 5718 appetit
1360 5639 1543 5697 videri
1559 5642 1857 5716 terribilis,

1970 3336 2120 3394 nivis
2150 3353 2183 3390 a
2214 3334 2389 3408 culpa
2419 3353 2480 3390 se
2511 3333 2729 3390 laverat
2749 3333 2848 3406 qui
2879 3334 3239 3389 conﬁdenter
3261 3333 3622 3391 dicebat:Car

1969 3427 2262 3482 contritum
2290 3432 2342 3480 et
2373 3424 2729 3478 humiliatum
2758 3423 2896 3478 Deus
2943 3439 3054 3480 non
3099 3423 3310 3494 spernit
3352 3422 3529 3494 (Psal.
3561 3440 3616 3493 L,

1972 3515 2079 3581 19).
2110 3513 2214 3578 Qui
2239 3511 2395 3566 enim
2427 3509 2702 3566 lamentis
2733 3509 3095 3581 aflliguntur,
3121 3508 3222 3564 sed
3253 3524 3622 3570 murmuran-

1968 3603 2042 3657 do
2073 3599 2317 3656 rebelles
2366 3603 2524 3664 sunt,
2555 3601 2811 3654 mentem
2860 3596 3100 3670 quidem
3143 3600 3470 3663 conterunt,
3513 3597 3616 3668 sed

1970 3688 2268 3746 humiliari
2299 3691 2706 3744 contemnunt.
2726 3709 2752 3736 ››
2784 3685 3362 3758 (Pastor.1u,cap.25).
3391 3706 3421 3733 ε(
3455 3685 3620 3752 Unde

1970 3796 2074 3852 per
2115 3779 2458 3850 prophetam
2489 3775 2804 3832 Jeremiam
2835 3775 3068 3840 dicitur,
3103 3791 3241 3830 cum
3280 3773 3618 3848 Judmorun)

1967 3866 2202 3940 singula
2248 3865 2460 3922 delicta
2509 3869 2945 3938 pensarentur:
2998 3865 3302 3921 Diuisione:
3350 3879 3622 3934 aquarum

1967 3956 2202 4012 dediwit
2225 3955 2412 4010 oculus
2434 3970 2586 4010 meus
2617 3953 2836 4024 (Thren.
2867 3970 2954 4018 ιιι,
2991 3953 3099 4025 48).
3134 3950 3361 4008 Divisae
3401 3950 3620 4027 quippe

1969 4061 2039 4100 ex
2061 4042 2248 4099 oculis
2270 4060 2453 4115 aquas
2474 4042 3084 4114 deducimus,quando
3107 4040 3359 4114 peccatis
3371 4038 3622 4114 singulis

1969 4130 2310 4204 dispartitas
2339 4130 2628 4202 lacrymas
2659 4131 2890 4186 damus.
2927 4129 3128 4201 Neque
3159 4129 3317 4184 enim
3367 4145 3484 4184 uno
3521 4144 3618 4183 eo-

1968 4221 2217 4291 demque
2247 4223 2506 4290 tempore
2537 4233 2698 4289 teque
2729 4233 2897 4272 mens
2926 4217 2997 4270 de
3027 4215 3302 4272 omnibus
3333 4215 3616 4272 doletzsed

1969 4309 2109 4364 dum
2146 4323 2301 4362 nunc
2325 4305 2691 4377 hujus,nunc
2722 4303 2881 4360 illius
2903 4302 3089 4376 culpa:
3119 4300 3404 4358 memoria
3425 4301 3621 4364 aerius

1969 4395 2250 4468 tangitur,
2285 4393 2461 4450 simul
2490 4394 2560 4448 de
2591 4391 2868 4448 omnibus
2917 4391 2976 4446 in
3025 4387 3277 4464 singulis
3325 4391 3622 4448 commota

1968 4489 2306 4558 purgatur.»
2337 4481 2649 4554 (Moralium
2678 4480 2779 4536 lib.
2816 4480 3108 4548 n,c.26).«
3145 4476 3388 4544 Rixatur
3416 4491 3619 4540 secum

1969 4575 2039 4632 de
2069 4573 2163 4629 his
2194 4589 2322 4644 quae
2340 4571 2492 4627 male
2519 4569 2710 4643 egisse
2732 4585 2794 4624 se
2819 4567 3042 4636 recolit,
3069 4570 3127 4624 et
3139 4563 3624 4640 sibimetipsidis'-

1969 4663 2160 4738 plicet,
2195 4678 2331 4718 cum
2361 4661 2413 4716 ei
2445 4659 2544 4716 ille
2574 4657 2802 4732 placere
2823 4659 2951 4728 jam
2983 4655 3222 4728 cmperit
3267 4653 3368 4726 qui
3417 4652 3619 4712 omnia

1969 4751 2203 4808 creavit.
2238 4746 2630 4822 Reprehendit
2660 4763 2723 4802 se
2751 4747 2823 4801 de
2853 4742 3333 4819 cogitationibus,
3366 4741 3621 4816 insequi-

1969 4846 2065 4896 tur
2093 4841 2164 4895 de
2193 4837 2469 4903 verbis,et
2499 4835 2668 4909 punit
2697 4835 2886 4889 ﬂendo
2907 4834 2978 4888 de
3009 4830 3353 4888 factis.llinc
3377 4830 3532 4888 enim
3557 4831 3618 4892 in

1968 4927 2308 5004 Apocalypsi
2339 4941 2476 4980 voce
2507 4921 2771 4996 angelica
2800 4921 3032 4978 dicitur:
3067 4923 3262 4977 Beatus
3288 4922 3386 4992 qui
3406 4919 3616 4990 vigilat,

1966 5029 2018 5076 et
2046 5016 2276 5074 custodit
2303 5015 2619 5070 vestimenta
2645 5029 2767 5081 sua,
2800 5028 2870 5067 ne
2914 5010 3094 5067 nudus
3145 5012 3389 5066 ambulet
3431 5016 3483 5064 et
3533 5008 3619 5062 υἱ-

1967 5109 2129 5164 deant
2169 5103 2532 5177 tupitudinem
2577 5101 2695 5172 ejus
2743 5102 2924 5173 (Apoc.
2974 5101 3235 5167 xv1,15).
3288 5095 3615 5168 Turpitudo

1972 5197 2128 5254 enim
2160 5197 2360 5248 nostra
2389 5207 2544 5245 nunc
2573 5189 2851 5260 cernitur,
2884 5206 3020 5246 cum
3049 5189 3167 5244 vita
3196 5181 3620 5258 reprehensibi-

1971 5285 2064 5354 lis,
2096 5287 2229 5340 ante
2266 5283 2567 5353 justorum
2617 5278 2817 5335 oculos
2867 5279 2925 5333 in
2959 5275 3208 5350 judicio,
3243 5287 3616 5344 nequaquam

1971 5369 2386 5444 subsequentis
2415 5367 2551 5424 boni
2579 5369 2772 5440 operis
2803 5366 3058 5439 tegmine
3085 5363 3328 5420 velatur.
3365 5383 3394 5412 »

2041 5462 2153 5520 Sed
2183 5459 2284 5532 qui
2314 5458 2386 5514 ad
2435 5457 2686 5529 tegenda
2713 5472 2822 5511 sua
2852 5458 3088 5527 peccata
3117 5468 3221 5524 per
3259 5451 3412 5506 bona
3439 5465 3618 5524 opera

1970 5553 2210 5612 solerter
2239 5545 2764 5620 invigilat,necesse
2793 5547 2882 5598 est
2910 5545 2974 5596 ut
2992 5559 3060 5597 ea
3089 5557 3215 5614 qua:
3246 5539 3305 5594 in
3333 5555 3470 5598 eum
3491 5555 3619 5615 pec-

1971 5645 2180 5703 cantur
2209 5633 2493 5716 proximis
2522 5648 2554 5690 θ
2585 5631 2757 5690 corde
2776 5628 3615 5707 dimittat,quiavitamanimQ
