3934 6182
258 339 373 401 901

1437 337 1540 400 DE
1583 333 1971 400 CAVENDIS
2016 333 2273 411 VITllS,
2320 339 2494 401 ETC.

3555 346 3674 408 902

255 473 385 547 gari
412 471 637 541 volunt,
667 476 842 544 atque
870 475 937 527 ut
967 471 1049 527 ita
1078 471 1326 528 dixerim
1357 475 1629 543 quzerunt
1660 474 1725 526 ut
1756 487 1906 542 qum-
1934 470 1991 536 Α
2020 475 2166 525 natae
2196 471 2481 527 castitatis
2513 473 2690 528 etiam
2716 474 2847 529 vitae
2869 478 3094 533 mternaa
3125 494 3344 550 pascua
3364 477 3667 551 largiatur,

261 563 487 617 rantur.
512 560 630 617 Hos
659 576 797 632 ergo
828 561 1127 633 adjutores
1154 562 1364 616 nostra)
1386 559 1665 615 orationis
1687 575 1910 631 quaera-

259 668 418 720 mus,
458 649 567 706 hos
614 653 971 721 protectores
1018 649 1200 705 nostri
1248 653 1446 705 reatus
1494 648 1908 703 inveniamus:

261 737 401 809 quia
446 754 516 792 ne
565 736 773 809 punire
820 741 1154 809 peccatores
1203 736 1429 803 debeat,
1464 735 1653 811 rogari
1703 734 1827 789 vult
1857 737 1915 789 et

259 825 387 897 ipse
419 824 791 896 quijudicat,
827 824 980 879 unde
1011 828 1067 878 et
1098 827 1217 878 tam
1262 821 1434 894 longo
1472 827 1731 899 tempore
1755 837 1911 875 com-

263 914 526 969 minatur
556 913 726 979 iram,
758 916 818 967 et
849 916 1043 967 tamen
1092 910 1550 967 misericorditer
1595 912 1910 983 exspectat.

260 1003 355 1058 Sic
386 1006 581 1058 autem
609 1018 717 1057 nos
750 1000 1151 1057 misericordia
1180 1001 1308 1072 ejus
1354 1000 1624 1067 refoveat,
1659 1003 1724 1053 ut
1754 996 1914 1054 nullo

265 1091 438 1147 modo
462 1089 821 1164 negligentes
843 1090 1078 1146 reddat:
1098 1087 1181 1145 sic
1204 1092 1441 1162 peccata
1463 1092 1661 1145 nostra
1683 1091 1914 1160 pertur-

264 1181 424 1248 bent,
455 1184 520 1236 ut
550 1196 717 1235 mens
752 1178 808 1234 in
841 1176 1305 1251 desperationem
1341 1193 1455 1231 non
1477 1180 1717 1249 proruat
1741 1193 1753 1231 :
1779 1175 1919 1248 quia

263 1274 322 1325 et
350 1269 398 1325 si
431 1271 852 1342 praesumentes
885 1266 1226 1335 metuimus,
1260 1270 1319 1321 et
1351 1269 1681 1321 metuentes
1717 1281 1914 1338 spera-

263 1375 422 1427 mus,
455 1363 738 1413 azternum
768 1372 1015 1428 regnum
1045 1354 1220 1411 citius
1251 1353 1519 1427 adepturi
1551 1370 1780 1421 sumus,
1817 1352 1919 1409 ubi

261 1452 402 1503 sunt
430 1443 751 1518 hymnidici
784 1442 1127 1517 angelorum
1159 1442 1343 1509 chori,
1372 1442 1622 1499 societas
1644 1458 1917 1516 superno-

262 1553 396 1591 rum
423 1532 854 1605 civium,dulcis
881 1531 1224 1590 solemnitas
1245 1550 1280 1588 a
1301 1530 1786 1606 peregrinationis
1808 1531 1919 1587 hu-

251 1626 359 1696 jus
391 1624 547 1680 tristi
578 1623 776 1680 labore
807 1621 1202 1678 redeuntium.
1236 1621 1321 1678 Ibi
1352 1620 1575 1694 providi
1606 1619 1919 1694 propheta-

261 1730 395 1769 rum
443 1712 628 1781 chori,
680 1712 760 1768 ibi
802 1712 988 1783 judex
1046 1709 1446 1783 apostolorum
1508 1725 1812 1779 numerus,
1839 1707 1918 1764 ibi

262 1799 790 1858 innumerabilium
822 1803 1149 1872 martyrum
1189 1798 1373 1854 victor
1419 1798 1726 1866 exercitus,
1761 1800 1922 1853 tanto

261 1890 383 1947 illic
411 1889 617 1956 laetior,
640 1892 863 1962 quanto
886 1887 980 1943 hic
1002 1886 1211 1944 durius
1234 1886 1510 1943 afflictus.
1529 1887 1613 1942 Ibi
1634 1887 1923 1942 confesso~

260 1997 398 2036 rum
429 1979 766 2035 constantia
794 1976 1020 2049 praemii
1050 1976 1143 2033 sui
1185 1975 1555 2049 perceptione
1603 1975 1920 2030 consolata.

260 2068 351 2125 Ibi
382 2066 584 2123 ﬁdeles
608 2066 894 2139 viri,quos
910 2063 1252 2121 avirilitatis
1276 2082 1393 2119 sua:
1425 2065 1629 2120 robore
1655 2062 1925 2136 voluptas

257 2155 463 2214 saeculi
490 2154 756 2211 emollire
788 2171 903 2210 non
926 2151 1230 2226 potuit.lbi
1253 2157 1467 2208 sanctae
1490 2152 1923 2224 mulieres,quae

259 2263 402 2301 cum
434 2244 647 2301 saeculo
677 2248 735 2300 et
767 2260 970 2300 sexum
1020 2242 1306 2298 vicerunt.
1343 2240 1425 2297 lbi
1476 2240 1666 2314 pueri,
1701 2240 1801 2313 qui
1832 2239 1926 2296 hic

262 2351 456 2391 annos
477 2350 618 2390 suos
642 2331 905 2388 moribus
929 2331 1419 2387 transcenderunt
1444 2346 1457 2384 :
1482 2329 1561 2383 ibi
1577 2346 1928 2401 senes,quos

260 2424 361 2481 hic
382 2428 522 2479 astas
541 2420 763 2478 debiles
779 2406 1117 2487 reddidit,et
1129 2420 1314 2475 virtus
1329 2417 1521 2491 operis
1534 2436 1651 2473 non
1666 2417 1923 2490 reliquit.

262 2501 611 2581 Quaeramus
626 2526 764 2584 ergo
780 2509 903 2566 haec
921 2508 1224 2582 pascua,in
1240 2508 1457 2581 quibus
1470 2524 1603 2563 cum
1630 2510 1927 2562 tantorum

263 2602 487 2659 civium
520 2600 889 2657 solemnitate
911 2599 1295 2672 gaudeamus.
1320 2598 1454 2670 Ipsa
1476 2614 1583 2652 nos
1606 2596 1928 2651 laetantium

270 2690 561 2748 festivitas
593 2689 819 2755 invitet,
851 2693 907 2744 et
938 2687 986 2743 si
1020 2686 1152 2760 quis
1193 2692 1462 2742 nostrum
1510 2685 1928 2741 conscientiam

264 2778 448 2837 habet
479 2778 756 2845 avaritiae,
775 2777 1067 2843 elationis,
1083 2794 1241 2833 vana:
1264 2773 1929 2848 gloriae,indignationis,

263 2867 610 2934 iracundiae,
640 2865 730 2923 vel
760 2864 1011 2933 invidiae,
1035 2869 1451 2921 ceterorumve
1474 2862 1741 2918 vitiorum
1764 2862 1935 2918 sorde

267 2956 581 3031 pollutam,
616 2955 771 3012 sicut
802 2950 1014 3010 mulier
1042 2953 1338 3009 Cananaea
1369 2951 1551 3008 filiam
1597 2950 1774 3006 habet
1803 2967 1939 3023 pro.

286 3048 441 3102 fecto
487 3043 641 3101 male
673 3062 707 3099 a
735 3044 1021 3099 daemonio
1069 3047 1355 3109 vexatam,
1401 3057 1504 3113 pro
1553 3042 1723 3113 cujus
1770 3058 1939 3097 sana-

286 3135 450 3190 tione
474 3133 721 3207 supplex
746 3133 817 3189 ad
850 3130 1165 3189 Dominum
1206 3133 1403 3185 currat
1433 3145 1446 3183 :
1480 3129 1620 3201 quia
1660 3128 1939 3185 nimirum

2022 558 2078 612 id
2111 561 2199 614 est
2227 565 2586 632 peccatorem
2611 579 2953 643 conversum
2977 583 3011 620 a
3030 566 3124 622 via
3145 584 3252 622 sua
3272 567 3670 639 malajustum

2024 646 2208 702 facere
2265 648 2558 721 dignetur,
2594 668 2769 723 quem
2830 653 3037 708 merito
3087 654 3249 709 bona:
3301 656 3548 712 actionis
3600 657 3674 712 ad

2024 753 2267 808 regnum
2300 737 2531 794 caeleste
2562 739 2863 811 perducat.
2889 740 3219 813 Videasque
3245 743 3528 799 Dominus
3553 749 3676 800 tan-

2022 827 2150 879 tum
2182 825 2314 880 ﬁdei
2350 832 2560 882 nostra:
2594 828 2882 895 ardorem,
2919 832 3039 883 tam
3074 830 3428 900 pertinacem
3472 833 3676 888 orandi

2025 914 2537 984 perseverantiam,
2571 917 2806 971 tandem
2841 916 3237 986 miserebitur,
3264 922 3320 974 et
3342 919 3510 974 nobis
3534 938 3677 992 quo-

2026 1018 2140 1073 que
2171 1002 2324 1057 sicut
2368 1003 2637 1060 volumus
2687 1004 2811 1060 ﬁeri
2861 1005 3162 1071 concedet,
3191 1008 3256 1060 ut
3283 1005 3554 1061 videlicet
3583 1024 3678 1062 ex-

2026 1089 2215 1162 pulsis
2234 1091 2578 1148 vitiosarum
2596 1093 2953 1149 tumultibus
2969 1091 3681 1165 cogitationum,dimissis

2026 1183 2396 1251 peccatorum
2420 1181 2751 1250 nexibus,et
2770 1199 2918 1255 pura
2942 1180 3111 1237 nobis
3134 1181 3420 1238 serenitas
3442 1182 3679 1252 mentis,

2027 1270 2084 1322 et
2114 1268 2388 1340 perfectio
2439 1270 2576 1325 boni
2625 1271 3055 1344 redintegretur
3101 1270 3312 1344 operis.
3349 1271 3418 1327 Hi
3461 1272 3679 1344 itaque,

2029 1356 2128 1429 qui
2160 1357 2231 1412 de
2259 1356 2420 1414 nullo
2448 1376 2554 1415 suo
2573 1376 2746 1433 opere
2768 1359 3170 1426 confldunt,ad
3194 1364 3532 1416 sanctorum
3557 1378 3684 1433 pro-

2028 1444 2339 1502 tectionem
2371 1450 2637 1517 currunt,
2672 1452 2848 1521 atque
2875 1449 2947 1504 ad
2978 1465 3146 1504 sacra
3190 1465 3392 1504 eorum
3441 1466 3684 1523 corpora

2030 1534 2264 1591 fletibus
2297 1535 2598 1607 insistunt,
2634 1536 2951 1610 promereri
2974 1554 3037 1594 se
3055 1537 3286 1594 veniam
3316 1538 3400 1594 eis
3430 1538 3683 1595 interce—

2031 1624 2306 1680 dentibus
2339 1626 2744 1699 deprecantur.
2778 1626 2924 1694 Quid
2958 1644 3093 1701 ergo
3126 1627 3223 1682 isti
3255 1625 3315 1682 in
3348 1627 3457 1683 hac
3496 1626 3684 1683 humi-

2031 1713 2193 1768 litate
2224 1714 2465 1781 faciunt,
2501 1715 2611 1771 nisi
2647 1716 2783 1788 quia
2814 1717 2978 1771 bonae
3011 1715 3257 1772 actionis
3280 1715 3541 1772 velamen
3567 1734 3681 1773 non

2033 1801 2316 1859 habentes
2345 1802 2568 1875 lapides
2595 1804 3046 1876 amplexantur?

2106 1891 2279 1958 (Hom.
2312 1892 2381 1945 37
2412 1893 2471 1946 in
2494 1894 2724 1965 Evang.)
2757 1916 2785 1942 ‹‹
2820 1894 2930 1948 Sed
2965 1910 3072 1948 nos
3102 1898 3458 1966 peccatores,
3483 1892 3685 1949 multis

2034 1980 2091 2031 et
2122 1976 2393 2034 maximis
2425 1978 2665 2035 involuti
2697 1979 2971 2052 peccatis,
3006 1980 3221 2053 quibus
3252 1980 3526 2055 lacrymis
3556 1999 3685 2054 spe-

2035 2082 2162 2120 rare
2193 2066 2423 2122 veniam
2448 2067 2935 2140 debemus,quiin
2959 2067 3057 2124 illo
3074 2070 3378 2125 tremendo
3399 2069 3685 2135 examine,

2034 2171 2169 2209 cum
2196 2172 2327 2228 rege
2349 2161 2549 2211 nostro
2572 2173 2641 2211 ex
2663 2173 2828 2228 aequo
2850 2157 2919 2211 ad
2937 2156 3233 2228 judicium
3258 2175 3373 2213 non
3394 2157 3688 2225 venimus,

2044 2260 2198 2315 quos
2225 2244 2505 2299 nimirum
2528 2244 2784 2299 conditio
2804 2244 3167 2301 infirmitatis
3187 2250 3243 2300 et
3263 2262 3440 2301 causa
3462 2244 3691 2301 inferio-

2040 2349 2135 2387 res
2163 2331 2439 2387 exhibet?
2467 2332 2577 2388 Sed
2610 2333 2857 2389 fortasse
2901 2334 3030 2405 jam
3079 2333 3217 2389 mali
3247 2333 3439 2406 operis
3481 2331 3688 2407 culpas

2039 2421 2544 2492 abscidimus,jam
2565 2438 2740 2494 prava
2755 2438 3001 2495 quaeque
3018 2422 3274 2479 exterius
3285 2422 3652 2478 declinamus
3671 2438 3685 2477 :

2040 2509 2307 2581 nunquid
2321 2510 2390 2564 ad
2406 2510 2760 2566 reddendam
2780 2510 3067 2566 rationem
3085 2509 3455 2583 cogitationis
3477 2515 3688 2567 nostra:

2039 2598 2411 2654 sufﬁcimus?
2441 2598 2587 2653 Nam
2619 2616 2753 2653 cum
2800 2599 3007 2671 viginti
3060 2599 3324 2655 millibus
3374 2599 3567 2655 venire
3615 2600 3687 2656 ad

2041 2685 2261 2741 bellum
2315 2704 2411 2742 rex
2466 2687 2525 2741 in
2585 2687 2891 2760 Evangelio
2951 2688 3168 2742 dicitur
3215 2690 3365 2756 (Luc.
3419 2706 3532 2752 xw,
3573 2690 3686 2759 31),

2042 2780 2244 2829 contra
2271 2791 2445 2846 quem
2477 2774 2719 2830 minime
2750 2774 2969 2831 sufficit
3012 2775 3108 2831 ille
3156 2776 3256 2847 qui
3306 2794 3441 2831 cum
3489 2777 3689 2832 decem

2043 2860 2307 2917 millibus
2336 2862 2719 2930 venit,decem
2750 2862 2935 2918 millia
2963 2862 3179 2935 quippe
3195 2863 3267 2918 ad
3284 2864 3488 2935 viginti
3506 2862 3691 2919 millia

2046 2950 2324 3023 simplum
2349 2951 2419 3006 ad
2440 2950 2686 3024 duplum
2711 2954 2982 3018 sunt,nos
2999 2955 3193 3006 autem
3217 2951 3266 3007 si
3289 2950 3541 3007 multum
3564 2969 3692 3023 pro-

2048 3040 2313 3109 ﬁcimus;
2346 3040 2438 3096 vix
2467 3039 2749 3096 exteriora
2774 3043 2972 3095 nostra
3013 3056 3189 3112 opera
3237 3040 3296 3094 in
3344 3039 3690 3096 rectitudine

2047 3146 2367 3185 servamus.
2401 3129 2547 3184 Nam
2577 3132 2633 3183 et
2663 3128 2710 3184 si
2730 3129 2858 3200 jam
2906 3127 3139 3183 luxuria
3185 3128 3378 3184 carnis
3429 3127 3693 3184 abscissa

283 3204 706 3296 cogitationem
726 3238 832 3277 suo
850 3220 1021 3277 corde
1038 3217 1402 3291 progenitam
1423 3216 1711 3272 diabolica
1733 3217 1941 3273 tolerat
1971 3204 2014 3271 C
2051 3223 2160 3284 est,
2192 3222 2386 3273 tamen
2414 3217 2606 3273 adhuc
2628 3235 2662 3272 a
2682 3218 2852 3272 corde
2872 3216 3138 3272 funditus
3161 3217 3424 3273 abscissa
3444 3234 3559 3271 non
3579 3221 3689 3271 est.

266 3318 396 3367 arte
416 3311 836 3380 dementatam,
852 3310 1024 3381 cujus
1043 3306 1510 3371 emendationem
1542 3322 1576 3360 a
1606 3305 1700 3377 pio
1730 3306 1937 3361 Condi-

265 3405 398 3455 tore
414 3399 655 3465 crebris,
675 3398 793 3455 imo
812 3397 1131 3462 continuis,
1148 3395 1356 3451 debeat
1380 3394 1644 3466 ﬂagitare
1665 3393 1937 3451 lamentis

268 3506 343 3545 ac
376 3487 673 3560 precibus.
702 3487 762 3543 Si
794 3486 927 3559 quis
955 3486 1110 3541 bona
1141 3502 1269 3557 qua:
1298 3482 1484 3556 gessit
1505 3483 1652 3539 forte
1670 3484 1934 3557 perjurii,

269 3570 1515 3649 furti,blasphemiaa,detractionis,rixzs,vel
1536 3571 1714 3627 etiam
1740 3590 1937 3645 corpo-

266 3664 416 3721 ralis
468 3663 881 3730 immunditize,
915 3667 1329 3719 casterorumve
1378 3660 1722 3733 hujusmodi
1774 3666 1936 3734 peste

264 3751 728 3817 fcedavitﬁliam
762 3751 940 3808 habet
969 3750 1264 3806 immundi
1297 3748 1542 3821 spiritus
1566 3749 1736 3805 furiis
1757 3750 1935 3823 agita-

262 3836 417 3909 tam,
451 3841 592 3914 quia
620 3839 885 3897 videlicet
914 3839 1227 3908 actionem,
1245 3855 1423 3911 quam
1446 3839 1591 3895 bene
1612 3837 1931 3895 laborando

265 3930 557 3997 ediderat,
599 3930 728 4002 jam
776 3927 995 3985 diaboli
1047 3927 1353 3984 fraudibus
1398 3926 1576 3984 stulte
1627 3927 1930 3984 serviendo

260 4018 628 4092 disperdidit
660 4033 673 4074 :
706 4016 954 4090 ideoque
1005 4033 1240 4073 necesse
1289 4020 1399 4084 est,
1434 4014 1570 4071 talis
1607 4019 1673 4071 ut
1702 4019 1930 4074 reatum

266 4123 454 4163 suum
478 4105 832 4179 cognoverit,
867 4121 1001 4161 mox
1029 4106 1103 4161 ad
1134 4120 1334 4177 preces
1362 4101 1769 4176 lacrymasque
1800 4121 1932 4160 con-

268 4195 483 4269 fugiat,
517 4198 856 4251 sanctorum
899 4194 1103 4249 creber
1146 4191 1595 4249 intercessiones
1624 4195 1682 4248 et
1710 4192 1927 4248 auxilia

268 4288 523 4357 quaerat,
557 4283 657 4357 qui
690 4300 793 4357 pro
837 4281 1045 4338 animae
1093 4282 1222 4353 ejus
1271 4280 1461 4337 salute
1510 4285 1782 4353 rogantes
1814 4281 1928 4337 Do-

267 4372 437 4429 mino
470 4371 670 4428 dicant
702 4388 716 4426 :
752 4371 1084 4439 Precamur,
1118 4368 1363 4426 Domine
1394 4368 1701 4425 miserator
1729 4374 1787 4426 et
1817 4370 1929 4425 mi-

267 4459 545 4530 sericors,
560 4458 879 4532 patiens,et
901 4458 1099 4514 multae
1124 4457 1775 4524 miserationis,dimitte
1798 4476 1927 4515 eam

2049 3307 2148 3364 Ille
2179 3312 2373 3363 autem
2405 3308 2502 3379 qui
2524 3306 2896 3378 judicaturus
2916 3306 3074 3362 venit
3095 3306 3400 3375 exteriora,
3426 3305 3601 3363 simul
3633 3310 3692 3361 et

2047 3397 2353 3468 interioraj
2365 3396 2739 3464 udicat,facta
2753 3395 3035 3469 pariteret
3047 3395 3426 3468 cogitationes
3447 3400 3655 3467 pensat
3675 3411 3688 3449 :

2046 3503 2180 3541 cum
2213 3484 2392 3558 duplo
2425 3501 2560 3558 ergo
2591 3484 2845 3540 exercitu
2876 3488 3077 3539 contra
3107 3483 3389 3556 simplum
3409 3482 3692 3556 venit,qui

2045 3574 2269 3643 nos,vix
2296 3575 2357 3630 in
2389 3573 2511 3629 solo
2540 3591 2710 3645 opere
2739 3576 3114 3646 przeparatos,
3140 3572 3319 3628 simul
3350 3573 3422 3628 de
3443 3589 3615 3645 opere
3636 3575 3694 3627 et

2043 3663 2389 3736 cogitatione
2420 3662 2833 3729 discutit.Quid
2862 3678 2997 3735 ergo
3027 3662 3321 3735 agendum
3343 3661 3693 3729 est,fratres,

2043 3753 2153 3809 nisi
2188 3757 2255 3808 ut
2279 3753 2419 3807 dum
2451 3769 2582 3808 cum
2624 3750 2838 3824 simple
2888 3749 3144 3807 exercitu
3192 3754 3397 3806 contra
3443 3748 3692 3822 duplum

2040 3841 2201 3898 illius
2232 3842 2499 3898 sufficere
2530 3858 2644 3896 non
2676 3856 2848 3913 posse
2877 3839 3297 3914 conspicimus,
3328 3840 3469 3895 dum
3501 3838 3692 3895 adhuc

2038 3930 2209 4004 longe
2238 3934 2327 3987 est
2354 3929 2705 4004 legationem
2741 3929 3072 3995 mittamus,
3094 3932 3151 3984 et
3182 3944 3455 4002 rogemus
3474 3942 3543 3983 ea
3562 3943 3691 4000 qua:

2038 4020 2199 4093 pacis
2232 4019 2415 4075 sunt?
2439 4019 2632 4092 Longe
2656 4017 2813 4074 enim
2836 4017 3176 4090 dicitur,qui
3201 4017 3393 4073 adhuc
3413 4032 3518 4090 per
3528 4015 3690 4088 judi-

2039 4107 2194 4164 cium
2224 4124 2481 4180 praesens
2513 4123 2627 4161 non
2654 4106 3216 4162 videtur.Mittamus
3246 4106 3317 4161 ad
3350 4104 3507 4160 hunc
3539 4102 3691 4176 lega-

2036 4196 2256 4252 tionem
2295 4195 2584 4268 lacrymas
2631 4199 2882 4261 nostras,
2916 4192 3225 4249 mittamus
3274 4190 3687 4247 misericordia

2038 4301 2231 4358 opera,
2266 4286 2594 4339 mactemus
2619 4281 2677 4337 in
2719 4298 2820 4337 ara
2862 4281 2991 4351 ejus
3041 4280 3264 4335 hostias
3316 4276 3685 4352 placationis,

2037 4389 2461 4447 cognoscamus
2493 4388 2600 4428 nos
2627 4387 2763 4427 cum
2796 4385 2862 4425 eo
2891 4368 2950 4424 in
2965 4367 3190 4440 judicio
3213 4384 3329 4423 non
3352 4382 3523 4439 posse
3545 4381 3688 4421 con-

2037 4464 2291 4532 tendere,
2325 4478 2638 4536 pensemus
2666 4459 2939 4514 virtutem
2967 4457 3096 4527 ejus
3127 4453 3688 4527 fortitudinis,roge-

266 4548 416 4622 quia
441 4547 658 4605 clamat
687 4552 818 4622 post
847 4565 974 4617 nos,
1009 4547 1493 4636 dimitteireatum
1525 4552 1582 4602 et
1613 4547 1765 4636 dona
1793 4563 1925 4620 gra-
1956 4569 2006 4636 D
2038 4570 2171 4609 mus
2201 4570 2270 4609 ea
2301 4569 2426 4624 qum
2458 4549 2617 4624 pacis
2648 4552 2807 4605 sunt.
2840 4547 2969 4603 Haec
2990 4549 3079 4603 est
3098 4541 3686 4636 nostralegatio,qute

267 4637 442 4707 tiam,
477 4637 578 4710 qui
609 4641 878 4694 nostrum
928 4636 1137 4694 intimo
1188 4635 1395 4709 atfectu
1447 4635 1655 4708 quaerit
1705 4652 1927 4708 pronus

268 4725 645 4799 suffragium.
679 4726 928 4783 Necesse
953 4730 1042 4782 est
1071 4725 1407 4781 submissus
1449 4724 1780 4782 humilitate
1810 4743 1925 4783 non

267 4833 337 4873 se
358 4816 492 4887 jam
522 4815 720 4871 ovium
753 4815 1172 4881 lsraelitarum,
1207 4814 1264 4869 id
1296 4817 1385 4870 est
1414 4815 1769 4870 mundarum
1789 4832 1928 4871 con-

268 4904 458 4961 sortio
491 4903 736 4977 dignum
759 4904 988 4975 judicet
1016 4904 1373 4971 animarum,
1405 4903 1505 4959 sed
1553 4904 1750 4975 potius
1788 4904 1927 4961 Cain

268 4992 765 5066 comparandum,
790 4996 845 5048 et
874 4991 1210 5048 ccelestibus
1254 4990 1565 5065 indignum
1614 4993 1931 5049 arbitretur

268 5097 406 5138 esse
437 5081 805 5151 muneribus,
830 5098 938 5138 nec
959 5086 1157 5138 tamen
1189 5081 1556 5154 desperando
1588 5098 1622 5137 a
1653 5083 1929 5155 precandi

267 5169 545 5243 quiescat
575 5170 876 5227 instantia.
903 5170 1014 5228 Sed
1047 5170 1105 5226 in
1132 5169 1314 5226 dubia
1331 5173 1526 5226 mente
1547 5171 1618 5226 de
1637 5170 1932 5245 largitoris

266 5257 502 5317 summi
532 5259 793 5317 bonitate
824 5260 1100 5329 confidat,
1134 5257 1274 5332 quia
1306 5258 1406 5332 qui
1439 5259 1510 5315 de
1538 5258 1762 5316 latrone
1793 5278 1929 5317 con-

266 5347 584 5420 fessorem,
616 5348 686 5404 de
716 5351 1085 5422 persecutore
1120 5347 1484 5421 Apostolum,
1519 5348 1588 5404 de
1619 5348 1930 5421 publicano

264 5434 732 5509 Evangelistam,
791 5438 863 5493 de
922 5435 1218 5510 lapidibus
1286 5435 1477 5510 potuit
1535 5436 1721 5493 facere
1778 5438 1931 5495 filios

264 5523 545 5594 Abrahae,
578 5524 701 5598 ipse
730 5524 904 5583 etiam
935 5542 1138 5582 canem
1179 5524 1762 5598 impudentissimum
1793 5545 1931 5585 con-

266 5618 502 5676 vertere
533 5614 857 5677 Israelitam
904 5615 1093 5693 possit
1140 5615 1200 5674 in
1246 5632 1433 5688 ovem,
1465 5615 1560 5675 cui
1591 5617 1797 5677 merito
1829 5621 1930 5679 do-

2037 4659 2233 4716 regem
2292 4640 2617 4696 venientem
2677 4638 2888 4711 placat.
2940 4636 3205 4703 Pcnsate,
3240 4634 3467 4700 fratres,
3502 4650 3683 4706 quam

2034 4731 2355 4803 benignum
2388 4728 2483 4797 sit,
2517 4728 2672 4800 quod
2704 4726 2754 4782 is
2787 4724 2887 4798 qui
2920 4742 3025 4780 suo
3048 4725 3299 4781 adventu
3324 4721 3477 4779 valet
3496 4721 3686 4796 oppri-

2037 4837 2193 4876 mere
2224 4819 2417 4874 tardat
2446 4817 2660 4873 vcnire.
2695 4815 2999 4871 Mittamus
3031 4814 3102 4869 ad
3134 4813 3385 4881 bunc,ut
3405 4812 3685 4880 diximus,

2036 4907 2383 4982 legationem
2403 4912 2664 4963 nostram
2688 4902 3441 4971 ﬂendo,tribuendo,sacras
3462 4900 3685 4957 hostias

2037 4997 2350 5054 offerendo.
2394 4994 2781 5067 Singulariter
2837 5008 3089 5065 namque
3135 4991 3207 5047 ad
3258 4989 3683 5047 absolutionem

2038 5091 2297 5143 nostram
2311 5083 2525 5141 oblatio
2538 5100 2672 5139 cum
2694 5079 2967 5154 lacrymis
2990 5084 3047 5135 et
3067 5079 3424 5151 benignitate
3445 5074 3681 5142 mentis,

2041 5175 2189 5232 sacri
2222 5174 2424 5231 altaris
2469 5172 2663 5229 hostia
2712 5170 3070 5243 suffragatur
3102 5186 3114 5224 :
3148 5167 3287 5239 quia
3318 5166 3368 5221 is
3400 5164 3498 5236 qui
3532 5164 3591 5218 in
3622 5178 3685 5219 se

2041 5281 2352 5338 resurgens
2384 5281 2419 5319 a
2449 5261 2696 5318 mortuis
2727 5261 2855 5333 jam
2903 5276 3016 5314 non
3066 5255 3332 5322 moritur,
3363 5253 3553 5307 adhuc
3582 5268 3687 5324 per

2039 5354 2190 5410 hanc
2220 5353 2279 5407 in
2312 5369 2418 5407 suo
2440 5350 2717 5424 mysterio
2739 5366 2840 5422 pro
2862 5346 3031 5403 nobis
3051 5344 3265 5400 iterum
3288 5339 3684 5413 patitur.Nam

2040 5442 2270 5516 quoties
2300 5441 2348 5496 ei
2384 5440 2636 5495 hostiam
2669 5455 2786 5493 suae
2820 5433 3111 5509 passionis
3157 5429 3480 5497 offerimus,
3510 5427 3686 5485 toties

2041 5531 2210 5588 nobis
2242 5530 2314 5586 ad
2359 5526 2790 5585 absolutionem
2838 5525 3098 5579 nostram
3143 5518 3475 5594 passionem
3525 5516 3685 5580 illius

2043 5638 2403 5700 reparamus.
2436 5616 2671 5685 Multos,
2713 5616 2778 5671 ut
2825 5608 3093 5683 arbitror,
3141 5612 3423 5681 vestrum,
3476 5607 3686 5669 fratres
