3934 6182
301 288 416 356 903

1075 279 1461 346 HINCMARI
1505 280 1749 350 RHEM.
1799 279 2160 353 ARCHIEP.
2210 281 2620 350 OPUSCULA
2664 279 2928 344 VARIA.

3585 281 3701 354 9N

295 415 649 484 charissimi,
683 415 926 491 contigit
957 435 1129 475 nosse
1160 417 1269 474 hoc
1300 421 1454 492 quod
1485 418 1613 474 volo
1635 419 1704 473 ad
1731 434 1946 478 meme;
1974 419 2029 500 Α
2061 415 2363 478 debemus,
2397 417 2538 488 quid
2571 415 2854 472 Dominus
2887 417 3118 484 faceret,
3149 417 3200 470 si
3231 415 3370 480 rixis
3413 413 3703 484 dissiden-

294 505 442 560 riam
461 507 716 562 vestram
740 505 1032 560 narrando
1055 507 1474 564 revocare.Non
1495 507 1667 579 longe
1680 505 1943 562 anostris

293 593 653 664 temporibus
677 595 894 652 factum
919 595 1291 668 fertur,quod
1313 597 1554 670 quidam
1579 597 1650 650 ab
1673 595 1946 650 hestibus

291 687 498 754 captus
529 681 699 755 longe
719 683 1026 740 traductus
1047 689 1419 757 est.Cumque
1443 685 1544 740 diu
1569 687 1862 738 teneretur
1883 683 1939 737 in

287 771 558 839 vinculis,
593 789 726 827 eum
759 790 904 828 uxor
933 790 1060 840 sua,
1095 791 1229 828 cum
1261 792 1328 829 ex
1359 775 1564 829 eadem
1607 771 1941 844 captivitate

291 878 405 917 non
439 861 739 936 reciperet,
771 863 1124 918 exstinctum
1155 863 1401 935 putavit.
1437 863 1543 917 Pro
1575 879 1690 934 quo
1703 863 1830 932 jam
1853 878 1942 917 ve-

285 949 376 1006 lut
405 955 634 1008 mortuo
663 950 884 1008 hostias
917 951 1384 1006 hebdomadibus
1415 950 1668 1022 singulis
1695 951 1941 1006 curabat

285 1040 511 1096 offerre.
543 1038 725 1116 Cujus
756 1039 926 1095 toties
957 1039 1190 1096 vincula
1219 1039 1594 1095 solvebantur
1623 1039 1684 1094 in
1707 1037 1940 1110 captivi-

285 1131 422 1196 tate,
455 1127 684 1202 quoties
716 1129 788 1183 ab
820 1129 950 1200 ejus
979 1129 1228 1200 conjuge
1259 1129 1464 1184 oblatae
1503 1127 1753 1184 fuissent
1801 1126 1936 1182 bos-

286 1215 378 1270 tia:
412 1233 516 1290 pro
545 1215 756 1276 animae
785 1215 914 1290 ejus
967 1214 1356 1274 absolutione.
1386 1217 1534 1272 Nam
1581 1214 1755 1289 longo
1805 1219 1938 1289 post

282 1310 544 1376 tempore
602 1322 888 1371 reversus,
931 1305 1232 1364 admirans
1281 1305 1446 1360 valde
1492 1322 1611 1360 sua:
1659 1303 1936 1369 indicavit

285 1393 448 1448 uxori
466 1394 621 1466 quod
641 1393 850 1448 diebus
867 1393 1040 1452 certis
1061 1392 1530 1450 hebdomadibus
1543 1392 1934 1466 singulisejus

281 1481 516 1543 vincula
543 1480 935 1537 solvebantur.
972 1487 1129 1547 Quos
1160 1481 1286 1536 dies
1315 1483 1446 1551 ejus
1479 1499 1623 1538 uxor
1643 1486 1816 1554 atque
1837 1481 1935 1538 ho-

283 1587 378 1624 ras
403 1568 740 1636 discutiens,
757 1574 894 1630 tunc
920 1585 1053 1624 eum
1077 1569 1410 1642 recognovit
1431 1569 1932 1638 absolutum,cum

281 1673 386 1736 pro
415 1672 482 1712 eo
513 1657 866 1712 sacrificium
903 1657 1250 1713 meminerat
1279 1657 1560 1714 oblatum.
1597 1659 1742 1714 Hinc
1769 1675 1928 1732 ergo,

283 1747 491 1802 fratres
521 1745 875 1814 charissimi,
911 1745 1047 1804 hinc
1078 1751 1234 1803 certa
1264 1747 1730 1804 consideratione
1768 1747 1930 1802 colli-
1969 1787 2014 1859 Β

285 1834 396 1859 κει-
459 1833 642 1859 λικιηι..
680 1852 706 1859 ι.
743 1835 912 1859 ---L:_
945 1835 1130 1859 L---A!_
1168 1853 1328 1859 ---_-
1370 1841 1648 1859 .___-__1____
1677 1836 1730 1859 2--
1768 1836 1970 1859 __-L!__’

281 1834 419 1907 gite,
455 1833 650 1890 oblata
678 1852 712 1888 a
743 1835 914 1890 nobis
945 1835 1138 1892 hostia
1167 1853 1335 1891 sacra
1365 1841 1654 1909 quantum
1677 1836 1737 1891 iu
1768 1836 1938 1893 nobis
1968 1833 1970 1841 ³

281 1921 504 1978 solvere
534 1922 722 1980 valeat
751 1921 1064 1996 ligaturam
1098 1925 1312 1992 cordis,
1346 1926 1395 1981 si
1425 1926 1622 1981 oblata
1653 1926 1724 1982 ab
1757 1925 1936 1981 altero

279 2011 471 2084 potuit
501 2011 558 2066 in
591 2011 772 2070 altero
804 2011 1022 2068 solvere
1043 2013 1277 2069 vincula
1298 2013 1613 2086 corporis.»
1638 2015 1722 2082 (In
1747 2013 1938 2070 eadem

280 2099 532 2164 humilia,
564 2101 664 2155 sub
693 2101 882 2171 ﬁnem)
907 2117 919 2156 :
946 2123 974 2150 «
1003 2100 1316 2174 Relinquat
1337 2119 1472 2174 ergo
1497 2102 1696 2158 omnia
1719 2102 1820 2174 qui
1843 2119 1940 2175 po-

279 2195 395 2245 test
427 2207 440 2244 :
477 2189 574 2260 qui
607 2193 802 2246 autem
837 2189 1162 2264 relinquere
1191 2208 1304 2245 non
1341 2195 1549 2263 potest,
1575 2208 1710 2246 cum
1743 2191 1935 2246 adhuc

281 2295 380 2334 rex
408 2277 578 2350 longe
609 2281 718 2344 est,
751 2277 1103 2350 legationem
1129 2279 1342 2347 mittat,
1372 2279 1936 2352 lacrymarum,elee-

281 2383 680 2442 mosynarum,
715 2365 1043 2421 hostiarum
1078 2383 1325 2422 munera
1353 2367 1576 2423 oﬂ'erat.
1608 2367 1748 2423 Vult
1776 2367 1933 2423 enim

280 2453 499 2534 placari
531 2453 822 2528 precibus,
857 2454 956 2526 qui
991 2453 1103 2510 scit
1132 2453 1272 2526 quia
1317 2457 1530 2528 portari
1585 2474 1700 2512 non
1750 2455 1936 2528 possit

279 2544 654 2611 iratus.Quod
687 2543 880 2599 adhuc
911 2560 1135 2600 moram
1168 2543 1306 2600 facit
1328 2546 1544 2612 venire,
1580 2545 1930 2620 legationem

281 2632 443 2710 pacis
465 2631 1012 2692 sustinet.Venisset
1026 2633 1150 2703 jam
1165 2635 1410 2706 jamque
1433 2635 1934 2700 sivellet,cunctos

283 2739 423 2778 suos
454 2720 816 2777 adversarios
847 2721 1335 2778 trucidasset.Sed
1357 2728 1414 2778 et
1445 2741 1622 2796 quam
1657 2722 1934 2780 terribilis

281 2809 474 2868 veniet
503 2808 806 2877 indicat,et
835 2814 1028 2866 tamen
1060 2810 1133 2866 ad
1160 2809 1511 2868 veniendum
1545 2813 1760 2878 tardat,
1795 2812 1935 2887 quia

285 2917 400 2955 non
431 2898 556 2956 vult
585 2898 842 2956 invenire
871 2917 1019 2974 quos
1052 2900 1340 2972 puniat,et
1369 2902 1468 2974 qui
1502 2919 1606 2974 per
1637 2903 1784 2957 iram
1817 2919 1932 2957 non

285 2992 475 3062 potest
505 2988 661 3054 ferri,
693 3006 798 3061 per
846 2988 1153 3062 postulatae
1203 2990 1365 3064 pacis
1411 2989 1536 3044 vult
1582 2989 1931 3064 legationem

283 3077 521 3152 placari.
557 3078 794 3155 Lavate.
811 3095 970 3151 ergo,
1017 3078 1224 3134 fratres
1271 3078 1624 3146 charissimi,
1659 3079 1932 3150 lacrymis

2054 509 2164 576 tes,
2212 505 2262 559 si
2323 504 2536 562 fabulis
2592 509 2886 575 vacantes,
2944 503 2994 560 si
3049 503 3171 564 risu
3229 502 3570 568 dissolutos,
3619 500 3706 557 vel

2052 593 2166 648 alio
2199 593 2459 666 quolibet
2489 593 2703 650 scelere
2733 592 3014 664 reperiret
3043 592 3317 666 irretitos,
3351 590 3448 663 qui
3481 590 3706 646 hostias

2051 700 2180 756 quae
2219 683 2330 738 sibi
2386 683 2835 748 immolarentur
2878 686 3138 738 ementes
3183 681 3244 736 in
3295 679 3514 754 templo
3562 679 3708 736 vidit

2051 775 2110 826 et
2139 769 2444 826 eliminare
2475 769 2792 826 festinavit.
2822 771 2934 826 Sed
2964 774 3023 825 et
3053 787 3160 825 nos
3191 768 3514 826 recolentes
3562 767 3708 824 scri-

2052 863 2214 932 ptum
2254 878 2266 915 :
2299 861 2458 916 Zelus
2489 861 2679 917 domus
2719 869 2830 917 tua?
2876 859 3107 916 comedit
3154 875 3240 914 me
3287 859 3462 932 (Joan.
3499 875 3560 926 ιι,
3596 860 3708 926 17),

2049 949 2234 1005 zelare
2264 949 2548 1006 debemus
2599 949 2842 1028 domum
2889 947 3012 1016 Dei,
3045 951 3122 1016 et,
3153 950 3442 1022 quantum
3496 964 3708 1026 possu-

2049 1053 2206 1105 mus,
2238 1054 2310 1094 ne
2339 1037 2483 1110 quid
2529 1037 2588 1092 in
2641 1053 2712 1093 ea
2759 1054 3004 1110 pravum
3051 1039 3287 1110 geratur
3333 1035 3706 1102 insistemus.

2048 1125 2106 1180 Si
2138 1124 2459 1183 viderimus
2490 1127 2730 1186 fratrem
2761 1126 2862 1202 qui
2891 1126 2961 1184 ad
3004 1126 3248 1192 domum
3301 1125 3401 1188 Dei
3455 1127 3713 1200 pertinet

2046 1213 2322 1286 superbia
2350 1215 2669 1283 tumidum,
2703 1215 2752 1271 si
2785 1215 3246 1278 detractionibus
3291 1221 3626 1282 assuetum,
3660 1217 3710 1274 si

2043 1301 2308 1358 ebrietati
2351 1303 2720 1372 servientem,
2755 1303 2802 1359 si
2837 1303 3069 1360 luxuria
3115 1309 3480 1372 enervatum,
3508 1305 3560 1360 si
3592 1305 3707 1364 ira-

2044 1391 2260 1454 cundia
2284 1392 2610 1459 turhidum,
2635 1392 2683 1449 si
2716 1391 2828 1449 alio
2848 1391 3123 1473 cuiquam
3145 1393 3286 1454 vitio
3308 1394 3704 1462 substratum,

2042 1480 2389 1539 studeamus
2421 1481 2479 1535 in
2514 1486 2801 1554 quantum
2829 1481 3078 1546 facultas
3099 1483 3361 1561 suppetit
3381 1480 3698 1556 castigare,

2041 1567 2266 1646 polluta
2296 1586 2362 1624 ac
2395 1587 2662 1644 perversa
2682 1571 2972 1647 corrigere
2997 1587 3010 1624 ε
3037 1571 3164 1634 etsi
3193 1588 3371 1645 quem
3391 1571 3466 1634 de
3488 1571 3709 1631 talibus

2041 1659 2354 1714 emendare
2388 1656 2844 1731 nequimus,non
2878 1659 3005 1716 sine
3036 1661 3320 1718 acerrimo
3344 1660 3566 1724 mentis
3588 1679 3709 1726 sus-

2045 1746 2227 1804 tinere
2257 1746 2475 1812 dolore,
2503 1752 2560 1802 et
2589 1749 2842 1814 maxime
2884 1749 2945 1804 in
2995 1749 3124 1824 ipsa
3171 1749 3346 1812 domo
3393 1749 3702 1817 orationis,

2047 1836 2145 1892 ubi
2179 1834 2410 1892 Domini
2437 1841 2816 1895 consecratur
2836 1837 3176 1912 corpus,ubi
3199 1837 3550 1918 angelorum
3571 1856 3706 1912 prie-

2048 1925 2236 1986 scntia
2265 1943 2496 2000 semper
2525 1926 2730 1982 adesse
2761 1943 2876 1987 non
2907 1925 3232 1999 dubitatur,
3268 1943 3340 1984 ne
3369 1927 3518 2002 quid
3553 1928 3708 2004 inep-

2046 2017 2172 2068 tum
2205 2013 2324 2082 fiat,
2359 2032 2430 2085 ne
2459 2015 2602 2086 quid
2633 2014 2788 2086 quod
2833 2019 3098 2075 nostram
3149 2015 3543 2080 fraternamve
3572 2005 3704 2074 ora;

2045 2101 2263 2158 tionem
2292 2103 2594 2176 impediat,
2617 2103 2756 2160 totis
2785 2103 3007 2161 viribus
3039 2104 3443 2176 agamus.ll:ec
3465 2109 3703 2178 propter

2044 2189 2177 2246 illos
2216 2191 2470 2250 diximus
2519 2192 2641 2264 qui,
2675 2191 2981 2249 ecclesiam
3035 2193 3306 2265 ingressi,
3341 2212 3459 2258 non
3509 2193 3698 2260 solum

2044 2279 2429 2336 intentionem
2461 2281 2668 2340 orandi
2703 2280 3031 2354 negligunt,
3055 2298 3256 2340 verum
3289 2281 3470 2343 etiam
3499 2300 3572 2343 ea
3600 2301 3700 2361 pro

2043 2367 2260 2440 quibus
2283 2385 2449 2424 orare
2469 2369 2789 2426 debuerant
2811 2369 3363 2446 augent,insuperet
3385 2378 3700 2444 arguentes

2043 2472 2106 2511 se
2137 2473 2238 2528 pro
2271 2457 2612 2530 hujusmodi
2646 2457 2897 2517 stultitia
2927 2458 3195 2517 convitiis
3227 2459 3500 2536 odiisque
3546 2461 3698 2523 inse-

2042 2547 2400 2617 quuntur,ad
2411 2546 2614 2602 dentes
2636 2545 2904 2604 videlicet
2922 2547 3442 2622 peccatis,pcccata
3453 2553 3514 2604 et
3533 2548 3701 2626 quasi

2043 2633 2152 2690 sibi
2168 2635 2365 2690 funem
2379 2633 2791 2708 longissimum
2807 2635 3044 2691 incauta
3054 2653 3257 2694 eorum
3271 2637 3702 2710 augmentatio-

2045 2739 2116 2778 ne
2137 2727 2532 2792 texentes,nec
2563 2722 2836 2786 timentes
2866 2741 2934 2779 ex
2965 2740 3030 2780 eo
3061 2724 3310 2782 districti
3325 2726 3555 2796 judicis
3570 2743 3700 2782 exa-

2042 2809 2363 2866 minatione
2393 2811 2681 2868 damnari.
2709 2811 2825 2868 Nec
2847 2811 2990 2868 latet
3010 2813 3212 2870 crebro
3231 2813 3473 2886 angelos
3493 2813 3698 2874 electis

2043 2898 2320 2955 invisibili
2341 2899 2546 2957 adesse
2563 2901 3074 2974 praesentiamteos
3088 2901 3174 2967 vel
3193 2901 3264 2958 ab
3287 2901 3480 2965 hostis
3503 2903 3703 2960 callidi

2025 2977 2358 3042 'del‘endant
2379 2987 2722 3056 insidiis,vel
2739 2989 2980 3066 majoris
2995 2989 3247 3046 cmlestis
3262 2989 3542 3054 desiderii
3567 3009 3699 3066 gra-

2043 3074 2121 3130 tia
2141 3075 2752 3149 sustollant,Apostolo
2783 3078 3232 3152 attestante,qui
3251 3079 3362 3138 ait:
3379 3079 3575 3146 Nonne
3593 3097 3702 3144 om-

284 3165 544 3226 maculas
595 3153 989 3238 peccatorum,
1041 3165 1426 3240 elccmosynis
1484 3167 1708 3240 tergite,
1744 3167 1928 3222 sacris
1951 3153 2002 3222 ί]
2037 3180 2132 3219 nes
2151 3173 2280 3220 sunt
2304 3165 2762 3222 administratorii
2778 3167 3026 3238 spiritus,
3051 3169 3113 3224 in
3139 3169 3519 3233 ministerium
3540 3172 3700 3226 missi

281 3255 493 3310 hostiis
521 3255 804 3326 expiato.»
825 3253 1516 3326 (Dialogor.lib.rv,c.58.)
1549 3279 1574 3305 ‹‹
1611 3255 1740 3310 Haec
1773 3272 1932 3312 nam-

282 3360 396 3414 que
425 3341 804 3416 singulariter
831 3342 1068 3398 victima
1083 3343 1156 3396 ah
1175 3347 1387 3398 aeterno
1410 3343 1644 3398 interitu
1668 3343 1927 3402 animam

285 3429 490 3498 salvat,
523 3447 650 3502 quis
680 3428 838 3486 illam
871 3434 1116 3485 mortem
1152 3431 1322 3487 nobis
1342 3431 1634 3504 Unigeniti
1658 3451 1760 3506 per
1781 3452 1932 3508 mys-

294 3517 510 3572 terium
565 3521 812 3589 reparat.
860 3517 966 3584 Qui
1014 3517 1150 3573 licet
1179 3535 1486 3592 surgensa
1516 3521 1762 3576 mortuis
1801 3522 1928 3592 jam

287 3623 401 3660 non
436 3605 704 3670 moritur,
737 3609 793 3666 et
839 3623 996 3661 mors
1039 3606 1091 3662 ei
1142 3605 1298 3661 ultra
1341 3625 1456 3662 non
1507 3608 1928 3677 dominabitur,

282 3698 477 3752 tamen
508 3694 568 3749 in
601 3711 662 3752 se
691 3693 820 3768 ipso
851 3693 1259 3751 immortaliter
1288 3695 1614 3768 vivons,pro
1643 3699 1810 3754 nobis
1832 3697 1931 3754 ite-

281 3799 413 3842 rum
441 3782 501 3838 in
531 3783 639 3843 hoc
671 3783 945 3854 mysterio
986 3799 1162 3838 sacra:
1211 3783 1521 3840 oblationis
1567 3785 1924 3842 immolatur.

279 3871 423 3944 Ejus
452 3871 667 3949 quippe
697 3869 776 3926 ibi
809 3887 1022 3942 corpus
1052 3871 1326 3939 sumitur,
1340 3874 1468 3945 ejus
1489 3889 1623 3929 caro
1649 3875 1704 3929 in
1727 3873 1926 3948 p0puli

279 3958 530 4017 salutem
560 3958 962 4036 partitur,ejus
993 3959 1234 4032 sanguis
1266 3977 1382 4016 non
1404 3960 1463 4016 in
1489 3979 1698 4020 manus
1720 3963 1926 4018 inﬁde-

279 4046 446 4114 lium,
483 4048 584 4104 sed
615 4047 676 4108 in
698 4065 800 4104 ora
829 4047 1090 4104 fidelium
1125 4049 1412 4106 funditur.
1451 4051 1591 4107 Ilinc
1621 4068 1757 4124 ergo
1784 4069 1925 4126 pen-

279 4152 478 4196 semus
505 4135 676 4212 quale
700 4135 776 4192 sit
809 4135 1186 4203 sacriﬁcium,
1219 4138 1374 4210 quod
1407 4156 1511 4212 pro
1558 4140 1925 4198 absolutione

278 4229 478 4286 nostra
506 4224 840 4300 passionem
867 4224 1153 4298 unigeniti
1186 4225 1316 4282 Filii
1361 4244 1594 4302 semper
1637 4229 1922 4286 imitatur.

276 4315 416 4382 Quis
443 4315 602 4372 enim
633 4313 898 4370 ﬁdelium
927 4314 1142 4371 habere
1172 4315 1420 4372 dubium
1465 4317 1670 4390 possit,
1705 4318 1764 4372 in
1797 4318 1927 4391 ipsa

276 4403 696 4460 immolationis
723 4403 867 4462 hora
895 4403 965 4459 ad
1001 4403 1322 4460 sacerdotis
1353 4421 1551 4460 vocem
1583 4405 1758 4462 caelos
1789 4423 1923 4479 ape-

277 4491 400 4560 riri,
432 4491 493 4547 in
525 4490 624 4547 illo
653 4491 792 4548 Jesu
814 4491 1028 4548 Christi
1052 4493 1328 4564 mysterio
1353 4493 1694 4566 angelorum
1715 4495 1924 4551 choros
1953 4520 2003 4603 ρ

279 4578 479 4603 ΔΔΑΑΑΑ
509 4579 882 4603 -....._!-!__..
903 4579 1109 4603 -A_!-_2
1141 4585 1365 4603 L-__..-_._
1389 4579 1826 4603 Δ..1..ιὲι....2ημ
1847 4584 1895 4603 ,ΑΒ

279 4578 759 4644 adesse,summis
772 4579 891 4637 ima
902 4579 1373 4646 sociari,terrena
1384 4579 1720 4638 coelestibus
1723 4583 1895 4656 jungi
1902 4626 1921 4656 ,

278 4683 464 4723 unum
497 4669 790 4740 quoddam
821 4686 891 4724 ex
925 4668 1256 4727 visibilibus
1307 4675 1483 4744 atque
1530 4671 1924 4730 invisibilibus

280 4755 404 4810 ﬁeri
419 4754 447 4810 ‘i
477 4777 506 4806 ››

351 4843 514 4902 Unde
559 4861 909 4918 magnopere
957 4846 1124 4903 nobis
1181 4850 1270 4902 est
1323 4849 1743 4905 attendendum
1789 4867 1925 4908 cum

281 4937 501 5006 quanta
531 4935 868 5002 reverentia,
902 4939 1121 4990 etcum
1171 4941 1390 5009 quanto
1440 4938 1648 4994 timore
1695 4955 1762 4995 ac
1811 4943 1924 4996 tre-

283 5021 682 5089 more,divinis
714 5023 1007 5096 mysteriis
1039 5025 1320 5081 debemus
1349 5027 1638 5096 assistere,
1664 5045 1730 5084 ac
1760 5029 1924 5084 solli-

282 5109 392 5166 cite
421 5111 748 5176 observare,
782 5127 855 5166 ne
903 5111 1043 5184 quid
1089 5113 1352 5186 ineptum
1383 5114 1597 5174 ibidem
1629 5132 1924 5188 geramus,

281 5213 355 5254 ne
383 5215 517 5254 cum
546 5197 859 5255 Corinthiis
891 5199 962 5254 ab
992 5199 1266 5272 Apostolo
1297 5200 1644 5257 audiamus:
1668 5201 1928 5274 Nunquid

279 5287 460 5350 dom05
487 5305 599 5344 non
628 5287 836 5344 habetis
861 5287 931 5346 ad
963 5288 1191 5362 agenda
1220 5287 1308 5348 vel
1339 5287 1928 5362 loquendatempora-

281 5373 384 5447 lia,
415 5384 509 5432 aut
555 5376 850 5434 Ecclesium
895 5377 994 5434 Dei
1037 5379 1380 5432 contemnitis
1409 5377 1457 5449 (I
1485 5377 1603 5433 Cor.
1638 5396 1715 5447 x1,
1747 5381 1836 5453 22)
1866 5384 1926 5436 et

285 5463 426 5520 adeo
457 5481 592 5520 cum
621 5464 840 5522 Judaeis
872 5465 1124 5520 :Dilectus
1149 5481 1303 5520 meus
1332 5467 1390 5524 in
1437 5464 1592 5522 domo
1637 5483 1758 5528 mea
1797 5471 1929 5544 fecit

283 5551 480 5615 scelera
507 5552 684 5610 multa
713 5554 845 5626 (Jer.
879 5571 956 5624 x1,
995 5554 1100 5629 1‘5).
1131 5555 1207 5612 Et
1255 5551 1500 5612 sollicite
1558 5555 1927 5618 considerare

2037 3261 2256 3325 pmpter
2281 3257 2370 3308 eos
2409 3255 2506 3327 qui
2550 3253 2920 3311 haereditate»:
2967 3258 3194 3327 capiunt
3235 3257 3484 3315 salutis?
3513 3256 3692 3330 (Hebr.

2040 3358 2080 3408 ι,
2120 3343 2228 3410 ili.)
2259 3341 2508 3398 Maxime
2538 3346 2734 3398 tamen
2757 3343 3003 3417 angelici
3029 3343 3195 3402 nobis
3219 3345 3466 3418 spiritus
3489 3347 3696 3414 adesse

2039 3429 2312 3484 credendi
2344 3435 2644 3500 sunt,cum
2678 3431 2892 3487 divinis
2922 3432 3254 3506 specialiter
3285 3435 3699 3508 mancipamur

2038 3519 2357 3592 obsequiis,
2391 3519 2450 3576 id
2482 3525 2594 3592 est,
2621 3538 2755 3578 cum
2777 3521 3083 3577 ecclesiam
3107 3522 3475 3596 ingressi,vel
3501 3523 3698 3584 lectio:-

2039 3606 2214 3663 nibus
2243 3609 2426 3664 sacris
2457 3625 2658 3665 aurem
2706 3611 3180 3681 accomodamus,
3213 3612 3301 3671 vel
3349 3611 3696 3688 psalmodiar

2038 3714 2274 3769 operam
2305 3699 2542 3766 damus,
2573 3698 2661 3755 vel
2692 3701 2939 3760 orationi
2981 3701 3409 3773 incumbimus,
3441 3703 3699 3765 maxime

2037 3790 2234 3840 autem
2267 3803 2402 3866 cum
2436 3787 2756 3844 missarum
2791 3787 3078 3846 solemnia
3105 3789 3475 3850 celebramus
3501 3809 3516 3856 ;
3543 3793 3698 3855 unde

2037 3877 2095 3930 et
2123 3875 2398 3930 admonet
2433 3875 2745 3950 Apostolus
2779 3894 2792 3933 :
2828 3877 3023 3934 Mulier
3069 3881 3132 3937 in
3175 3880 3402 3938 ecclesia
3446 3883 3698 3947 velatus

2035 3979 2199 4038 super
2244 3971 2406 4036 caput
2451 3965 2646 4022 habere
2687 3974 2909 4039 propter
2953 3968 3176 4040 angelos
3223 3969 3270 4038 (l
3311 3969 3434 4026 Cor.
3465 3987 3550 4040 χι,
3585 3973 3691 4050 10),

2035 4055 2093 4107 et
2122 4052 2406 4126 propheta
2434 4052 2516 4108 ait
2533 4062 2554 4108 ‘:
2579 4053 2642 4110 In
2662 4063 2945 4128 conspectu
2976 4057 3296 4128 angelorum
3317 4059 3565 4130 psallam
3593 4061 3698 4119 tibi

2035 4141 2206 4210 (Psal.
2237 4158 2482 4228 cxxxvn,
2521 4143 2593 4211 1).
2627 4143 2743 4199 Nec
2791 4144 3046 4203 dubitari
3096 4143 3256 4211 licet,
3279 4146 3379 4206 ubi
3429 4148 3693 4228 corporis

2033 4231 2093 4282 et
2121 4227 2425 4300 sanguinis
2471 4228 2762 4285 Dominici
2811 4231 3091 4304 mysteria
3137 4237 3448 4305 geruntur,
3476 4227 3690 4310 super-

2035 4333 2244 4372 norum
2289 4315 2503 4372 civium
2553 4317 2758 4375 adesse
2807 4324 3149 4388 conventus,
3177 4320 3279 4394 qui
3333 4313 3687 4389 monumen-

2033 4407 2161 4458 tum
2189 4420 2306 4476 quo
2335 4421 2548 4476 corpus
2578 4405 2774 4479 ipsum
2803 4409 3135 4466 venerabile
3165 4410 3428 4484 positum
3469 4413 3686 4482 fuerat.

2031 4497 2088 4548 et
2119 4493 2274 4548 unde
2305 4495 2660 4568 resurgendo
2699 4496 3082 4569 abscesserat,
3115 4504 3237 4559 tam
3285 4499 3514 4561 sedulis
3560 4487 3686 4568 ser?

2032 4585 2170 4638 vant
2223 4582 2504 4638 excubiis.
2554 4583 2720 4640 Unde
2775 4585 3017 4644 solerter
3063 4589 3426 4663 studendum
3475 4595 3584 4661 est,
3619 4595 3688 4651 ut

2034 4687 2168 4727 cum
2191 4669 2496 4748 ecclesiam
2517 4671 2603 4728 vel
2627 4673 2697 4728 ad
2719 4674 2926 4730 divinae
2947 4674 3138 4734 laudis
3158 4676 3358 4742 debita
3378 4677 3684 4748 solvenda,

2031 4757 2118 4814 vel
2151 4761 2378 4833 agenda
2407 4761 2726 4818 missarum
2770 4763 3058 4822 solemnia
3105 4765 3420 4833 intramus,
3452 4785 3686 4850 semper

2033 4847 2304 4921 angelica:
2336 4849 2654 4922 praesentiae
2686 4867 2996 4921 memores,
3023 4870 3159 4916 cum
3184 4853 3392 4913 timore
3421 4861 3484 4916 et
3514 4847 3682 4916 vene-

2033 4937 2254 4994 ratione
2283 4939 2634 5012 competenti
2674 4939 2898 4996 caeleste
2945 4943 3346 5016 compleamus
3391 4944 3683 5011 ofﬁcium.

2031 5025 2092 5084 in
2123 5026 2455 5100 exemplum
2485 5027 2835 5089 feminarum
2867 5029 2982 5086 Deo
3014 5031 3376 5101 devotarum,
3409 5049 3540 5114 quae
3578 5049 3682 5111 ap-

1999 5174 2007 5183 ,
2035 5114 2376 5190 parentibus
2402 5116 2472 5170 ad
2497 5122 2948 5176 monumentum
2969 5119 3195 5193 angelis
3215 5121 3467 5182 timuisse
3483 5139 3549 5182 ac
3567 5122 3684 5178 vul-

2033 5211 2152 5259 tum
2197 5203 2496 5261 declinasse
2542 5213 2848 5262 narrantur
2894 5208 2956 5264 in
3000 5215 3206 5272 terram
3231 5210 3382 5280 (Luc.
3413 5227 3571 5282 ων,
3599 5213 3680 5280 5).

2035 5292 2145 5348 Sed
2175 5297 2234 5348 et
2259 5292 2428 5348 nobis
2457 5293 2718 5366 typicum
2749 5294 3010 5367 praebent
3035 5297 3393 5374 exemplum,
3416 5303 3483 5358 ut
3502 5298 3554 5358 si
3573 5299 3685 5356 Do-

2034 5381 2262 5438 minum
2292 5381 2567 5450 invenire,
2599 5381 2650 5438 si
2694 5382 3038 5456 angelorum
3085 5385 3489 5446 desideramus
3532 5404 3682 5466 pta-

2033 5470 2223 5526 sentia
2250 5469 2582 5538 conibrtari,
2615 5471 2963 5544 abjiciamus
2993 5489 3172 5548 opera
3197 5475 3681 5544 tenebrarum,“

2033 5559 2354 5618 induamur
2381 5575 2545 5616 arma
2572 5557 2740 5633 lucis,
2767 5559 2919 5620 sicut
2937 5561 2998 5621 in
3028 5563 3391 5644 die‘honeste
3417 5563 3684 5630 ιαὼαιο-
