3934 6182
275 298 385 361 9η

1041 257 1425 346 HINCMAaI
1472 262 1717 340 auem.
1761 261 2151 336 Annalem.
2199 260 2607 332 OPUSCULA
2649 263 2911 326 VARIA.
3557 255 3626 318 9|

274 422 644 505 pensandum
673 421 923 492 est,cnm
953 418 1146 475 omnis
1175 415 1350 488 culpa
1380 427 1620 470 munere
1640 409 1918 474 solvatur,
1949 407 2003 474 Α
2034 398 2534 505 praeordinati,sed
2562 396 2800 505 propter
2827 395 2986 505 mala
3012 390 3679 505 aliqua,quibus‘pollujti

274 478 452 594 quam
481 513 674 589 gravis
693 478 782 567 est
802 507 975 582 culpa
993 506 1429 578 discordim,pro
1449 521 1566 576 qua
1577 517 1681 557 nec
1704 513 1922 554 munus
2028 495 2101 548 de
2131 504 2373 594 corpore
2400 492 2633 594 essunt,
2656 504 2759 588 per
2788 488 3039 587 mortem
3053 483 3330 594 ‘severi‘us
3350 478 3681 594 castigandi

274 586 581 680 decipitur.
616 602 904 660 Debemus
935 598 1131 670 itaque
1161 595 1233 651 ad
1266 591 1618 667 proximum,
1652 586 1922 662 quamvis

273 677 445 769 longe
489 692 768 768 positum,
801 689 1088 761 longeque
1138 686 1520 756 disjunctum,
1574 682 1768 769 mente
1818 677 1919 741 ire,

272 768 475 859 eisque
500 782 764 840 animum
782 770 1387 848 subdere,humilitate
1407 769 1574 826 illum
1599 784 1665 823 ac
1685 768 1925 822 benevo-

275 854 456 932 lentia
486 871 809 946 placare,ut
837 866 1060 925 scilicet
1089 862 1366 921 Conditor
1394 864 1608 927 noster,
1636 858 1777 913 dum
1808 854 1922 913 tale

274 960 558 1038 placitum
609 963 819 1018 nostra:
867 956 1081 1014 mentis
1128 953 1435 1027 aspexerit,
1470 968 1504 1007 a
1551 954 1786 1023 peccato
1818 962 1925 1004 nos

277 1044 463 1110 solvat
489 1048 590 1124 qui
623 1065 840 1105 munus
870 1064 973 1120 pro
1005 1044 1178 1117 culpa
1206 1042 1409 1101 sumit.
1435 1038 1708 1096 Veritatis
1731 1042 1924 1093 autem

275 1156 415 1199 voce
445 1142 777 1206 attestante,
810 1135 1124 1192 didicimus
1161 1133 1305 1205 quia
1351 1146 1554 1187 servus
1592 1127 1693 1201 qui
1726 1128 1926 1183 decem

280 1228 468 1288 millia
492 1225 717 1285 talenta
753 1224 1019 1293 debebat,
1076 1238 1211 1279 cum
1259 1219 1661 1294 pmnitentiam
1712 1222 1925 1291 ageret,

280 1316 709 1378 absolutionem
757 1313 936 1371 debiti
987 1331 1022 1369 a
1067 1311 1305 1368 domino
1351 1309 1590 1383 accepit,
1632 1304 1745 1364 sed
1792 1306 1931 1379 quia

280 1412 557 1466 conservo
588 1414 695 1463 suo
725 1407 961 1461 centum
985 1401 1096 1458 sibi
1121 1400 1391 1457 denarios
1413 1396 1644 1455 debenti
1665 1397 1930 1454 debitum

282 1506 399 1555 non
430 1488 678 1564 dimisit,
708 1496 765 1551 et
790 1491 899 1549 hoc
930 1496 1020 1548 est
1047 1492 1251 1560 jussus
1280 1488 1429 1563 exigi
1462 1488 1617 1562 quod
1649 1487 1701 1544 ei
1742 1487 1934 1545 fuerat

272 1588 401 1660 jam
446 1578 759 1642 dimissum
808 1581 1010 1657 (Matth.
1045 1582 1225 1651 xvm).
1275 1580 1357 1636 Ex
1402 1576 1618 1652 quibus
1665 1578 1939 1644 videlicet,

281 1668 455 1732 dictis
484 1672 718 1730 constat
739 1672 899 1745 quia,
936 1671 984 1727 si
1016 1669 1124 1727 hoc
1155 1668 1311 1744 quod
1342 1668 1402 1725 in
1436 1687 1542 1725 nos
1574 1669 1939 1743 delinquitur

280 1764 350 1821 e'x
380 1758 696 1853 cordepnon
728 1757 1105 1853 dimittimus,
1139 1762 1195 1817 et
1222 1759 1369 1816 illud
1401 1776 1607 1816 rursus
1647 1758 1937 1834 exigimur
1961 1786 2009 1853 B

281 1848 439 1926 quod
472 1848 641 1909 nobis
664 1851 791 1923 jam
822 1867 925 1923 per
951 1848 1353 1922 pmnitentiam
1396 1847 1708 1905 dimissum
1749 1846 1931 1904 fuisse

283 1932 901 2015 gaudebamus.lgilur
921 1939 1063 1994 dum
1077 1934 1490 2011 perindultum
1502 1934 1783 2010 temporis
1806 1953 1934 2009 spa-

284 2028 436 2085 tium
464 2020 772 2096 licet,dum
792 2026 978 2098 judex
1008 2024 1279 2094 sustinet,
1312 2025 1457 2081 dum
1495 2024 1932 2082 conversionem

286 2118 548 2175 nostram
560 2116 612 2174 is
623 2115 724 2190 qui
737 2114 939 2188 culpas
955 2113 1253 2171 examinat
1263 2133 1363 2171 exs
1370 2115 1833 2188 pectat,conﬂem
1841 2131 1933 2184 us,

285 2207 346 2264 in
367 2204 641 2280 lacrymis
671 2202 948 2261 duritiem
978 2203 1542 2271 mentis,formemus
1563 2205 1623 2260 in
1653 2202 1935 2277 proximis

286 2288 539 2375 gratiam
565 2287 967 2367 benignitatis,
1000 2296 1058 2349 et
1086 2291 1334 2349 fidenter
1358 2293 1508 2362 dico,
1533 2292 1673 2366 quia
1692 2288 1933 2349 salutari

220 2394 223 2397 '
288 2381 483 2441 hostia
510 2390 614 2458 per
640 2386 889 2440 mortem
921 2398 1036 2437 non
1068 2380 1422 2455 indigemus,
1443 2382 1491 2438 si
1524 2384 1659 2439 ante
1688 2385 1935 2438 mortem

292 2474 410 2532 Deo
439 2471 553 2547 ipsi
583 2472 781 2529 hostia
810 2470 1116 2528 fuerimus.
1152 2494 1181 2522 η

360 2548 433 2620 Et
461 2552 768 2619 sciendum
809 2558 979 2617 nobis
1026 2562 1136 2627 est,
1169 2577 1285 2634 qua
1334 2560 1448 2617 illis
1489 2578 1656 2617 sacra
1701 2558 1939 2617 victima

292 2650 541 2708 mortuis
570 2647 935 2725 prodest,qui
964 2648 1059 2705 hic
1088 2650 1330 2706 vivendo
1352 2650 1734 2706 obtinuerunt
1756 2654 1819 2705 ut
1839 2665 1938 2705 eos

292 2739 471 2798 etiam
500 2742 635 2815 post
659 2742 905 2795 mortem
928 2740 1081 2795 bona
1104 2739 1382 2812 adjuvant
1401 2756 1529 2813 quae
1550 2739 1645 2795 hic
1667 2756 1771 2812 pro
1792 2737 1940 2812 ipsis

296 2818 370 2886 ab
399 2826 532 2886 aliis
560 2822 835 2886 tiunt.Ad
865 2826 987 2884 haec
1015 2827 1193 2884 etiam
1224 2829 1504 2885 veraciter
1541 2828 1698 2885 credi
1747 2828 1938 2897 debet,

296 2912 432 2993 quia
451 2917 618 2974 illum
640 2918 773 2991 post
791 2920 1039 2974 mortem
1065 2916 1220 2974 Deus
1241 2935 1356 2975 non
1378 2916 1787 2989 liberat,quem
1808 2919 1943 2972 ante

297 3010 547 3067 mortem
575 3009 766 3082 gratia
794 3026 965 3065 suam
996 3008 1068 3064 ad
1097 3007 1327 3065 veniam
1359 3025 1473 3064 non
1496 3005 1942 3063 reformat.Hinc

295 3086 513 3157 etenim
544 3095 760 3155 Paulus
791 3092 932 3154 dicit
964 3114 977 3153 :
1010 3094 1142 3153 Ecce
1170 3112 1319 3154 nunc
1348 3105 1557 3170 tempus
1595 3095 1942 3169 acceptabite,

2031 578 2398 654 excipiuntur
2414 575 2669 633 ﬂammis
2689 574 2843 649 ignis
2865 571 3272 647 purg'atorii,et
3290 570 3379 628 vel
3402 572 3594 645 neque
3611 571 3680 627 ad

2031 669 2185 725 diem
2209 666 2420 741 judicii
2448 666 2624 738 longa
2652 662 3078 721 examinatione
3107 660 3177 718 de
3206 661 3480 717 vition
3513 661 3684 717 sorde

2032 755 2506 823 mundantur,vei
2529 757 2683 811 certe
2712 753 2826 827 piis
2851 752 3177 808 amicorum
3209 748 3472 807 fidelium
3508 750 3689 823 preci-

2032 849 2163 915 bus,
2197 844 2604 917 eleemosynis,
2630 836 2897 915 jejuniis,
2931 838 3190 908 ﬂetibus,
3210 843 3269 896 et
3298 839 3506 895 hostia;
3538 838 3689 895 salu-

2032 933 2175 991 taris
2206 931 2602 989 oblationibus
2631 924 2885 985 absoluti
2915 926 3124 1000 pmnis,
3157 930 3216 983 et
3246 926 3358 999 ipsi
3389 926 3463 982 ad
3497 925 3692 982 beato-

2036 1040 2167 1079 rum
2198 1021 2545 1096 perveniunt
2570 1017 2968 1091 requiem.Sed
2994 1016 3147 1072 inter
3166 1015 3289 1072 haec
3315 1015 3689 1088 pensandum

2036 1116 2144 1179 est,
2177 1108 2333 1183 quod
2365 1108 2547 1165 tutior
2590 1105 2683 1162 via
2730 1104 2828 1174 sit,
2862 1107 2928 1159 ut
2966 1104 3186 1159 bonum
3236 1103 3388 1176 quod
3438 1102 3693 1175 quisque

2037 1204 2170 1273 post
2199 1202 2448 1254 mortem
2479 1212 2650 1252 suam
2680 1198 2879 1268 sperat
2909 1192 3002 1266 agi
3035 1204 3138 1265 per
3165 1190 3334 1258 alios,
3382 1196 3522 1265 agat
3572 1191 3693 1265 ipse

2038 1290 2182 1346 dum
2211 1287 2351 1344 vivit
2378 1302 2483 1360 pro
2513 1301 2594 1341 se.
2617 1282 2850 1340 Bestius
2880 1281 3097 1355 quippe
3122 1284 3211 1336 est
3240 1279 3491 1337 liberum
3516 1279 3691 1350 exire,

2040 1390 2218 1451 quam
2251 1378 2384 1449 post
2423 1370 2656 1429 vincula
2692 1371 3021 1427 libertatem
3070 1385 3346 1443 quaerere.
3397 1368 3695 1426 Debemus

2040 1468 2238 1539 itaque
2268 1478 2523 1538 praesens
2552 1458 2947 1527 szeculum,vei
2978 1459 3116 1533 quia
3137 1459 3264 1531 jam
3293 1457 3695 1532 conspicimus

2043 1554 2377 1619 deﬂuxisse,
2400 1555 2524 1608 tota
2555 1554 2746 1606 mente
2774 1553 3178 1618 contemnere;
3211 1547 3563 1621 quotidiana
3583 1546 3696 1603 Deo

2042 1645 2435 1717 lacrymarum
2483 1638 2788 1707 sacrificia,
2834 1636 3179 1712 quotidiana
3221 1635 3417 1693 carnis
3464 1636 3604 1709 ejus
3642 1633 3699 1692 et

2046 1731 2354 1806 sanguinis
2383 1729 2605 1786 hostias
2628 1726 3028 1796 immolare,in
3058 1724 3315 1783 assiduis
3336 1725 3518 1783 etiam
3554 1724 3697 1782 ﬂeti-

2037 1822 2169 1892 bus,
2203 1821 2263 1877 in
2295 1818 2635 1893 quotidiana
2665 1821 2867 1874 nostra
2896 1816 3264 1890 pmnitentia.

2660 1960 2890 2026 CAPUT
2928 1962 3081 2025 Vill.

2043 2116 2192 2188 Quod
2218 2117 2507 2173 advocatus
2534 2122 2718 2170 noster
2747 2114 2807 2169 in
2836 2113 2965 2169 certe
2994 2113 3068 2167 sit
3097 2109 3363 2188 Christus,
3382 2111 3486 2188 qui
3512 2110 3699 2188 Incarf

2110 2190 2354 2245 nationis
2377 2190 2430 2243 et
2454 2187 2729 2259 passionis
2758 2198 2879 2241 suae
2904 2184 3178 2259 mysterio.
3216 2198 3315 2239 nos
3350 2176 3618 2248 redemit,
3654 2186 3703 2237 et

2106 2274 2305 2388 formis
2335 2275 2401 2315 ac
2422 2254 2752 2328 sanguinem
2778 2266 2943 2312 suum
2967 2254 3127 2312 nobis
3154 2254 3217 2310 in
3239 2260 3587 2311 sacram
3624 2268 3702 2310 rc-

2139 2346 2258 2405 tqui
2288 2373 2302 2387 .

2118 2480 2414 2540 Habemus
2444 2480 2807 2538 sacerdotem
2841 2478 2901 2535 in
2922 2477 3086 2535 caelis
3105 2476 3207 2551 qui
3233 2474 3574 2550 interpellat
3603 2492 3703 2549 pro

2046 2566 2236 2638 nobis,
2269 2568 2340 2628 de
2370 2588 2485 2644 quo
2515 2570 2692 2626 etiam
2723 2585 2826 2642 per
2852 2568 3140 2625 Joannem
3186 2560 3402 2623 dicitur
3429 2582 3445 2622 :
3477 2563 3544 2622 Si
3589 2580 3707 2638 pec-

2046 2664 2370 2729 caverimus,
2402 2660 2723 2717 advocatum
2750 2658 3009 2715 habemus
3054 2656 3200 2730 apud
3246 2652 3470 2712 Patrem
3516 2655 3706 2713 Iesum

2049 2753 2328 2809 Christum
2346 2751 2635 2823 justum,et
2657 2750 2772 2822 ipse
2788 2754 2870 2805 est
2882 2748 3201 2821 propitiatio
3217 2762 3316 2820 pro
3337 2746 3583 2818 peccatis
3617 2760 3711 2799 no-

2047 2840 2226 2914 stris(l
2251 2838 2481 2909 Joan.n,
2514 2834 2586 2911 1).
2611 2836 2755 2894 Ecce
2783 2832 3036 2893 exsultat
3066 2834 3326 2903 animus,
3359 2850 3499 2890 cum
3532 2833 3713 2889 advo-

2050 2928 2165 2987 cati
2188 2928 2376 2985 nostri
2397 2922 2719 3001 potentiam
2742 2925 3106 2995 audivimus;
3138 2925 3239 2981 sed
3260 2921 3714 2980 exsultationem

2051 3021 2315 3074 nostram
2338 3016 2554 3073 iterum
2577 3010 2867 3071 remordet
2883 3014 3080 3081 timor,
3098 3013 3237 3087 quia
3265 3006 3391 3085 ipse
3407 3011 3513 3085 qui
3543 3008 3718 3068 nobis

2058 3103 2371 3163 advocatus
2396 3110 2488 3162 est
2516 3103 2731 3160 dicitur
2750 3100 3104 3175 justus.Nos
3132 3100 3289 3158 enim
3321 3112 3535 3157 causas
3567 3096 3721 3172 inju-

294 3205 413 3248 ecce
439 3204 588 3245 nunc
615 3185 731 3244 dies
760 3186 959 3243 salutis
985 3186 1059 3256 (ιι
1086 3185 1208 3242 Cor.
1240 3204 1317 3255 v1,
1347 3190 1426 3256 2).
1450 3158 1605 3242 .Hinc
1634 3158 1950 3243 Psalmista
1976 3158 2021 3226 (ἶ
2060 3158 2775 3264 Qiiigﬁggggugjusm;
2804 3158 2937 3248 cem
2958 3189 3273 3247 advocatus
3303 3189 3559 3261 injustas
3581 3158 3718 3245 ρέα.

299 3268 425 3336 ait:
464 3274 731 3347 Quoniam
762 3274 822 3332 in
865 3275 1134 3333 saeculum
1179 3275 1560 3332 misericordia
1604 3276 1722 3348 ejus
1770 3274 1946 3346 (Psal.

299 3382 473 3437 cxvu,
510 3365 583 3437 1).
626 3362 774 3432 Quia
820 3363 1124 3436 nimirum,
1158 3380 1333 3436 quem
1373 3381 1745 3438 nequaquam
1775 3364 1949 3420 modo

302 3448 707 3511 misericordia
733 3450 862 3525 ejus
883 3449 1207 3525 eripit,sola
1231 3457 1365 3526 post
1392 3470 1648 3526 praesens
1670 3452 1949 3510 saeculum

294 3538 531 3617 jnstilia
558 3536 949 3600 addicit.Hinc
978 3541 1255 3599 Salomon
1285 3542 1367 3599 ait
1396 3559 1409 3598 :
1444 3544 1581 3612 Quia
1628 3537 1842 3614 lignum
1891 3545 1948 3600 in

302 3649 620 3708 quocunque
666 3632 779 3689 ioco
824 3631 1097 3701 ceciderit,
1143 3634 1256 3687 sive
1308 3631 1378 3687 ad
1426 3640 1698 3702 austrum,
1730 3634 1844 3689 sive
1881 3633 1951 3689 ad

302 3712 635 3797 aquilonem,
667 3722 749 3779 ibi
776 3722 883 3778 erit
910 3720 1101 3794 (Eccle.
1134 3736 1214 3790 ιιι,
1246 3721 1320 3789 3).
1355 3719 1502 3788 Quia
1538 3734 1674 3777 cum
1704 3718 1949 3777 humani

303 3829 478 3869 casus
506 3806 789 3884 tempore,
819 3809 937 3865 sive
968 3808 1353 3879 sanctus,sive
1384 3809 1678 3883 malignus
1708 3810 1951 3884 spiritus

181 3913 196 3923 ‘
304 3896 700 3974 egredientem
728 3898 986 3956 animam
1025 3896 1299 3956 claustris
1328 3899 1521 3955 carnis
1553 3900 1856 3974 acceperit,
1891 3900 1951 3957 in

305 3978 589 4046 internum
620 4004 821 4045 secum
842 3987 968 4044 sine
991 3982 1111 4043 ulla
1132 3984 1558 4061 permutatione
1589 3988 1953 4059 retinebit,ut

306 4095 413 4136 nec
437 4068 687 4155 exaltata
714 4068 788 4134 ad
808 4075 1164 4150 supplicium
1186 4081 1562 4150 proruat,nec
1585 4094 1778 4135 mersa
1797 4083 1954 4134 teter-

305 4166 398 4226 nis
415 4165 719 4242 suppliciis
730 4162 884 4223 ultra
893 4166 966 4222 ad
980 4165 1303 4222 remedium
1316 4164 1633 4240 ereptionis
1653 4164 1949 4237 ascendat,

305 4246 524 4315 relictis
536 4254 1483 4314 mternalitercondemnatisﬁcire
1495 4256 1796 4326 debemus,
1816 4254 1954 4330 quia

305 4350 396 4404 est
415 4342 814 4403 diﬂ'erentiain
825 4343 1027 4402 electis
1056 4345 1128 4401 de
1159 4361 1399 4418 corpore
1418 4345 1763 4418 egressis,ut
1781 4363 1947 4419 egre-

307 4424 603 4493 dientibus
631 4452 736 4492 seu
764 4433 1418 4508 egressuriszquoniam
1441 4438 1581 4490 sunt
1610 4434 1710 4507 qui
1733 4451 1865 4491 mox
1890 4438 1953 4491 ut

2062 3301 2159 3342 sas
2174 3281 2337 3340 nullo
2354 3282 2527 3340 modo
2546 3280 2925 3354 suscipit,nec
2945 3280 3121 3335 verba
3145 3277 3284 3335 dare
3300 3294 3404 3351 pro
3425 3275 3721 3349 injustitia

2061 3369 2529 3439 consentit.Quid
2552 3386 2689 3443 ergo
2709 3364 3303 3444 agimus,charissimi
3325 3362 3539 3423 fratres
3565 3363 3722 3422 mei?

2060 3462 2173 3520 Sed
2206 3478 2338 3518 ecce
2367 3442 2840 3517 occurritianimo
2869 3454 3011 3531 quid
3052 3458 3298 3531 agamus
3331 3474 3345 3525 ;
3381 3442 3541 3512 mala
3590 3458 3719 3528 quia

2059 3550 2308 3607 fecimus
2336 3544 2394 3606 et
2423 3563 2769 3606 accusemus
2790 3549 2848 3602 et
2875 3543 3266 3618 deploremus.
3296 3536 3602 3617 Scriptum
3635 3540 3721 3599 est

2059 3639 2218 3695 enim
2253 3640 2438 3695 Justus
2488 3639 2548 3693 in
2593 3635 2873 3709 principio
2920 3638 3203 3691 accusator
3245 3640 3326 3690 est
3382 3634 3478 3689 sui
3533 3633 3719 3706 (Prae.

2057 3743 2223 3795 xvm,
2259 3728 2366 3799 17).
2402 3723 2658 3793 Quilibet
2703 3723 2921 3781 etenim
2972 3726 3238 3796 peccator
3283 3725 3607 3779 conversus
3659 3721 3717 3775 in

2060 3816 2295 3872 ﬂetibus
2316 3816 2443 3887 jam
2466 3814 2671 3886 justus
2701 3828 2830 3870 esse
2860 3804 3260 3879 inchoat,cnm
3289 3808 3535 3883 coeperit
3557 3814 3723 3865 accu-

2060 3920 2191 3961 sare
2220 3902 2376 3976 quod
2408 3894 2563 3959 fecit.
2579 3900 2696 3958 Cur
2723 3897 3103 3971 enimjustus
3135 3910 3250 3955 non
3279 3888 3486 3971 sit,qui
3510 3890 3717 3954 contra

2060 4009 2231 4050 suam
2260 3989 2612 4063 injustitiam
2636 3990 2763 4063 jam
2803 4006 2908 4062 per
2953 3987 3244 4061 lacrymas
3276 3984 3482 4043 sevit?
3509 3985 3720 4043 Justus

2061 4079 2242 4157 igitur
2270 4080 2585 4136 advocatus
2616 4082 2814 4134 noster
2835 4076 3034 4149 justos
3064 4092 3171 4131 nos
3193 4074 3470 4131 defendet
3491 4068 3551 4130 in
3564 4072 3722 4146 judi-

2060 4168 2169 4238 cio,
2204 4169 2343 4242 quia
2365 4164 2760 4240 nosmetipsos
2782 4169 2839 4223 et
2860 4164 3271 4240 cognoscimus
3294 4162 3353 4221 et
3372 4170 3721 4220 accusamus

2061 4256 2142 4332 inj
2152 4261 2334 4314 ustos.
2358 4256 2484 4314 Non
2497 4272 2634 4330 ergo
2656 4255 2717 4312 in
2736 4255 3117 4325 ﬂetibus,non
3147 4250 3208 4310 in
3229 4252 3464 4311 actibus
3481 4251 3720 4316 nostris,

2060 4345 2163 4403 sed
2192 4344 2252 4401 in
2282 4344 2546 4402 advocati
2576 4344 2761 4401 nostri
2791 4338 3138 4417 allegatione
3186 4336 3583 4411 confidamus,
3613 4334 3719 4412 qui

2061 4434 2187 4491 sine
2199 4432 2632 4492 intermissione
2643 4450 2747 4507 pro
2761 4431 2930 4515 nobis
2941 4429 3351 4489 holocaustum
3364 4424 3726 4515 Rademptor

308 4542 343 4581 a
369 4524 563 4582 carnis
591 4524 965 4596 corruptione
992 4523 1168 4579 soluti
1201 4528 1340 4579 sunt
1370 4527 1472 4579 aut
1518 4523 1844 4592 solvuntur,
1879 4525 1949 4581 ad
1980 4528 2028 4594 1)
2058 4522 2365 4596 piissimus
2398 4521 2833 4596 immolat,quia
2861 4520 2987 4578 sine
3015 4518 3342 4578 cessatione
3375 4514 3533 4576 Patri
3555 4520 3723 4575 suam

308 4612 413 4670 Dei
442 4610 995 4685 contemplationem
1024 4611 1248 4685 angelis
1295 4611 1556 4668 sociandi
1587 4608 1950 4685 perveniunt,

309 4700 464 4781 sicut
491 4699 681 4757 sancti
710 4698 978 4773 apostoli,
1027 4703 1330 4774 martyres,
1378 4705 1436 4756 et
1483 4701 1864 4772 confessores,
1896 4707 1956 4759 et

307 4787 585 4867 virgines,
616 4789 921 4862 ceterique
941 4787 1206 4846 arctioris
1236 4794 1293 4846 et
1321 4789 1681 4863 perfectioris
1699 4792 1828 4848 vitae
1852 4791 1956 4848 viri

311 4892 379 4932 ac
408 4873 927 4949 feminas,quorum
958 4894 1114 4933 unus
1140 4877 1531 4933 certaminum
1554 4895 1797 4935 suorum
1819 4896 1956 4937 con-

308 4962 469 5020 scius
499 4980 615 5020 non
644 4963 933 5020 dubitavit
975 4964 1046 5019 de
1095 4964 1224 5038 ipso
1270 4965 1475 5021 testari
1512 4966 1714 5023 dicens
1748 4984 1760 5022 :
1791 4968 1960 5040 Cupio

306 5052 534 5111 dissolvi
560 5060 613 5111 et
638 5070 765 5109 cum
795 5052 1007 5110 Christo
1035 5068 1150 5109 esse
1176 5054 1402 5126 (Philip.
1438 5071 1478 5122 ι,
1528 5055 1640 5124 23).
1675 5054 1960 5114 Caeterum

308 5147 448 5200 sunt
476 5140 677 5217 plures
708 5144 769 5199 in
797 5142 1054 5200 Ecclesia
1073 5143 1245 5215 justi,
1281 5142 1380 5216 qui
1410 5148 1542 5216 post
1570 5144 1764 5202 carnis
1803 5138 1960 5202 solu-

307 5231 528 5313 tionem
560 5232 842 5289 continuo
863 5231 1035 5289 beata
1051 5232 1308 5306 paradisi
1328 5233 1527 5305 requie
1543 5232 1963 5307 suscipientur,

309 5324 711 5395 exspectantes
741 5321 801 5377 in
835 5338 1047 5395 magno
1077 5320 1313 5395 gaudio,
1348 5322 1405 5377 in
1449 5324 1679 5396 magnis
1709 5340 1964 5399 congau-

310 5409 579 5467 dentium
609 5410 824 5481 choris,
851 5412 1086 5484 quando
1118 5414 1348 5484 recepto
1378 5427 1617 5484 corpore
1645 5413 1880 5470 veniant
1909 5417 1967 5470 et

311 5501 633 5585 appareant
663 5503 797 5556 ante
828 5499 1038 5555 faciem
1070 5498 1191 5555 Dei.
1222 5499 1455 5585 Atvero
1488 5498 1777 5566 nonnulli,
1834 5517 1964 5573 pro-

311 5576 441 5658 pter
470 5576 622 5643 bona
653 5587 892 5661 quidem
921 5604 1099 5663 Opera
1146 5587 1218 5645 ad
1266 5584 1583 5645 electorum
1630 5587 1963 5648 societatem

2060 4630 2166 4686 pro
2194 4611 2363 4669 nobis
2395 4611 2862 4668 incarnationem
2892 4610 3276 4667 demonstrat.
3321 4606 3461 4681 Ipsa
3507 4605 3723 4681 quippe

2061 4701 2190 4774 ejus
2222 4700 2545 4757 incarnatio
2584 4704 2796 4757 nostraa
2846 4698 2934 4755 est
2980 4695 3423 4756 emundationis
3472 4693 3715 4753 oblatio.

2063 4793 2325 4862 Cumque
2356 4806 2419 4847 se
2450 4787 2750 4845 hominem
2779 4782 3056 4856 ostendit,
3091 4785 3307 4843 delicta
3334 4784 3596 4842 hominis
3637 4781 3725 4837 in-

2065 4878 2393 4935 terveniens
2424 4874 2621 4947 diluit,
2650 4881 2706 4933 et
2734 4874 3125 4933 humanitatis
3154 4892 3276 4932 suis
3307 4872 3586 4949 mysterio
3615 4886 3724 4944 pe-

2068 4983 2247 5024 renne
2278 4965 2631 5023 sacrificium
2665 4961 3102 5037 immolat,quia
3125 4966 3183 5020 et
3202 4958 3324 5020 haec
3349 4964 3493 5020 sunt
3512 4965 3728 5018 stem

2070 5073 2197 5130 quae
2228 5054 2495 5125 mundat,
2530 5054 2804 5110 sacerdos
2844 5066 2947 5127 pro
2980 5052 3149 5110 nobis
3180 5053 3395 5121 factus,
3425 5054 3483 5111 et
3503 5039 3725 5107 sacrm-

2072 5146 2252 5218 cium,
2283 5149 2340 5201 et
2370 5144 2572 5200 altare.
2606 5142 2769 5199 Unde
2818 5142 2891 5199 ad
2943 5140 3121 5200 Israel
3153 5137 3370 5199 dicitur
3402 5158 3417 5197 :
3454 5139 3633 5197 Attare
3661 5135 3727 5193 de

2074 5242 2217 5292 terra
2261 5235 2477 5306 facietis
2523 5232 2668 5289 mihi
2714 5230 2905 5306 (Exod.
2952 5247 3151 5301 mm,
3180 5231 3297 5305 '24).
3328 5228 3523 5289 Altare
3566 5227 3725 5284 enim

2073 5324 2144 5380 de
2174 5326 2327 5379 terra
2356 5318 2471 5379 Deo
2501 5320 2710 5389 facere,
2740 5318 2829 5378 est
2873 5319 3339 5379 incarnationem
3391 5314 3726 5377 Mediatoris

2074 5411 2505 5468 adorare.'l‘unc
2529 5409 2747 5484 quippe
2765 5426 2799 5467 a
2822 5408 2936 5467 Deo
2960 5406 3160 5468 nostro
3177 5425 3397 5466 munus
3421 5405 3725 5479 accipitur,

2073 5499 2308 5574 quando
2326 5499 2384 5554 in
2402 5498 2510 5554 hoc
2541 5497 2795 5566 altari,id
2814 5502 2904 5554 est
2920 5515 3098 5571 super
3125 5496 3446 5555 Dominicis
3468 5494 3726 5552 incarna-

2073 5588 2251 5649 tionis
2281 5585 2734 5666 bumanitatem,
2769 5588 2981 5670 nostra;
3008 5580 3361 5668 humilitatis
3391 5584 3564 5644 ﬁdem
3590 5576 3728 5640 soli-
