3934 6182
232 423 351 485 913

1413 426 1515 492 DE
1558 426 1944 493 CAVENDIS
1988 426 2245 502 vrrus,
2292 426 2462 488 ere.

3525 430 3646 505 9M

231 556 667 616 damus.Homo
699 574 954 630 namque
984 556 1043 614 in
1066 555 1333 616 libertate
1351 558 1600 634 propria;
1627 557 1886 616 volunta—
1912 558 1970 626 Α
1998 558 2149 629 (Luc.
2185 578 2221 627 ι,
2253 561 2362 633 43).
2404 561 2474 616 Et
2521 559 2648 633 ipsa
2696 559 2857 632 virgo
2910 560 3246 634 concipiens
3291 561 3437 619 dixit
3470 579 3483 619 :
3517 562 3648 621 Ecce

231 646 308 704 tis
337 649 412 703 ad
443 647 626 703 vitam
661 647 954 710 conditus.
988 652 1193 720 sponte
1238 665 1347 704 sua
1385 647 1614 705 diabolo
1645 667 1886 705 consen-

231 736 404 804 tiens,
436 737 626 794 factus
655 739 746 792 est
774 733 1002 792 debitor
1045 736 1270 792 mortis.
1305 735 1560 792 Deienda
1599 754 1734 810 ergo
1766 741 1890 792 erat

231 825 366 882 talis
399 824 594 896 culpa,
625 825 726 882 sed
759 824 872 880 nisi
905 842 1008 897 per
1039 824 1393 881 sacriﬁcium
1425 823 1601 881 deleri
1635 843 1750 881 non
1782 844 1886 897 po—

226 918 397 983 terat,
421 919 479 971 et
501 931 605 988 pro
638 914 874 972 homine
896 914 1166 971 videlicet
1197 919 1495 986 peccatore
1517 920 1574 971 et
1594 915 1884 983 rationali,

229 1003 342 1060 nisi
377 1001 680 1060 rationalis
710 1003 926 1072 hostia,
949 1003 1005 1058 id
1045 1007 1135 1059 est
1164 1003 1360 1071 homo,
1385 1008 1442 1060 et
1473 1003 1598 1062 sine
1628 1008 1884 1076 peccato,

227 1091 330 1165 qui
362 1093 436 1148 de
465 1092 705 1149 homine
731 1091 1056 1164 assumpsit
1085 1095 1355 1148 naturam
1389 1110 1501 1148 non
1534 1092 1789 1166 culpam,
1814 1095 1887 1148 ad

225 1181 712 1238 emundationem
754 1181 946 1237 offerri
993 1199 1106 1236 non
1159 1181 1367 1254 potuit.
1394 1181 1553 1237 Fecit
1599 1200 1735 1254 ergo
1785 1200 1886 1254 pro

227 1271 403 1338 nobis
435 1271 789 1327 sacriﬁcium
812 1287 1026 1343 corpus
1053 1288 1252 1337 suum,
1274 1271 1539 1326 exhibuit
1560 1289 1663 1342 pro
1694 1289 1888 1344 pecea-

225 1360 459 1416 toribus
488 1358 790 1416 victimam
823 1359 949 1418 sine
993 1364 1252 1431 poccato,
1276 1377 1400 1432 quae
1433 1365 1491 1415 et
1521 1360 1888 1418 humanitate

223 1448 400 1516 mori,
427 1451 485 1505 et
516 1448 868 1520 injustitiam
891 1448 1177 1505 mundare
1210 1448 1515 1522 potuisset.
1546 1448 1706 1505 Finis
1737 1449 1887 1504 scili-

223 1542 334 1604 cet,
372 1555 490 1594 non
541 1537 642 1610 qui
689 1537 1004 1604 consumit,
1037 1538 1138 1596 sed
1193 1538 1293 1610 qui
1347 1538 1588 1609 perfecit
1635 1555 1790 1606 cum,
1823 1538 1883 1593 in

221 1642 400 1684 carne
433 1626 726 1698 apparuit,
749 1631 808 1682 et
846 1627 1034 1682 factus
1085 1627 1358 1685 sacerdos
1389 1627 1450 1681 in
1480 1631 1762 1683 aeternum
1795 1645 1883 1684 se-

221 1715 490 1782 cundum
523 1715 789 1771 ordinem
823 1714 1274 1782 Melchisedech,
1300 1719 1439 1770 tunc
1471 1732 1681 1771 novum
1715 1720 1886 1773 testa-

221 1807 516 1871 mentum,
541 1804 698 1876 quod
750 1804 918 1861 nobis
951 1804 1023 1861 de
1053 1821 1202 1875 pane
1232 1808 1289 1862 et
1319 1803 1451 1861 vino
1484 1821 1638 1877 aqua
1685 1805 1880 1873 misto,

221 1892 353 1966 ipso
380 1892 748 1958 sacriﬁcante
773 1897 831 1949 et
858 1892 1184 1949 viviﬁcante
1205 1897 1378 1966 atque
1401 1893 1794 1963 benedicente,
1822 1894 1880 1949 in

219 1998 358 2038 vero
380 1998 622 2055 corpore
643 1986 701 2037 et
722 1980 1007 2055 sanguine
1029 1999 1136 2038 suo
1158 1981 1502 2054 mysterium
1525 1983 1681 2051 ﬁdei,
1695 1983 1879 2040 donec

221 2070 596 2144 specietenus
617 2071 808 2126 veniat
827 2070 1086 2138 tradidit,
1112 2070 1419 2127 manifeste
1440 2071 1718 2144 perﬁciet,
1743 2089 1877 2130 cum

221 2164 421 2234 aperte
451 2158 835 2233 diligentibus
875 2176 957 2228 se,
991 2159 1091 2232 qui
1137 2161 1463 2217 secundum
1512 2160 1876 2233 propositam

217 2248 411 2306 vocati
443 2253 585 2305 sunt
615 2248 822 2318 sancti,
856 2266 959 2322 per
1005 2250 1354 2323 patefactam
1403 2250 1728 2320 majestatis
1758 2267 1876 2306 suis

220 2338 481 2412 speciem
510 2339 1099 2411 ostendet,quomodo
1121 2338 1233 2411 ipsi
1255 2339 1517 2412 gignenti
1541 2356 1654 2395 non
1688 2339 1880 2412 impar

216 2427 465 2499 oriatur,
511 2431 570 2484 et
621 2427 912 2500 quomodo
960 2427 1266 2500 utriusque
1316 2427 1592 2500 Spiritus,
1644 2427 1877 2500 utrique

217 2521 545 2583 coeternus
585 2533 650 2572 ac
699 2515 1240 2584 consubstantialis,
1275 2515 1453 2572 simul
1503 2517 1574 2572 ab
1628 2521 1877 2587 utroque

217 2607 498 2680 procedat
528 2622 543 2660 :
576 2605 870 2678 quomodo
902 2605 953 2661 is
997 2605 1097 2677 qui
1148 2605 1387 2661 oriendo
1418 2622 1452 2660 a
1484 2604 1652 2660 Patre
1680 2609 1789 2670 est,
1824 2604 1874 2659 ei

215 2696 287 2752 de
317 2712 435 2768 quo
466 2694 658 2750 oritur
678 2695 1048 2766 subsequens
1074 2711 1190 2750 non
1222 2698 1311 2750 est
1335 2710 1347 2747 :
1373 2694 1666 2765 quomodo
1695 2693 1745 2748 is
1771 2692 1872 2764 qui

216 2785 589 2858 processione
620 2783 982 2856 producitur,
1017 2801 1050 2838 a
1080 2783 1510 2855 proferentibus
1550 2799 1665 2837 non
1706 2781 1874 2853 przei-

215 2877 334 2930 tur.
349 2872 659 2939 Quomodo
684 2876 740 2930 et
763 2889 947 2927 unum
974 2870 1340 2928 divisibiliter
1361 2870 1474 2926 tria
1497 2869 1636 2941 sint,
1652 2874 1710 2925 et
1732 2868 1878 2924 indi-

216 2960 528 3018 visibiliter
546 2960 659 3024 tria
680 2978 864 3016 unum
890 2978 903 3016 :
929 2960 1029 3016 sed
1052 2958 1482 3016 humanitatem
1503 2975 1648 3015 verae
1681 2957 1878 3021 carnis

218 3051 494 3106 animata;
517 3049 781 3106 rationali
806 3050 1024 3120 anima,
1049 3066 1167 3104 una
1189 3065 1388 3104 secum
1412 3049 1483 3104 de
1505 3047 1724 3120 Spiritu
1749 3065 1879 3102 san-

218 3145 314 3196 cto
346 3144 405 3196 et
443 3140 613 3196 beata
659 3139 843 3196 Maria
889 3153 1122 3211 semper
1167 3136 1426 3210 Virgine,
1448 3136 1506 3192 in
1554 3135 1877 3193 visceribus

219 3230 354 3301 ejus
385 3229 457 3285 de
486 3245 659 3284 carne
691 3228 877 3300 ipsius
900 3230 1261 3299 conceptam,
1288 3229 1346 3281 et
1371 3243 1504 3282 mox
1530 3228 1794 3281 sanetam
1817 3225 1875 3280 in

1995 652 2202 706 ancilla
2250 654 2490 723 Domini,
2519 653 2618 723 ﬁat
2673 651 2816 710 mihi
2870 651 3167 707 secundum
3219 655 3442 716 verbum
3489 661 3647 722 tuum

1999 741 2184 810 (ibid.,
2204 743 2314 808 38).
2341 742 2409 796 Et
2431 743 2696 813 quamvis
2729 740 2854 812 ipse
2883 739 3041 796 aliud
3073 757 3140 796 ex
3173 741 3355 809 Patre,
3388 731 3546 802 aliud
3578 760 3648 800 ex
3755 815 3760 821 .

1994 829 2256 902 Virgine,
2289 831 2389 885 sed
2421 830 2545 902 ipse
2575 835 2663 886 est
2701 834 2951 886 aeternus
3002 844 3070 884 ex
3117 828 3302 897 Patre,
3336 828 3463 904 ipse
3492 833 3644 888 tem-

1995 919 2213 991 poralis
2243 937 2310 974 ex
2339 924 2544 987 matre,
2578 920 2703 991 ipse
2735 919 2832 990 qui
2869 919 3022 984 fecit,
3048 916 3172 989 ipse
3193 918 3290 989 qui
3327 919 3515 974 factus
3536 923 3644 988 est,

1996 1008 2121 1080 ipse
2155 1009 2456 1080 speciosus
2487 1025 2601 1080 prae
2633 1008 2771 1063 ﬁliis
2792 1007 3101 1062 hominum
3135 1023 3238 1078 per
3261 1006 3645 1075 divinitatem,

1999 1101 2056 1152 et
2085 1097 2208 1168 ipse
2232 1097 2304 1152 de
2341 1115 2456 1168 quo
2479 1098 2698 1152 dictum
2721 1100 2809 1152 est
2834 1115 2845 1151 :
2876 1095 3119 1151 Vidimus
3155 1112 3299 1161 eum,
3324 1102 3373 1151 et
3400 1112 3512 1152 non
3533 1105 3652 1153 erat

1996 1194 2257 1258 aspectus,
2289 1196 2340 1241 et
2369 1204 2478 1241 non
2513 1196 2588 1241 est
2633 1188 2685 1241 ei
2725 1188 2946 1257 species,
2967 1201 3138 1256 neque
3183 1184 3341 1241 decor
3367 1187 3495 1253 (15a.
3529 1202 3648 1251 L111,

1995 1279 2077 1345 2),
2102 1293 2204 1348 per
2225 1276 2672 1332 humanitatem.
2701 1277 2827 1347 Ipse
2854 1280 2986 1330 ante
3013 1273 3223 1328 saecula
3245 1274 3314 1328 de
3335 1273 3502 1331 Patre
3522 1273 3648 1333 sine

1997 1369 2203 1430 matre,
2230 1365 2353 1437 ipse
2386 1365 2442 1419 in
2470 1366 2584 1420 ﬁne
2605 1363 2951 1419 saeculorum
2973 1363 3044 1418 de
3074 1365 3259 1418 matre
3287 1362 3412 1418 sine
3434 1365 3598 1434 patre
3632 1380 3644 1418 :

1995 1453 2121 1526 ipse
2152 1454 2470 1509 conditoris
2491 1451 2798 1525 templum,
2823 1452 2946 1525 ipse
2967 1451 3233 1507 conditor
3253 1449 3457 1523 templi
3484 1469 3495 1506 :
3525 1450 3649 1522 ipse

1995 1547 2197 1599 auctor
2231 1542 2442 1615 operis,
2469 1542 2592 1614 ipse
2621 1559 2770 1614 opus
2801 1541 3057 1598 auctoris
3082 1557 3094 1595 :
3118 1557 3363 1597 manens
3395 1557 3549 1597 unus
3579 1556 3648 1596 ex

1996 1635 2244 1702 utraque
2270 1635 2326 1686 et
2347 1632 2405 1685 in
2425 1636 2671 1703 utraque
2689 1635 2918 1701 natura,
2934 1647 3037 1685 nec
3058 1633 3399 1687 naturarum
3419 1627 3649 1700 copula-

1997 1720 2155 1775 tione
2177 1721 2476 1787 eonfusus,
2504 1737 2608 1775 nec
2631 1724 2976 1775 naturarum
2998 1717 3371 1774 distinctione
3391 1716 3647 1791 gemina-

1993 1814 2111 1865 tus.
2138 1832 2166 1860 »
2193 1812 2257 1865 In
2291 1815 2503 1866 natura
2533 1809 2855 1865 divinitatis
2885 1807 3128 1880 aequalis
3150 1812 3208 1864 et
3235 1811 3556 1864 coaeternus
3577 1823 3644 1863 ac

1993 1899 2515 1956 consubstantialis
2547 1898 2699 1955 Patri
2730 1903 2790 1954 et
2819 1898 3060 1970 Spiritui
3091 1901 3320 1965 sancto;
3342 1896 3400 1952 in
3433 1899 3646 1953 natura

1988 1987 2381 2044 humanitatis
2408 1987 2733 2044 minoratus
2758 1987 2932 2060 paulo
2965 1986 3164 2042 minus
3193 1986 3266 2041 ab
3298 1984 3557 2057 angelis:
3582 1984 3641 2040 in

1990 2095 2106 2150 qua
2128 2078 2485 2150 resurgendo
2509 2094 2543 2132 a
2561 2076 2809 2133 mortuis
2826 2075 3013 2150 gloria
3027 2079 3083 2131 et
3098 2075 3315 2131 honore
3330 2077 3642 2130 coronatus

1989 2170 2096 2232 est,
2123 2170 2181 2222 et
2205 2166 2560 2222 constitutus
2582 2183 2760 2238 super
2789 2165 2988 2222 omnia
3017 2181 3194 2236 opera
3222 2178 3508 2219 manuum
3539 2161 3642 2217 Pa-

1988 2255 2118 2326 tris,
2133 2259 2189 2310 et
2207 2256 2342 2310 data
2362 2260 2449 2311 est
2470 2255 2519 2309 ei
2544 2254 2736 2309 omnis
2768 2257 3024 2326 potestas
3055 2252 3112 2306 in
3136 2250 3278 2307 cmlo
3299 2254 3358 2306 et
3386 2248 3445 2305 in
3467 2253 3646 2317 terra,

1987 2348 2045 2399 et
2072 2343 2430 2400 clariﬁcatus
2463 2348 2550 2399 est
2595 2343 2858 2398 claritate
2897 2341 3017 2409 illa,
3042 2357 3218 2412 quam
3249 2338 3310 2395 in
3342 2337 3645 2402 divinitate

1989 2432 2199 2489 habuit
2227 2433 2382 2504 apud
2418 2433 2645 2488 Patrem
2685 2431 3030 2503 priusquam
3073 2429 3332 2485 mundus
3363 2427 3544 2490 ﬁeret,
3579 2430 3644 2482 ut

1985 2520 2196 2576 iisdem
2229 2521 2608 2576 dilectoribus
2639 2520 2764 2575 suis
2795 2518 2988 2590 palam
3011 2518 3363 2583 ostenderet,
3387 2533 3523 2572 cum
3545 2515 3642 2572 ab-

1987 2614 2186 2680 sorpta
2216 2613 2370 2664 esset
2398 2626 2556 2664 mors
2588 2608 2646 2663 in
2677 2607 2938 2675 victoria,
2961 2606 3207 2662 mortale
3237 2605 3346 2660 hoc
3370 2607 3637 2660 nostrum

1987 2697 2229 2753 induere
2261 2697 2758 2752 immortalitatem
2793 2697 2866 2751 ad
2892 2712 3062 2750 suam
3093 2692 3391 2750 felioitatis
3421 2691 3637 2764 sempi-

1984 2788 2162 2840 terna:
2185 2785 2628 2841 beatitudinem.
2653 2785 2792 2854 Ejus
2823 2782 3202 2839 beatitudinis
3236 2783 3526 2853 perpetuae
3549 2780 3637 2836 fe—

1986 2873 2268 2930 licitatem
2302 2873 2470 2930 anxie
2511 2872 2874 2945 suspirantes
2905 2876 2960 2928 et
2992 2869 3354 2935 anhelantes,
3387 2867 3636 2941 ingemi-

1985 2963 2208 3019 scimus
2241 2963 2461 3036 gravati
2493 2963 2552 3017 in
2585 2962 2694 3017 hoc
2737 2958 3130 3027 tabernaculo,
3165 2957 3448 3015 habentes
3480 2956 3637 3012 hunc

1985 3052 2118 3108 ﬁdei
2154 3056 2211 3106 et
2241 3050 2364 3124 spei
2397 3068 2463 3107 ac
2496 3049 2822 3106 dilectionis
2854 3049 3197 3104 thesaurum
3232 3045 3292 3102 in
3314 3043 3471 3101 vasis
3493 3043 3640 3100 ﬁcti-

1985 3141 2162 3197 libus.
2187 3140 2351 3196 Unde
2382 3139 2552 3196 nobis
2598 3157 2702 3211 per
2750 3139 3100 3210 Prophetam
3152 3132 3637 3191 dicitur:Consti-

1985 3232 2118 3286 tuite
2146 3230 2288 3286 diem
2308 3230 2602 3285 solemnem
2635 3229 2695 3283 in
2723 3224 3348 3298 cmfrethnmﬂonibus
3371 3237 3541 3294 usque
3567 3221 3638 3277 ad

220 3299 525 3380 civitatem
558 3299 944 3389 assumptum,
978 3334 1097 3372 suae
1138 3332 1418 3388 personae,
1452 3313 1552 3386 qui
1586 3313 1711 3370 sine
1759 3313 1878 3370 ullo
1910 3299 1952 3366 C
1987 3335 2157 3375 cornu
2187 3319 2386 3374 altaris
2408 3317 2580 3386 (Psal.
2616 3333 2780 3382 exvn,
2801 3318 2914 3383 27).
2940 3314 3073 3370 Dies
3095 3309 3496 3368 solemnis-est
3523 3309 3635 3367 Do,

220 3404 395 3461 initio
447 3406 737 3478 perfectus
789 3405 968 3473 Deus,
1016 3404 1363 3477 Unigenitus
1411 3402 1651 3475 mqualis
1700 3403 1876 3472 Patri,

221 3495 523 3567 perfectus
553 3494 728 3557 homo
758 3493 818 3548 in
848 3496 966 3550 ﬁne
1003 3493 1350 3550 saeculorum
1389 3496 1563 3548 natus
1593 3495 1701 3558 est,
1725 3508 1880 3570 unus

217 3583 522 3648 Christus,
551 3599 724 3638 verus
773 3582 954 3638 Filius
1003 3582 1127 3649 Dei,
1171 3598 1273 3653 per
1325 3585 1558 3636 uterum
1615 3581 1880 3652 ejusdem

219 3670 508 3743 Virginis,
533 3688 662 3744 quo:
682 3671 895 3727 ancilla
925 3676 1015 3727 est
1048 3671 1236 3744 ipsius
1265 3669 1522 3726 hominis
1557 3687 1658 3742 per
1680 3667 1883 3725 divini-

221 3763 436 3831 tatem,
459 3765 514 3816 et
544 3765 732 3816 mater
750 3760 921 3816 Verbi
944 3778 1047 3832 per
1083 3776 1316 3814 carnem
1341 3759 1550 3827 (Morel.
1584 3755 1686 3814 lib.
1719 3776 1877 3825 xvm,

218 3865 272 3904 c.
321 3848 511 3920 27):«
548 3848 652 3904 Cui
707 3853 769 3904 ut
817 3850 1105 3920 scriptum
1159 3851 1248 3904 est
1280 3865 1292 3901 :
1326 3847 1445 3902 Non
1501 3846 1882 3919 aquuabitur

220 3940 510 4009 copas-ium
532 3937 596 3994 de
620 3939 896 4010 £thiopia
917 3939 1031 4002 (Job
1051 3953 1247 4003 xxvul,
1278 3936 1380 4008 19).
1405 3936 1692 4001 Quoniam
1722 3935 1881 3991 aliud

216 4030 314 4082 est
366 4030 539 4082 natos
589 4026 858 4083 homines
911 4027 1161 4100 gratiam
1221 4023 1551 4096 adOptionis
1600 4023 1880 4095 accipere,

218 4117 390 4173 aliud
424 4134 609 4174 unum
655 4115 1036 4190 singulariter
1062 4132 1165 4188 per
1192 4112 1512 4170 divlnitatis
1561 4113 1883 4184 potentiam

219 4201 421 4260 Deum
453 4219 519 4259 ex
549 4204 676 4275 ipso
715 4207 999 4274 conceptu
1047 4201 1349 4274 prodisse:
1375 4217 1480 4256 nec
1530 4199 1746 4271 aequari
1779 4218 1883 4272 po-

218 4294 344 4347 test
376 4289 574 4363 gloriae
608 4289 902 4362 Unigenlti
938 4288 1150 4345 habita:
1201 4306 1303 4360 per
1349 4293 1619 4344 naturam
1651 4288 1723 4344 ab
1755 4287 1886 4344 aliis

217 4382 476 4450 accepta
496 4394 599 4450 per
622 4378 892 4451 gratiam.
911 4376 1199 4435 'Mediator
1217 4376 1433 4449 quippe
1456 4376 1556 4432 Dei
1586 4380 1760 4447 atque
1790 4375 1888 4432 ho-

215 4465 464 4524 minum
490 4464 664 4523 homo
685 4465 955 4536 Christus
977 4465 1171 4533 Jesus,
1194 4482 1307 4521 non
1332 4469 1420 4521 est
1440 4464 1585 4522 alter
1603 4463 1662 4520 in
1685 4464 1888 4520 huma-

216 4555 436 4623 nitate,
462 4553 609 4612 alter
637 4554 696 4611 in
729 4554 942 4611 deitate
965 4570 978 4609 :
1003 4553 1142 4626 quia
1174 4571 1287 4610 non
1329 4571 1515 4626 purus
1546 4553 1720 4609 homo
1750 4571 1885 4616 con-

1990 3406 2149 3462 mino
2180 3405 2552 3478 compunctio
2593 3404 2786 3460 cordis
2836 3401 3042 3458 nostri.
3075 3401 3187 3457 Sed
3241 3403 3379 3457 tunc
3408 3397 3467 3453 in
3499 3413 3635 3454 cons

1989 3492 2557 3567 frequentationibus~
2574 3494 2700 3549 dies
2722 3490 2999 3548 solemnis
3017 3488 3553 3553 constituitur,cum
3577 3485 3636 3568 in

1990 3584 2278 3655 lacrymas
2311 3582 2526 3638 amoris
2557 3583 2686 3652 ejus
2719 3579 2954 3636 assidue
2986 3595 3152 3634 mens
3182 3576 3446 3633 solvitur.
3473 3576 3545 3635 At
3565 3590 3639 3630 ne

1991 3672 2326 3739 morientes,
2352 3670 2396 3725 si
2427 3688 2540 3726 non
2565 3669 2854 3726 diceretur
2884 3665 3144 3740 quandiu
3176 3664 3292 3720 ista
3319 3661 3506 3721 acturi
3535 3679 3637 3718 su-

1990 3779 2147 3830 mus,
2170 3759 2546 3816 tribulatione
2572 3760 2958 3825 afﬁceremur,
2983 3755 3138 3812 illico
3159 3752 3476 3811 terminum
3501 3767 3636 3823 quo-

1992 3867 2177 3922 usque
2201 3850 2323 3905 ﬁeri
2356 3849 2563 3904 debeat
2595 3846 2903 3919 subjungit
2931 3845 3152 3913 dicens,
3175 3857 3344 3916 usque
3371 3839 3442 3898 ad
3470 3856 3641 3898 cor-nu

1991 3941 2204 3994 altaris.
2229 3939 2418 3993 Cornu
2451 3936 2547 4008 qui
2557 3955 2665 4008 ppc
2697 3935 2899 3992 altaris
2938 3937 3028 3990 est
3057 3931 3328 3988 exaltatio
3369 3927 3641 3988 sacriﬁcii

1991 4025 2304 4095 interioris,
2331 4027 2430 4081 ubi
2454 4044 2588 4080 eum
2608 4025 2966 4090 venerimus,
2989 4023 3114 4094 jam
3141 4020 3304 4084 nulla
3325 4017 3641 4092 necessitas

1991 4115 2104 4171 erit.
2137 4117 2200 4169 ut
2229 4114 2550 4171 solemnem
2583 4113 2737 4168 diem
2761 4111 3008 4167 Domino
3030 4111 3099 4164 de
3131 4112 3334 4164 nostra
3357 4105 3640 4164 lamenta-

1991 4203 2146 4260 tione
2177 4202 2480 4258 faciamus.
2505 4202 2589 4256 Ad
2613 4201 2767 4272 quod
2796 4200 2976 4255 altare
3027 4195 3320 4252 interioris
3368 4191 3642 4251 sacriﬁcii

1995 4309 2109 4349 non
2135 4291 2357 4348 accedit
2379 4290 2490 4346 nisi
2515 4289 2824 4362 justus,ad
2849 4287 3003 4359 quod
3038 4284 3134 4340 ille
3161 4281 3423 4357 pervenit
3442 4279 3544 4352 qui
3568 4279 3640 4338 ad

1995 4382 2151 4438 istud
2177 4397 2430 4452 praesens
2451 4385 2506 4435 et
2521 4377 2748 4434 visibile
2769 4375 2990 4433 accedit
3009 4372 3195 4447 gratia
3225 4369 3323 4428 Dei
3347 4368 3640 4442 justiﬁes-

1995 4474 2113 4536 tus,
2134 4474 2191 4526 et
2221 4468 2340 4524 illic
2371 4468 2624 4524 inveniet
2644 4466 2822 4522 vitam
2855 4481 3046 4530 suam,
3071 4461 3170 4534 qui
3203 4460 3275 4517 ad
3299 4458 3455 4516 istud
3480 4472 3642 4514 acce-

1996 4559 2140 4615 dens
2164 4558 2498 4615 discreverit
2519 4573 2758 4613 causam
2792 4569 2982 4620 suam,
2999 4551 3154 4606 unde
3176 4550 3551 4621 dispensatur
3568 4546 3646 4605 vi-

213 4649 440 4717 ceptus
492 4647 668 4735 atque
715 4643 928 4735 editus,
968 4647 1100 4715 post
1147 4659 1248 4715 per
1296 4642 1571 4735 meritum
1622 4646 1688 4698 ut
1733 4644 1888 4700 Deus
1920 4670 1967 4735 Β
1997 4648 2176 4703 ctima
2202 4645 2628 4718 salutaris,qua
2658 4643 2911 4699 deletum
2951 4645 3041 4697 est
3069 4639 3275 4735 debitae
3319 4635 3644 4735 damnatio-

215 4737 390 4790 esset
419 4733 677 4804 accepit;
726 4733 827 4790 sed
878 4732 1186 4788 nuntiante
1215 4729 1443 4804 angelo,
1467 4735 1523 4786 et
1553 4731 1891 4790 adveniente

215 4821 482 4895 Spiritu,
511 4839 645 4878 mox
681 4821 939 4878 Verbum
989 4821 1049 4876 in
1100 4825 1286 4888 utero,
1315 4837 1446 4875 mox
1479 4820 1632 4876 intra
1663 4825 1892 4880 uterum

219 4911 497 4968 Verbum
529 4927 682 4977 caro,
707 4915 764 4965 et
813 4914 1087 4966 manente
1117 4907 1582 4964 incommutabili
1614 4911 1890 4980 essentia,

213 5019 364 5074 quae
392 5000 447 5056 ei
480 5016 617 5056 cum
657 4999 826 5056 Patre
857 5003 914 5056 et
951 5016 1085 5055 cum
1118 5002 1318 5054 sancto
1359 4996 1577 5069 Spiritu
1612 5004 1895 5055 coaeterna
1935 5053 1938 5056 ἠ

212 5094 344 5159 est,
383 5089 717 5161 assumpsit
762 5087 916 5146 intra
943 5086 1202 5159 Virginis
1245 5085 1484 5154 viscera,
1512 5087 1666 5144 unde
1697 5091 1756 5144 et
1783 5087 1891 5144 im-

212 5175 542 5252 passibitis
577 5176 716 5249 pati,
741 5182 798 5234 et
826 5175 1176 5233 immortalis
1210 5174 1378 5239 mori,
1402 5178 1461 5230 et
1489 5178 1742 5232 aeternus
1763 5181 1895 5234 ante

214 5265 458 5325 saecula
488 5265 827 5337 temporalis
871 5269 1069 5338 posset
1106 5281 1233 5320 esse
1264 5263 1322 5324 in
1356 5265 1469 5319 ﬁne
1499 5265 1842 5324 saeculorum
1880 5285 1892 5321 ε

213 5361 289 5423 ut
324 5372 442 5430 per
471 5354 767 5411 ineﬁ‘abile
797 5358 1254 5425 sacramentum,
1278 5357 1560 5425 conceptu
1595 5360 1818 5424 saneto,
1841 5362 1899 5412 et

211 5449 413 5520 partu
436 5442 782 5512 inviolabili,
809 5443 1132 5500 secundum
1155 5441 1453 5498 veritatem
1480 5443 1780 5515 utriusqae
1803 5465 1899 5501 na-

209 5542 382 5595 turae
441 5533 645 5589 eadem
677 5532 873 5607 Virgo,
902 5538 967 5590 ut
1013 5531 1292 5599 diximus,
1315 5534 1371 5586 et
1409 5531 1621 5586 ancilla
1667 5537 1897 5593 Domini

207 5627 398 5682 esset
429 5627 489 5677 et
517 5626 727 5678 mater.
755 5621 849 5678 Sic
871 5622 1089 5694 quippe
1118 5621 1168 5676 ei
1210 5621 1282 5676 ab
1326 5619 1618 5675 Elizabeth
1641 5622 1894 5682 dicitur:

218 5711 394 5772 Unda
424 5710 524 5766 hoc
552 5709 810 5776 mihi,iut
853 5713 1035 5768 veniat
1059 5717 1234 5766 mater
1261 5710 1480 5765 Domini
1527 5711 1638 5765 mei
1673 5713 1742 5768 ad
1770 5718 1899 5771 me?

2002 4737 2093 4792 nis
2115 4754 2181 4792 ac
2203 4733 2628 4791 maledictionis
2646 4736 2854 4788 nostra:
2872 4727 3329 4803 chirographum
3347 4726 3502 4799 quod
3524 4729 3650 4782 erat

2003 4825 2358 4881 contrarium
2383 4824 2572 4892 nobis,
2595 4827 2651 4878 et
2671 4823 2845 4878 trium
2854 4821 3069 4893 phatus
3089 4822 3179 4875 est
3196 4817 3386 4874 hostis
3406 4831 3648 4886 compu-

2001 4917 2134 4969 tans
2185 4918 2384 4969 nostra
2428 4917 2683 4985 peccata,
2712 4915 2769 4966 et
2810 4927 3077 4982 quaerens
3115 4908 3257 4980 quid
3305 4904 3561 4976 objiciet,
3594 4905 3652 4956 et

2006 5003 2153 5058 nihil
2183 5004 2482 5058 inveniens
2513 5001 2571 5056 in
2596 5001 2694 5057 illo
2715 5001 2774 5056 in
2797 5018 2912 5073 quo
2933 4998 3242 5066 vincimus,
3267 4995 3568 5051 credentes
3585 4989 3646 5044 in

2003 5110 2138 5150 eum
2172 5092 2269 5163 qui
2304 5109 2406 5164 pro
2440 5092 2607 5147 nobis
2626 5089 2988 5146 debitoribus
3021 5086 3246 5152 mortis,
3268 5080 3473 5138 mortis
3494 5078 3650 5134 debi-

2004 5185 2130 5237 tum
2165 5182 2319 5253 quod
2351 5199 2465 5236 non
2489 5181 2734 5237 debebat
2765 5177 3026 5245 exsolvit,
3050 5175 3278 5231 solvens
3309 5167 3648 5226 inimicitias

2007 5289 2152 5343 quas
2183 5272 2474 5343 peccando
2495 5269 2894 5326 contraximus
2915 5270 2971 5322 in
2997 5282 3168 5321 carne
3189 5279 3317 5330 sua,
3342 5261 3534 5326 bonus
3555 5274 3652 5330 pa-

2007 5367 2130 5418 stor
2162 5361 2417 5418 animam
2451 5380 2617 5418 suam
2659 5378 2882 5433 ponens
2933 5375 3035 5429 pro
3066 5354 3271 5410 ovibus
3318 5349 3464 5415 suis,
3496 5351 3562 5402 ut
3592 5347 3649 5401 id

2006 5456 2372 5508 sacramento
2405 5457 2602 5507 nostro
2635 5467 2845 5522 corpus
2876 5452 2932 5502 et
2960 5442 3306 5515 sanguinem
3337 5454 3509 5496 suum
3532 5453 3652 5492 ver-

2007 5545 2173 5610 teret,
2198 5545 2253 5597 et
2283 5560 2417 5598 oves
2447 5559 2595 5614 quas
2636 5539 2959 5595 redemerat
2987 5532 3181 5590 carnis
3211 5549 3330 5588 sua:
3372 5527 3648 5586 alimento

2007 5631 2265 5687 satiaret.
