3934 6182
351 457 469 518 915

991 586 1223 642 CAPUT
1264 571 1352 640 1x.

358 715 518 788 Quod
549 715 790 772 Christus
817 729 916 785 pro
943 714 1097 788 nobis
1128 715 1187 767 in
1216 709 1646 788 altariquotidie
1669 706 2004 788 immolatur,

427 787 496 842 ad
519 788 685 858 cujus
707 779 1183 857 participationem
1209 800 1334 837 cum
1361 779 1466 854 fide
1489 789 1539 835 et
1571 780 1724 834 bonis
1752 779 2006 849 operibus

428 857 788 914 accedendum
815 865 912 912 est.

430 1019 538 1086 Qui
559 1019 792 1090 quando
815 1017 935 1073 haec
959 1019 1329 1072 sacrosancta
1362 1014 1639 1087 mysteria
1659 1011 2008 1068 celebranda

360 1106 667 1180 discipulis
697 1107 821 1162 suis
868 1105 1126 1171 tradidit,
1159 1105 1310 1160 inter
1355 1110 1562 1158 centera
1610 1101 1755 1157 dixit
1789 1119 1802 1156 :
1832 1101 2006 1155 Filius

359 1199 597 1254 hominis
625 1196 920 1252 secundum
949 1195 1089 1266 quod
1129 1195 1414 1264 deﬁnitum
1460 1201 1536 1248 cst
1586 1192 1750 1246 vadit.
1787 1191 2004 1244 Verum-

361 1295 542 1342 tamen
573 1303 649 1340 vce
679 1285 769 1340 illi
797 1287 1010 1341 homini
1036 1301 1136 1355 per
1179 1300 1334 1355 quem
1373 1283 1650 1338 tradetur!
1681 1283 1834 1348 (Luc.
1866 1298 2002 1344 xxn,

358 1377 476 1444 22.)
497 1374 607 1430 Sed
630 1378 687 1429 et
715 1373 886 1429 hodie
913 1377 971 1428 ct
1003 1373 1060 1428 in
1092 1371 1515 1444 sempiternum
1538 1389 1617 1425 vae
1651 1370 1733 1424 illi
1759 1369 2002 1438 homini,

359 1463 462 1534 qui
492 1463 564 1518 ad
597 1479 857 1520 mensam
882 1461 1110 1518 Domini
1139 1461 1432 1534 malignus
1453 1460 1705 1527 accedit;
1737 1459 1837 1531 qui
1870 1459 2004 1514 insi-

359 1551 473 1607 diis
504 1555 700 1607 mente
727 1551 1001 1619 conditis,
1027 1549 1126 1623 qui
1177 1549 1512 1623 praecordiis
1550 1549 1746 1622 aliquo
1793 1548 2007 1604 scelere

359 1638 642 1713 pollutus,
676 1641 1087 1713 mysteriorum
1119 1639 1333 1696 Christi
1377 1639 1614 1694 secretis
1657 1637 2006 1710 participare

359 1747 476 1784 non
507 1729 734 1786 metuit.
767 1729 992 1786 Etenim
1027 1729 1124 1784 ille
1163 1728 1222 1783 in
1263 1727 1591 1800 exemplum
1621 1727 1786 1783 Juda:
1818 1726 2004 1782 ﬁlium

357 1815 617 1874 hominis
665 1818 861 1886 tradit,
896 1836 1011 1873 non
1043 1817 1280 1890 quidem
1311 1817 1531 1872 Judznis
1577 1815 2003 1888 peccatoribus,

355 1906 458 1962 sed
487 1910 681 1962 tamen
715 1907 1141 1978 peccatoribus,
1166 1906 1447 1961 membris
1469 1905 1692 1962 scilicet
1713 1905 1857 1972 suis,
1883 1903 2007 1976 qui-

354 1995 466 2052 bus
487 1994 630 2051 illud
660 1995 1067 2052 inaestimabile
1097 2002 1154 2051 et
1182 1995 1511 2052 inviolabile
1535 1993 1766 2050 Domini
1789 2013 2000 2067 corpus

349 2084 564 2140 violare
611 2086 934 2158 praesumit.
968 2085 1070 2140 Ille
1103 2084 1416 2141 Dominum
1463 2085 1683 2151 vendit,
1718 2083 1818 2157 qui
1870 2085 1998 2155 ejus

351 2189 548 2230 amore
587 2191 654 2230 ac
691 2173 899 2230 timore
942 2174 1224 2247 neglecto,
1247 2180 1476 2230 terrena
1503 2177 1559 2229 et
1587 2174 1829 2240 caduca,
1878 2172 1996 2230 imo

349 2261 524 2318 etiam
556 2263 892 2329 criminosa,
921 2263 1054 2336 plus
1081 2281 1278 2318 amare
1300 2269 1354 2319 et
1375 2280 1578 2318 curare
1608 2263 1992 2318 convincitur.

347 2349 464 2418 Vas,
497 2351 762 2424 inquam,
787 2351 869 2406 illi
903 2351 1146 2418 homini,
1179 2351 1249 2406 de
1279 2369 1395 2423 quo
1432 2351 1626 2417 Jesus,
1658 2350 1760 2422 qui
1789 2349 1990 2406 altari-

347 2439 460 2496 bus
489 2441 880 2497 sacrosanctis
908 2441 1056 2496 inter
1085 2440 1535 2507 immolandum,
1566 2444 1765 2512 utpote
1793 2457 1994 2512 prope-

347 2527 460 2584 sita
479 2534 947 2596 consecraturos,
962 2531 1166 2584 adesse
1183 2546 1296 2584 non
1319 2529 1641 2597 dubitatur,
1661 2529 1992 2584 astantibus

347 2616 458 2672 sibi
491 2617 778 2674 ministris
817 2617 1172 2684 cwlestibus,
1205 2619 1384 2691 quaeri
1425 2618 1653 2690 cogitur
1675 2636 1697 2691 ί
1712 2619 1862 2687 Ecce,
1898 2618 1989 2672 in-

345 2706 576 2778 quiens,
607 2723 807 2764 manus
845 2709 1107 2764 tradentis
1153 2726 1238 2764 me
1290 2725 1502 2764 mecum
1554 2716 1634 2764 est
1681 2685 1746 2763 in
1803 2725 1992 2764 mensa

344 2795 502 2864 ibid.,
534 2795 646 2869 2t).
697 2796 778 2853 De
821 2797 1036 2870 quibus
1085 2796 1228 2852 dicit
1271 2797 1628 2869 Apostolus:
1673 2798 1992 2870 Quicunque

340 2885 754 2942 manducauerit
774 2903 974 2958 panem
1004 2887 1086 2942 vel
1117 2887 1314 2944 biberit
1341 2888 1568 2943 calicem
1599 2888 1821 2942 Domini
1849 2887 1990 2942 indi-

339 2990 464 3042 gne,
489 2991 614 3030 reus
641 2977 748 3032 erit
773 2978 1015 3048 corporis
1043 2985 1093 3030 et
1119 2977 1408 3047 sanguinis
1439 2978 1676 3032 Domini.
1709 2975 1816 3043 Qui
1841 2977 1989 3031 enim

338 3061 635 3118 man-ducat
659 3071 711 3119 et
741 3064 877 3119 bibit
908 3065 1153 3132 indigne,
1173 3065 1450 3136 judicium
1480 3067 1592 3120 sibi
1619 3064 1911 3120 manducet
1937 3074 1990 3121 et

339 3149 498 3218 bibit,
526 3167 636 3207 non
664 3152 995 3224 dijudicans,
1027 3151 1084 3206 id
1126 3157 1236 3220 est,
1271 3170 1386 3208 non
1425 3153 1763 3208 discernens
1791 3153 1987 3208 debita

337 3238 705 3294 veneratione
736 3257 770 3294 a
812 3239 958 3296 cibis
1009 3241 1251 3307 caeteris,
1282 3258 1472 3312 corpus
1519 3243 1757 3298 Domini.
1790 3243 1987 3298 Probet

1139 448 1524 512 HINCMABI
1568 446 1810 508 nausa.
1857 443 2218 505 ARCHIEP.
2267 415 2668 510 OPUSCULA
2711 443 2976 508 VARIA.

2028 578 2082 644 Α
2110 577 2498 648 et-occiditur,
2535 580 2634 636 sed
2666 577 2928 636 ﬁdelium
2957 591 3056 632 ore
3086 589 3256 631 suam
3288 569 3543 628 sumitur
3565 569 3620 626 in
3647 587 3730 627 sa-

3625 436 3728 504 916

2115 667 2322 724 lutem.

2185 757 2366 829 Cujus
2388 762 2540 814 recte
2559 759 3018 832 ﬁguram'agnus
3034 753 3093 809 in
3111 753 3238 826 lege
3261 748 3555 824 paschalis
3573 753 3737 806 osten-

2115 846 2222 912 dit,
2244 846 2346 918 qui
2377 848 2557 904 semel
2590 846 2870 920 populum
2903 846 2974 900 de
3009 840 3277 915 Egyptia
3313 838 3590 896 servitute
3615 837 3736 894 libe-

2116 952 2272 1002 rans,
2297 936 2355 990 in
2388 935 2733 992 memoriam
2755 934 3020 1006 ejusdem
3042 928 3404 986 liberationis
3437 944 3544 1000 per
3563 943 3736 982 omnes

2115 1041 2301 1079 annos
2331 1023 2729 1080 immolatione
2760 1041 2867 1079 sua
2885 1021 3156 1078 eumdem
3191 1015 3474 1092 pupulum
3503 1015 3734 1071 sanctiﬁ-

2115 1129 2244 1167 care
2295 1111 2538 1184 solebat,
2571 1113 2753 1168 donec
2811 1111 2935 1184 ipse
2981 1108 3222 1176 veniret,
3255 1105 3350 1162 cui
3397 1103 3538 1160 talis
3574 1102 3738 1159 hostia

2113 1201 2514 1256 testimonium
2546 1201 2741 1266 dabat,
2764 1202 3114 1271 oblatusque
3145 1197 3291 1253 Patri
3343 1213 3446 1268 pro
3498 1193 3660 1248 nobis
3685 1196 3733 1247 in

2116 1289 2365 1344 hostiam
2393 1291 2747 1362 odoremque
2769 1288 3096 1358 suavitatis,
3119 1283 3462 1358 mysterium
3483 1300 3604 1338 sua:
3631 1299 3738 1354 pas-

2115 1377 2298 1434 sionis
2319 1379 2510 1434 oblato
2532 1395 2682 1451 agno
2705 1378 2763 1432 in
2785 1372 3109 1434 creaturam
3133 1373 3302 1446 panis
3319 1371 3561 1444 vinique
3580 1375 3737 1426 trans-

2116 1466 2306 1533 ferret,
2331 1468 2602 1523 sacerdos
2629 1467 2817 1522 factus
2849 1467 2906 1520 in
2937 1469 3218 1520 aeternum
3248 1460 3579 1518 secundum
3605 1459 3733 1516 ordi-

2115 1573 2247 1611 nem
2275 1555 2718 1611 Melchisedech.
2744 1555 2815 1612 Et
2832 1554 2985 1610 sicut
3005 1551 3216 1624 illi,qui
3237 1549 3414 1607 etiam
3446 1553 3734 1621 postquam

2115 1643 2306 1700 educti
2337 1649 2476 1700 sunt
2504 1645 2564 1700 in
2593 1643 2881 1717 sanguine
2920 1641 3055 1714 agni
3109 1642 3181 1697 de
3229 1643 3384 1695 terra
3432 1635 3737 1710 [Egyptth

2116 1732 2390 1804 baptizati
2414 1733 2632 1788 suntin
2655 1731 2809 1787 nube
2829 1734 2885 1786 et
2907 1730 2965 1786 in
2983 1729 3150 1797 mari,
3167 1725 3536 1801 exigentibus
3554 1722 3736 1796 culpi,

2115 1820 2470 1892 serpentium
2497 1820 2790 1877 morsibus
2813 1816 3241 1884 sternebantur,
3266 1819 3332 1872 ut
3350 1831 3420 1872 ex
3440 1813 3643 1871 ordine
3660 1813 3740 1867 lla-

2114 1909 2248 1982 gelli
2281 1909 2578 1966 exterioris
2628 1912 3010 1982 agnoscerent
3037 1909 3320 1980 quantam
3363 1903 3526 1959 intus
3575 1899 3739 1974 perni-

2109 1999 2256 2054 ciem
2281 1999 2570 2070 peccando
2593 2001 2948 2070 paterentur,
2973 1995 3291 2052 exaltatum
3321 2009 3426 2066 pro
3449 1991 3620 2064 signo
3645 2005 3739 2045 ser-

2108 2091 2340 2159 pentem
2363 2104 2585 2142 aeneum
2614 2085 2994 2158 aspiciebant.
3008 2084 3160 2140 sicut
3181 2099 3346 2138 sacra
3366 2081 3736 2137 Numerorum

2107 2180 2312 2230 naarat
2351 2174 2596 2231 historia
2615 2175 2798 2244 (Num.
2821 2177 2937 2242 xx),
2961 2171 3324 2228 sanabuntur
3357 2169 3430 2226 ad
3461 2172 3686 2241 tempus
3707 2182 3736 2220 a

2105 2263 2407 2336 temporali
2435 2267 2620 2318 morte
2639 2267 2695 2318 ct
2718 2262 2911 2336 plaga,
2933 2278 3110 2334 quam
3135 2258 3494 2332 serpentium
3521 2269 3734 2312 morsus

2103 2353 2450 2408 intulerant:
2475 2353 2554 2408 ita
2567 2357 2624 2408 et
2639 2351 2739 2424 qui
2760 2350 3104 2424 mysterium
3121 2347 3436 2405 Dominicis
3459 2342 3732 2418 passionis

2101 2442 2386 2498 credendo
2401 2445 2458 2496 et
2471 2441 2800 2497 conﬁtendo
2813 2431 3114 2496 sin’ceriter
3127 2437 3413 2494 imitando
3428 2433 3732 2508 aspiciunt,

2100 2529 2401 2586 salvantur
2433 2529 2488 2584 in
2521 2533 2866 2602 perpetuum
2897 2528 2968 2584 ab
2994 2527 3154 2584 omni
3186 2528 3372 2580 morte
3400 2540 3586 2596 quam
3615 2538 3728 2594 pec-

2099 2619 2284 2674 cando
2318 2619 2373 2674 in
2406 2619 2602 2674 anima
2641 2617 2857 2690 pariter
2900 2621 2959 2673 et
3005 2617 3178 2672 carne
3225 2614 3652 2674 contraxerant,
3679 2614 3732 2664 ut

2097 2709 2274 2764 omnis
2305 2709 2402 2780 qui
2429 2708 2600 2764 credit
2629 2709 2690 2762 in
2718 2707 2998 2762 Christum
3043 2720 3153 2760 non
3177 2710 3384 2776 pereat,
3414 2701 3510 2757 sed
3555 2699 3732 2755 habeat

2097 2798 2268 2852 vitam
2313 2805 2576 2852 wternam
2618 2799 2805 2866 (Joan.
2835 2812 2920 2862 III,
2955 2795 3062 2862 16).
3087 2793 3155 2848 Et
3207 2791 3318 2848 hoc
3373 2789 3531 2846 inter
3587 2787 3728 2844 illam

2098 2886 2346 2958 ﬁguram
2377 2889 2434 2941 et
2465 2885 2638 2940 istam
2690 2885 2991 2940 veritatem
3023 2882 3219 2950 distat,
3241 2880 3384 2954 quia
3431 2897 3538 2952 per
3583 2876 3729 2934 illam

2096 2975 2346 3046 ﬁguram
2369 2973 2485 3030 vita
2513 2972 2910 3046 protelahatur
2937 2969 3298 3044 temporalis,
3321 2986 3424 3041 per
3447 2967 3602 3024 hanc
3627 2965 3730 3021 vita

2095 3064 2348 3118 donatur
2376 3062 2502 3118 sine
2534 3063 2646 3118 ﬁne
2677 3079 2977 3116 mansura.
3001 3060 3113 3116 Sed
3144 3057 3473 3115 curandum
3506 3055 3731 3111 solerter

2093 3155 2201 3220 est,
2217 3155 2282 3206 ut
2297 3151 2451 3224 quod
2474 3149 2802 3206 intellectus
2824 3150 2969 3205 bene
2987 3147 3165 3204 sentit
3179 3145 3436 3219 operatio
3454 3143 3728 3216 condigna

2094 3241 2374 3313 perﬁciat,
2409 3243 2698 3312 quatenus
2727 3255 2862 3294 cum
2903 3235 3267 3293 confessione
3314 3238 3482 3290 rectae
3533 3237 3727 3288 nostra

337 3334 522 3382 autem
557 3328 796 3398 seipsum
841 3328 1017 3396 homo,
1049 3337 1100 3384 et
1127 3331 1208 3384 sic
1252 3331 1317 3385 de
1356 3347 1501 3401 pane
1549 3332 1644 3386 illo
1673 3331 1813 3398 edat,
1847 3339 1898 3386 et
1922 3331 1988 3387 de
2017 3317 2059 3382 C
2098 3329 2230 3384 ﬁdei
2257 3329 2349 3402 pie
2369 3334 2426 3384 et
2444 3329 2636 3384 sobrie
2661 3325 3057 3383 conversando
3077 3324 3152 3381 ad
3173 3323 3587 3397 perfectionem
3607 3335 3725 3393 pro-

339 3413 509 3469 calice
537 3415 703 3470 bibat.
737 3417 962 3487 Quoties
999 3419 1147 3472 enim
1187 3435 1416 3490 cumque
1455 3419 1858 3476 manducabitis
1884 3438 1984 3492 pa-

337 3517 463 3556 nem
491 3502 637 3557 hunc
659 3512 710 3559 et
737 3505 965 3561 calicem
1005 3507 1217 3574 bibatis,
1251 3515 1478 3563 mortem
1513 3510 1736 3564 Domini
1769 3527 1986 3566 annun-

339 3591 548 3648 tiabitis
591 3591 757 3648 donec
803 3597 986 3650 veniat
1013 3595 1060 3667 (Ι
1088 3597 1207 3652 Cor.
1236 3614 1314 3662 xl,
1334 3594 1434 3664 ‘26,
1466 3600 1556 3664 27,
1588 3601 1678 3668 28)
1705 3615 1716 3654 :
1750 3599 1889 3670 quia
1922 3603 1985 3655 ut

337 3679 591 3736 Joannes
635 3681 780 3738 dicit
825 3683 1124 3755 apostolus
1157 3701 1170 3739 :
1202 3686 1408 3740 Dilcxit
1437 3704 1552 3750 nos,
1585 3695 1634 3742 ct
1663 3687 1800 3742 tavit
1827 3705 1922 3743 nos
1950 3707 1986 3744 ιι

331 3772 568 3840 peccatis
611 3773 814 3826 nostris
863 3773 919 3826 in
969 3775 1245 3841 sanguine
1289 3791 1384 3829 suo
1435 3775 1614 3846 (Apoc.
1645 3794 1680 3842 ι,
1716 3777 1823 3846 15).
1857 3777 1982 3832 Non

337 3856 529 3911 solum
569 3863 763 3914 autem
797 3876 830 3914 a
859 3861 1112 3930 peccatis
1159 3861 1218 3916 in
1267 3863 1553 3933 sanguine
1582 3882 1712 3929 suo,
1747 3867 1982 3936 quando

337 3945 684 4017 sanguinem
715 3964 889 4002 suum
939 3948 1100 4004 dedit
1130 3949 1189 4005 in
1219 3968 1390 4006 cruce
1422 3969 1523 4023 pro
1573 3954 1764 4021 nobis,
1795 3955 1895 4010 sed
1927 3959 1983 4010 et

335 4033 570 4104 quando
599 4035 852 4107 quisque
880 4041 1142 4092 nostrum
1191 4039 1248 4094 in
1283 4040 1556 4112 mysterio
1596 4048 1980 4098 sacrosancta:

333 4120 625 4194 passionis
644 4121 807 4180 illius
827 4124 1102 4198 baptismi
1122 4127 1291 4199 aquis
1317 4128 1551 4185 ablutus
1570 4133 1681 4195 est,
1696 4131 1834 4202 quia
1861 4148 1984 4203 prc-

331 4206 484 4266 tium
505 4210 718 4268 Christi
741 4214 1047 4286 sepultura
1067 4219 1266 4272 nostra
1287 4222 1378 4273 est
1423 4218 1586 4274 Unde
1610 4235 1748 4291 ager
1766 4220 1839 4276 de
1857 4237 1982 4292 pre-

331 4298 412 4356 tio
427 4299 736 4372 sanguinis
751 4303 880 4374 ejus
897 4309 1133 4376 emptus
1147 4311 1388 4362 vocatur
1402 4308 1796 4377 acheldemach,
1817 4309 1873 4364 id
1893 4313 1982 4365 est

331 4404 469 4461 ager
487 4389 826 4462 sanguinis:
847 4390 1112 4448 videlicet
1131 4411 1270 4466 ager
1288 4395 1648 4462 Judteorum,
1667 4397 1768 4453 sed
1791 4397 1980 4470 sepul-

330 4479 465 4530 tura
485 4481 684 4533 nostra
703 4483 810 4534 est.
837 4480 952 4536 Nos
975 4481 1132 4536 enim
1159 4482 1448 4555 peregrini
1482 4483 1702 4540 fuimus
1727 4489 1784 4540 ct
1805 4487 1975 4542 adve-

332 4580 447 4630 nae;
472 4581 587 4619 non
618 4565 935 4624 habuimus
969 4569 1067 4624 ubi
1098 4571 1598 4642 requiesceremus
1623 4591 1636 4628 :
1663 4573 1757 4630 ille
1789 4575 1976 4630 cruci-

2096 3418 2287 3474 missae
2312 3418 2440 3474 vita:
2465 3417 2633 3474 nobis
2659 3431 2988 3474 mereamur
3007 3412 3420 3486 attin'gere.5ic
3432 3413 3584 3467 enim
3601 3410 3726 3464 Deus

2091 3508 2288 3562 dilexit
2315 3508 2600 3574 mundum,
2634 3514 2694 3562 ut
2739 3505 2946 3560 Filium
2971 3520 3134 3559 suum
3173 3502 3520 3573 unigenitum
3566 3499 3722 3564 daret,

2093 3604 2152 3652 ut
2179 3597 2356 3651 omnis
2387 3598 2484 3668 qui
2497 3595 2667 3651 credit
2698 3596 2758 3650 in
2785 3611 2911 3649 eum
2938 3609 3050 3649 non
3073 3599 3278 3664 pereat,
3311 3589 3405 3646 sed
3431 3589 3624 3644 habeat
3646 3587 3725 3641 vi-

2092 3694 2204 3740 tam
2231 3694 2496 3742 alternam
2525 3685 2728 3756 (ibid).
2749 3683 2835 3738 Ad
2867 3699 3043 3755 quam
3091 3679 3190 3735 ille
3237 3676 3548 3751 perveniet,
3573 3673 3724 3749 Quis-

2091 3772 2225 3845 quis
2257 3773 2312 3828 in
2337 3778 2493 3830 recta
2514 3774 2625 3828 ﬁde
2648 3775 2705 3828 et
2734 3771 2906 3828 bonis
2929 3769 3205 3843 operibus
3226 3764 3608 3840 perseveravit
3636 3780 3722 3818 us-

2091 3879 2203 3934 que
2235 3861 2292 3916 in
2319 3862 2661 3933 tinem,quia
2681 3866 2737 3916 et
2753 3862 2897 3916 ﬁdes
2919 3857 3043 3915 sine
3064 3857 3338 3930 operibus
3368 3859 3597 3926 mortua
3622 3855 3723 3918 est,

2089 3950 2190 4006 illa
2219 3950 2487 4007 videlicet
2518 3952 2680 4016 ﬁdes,
2717 3968 2842 4023 qua:
2889 3966 2992 4022 per
3037 3946 3407 4020 dilectionem
3455 3961 3566 4000 non
3596 3958 3720 4014 ope-

2090 4044 2270 4107 ratur,
2304 4046 2362 4096 et
2390 4039 2515 4098 sine
2555 4039 2668 4095 ﬁde
2713 4036 3078 4110 impossibile
3107 4039 3199 4092 est
3225 4034 3455 4108 placere
3499 4033 3631 4088 Deo.
3662 4028 3721 4084 In

2088 4129 2305 4201 quibus
2317 4127 2676 4185 unanimiter
2689 4125 2987 4199 gratiaDei
3005 4123 3464 4182 consistentibus
3481 4133 3722 4195 perseve-

2089 4218 2278 4274 rantia
2299 4217 2628 4273 necessaria
2647 4220 2736 4272 est
2759 4232 2942 4288 usque
2965 4214 3020 4269 in
3044 4211 3389 4284 ﬁnem,quia
3407 4226 3572 4266 nemo
3594 4205 3721 4262 mit~

2087 4311 2218 4362 tens
2237 4323 2477 4362 manum
2501 4305 2558 4360 in
2581 4309 2846 4361 aratrum
2867 4308 2924 4360 et
2943 4301 3234 4375 aspiciens
3257 4305 3432 4368 retro,
3451 4303 3618 4372 aptus
3636 4297 3720 4351 est

2087 4412 2264 4468 regno
2287 4395 2410 4466 Dei,
2433 4394 2492 4450 in
2515 4412 2631 4467 quo
2661 4393 3012 4450 aeternaliter
3047 4391 3247 4447 vivunt
3286 4388 3476 4464 angeli
3507 4391 3563 4443 et
3590 4401 3718 4441 san-

2086 4487 2310 4541 ctorum
2336 4483 2578 4556 spiritus
2601 4483 2672 4538 de
2703 4483 2860 4556 ligno
2880 4481 3030 4547 vitae,
3056 4480 3209 4537 sicut
3229 4479 3354 4553 ipse
3374 4477 3552 4534 dixit:
3575 4475 3720 4531 Sicut

2088 4576 2147 4629 in
2177 4591 2258 4628 me
2288 4575 2421 4628 vivit
2447 4575 2628 4639 Pater,
2659 4580 2711 4627 et
2755 4587 2851 4642 ego
2879 4572 2994 4626 viro
3025 4572 3084 4625 in
3110 4585 3171 4626 eo
3215 4565 3438 4641 propter
3481 4568 3716 4629 Pam;

333 4649 484 4747 ﬁaus
514 4657 604 4747 est
631 4659 688 4709 et
715 4660 1004 4747 mortuus,
1029 4661 1086 4712 et
1117 4677 1222 4715 nos
1245 4661 1572 4732 consepulti
1603 4680 1811 4718 sumus
1841 4681 1974 4718 cum
2007 4683 2054 4747 υ
2085 4671 2135 4719 et
2163 4663 2258 4734 qui
2284 4661 2577 4717 manducet
2605 4679 2710 4727 me,
2734 4669 2784 4716 et
2815 4662 2920 4732 ipsi
2946 4661 3081 4715 vivit
3104 4665 3325 4730 propter
3353 4673 3458 4712 me.
3483 4656 3717 4724 Egosum

327 4736 428 4793 illo
451 4756 552 4810 per
569 4740 928 4814 baptismum
954 4745 1012 4799 in
1038 4751 1302 4803 mortem.
1323 4749 1469 4814 Quia
1485 4754 1792 4824 quicunque
1809 4753 1977 4824 bapti-

329 4828 446 4882 ωίί
471 4844 658 4884 sumus
692 4832 752 4885 in
781 4831 990 4890 Christo
1019 4835 1266 4905 Domino,
1294 4840 1351 4892 in
1378 4847 1550 4895 morte
1589 4843 1762 4912 ipsius
1803 4843 1974 4912 bapti-

328 4917 443 4972 καιὶ
459 4919 1107 4994 sumus(Rom.v1,3),qui
1129 4942 1240 4980 non
1259 4925 1450 4982 solum
1469 4931 1703 5000 quando
1724 4929 1782 4984 in
1802 4947 1972 4986 cruce

327 5004 674 5078 sanguinem
697 5025 871 5064 suum
891 5011 1048 5067 dedit
1064 5031 1167 5085 pro
1191 5015 1378 5082 nobis,
1394 5016 1476 5071 vel
1497 5019 1734 5088 quando
1754 5017 1812 5073 in
1840 5019 1973 5090 bap-

329 5093 566 5150 tismate
587 5095 728 5153 lavit
749 5115 854 5153 nos
875 5118 909 5154 a
931 5102 1182 5171 peccatis
1211 5104 1430 5160 nostris
1453 5105 1511 5160 in
1534 5107 1819 5179 sanguine
1841 5125 1968 5176 suo,

325 5199 526 5239 verum
547 5184 722 5241 etiam
745 5186 1002 5258 quotidie
1029 5188 1176 5245 tollit
1198 5197 1433 5262 peccata
1455 5195 1678 5264 mundi,
1704 5195 1972 5268 lavatquc

329 5289 435 5327 nos
457 5289 491 5327 a
519 5275 772 5345 peccatis
803 5277 1017 5333 nostris
1049 5280 1407 5350 quotidianis
1438 5281 1494 5336 in
1527 5283 1812 5354 sanguine
1842 5303 1968 5352 suo,

326 5376 460 5415 cum
482 5362 532 5433 ej
544 5363 746 5419 usdem
771 5365 950 5421 beata:
972 5368 1262 5439 passionis
1285 5371 1356 5424 ad
1386 5370 1566 5427 altare
1589 5373 1871 5430 memoria
1893 5391 1974 5430 rc-

326 5446 596 5518 plicatur,
613 5469 746 5508 cum
772 5453 936 5524 panis
953 5460 1010 5509 et
1032 5455 1144 5511 vini
1171 5462 1436 5513 creatura
1459 5459 1512 5513 in
1537 5466 1969 5517 sacramentum

325 5536 517 5592 carnis
539 5544 594 5593 et
614 5542 919 5613 sanguinis
941 5545 1070 5615 ejus
1090 5543 1369 5600 ineﬁ‘abili
1391 5547 1632 5618 spiritus
1651 5553 1975 5606 sanctiﬁca-

325 5619 482 5678 tione
514 5629 880 5696 transfertur,
913 5632 1116 5703 sicque
1163 5649 1374 5705 corpus
1405 5639 1460 5690 ct
1504 5638 1746 5709 sanguis
1791 5639 1970 5708 illius,

327 5721 442 5762 non
465 5709 788 5769 inﬁdelium
809 5719 1083 5776 manibus
1100 5721 1170 5775 ad
1189 5721 1503 5792 perniciem
1523 5741 1690 5780 suam
1708 5726 1973 5782 funditur

2079 4754 2243 4823 panis
2273 4753 2420 4816 vita},
2451 4759 2500 4806 ct
2522 4767 2618 4820 ego
2664 4765 2785 4805 sum
2824 4744 2990 4820 panis
3019 4747 3084 4803 de
3120 4746 3247 4802 cwlo
3293 4744 3624 4806 descendens,
3656 4746 3714 4792 ut

2077 4841 2132 4895 si
2159 4841 2282 4912 quis
2311 4855 2380 4894 ex
2411 4840 2527 4910 ipso
2556 4838 2965 4893 manducauerit
3005 4852 3118 4892 non
3144 4835 3437 4892 moriatur.
3469 4833 3572 4902 Ego
3597 4845 3712 4885 sum

2077 4930 2240 5001 panis
2269 4929 2422 4983 vivus
2453 4929 2550 5000 qui
2577 4927 2642 4982 de
2668 4927 2796 4982 creto
2825 4924 3105 4992 descendi;
3133 4925 3187 4979 si
3213 4925 3338 4996 quis
3366 4914 3710 4977 manducare;

2081 5019 2158 5072 rit
2177 5033 2246 5072 ea:
2275 5017 2371 5072 hoc
2396 5032 2540 5088 pane
2571 5017 2708 5070 vivet
2740 5016 2796 5068 in
2835 5021 3120 5081 (sternam,
3153 5020 3204 5068 ει
3241 5013 3412 5084 panis
3443 5025 3595 5083 quem
3615 5020 3710 5074 ego

2078 5107 2216 5162 dabo
2247 5122 2372 5161 caro
2402 5121 2521 5160 mea
2563 5112 2638 5160 est
2680 5119 2778 5175 pro
2805 5101 3001 5158 mundi
3023 5103 3156 5157 vita.
3192 5100 3361 5156 Amen
3405 5113 3558 5155 amen
3595 5094 3708 5149 diem

2080 5195 2229 5249 vobis
2263 5210 2276 5248 :
2311 5195 2434 5249 Nisi
2473 5192 2936 5247 manducavcritis
2971 5205 3193 5246 carnem
3237 5190 3351 5260 ﬁlii
3395 5186 3630 5249 hominis,
3655 5188 3708 5236 es

2081 5283 2328 5338 biberitis
2347 5283 2462 5355 ejus
2482 5283 2828 5350 sanguinem,
2856 5296 2971 5336 non
2998 5277 3264 5334 habebitis
3285 5280 3461 5333 vitam
3481 5291 3536 5330 in
3553 5271 3700 5328 vobis.

2082 5372 2188 5440 Qui
2205 5371 2498 5426 mund-acut
2521 5387 2740 5426 carnem
2759 5375 3002 5425 meamet
3021 5367 3156 5423 bibit
3174 5368 3503 5435 sanguinem
3522 5375 3702 5420 mlum.

2079 5461 2237 5516 habet
2266 5461 2435 5514 vitam
2479 5467 2765 5525 mtermnn,
2795 5465 2846 5513 et
2873 5473 2966 5528 ego
2992 5455 3316 5511 resuscitabo
3347 5471 3473 5510 eum
3518 5453 3573 5507 in
3612 5461 3703 5500 uo-

2079 5551 2301 5605 vissimo
2329 5549 2435 5603 die.
2461 5548 2596 5603 Caro
2625 5549 2772 5604 enim
2797 5564 2918 5602 mea
2948 5562 3070 5601 vere
3107 5553 3188 5602 est
3211 5546 3389 5610 cibus,
3411 5551 3463 5599 et
3502 5534 3704 5609 sangvis

2079 5655 2230 5693 meus
2260 5653 2381 5691 vere
2403 5644 2481 5692 est
2506 5645 2682 5709 potus.
2721 5637 2824 5704 Qui
2870 5634 3162 5690 manducet
3211 5649 3391 5689 meum
3434 5643 3632 5688 cant
3649 5629 3709 5678 εἰ

2082 5727 2218 5780 bibit
2245 5741 2424 5780 meum
2445 5727 2793 5793 sanguinem,
2813 5731 2997 5781 manet
3027 5724 3085 5778 in
3115 5739 3202 5778 me
3229 5729 3280 5778 et
3308 5738 3408 5790 ego
3437 5722 3496 5776 in
3517 5734 3592 5774 eo.
3613 5713 3700 5770 Ηὶε
