  <div class='ocr_page' id='page_1' title='image "/cluster/home/n/w/nwhite01/storage/ocr_20150623/125/hvd.32044054759873/464.png"; bbox 0 0 3934 6182; ppageno 0'>
   <div class='ocr_carea' id='block_1_1' title="bbox 214 399 332 464">
    <p class='ocr_par' dir='ltr' id='par_1_1' title="bbox 214 399 332 464">
     <span class='ocr_line' id='line_1_1' title="bbox 214 399 332 464; baseline -0.034 -1"><span class='ocrx_word' id='word_1_1' title='bbox 214 399 332 464; x_wconf 77' lang='grc'>917</span> 
     </span>
    </p>
   </div>
   <div class='ocr_carea' id='block_1_2' title="bbox 1395 399 2456 474">
    <p class='ocr_par' dir='ltr' id='par_1_2' title="bbox 1395 399 2456 474">
     <span class='ocr_line' id='line_1_2' title="bbox 1395 399 2456 474; baseline -0.002 -11"><span class='ocrx_word' id='word_1_2' title='bbox 1395 401 1498 463; x_wconf 91' lang='lat' dir='ltr'>DE</span> <span class='ocrx_word' id='word_1_3' title='bbox 1545 399 1936 463; x_wconf 83' lang='lat' dir='ltr'>CAVENDIS</span> <span class='ocrx_word' id='word_1_4' title='bbox 1979 399 2239 474; x_wconf 84' lang='lat' dir='ltr'>VITIlS,</span> <span class='ocrx_word' id='word_1_5' title='bbox 2287 400 2456 462; x_wconf 87' lang='lat' dir='ltr'>ETC.</span> 
     </span>
    </p>
   </div>
   <div class='ocr_carea' id='block_1_3' title="bbox 3507 400 3627 464">
    <p class='ocr_par' dir='ltr' id='par_1_3' title="bbox 3507 400 3627 464">
     <span class='ocr_line' id='line_1_3' title="bbox 3507 400 3627 464; baseline -0.017 0"><span class='ocrx_word' id='word_1_6' title='bbox 3507 400 3627 464; x_wconf 77' lang='lat'>918</span> 
     </span>
    </p>
   </div>
   <div class='ocr_carea' id='block_1_4' title="bbox 209 530 3622 608">
    <p class='ocr_par' dir='ltr' id='par_1_4' title="bbox 209 530 3622 608">
     <span class='ocr_line' id='line_1_4' title="bbox 209 530 3622 608; baseline 0.001 -17"><span class='ocrx_word' id='word_1_7' title='bbox 209 541 291 593; x_wconf 82' lang='lat' dir='ltr'>est</span> <span class='ocrx_word' id='word_1_8' title='bbox 311 533 478 608; x_wconf 81' lang='lat' dir='ltr'>panis</span> <span class='ocrx_word' id='word_1_9' title='bbox 506 533 607 607; x_wconf 91' lang='lat' dir='ltr'>qui</span> <span class='ocrx_word' id='word_1_10' title='bbox 631 530 698 590; x_wconf 88' lang='lat' dir='ltr'>de</span> <span class='ocrx_word' id='word_1_11' title='bbox 723 541 854 592; x_wconf 65' lang='lat' dir='ltr'>creto</span> <span class='ocrx_word' id='word_1_12' title='bbox 881 531 1156 592; x_wconf 83' lang='lat' dir='ltr'>descendit</span> <span class='ocrx_word' id='word_1_13' title='bbox 1185 551 1198 590; x_wconf 87' lang='lat'><strong>:</strong></span> <span class='ocrx_word' id='word_1_14' title='bbox 1231 535 1332 608; x_wconf 91' lang='lat' dir='ltr'>qui</span> <span class='ocrx_word' id='word_1_15' title='bbox 1372 532 1669 592; x_wconf 75' lang='lat' dir='ltr'>manducet</span> <span class='ocrx_word' id='word_1_16' title='bbox 1720 535 1864 591; x_wconf 86' lang='lat' dir='ltr'>hunc</span> <span class='ocrx_word' id='word_1_17' title='bbox 1892 535 1948 604; x_wconf 84' lang='grc' dir='ltr'><strong>Α</strong></span> <span class='ocrx_word' id='word_1_18' title='bbox 1975 533 2162 592; x_wconf 88' lang='lat' dir='ltr'>locum</span> <span class='ocrx_word' id='word_1_19' title='bbox 2187 535 2250 591; x_wconf 89' lang='lat' dir='ltr'>in</span> <span class='ocrx_word' id='word_1_20' title='bbox 2273 534 2582 608; x_wconf 69' lang='lat' dir='ltr'>(elate-udi</span> <span class='ocrx_word' id='word_1_21' title='bbox 2610 534 2832 591; x_wconf 87' lang='lat' dir='ltr'>clamor</span> <span class='ocrx_word' id='word_1_22' title='bbox 2863 549 3018 592; x_wconf 86' lang='lat' dir='ltr'>meus</span> <span class='ocrx_word' id='word_1_23' title='bbox 3045 537 3175 606; x_wconf 82' lang='lat' dir='ltr'>(Job</span> <span class='ocrx_word' id='word_1_24' title='bbox 3193 553 3308 607; x_wconf 77' lang='lat' dir='ltr'>xw,</span> <span class='ocrx_word' id='word_1_25' title='bbox 3337 535 3447 608; x_wconf 85' lang='grc'>19).</span> <span class='ocrx_word' id='word_1_26' title='bbox 3481 535 3622 594; x_wconf 88' lang='lat' dir='ltr'>Pec-</span> 
     </span>
    </p>
   </div>
   <div class='ocr_carea' id='block_1_5' title="bbox 205 622 1866 698">
    <p class='ocr_par' dir='ltr' id='par_1_5' title="bbox 205 622 1866 698">
     <span class='ocr_line' id='line_1_5' title="bbox 205 622 1866 698; baseline -0.001 -17"><span class='ocrx_word' id='word_1_27' title='bbox 205 641 408 698; x_wconf 80' lang='lat' dir='ltr'>panem</span> <span class='ocrx_word' id='word_1_28' title='bbox 435 625 578 680; x_wconf 86' lang='lat' dir='ltr'>vivet</span> <span class='ocrx_word' id='word_1_29' title='bbox 605 625 666 680; x_wconf 88' lang='lat' dir='ltr'>in</span> <span class='ocrx_word' id='word_1_30' title='bbox 692 631 964 681; x_wconf 71' lang='lat' dir='ltr'>aeternum</span> <span class='ocrx_word' id='word_1_31' title='bbox 991 623 1169 697; x_wconf 76' lang='lat' dir='ltr'>(lacn.</span> <span class='ocrx_word' id='word_1_32' title='bbox 1202 627 1304 694; x_wconf 88' lang='grc' dir='ltr'>νι).</span> <span class='ocrx_word' id='word_1_33' title='bbox 1337 625 1407 680; x_wconf 90' lang='lat' dir='ltr'>Et</span> <span class='ocrx_word' id='word_1_34' title='bbox 1453 622 1638 696; x_wconf 83' lang='lat' dir='ltr'>pridie</span> <span class='ocrx_word' id='word_1_35' title='bbox 1688 641 1866 696; x_wconf 89' lang='lat' dir='ltr'>quam</span> 
     </span>
    </p>
   </div>
   <div class='ocr_carea' id='block_1_6' title="bbox 213 711 1868 787">
    <p class='ocr_par' dir='ltr' id='par_1_6' title="bbox 213 711 1868 787">
     <span class='ocr_line' id='line_1_6' title="bbox 213 711 1868 787; baseline -0.001 -17"><span class='ocrx_word' id='word_1_36' title='bbox 213 716 528 787; x_wconf 86' lang='lat' dir='ltr'>pateretur,</span> <span class='ocrx_word' id='word_1_37' title='bbox 554 719 818 769; x_wconf 63' lang='lat' dir='ltr'>canente</span> <span class='ocrx_word' id='word_1_38' title='bbox 847 731 914 770; x_wconf 89' lang='lat' dir='ltr'>eo</span> <span class='ocrx_word' id='word_1_39' title='bbox 945 729 1081 768; x_wconf 89' lang='lat' dir='ltr'>cum</span> <span class='ocrx_word' id='word_1_40' title='bbox 1111 711 1420 786; x_wconf 79' lang='lat' dir='ltr'>discipulis</span> <span class='ocrx_word' id='word_1_41' title='bbox 1449 713 1594 781; x_wconf 87' lang='lat' dir='ltr'>suis,</span> <span class='ocrx_word' id='word_1_42' title='bbox 1614 711 1674 768; x_wconf 89' lang='lat' dir='ltr'>in</span> <span class='ocrx_word' id='word_1_43' title='bbox 1701 717 1868 768; x_wconf 88' lang='lat' dir='ltr'>nocte</span> 
     </span>
    </p>
   </div>
   <div class='ocr_carea' id='block_1_7' title="bbox 213 801 1866 876">
    <p class='ocr_par' dir='ltr' id='par_1_7' title="bbox 213 801 1866 876">
     <span class='ocr_line' id='line_1_7' title="bbox 213 801 1866 876; baseline -0.001 -18"><span class='ocrx_word' id='word_1_44' title='bbox 213 819 330 876; x_wconf 90' lang='lat' dir='ltr'>qua</span> <span class='ocrx_word' id='word_1_45' title='bbox 357 801 720 872; x_wconf 79' lang='lat' dir='ltr'>tradebatur,</span> <span class='ocrx_word' id='word_1_46' title='bbox 739 802 975 874; x_wconf 81' lang='lat' dir='ltr'>quando</span> <span class='ocrx_word' id='word_1_47' title='bbox 994 805 1162 858; x_wconf 90' lang='lat' dir='ltr'>vetus</span> <span class='ocrx_word' id='word_1_48' title='bbox 1181 803 1238 857; x_wconf 93' lang='lat' dir='ltr'>in</span> <span class='ocrx_word' id='word_1_49' title='bbox 1257 819 1471 858; x_wconf 87' lang='lat' dir='ltr'>novum</span> <span class='ocrx_word' id='word_1_50' title='bbox 1495 805 1553 857; x_wconf 86' lang='lat' dir='ltr'>et</span> <span class='ocrx_word' id='word_1_51' title='bbox 1582 806 1866 857; x_wconf 81' lang='lat' dir='ltr'>aeternum</span> 
     </span>
    </p>
   </div>
   <div class='ocr_carea' id='block_1_8' title="bbox 211 889 1869 964">
    <p class='ocr_par' dir='ltr' id='par_1_8' title="bbox 211 889 1869 964">
     <span class='ocr_line' id='line_1_8' title="bbox 211 889 1869 964; baseline -0.002 -17"><span class='ocrx_word' id='word_1_52' title='bbox 211 890 434 964; x_wconf 83' lang='lat' dir='ltr'>pascha</span> <span class='ocrx_word' id='word_1_53' title='bbox 457 895 725 948; x_wconf 88' lang='lat' dir='ltr'>nostrum</span> <span class='ocrx_word' id='word_1_54' title='bbox 747 889 1116 959; x_wconf 89' lang='lat' dir='ltr'>convertit,in</span> <span class='ocrx_word' id='word_1_55' title='bbox 1138 907 1254 962; x_wconf 90' lang='lat' dir='ltr'>quo</span> <span class='ocrx_word' id='word_1_56' title='bbox 1276 889 1402 964; x_wconf 89' lang='lat' dir='ltr'>ipse</span> <span class='ocrx_word' id='word_1_57' title='bbox 1417 889 1757 946; x_wconf 84' lang='lat' dir='ltr'>immolatus</span> <span class='ocrx_word' id='word_1_58' title='bbox 1778 894 1869 946; x_wconf 88' lang='lat' dir='ltr'>est</span> 
     </span>
    </p>
   </div>
   <div class='ocr_carea' id='block_1_9' title="bbox 211 979 1870 1053">
    <p class='ocr_par' dir='ltr' id='par_1_9' title="bbox 211 979 1870 1053">
     <span class='ocr_line' id='line_1_9' title="bbox 211 979 1870 1053; baseline -0.002 -16"><span class='ocrx_word' id='word_1_59' title='bbox 211 979 501 1049; x_wconf 74' lang='lat' dir='ltr'>Christus,</span> <span class='ocrx_word' id='word_1_60' title='bbox 541 980 768 1052; x_wconf 90' lang='lat' dir='ltr'>accepit</span> <span class='ocrx_word' id='word_1_61' title='bbox 795 979 1364 1053; x_wconf 77' lang='lat' dir='ltr'>pamem,benedixit</span> <span class='ocrx_word' id='word_1_62' title='bbox 1393 997 1460 1035; x_wconf 90' lang='lat' dir='ltr'>ac</span> <span class='ocrx_word' id='word_1_63' title='bbox 1491 979 1870 1052; x_wconf 84' lang='lat' dir='ltr'>frcgit,dedit-</span> 
     </span>
    </p>
   </div>
   <div class='ocr_carea' id='block_1_10' title="bbox 211 1047 1868 1142">
    <p class='ocr_par' dir='ltr' id='par_1_10' title="bbox 211 1047 1868 1142">
     <span class='ocr_line' id='line_1_10' title="bbox 211 1047 1868 1142; baseline -0.001 -18"><span class='ocrx_word' id='word_1_64' title='bbox 211 1087 326 1142; x_wconf 85' lang='lat' dir='ltr'>que</span> <span class='ocrx_word' id='word_1_65' title='bbox 345 1047 655 1142; x_wconf 88' lang='lat' dir='ltr'>discipulis</span> <span class='ocrx_word' id='word_1_66' title='bbox 673 1047 878 1125; x_wconf 50' lang='lat' dir='ltr'>suis-et</span> <span class='ocrx_word' id='word_1_67' title='bbox 897 1069 978 1124; x_wconf 89' lang='lat' dir='ltr'>ait</span> <span class='ocrx_word' id='word_1_68' title='bbox 999 1085 1014 1124; x_wconf 88' lang='lat'><strong>:</strong></span> <span class='ocrx_word' id='word_1_69' title='bbox 1047 1047 1283 1141; x_wconf 51' lang='lat' dir='ltr'>A’ccipitc</span> <span class='ocrx_word' id='word_1_70' title='bbox 1310 1077 1362 1124; x_wconf 90' lang='lat' dir='ltr'>et</span> <span class='ocrx_word' id='word_1_71' title='bbox 1389 1047 1771 1134; x_wconf 73' lang='lat' dir='ltr'>comediteJtoc</span> <span class='ocrx_word' id='word_1_72' title='bbox 1788 1077 1868 1124; x_wconf 87' lang='lat' dir='ltr'>est</span> 
     </span>
    </p>
   </div>
   <div class='ocr_carea' id='block_1_11' title="bbox 209 1156 1868 1231">
    <p class='ocr_par' dir='ltr' id='par_1_11' title="bbox 209 1156 1868 1231">
     <span class='ocr_line' id='line_1_11' title="bbox 209 1156 1868 1231; baseline -0.002 -16"><span class='ocrx_word' id='word_1_73' title='bbox 209 1175 402 1231; x_wconf 78' lang='lat' dir='ltr'>corpus</span> <span class='ocrx_word' id='word_1_74' title='bbox 431 1174 632 1224; x_wconf 90' lang='lat' dir='ltr'>meum,</span> <span class='ocrx_word' id='word_1_75' title='bbox 666 1157 808 1230; x_wconf 87' lang='lat' dir='ltr'>quod</span> <span class='ocrx_word' id='word_1_76' title='bbox 859 1173 960 1230; x_wconf 83' lang='lat' dir='ltr'>pro</span> <span class='ocrx_word' id='word_1_77' title='bbox 1009 1159 1158 1214; x_wconf 83' lang='lat' dir='ltr'>vobis</span> <span class='ocrx_word' id='word_1_78' title='bbox 1192 1157 1452 1223; x_wconf 80' lang='lat' dir='ltr'>tradetur,</span> <span class='ocrx_word' id='word_1_79' title='bbox 1485 1156 1586 1213; x_wconf 84' lang='lat' dir='ltr'>hoc</span> <span class='ocrx_word' id='word_1_80' title='bbox 1615 1159 1779 1228; x_wconf 84' lang='lat' dir='ltr'>facite</span> <span class='ocrx_word' id='word_1_81' title='bbox 1808 1158 1868 1212; x_wconf 88' lang='lat' dir='ltr'>in</span> 
     </span>
    </p>
   </div>
   <div class='ocr_carea' id='block_1_12' title="bbox 207 1246 1867 1318">
    <p class='ocr_par' dir='ltr' id='par_1_12' title="bbox 207 1246 1867 1318">
     <span class='ocr_line' id='line_1_12' title="bbox 207 1246 1867 1318; baseline -0.002 -15"><span class='ocrx_word' id='word_1_82' title='bbox 207 1263 390 1304; x_wconf 87' lang='lat' dir='ltr'>meam</span> <span class='ocrx_word' id='word_1_83' title='bbox 414 1248 1022 1314; x_wconf 87' lang='lat' dir='ltr'>commemorationem;</span> <span class='ocrx_word' id='word_1_84' title='bbox 1045 1250 1104 1302; x_wconf 90' lang='lat' dir='ltr'>et</span> <span class='ocrx_word' id='word_1_85' title='bbox 1132 1263 1144 1300; x_wconf 91' lang='lat'><strong>:</strong></span> <span class='ocrx_word' id='word_1_86' title='bbox 1178 1246 1460 1318; x_wconf 86' lang='lat' dir='ltr'>Accipiens</span> <span class='ocrx_word' id='word_1_87' title='bbox 1488 1247 1716 1300; x_wconf 84' lang='lat' dir='ltr'>calicem</span> <span class='ocrx_word' id='word_1_88' title='bbox 1741 1263 1867 1314; x_wconf 88' lang='lat' dir='ltr'>gra-</span> 
     </span>
    </p>
   </div>
   <div class='ocr_carea' id='block_1_13' title="bbox 205 1335 1868 1407">
    <p class='ocr_par' dir='ltr' id='par_1_13' title="bbox 205 1335 1868 1407">
     <span class='ocr_line' id='line_1_13' title="bbox 205 1335 1868 1407; baseline -0.002 -14"><span class='ocrx_word' id='word_1_89' title='bbox 205 1337 315 1392; x_wconf 84' lang='lat' dir='ltr'>tias</span> <span class='ocrx_word' id='word_1_90' title='bbox 333 1337 450 1407; x_wconf 84' lang='lat' dir='ltr'>egit</span> <span class='ocrx_word' id='word_1_91' title='bbox 473 1343 526 1392; x_wconf 86' lang='lat' dir='ltr'>et</span> <span class='ocrx_word' id='word_1_92' title='bbox 554 1335 704 1392; x_wconf 80' lang='lat' dir='ltr'>dedit</span> <span class='ocrx_word' id='word_1_93' title='bbox 729 1335 847 1392; x_wconf 85' lang='lat' dir='ltr'>illis</span> <span class='ocrx_word' id='word_1_94' title='bbox 875 1335 1062 1391; x_wconf 87' lang='lat' dir='ltr'>dicens</span> <span class='ocrx_word' id='word_1_95' title='bbox 1093 1353 1112 1390; x_wconf 89' lang='lat'><em>:</em></span> <span class='ocrx_word' id='word_1_96' title='bbox 1143 1335 1319 1392; x_wconf 87' lang='lat' dir='ltr'>Bibite</span> <span class='ocrx_word' id='word_1_97' title='bbox 1345 1351 1415 1390; x_wconf 75' lang='lat' dir='ltr'>ex</span> <span class='ocrx_word' id='word_1_98' title='bbox 1443 1335 1540 1390; x_wconf 83' lang='lat' dir='ltr'>hoc</span> <span class='ocrx_word' id='word_1_99' title='bbox 1567 1335 1868 1401; x_wconf 72' lang='lat' dir='ltr'>omnethic</span> 
     </span>
    </p>
   </div>
   <div class='ocr_carea' id='block_1_14' title="bbox 205 1423 1869 1496">
    <p class='ocr_par' dir='ltr' id='par_1_14' title="bbox 205 1423 1869 1496">
     <span class='ocr_line' id='line_1_14' title="bbox 205 1423 1869 1496; baseline -0.002 -14"><span class='ocrx_word' id='word_1_100' title='bbox 205 1433 286 1482; x_wconf 83' lang='lat' dir='ltr'>est</span> <span class='ocrx_word' id='word_1_101' title='bbox 313 1427 548 1496; x_wconf 84' lang='lat' dir='ltr'>sanguis</span> <span class='ocrx_word' id='word_1_102' title='bbox 602 1441 758 1482; x_wconf 86' lang='lat' dir='ltr'>meus</span> <span class='ocrx_word' id='word_1_103' title='bbox 811 1426 941 1480; x_wconf 87' lang='lat' dir='ltr'>novi</span> <span class='ocrx_word' id='word_1_104' title='bbox 995 1425 1322 1490; x_wconf 74' lang='lat' dir='ltr'>testamenti,</span> <span class='ocrx_word' id='word_1_105' title='bbox 1351 1425 1450 1496; x_wconf 89' lang='lat' dir='ltr'>qui</span> <span class='ocrx_word' id='word_1_106' title='bbox 1498 1439 1600 1496; x_wconf 82' lang='lat' dir='ltr'>pro</span> <span class='ocrx_word' id='word_1_107' title='bbox 1637 1423 1788 1478; x_wconf 85' lang='lat' dir='ltr'>vobis</span> <span class='ocrx_word' id='word_1_108' title='bbox 1815 1431 1869 1478; x_wconf 89' lang='lat' dir='ltr'>et</span> 
     </span>
    </p>
   </div>
   <div class='ocr_carea' id='block_1_15' title="bbox 200 1511 1860 1588">
    <p class='ocr_par' dir='ltr' id='par_1_15' title="bbox 200 1511 1860 1588">
     <span class='ocr_line' id='line_1_15' title="bbox 200 1511 1860 1588; baseline -0.003 -17"><span class='ocrx_word' id='word_1_109' title='bbox 200 1531 304 1588; x_wconf 83' lang='lat' dir='ltr'>pro</span> <span class='ocrx_word' id='word_1_110' title='bbox 321 1515 514 1570; x_wconf 86' lang='lat' dir='ltr'>multis</span> <span class='ocrx_word' id='word_1_111' title='bbox 543 1512 852 1587; x_wconf 67' lang='lat' dir='ltr'>eﬁundetur</span> <span class='ocrx_word' id='word_1_112' title='bbox 872 1515 932 1569; x_wconf 89' lang='lat' dir='ltr'>in</span> <span class='ocrx_word' id='word_1_113' title='bbox 949 1513 1324 1570; x_wconf 83' lang='lat' dir='ltr'>remissionem</span> <span class='ocrx_word' id='word_1_114' title='bbox 1349 1521 1691 1585; x_wconf 78' lang='lat' dir='ltr'>peccatorum</span> <span class='ocrx_word' id='word_1_115' title='bbox 1713 1511 1860 1584; x_wconf 86' lang='lat' dir='ltr'>(Luc.</span> 
     </span>
    </p>
   </div>
   <div class='ocr_carea' id='block_1_16' title="bbox 205 1599 1865 1673">
    <p class='ocr_par' dir='ltr' id='par_1_16' title="bbox 205 1599 1865 1673">
     <span class='ocr_line' id='line_1_16' title="bbox 205 1599 1865 1673; baseline -0.003 -14"><span class='ocrx_word' id='word_1_116' title='bbox 205 1607 370 1672; x_wconf 68' lang='grc' dir='ltr'>χχιι).</span> <span class='ocrx_word' id='word_1_117' title='bbox 401 1603 528 1658; x_wconf 68' lang='lat' dir='ltr'>llaec</span> <span class='ocrx_word' id='word_1_118' title='bbox 559 1601 658 1658; x_wconf 91' lang='lat' dir='ltr'>ille</span> <span class='ocrx_word' id='word_1_119' title='bbox 705 1601 853 1657; x_wconf 84' lang='lat' dir='ltr'>dixit</span> <span class='ocrx_word' id='word_1_120' title='bbox 881 1604 940 1657; x_wconf 88' lang='lat' dir='ltr'>et</span> <span class='ocrx_word' id='word_1_121' title='bbox 969 1600 1132 1668; x_wconf 87' lang='lat' dir='ltr'>dicit,</span> <span class='ocrx_word' id='word_1_122' title='bbox 1165 1605 1220 1656; x_wconf 88' lang='lat' dir='ltr'>et</span> <span class='ocrx_word' id='word_1_123' title='bbox 1249 1599 1478 1673; x_wconf 84' lang='lat' dir='ltr'>perlicit</span> <span class='ocrx_word' id='word_1_124' title='bbox 1506 1599 1604 1672; x_wconf 88' lang='lat' dir='ltr'>qui</span> <span class='ocrx_word' id='word_1_125' title='bbox 1632 1599 1778 1656; x_wconf 82' lang='lat' dir='ltr'>dixit</span> <span class='ocrx_word' id='word_1_126' title='bbox 1807 1603 1865 1656; x_wconf 89' lang='lat' dir='ltr'>et</span> 
     </span>
    </p>
   </div>
   <div class='ocr_carea' id='block_1_17' title="bbox 206 1689 1860 1762">
    <p class='ocr_par' dir='ltr' id='par_1_17' title="bbox 206 1689 1860 1762">
     <span class='ocr_line' id='line_1_17' title="bbox 206 1689 1860 1762; baseline -0.001 -16"><span class='ocrx_word' id='word_1_127' title='bbox 206 1691 364 1747; x_wconf 83' lang='lat' dir='ltr'>facta</span> <span class='ocrx_word' id='word_1_128' title='bbox 391 1689 860 1759; x_wconf 88' lang='lat' dir='ltr'>sunt,mandavit</span> <span class='ocrx_word' id='word_1_129' title='bbox 883 1693 942 1746; x_wconf 88' lang='lat' dir='ltr'>et</span> <span class='ocrx_word' id='word_1_130' title='bbox 958 1693 1153 1744; x_wconf 88' lang='lat' dir='ltr'>creata</span> <span class='ocrx_word' id='word_1_131' title='bbox 1183 1693 1404 1755; x_wconf 89' lang='lat' dir='ltr'>sunt,et</span> <span class='ocrx_word' id='word_1_132' title='bbox 1423 1705 1490 1744; x_wconf 90' lang='lat' dir='ltr'>eo</span> <span class='ocrx_word' id='word_1_133' title='bbox 1507 1689 1682 1745; x_wconf 89' lang='lat' dir='ltr'>verbo</span> <span class='ocrx_word' id='word_1_134' title='bbox 1705 1689 1860 1762; x_wconf 90' lang='lat' dir='ltr'>quod</span> 
     </span>
    </p>
   </div>
   <div class='ocr_carea' id='block_1_18' title="bbox 203 1776 1862 1852">
    <p class='ocr_par' dir='ltr' id='par_1_18' title="bbox 203 1776 1862 1852">
     <span class='ocr_line' id='line_1_18' title="bbox 203 1776 1862 1852; baseline -0.001 -16"><span class='ocrx_word' id='word_1_135' title='bbox 203 1782 386 1850; x_wconf 84' lang='lat' dir='ltr'>est,et</span> <span class='ocrx_word' id='word_1_136' title='bbox 410 1795 516 1852; x_wconf 89' lang='lat' dir='ltr'>per</span> <span class='ocrx_word' id='word_1_137' title='bbox 544 1778 700 1852; x_wconf 88' lang='lat' dir='ltr'>quod</span> <span class='ocrx_word' id='word_1_138' title='bbox 732 1779 884 1835; x_wconf 80' lang='lat' dir='ltr'>facta</span> <span class='ocrx_word' id='word_1_139' title='bbox 912 1781 1054 1833; x_wconf 89' lang='lat' dir='ltr'>sunt</span> <span class='ocrx_word' id='word_1_140' title='bbox 1080 1776 1298 1845; x_wconf 85' lang='lat' dir='ltr'>omnia,</span> <span class='ocrx_word' id='word_1_141' title='bbox 1325 1781 1384 1832; x_wconf 89' lang='lat' dir='ltr'>et</span> <span class='ocrx_word' id='word_1_142' title='bbox 1414 1793 1518 1850; x_wconf 90' lang='lat' dir='ltr'>per</span> <span class='ocrx_word' id='word_1_143' title='bbox 1545 1777 1862 1850; x_wconf 79' lang='lat' dir='ltr'>prophetas</span> 
     </span>
    </p>
   </div>
   <div class='ocr_carea' id='block_1_19' title="bbox 203 1864 1938 1974">
    <p class='ocr_par' dir='ltr' id='par_1_19' title="bbox 203 1864 1938 1974">
     <span class='ocr_line' id='line_1_19' title="bbox 203 1864 1938 1974; baseline -0.001 -50"><span class='ocrx_word' id='word_1_144' title='bbox 203 1884 350 1925; x_wconf 87' lang='lat' dir='ltr'>suos</span> <span class='ocrx_word' id='word_1_145' title='bbox 380 1867 658 1974; x_wconf 48' lang='lat' dir='ltr'>hydrina</span> <span class='ocrx_word' id='word_1_146' title='bbox 699 1866 912 1974; x_wconf 47' lang='lat' dir='ltr'>farinte‘</span> <span class='ocrx_word' id='word_1_147' title='bbox 927 1869 986 1922; x_wconf 88' lang='lat' dir='ltr'>et</span> <span class='ocrx_word' id='word_1_148' title='bbox 1012 1864 1473 1974; x_wconf 43' lang='lat' dir='ltr'>lecyth‘umvolei,</span> <span class='ocrx_word' id='word_1_149' title='bbox 1505 1869 1563 1922; x_wconf 89' lang='lat' dir='ltr'>et</span> <span class='ocrx_word' id='word_1_150' title='bbox 1594 1882 1697 1974; x_wconf 68' lang='lat' dir='ltr'>per</span> <span class='ocrx_word' id='word_1_151' title='bbox 1725 1883 1862 1922; x_wconf 85' lang='lat' dir='ltr'>vasa</span> <span class='ocrx_word' id='word_1_152' title='bbox 1888 1908 1938 1974; x_wconf 81' lang='grc' dir='ltr'><strong>Β</strong></span> 
     </span>
    </p>
   </div>
   <div class='ocr_carea' id='block_1_20' title="bbox 202 1953 1856 2030">
    <p class='ocr_par' dir='ltr' id='par_1_20' title="bbox 202 1953 1856 2030">
     <span class='ocr_line' id='line_1_20' title="bbox 202 1953 1856 2030; baseline -0.001 -17"><span class='ocrx_word' id='word_1_153' title='bbox 202 1973 324 2014; x_wconf 86' lang='lat' dir='ltr'>non</span> <span class='ocrx_word' id='word_1_154' title='bbox 340 1973 532 2030; x_wconf 88' lang='lat' dir='ltr'>pauca</span> <span class='ocrx_word' id='word_1_155' title='bbox 549 1955 832 2012; x_wconf 64' lang='lat' dir='ltr'>diffusum</span> <span class='ocrx_word' id='word_1_156' title='bbox 863 1953 1056 2013; x_wconf 91' lang='lat' dir='ltr'>oleum</span> <span class='ocrx_word' id='word_1_157' title='bbox 1089 1953 1586 2029; x_wconf 89' lang='lat' dir='ltr'>multiplicavit,et</span> <span class='ocrx_word' id='word_1_158' title='bbox 1598 1953 1856 2012; x_wconf 82' lang='lat' dir='ltr'>Verbum</span> 
     </span>
    </p>
   </div>
   <div class='ocr_carea' id='block_1_21' title="bbox 200 2041 1858 2114">
    <p class='ocr_par' dir='ltr' id='par_1_21' title="bbox 200 2041 1858 2114">
     <span class='ocr_line' id='line_1_21' title="bbox 200 2041 1858 2114; baseline -0.002 -12"><span class='ocrx_word' id='word_1_159' title='bbox 200 2062 342 2102; x_wconf 84' lang='lat' dir='ltr'>caro</span> <span class='ocrx_word' id='word_1_160' title='bbox 376 2045 595 2102; x_wconf 83' lang='lat' dir='ltr'>factum</span> <span class='ocrx_word' id='word_1_161' title='bbox 626 2047 734 2114; x_wconf 90' lang='lat' dir='ltr'>est,</span> <span class='ocrx_word' id='word_1_162' title='bbox 754 2047 812 2100; x_wconf 90' lang='lat' dir='ltr'>et</span> <span class='ocrx_word' id='word_1_163' title='bbox 829 2042 1114 2100; x_wconf 85' lang='lat' dir='ltr'>habitavit</span> <span class='ocrx_word' id='word_1_164' title='bbox 1139 2043 1199 2098; x_wconf 91' lang='lat' dir='ltr'>in</span> <span class='ocrx_word' id='word_1_165' title='bbox 1233 2043 1422 2112; x_wconf 89' lang='lat' dir='ltr'>nobis,</span> <span class='ocrx_word' id='word_1_166' title='bbox 1443 2059 1576 2099; x_wconf 91' lang='lat' dir='ltr'>cum</span> <span class='ocrx_word' id='word_1_167' title='bbox 1599 2041 1659 2098; x_wconf 89' lang='lat' dir='ltr'>in</span> <span class='ocrx_word' id='word_1_168' title='bbox 1693 2048 1858 2100; x_wconf 82' lang='lat' dir='ltr'>utero</span> 
     </span>
    </p>
   </div>
   <div class='ocr_carea' id='block_1_22' title="bbox 199 2129 1859 2209">
    <p class='ocr_par' dir='ltr' id='par_1_22' title="bbox 199 2129 1859 2209">
     <span class='ocr_line' id='line_1_22' title="bbox 199 2129 1859 2209; baseline -0.003 -17"><span class='ocrx_word' id='word_1_169' title='bbox 199 2133 479 2209; x_wconf 81' lang='lat' dir='ltr'>virginali</span> <span class='ocrx_word' id='word_1_170' title='bbox 509 2132 894 2191; x_wconf 81' lang='lat' dir='ltr'>sanctiﬁcavit</span> <span class='ocrx_word' id='word_1_171' title='bbox 941 2129 1386 2188; x_wconf 81' lang='lat' dir='ltr'>tabernaculum</span> <span class='ocrx_word' id='word_1_172' title='bbox 1425 2147 1600 2188; x_wconf 89' lang='lat' dir='ltr'>suum</span> <span class='ocrx_word' id='word_1_173' title='bbox 1629 2131 1859 2188; x_wconf 85' lang='lat' dir='ltr'>Altissi-</span> 
     </span>
    </p>
   </div>
   <div class='ocr_carea' id='block_1_23' title="bbox 200 2219 1858 2298">
    <p class='ocr_par' dir='ltr' id='par_1_23' title="bbox 200 2219 1858 2298">
     <span class='ocr_line' id='line_1_23' title="bbox 200 2219 1858 2298; baseline -0.002 -18"><span class='ocrx_word' id='word_1_174' title='bbox 200 2241 370 2292; x_wconf 87' lang='lat' dir='ltr'>mus,</span> <span class='ocrx_word' id='word_1_175' title='bbox 391 2226 585 2298; x_wconf 85' lang='lat' dir='ltr'>potest</span> <span class='ocrx_word' id='word_1_176' title='bbox 613 2237 856 2278; x_wconf 90' lang='lat' dir='ltr'>manum</span> <span class='ocrx_word' id='word_1_177' title='bbox 886 2237 1102 2294; x_wconf 90' lang='lat' dir='ltr'>ponere</span> <span class='ocrx_word' id='word_1_178' title='bbox 1131 2219 1188 2275; x_wconf 91' lang='lat' dir='ltr'>in</span> <span class='ocrx_word' id='word_1_179' title='bbox 1213 2220 1524 2286; x_wconf 88' lang='lat' dir='ltr'>ambobus,</span> <span class='ocrx_word' id='word_1_180' title='bbox 1545 2224 1605 2276; x_wconf 91' lang='lat' dir='ltr'>et</span> <span class='ocrx_word' id='word_1_181' title='bbox 1634 2225 1858 2294; x_wconf 86' lang='lat' dir='ltr'>patrem</span> 
     </span>
    </p>
   </div>
   <div class='ocr_carea' id='block_1_24' title="bbox 201 2307 1858 2382">
    <p class='ocr_par' dir='ltr' id='par_1_24' title="bbox 201 2307 1858 2382">
     <span class='ocr_line' id='line_1_24' title="bbox 201 2307 1858 2382; baseline -0.002 -13"><span class='ocrx_word' id='word_1_182' title='bbox 201 2310 433 2370; x_wconf 81' lang='lat' dir='ltr'>scilicet</span> <span class='ocrx_word' id='word_1_183' title='bbox 462 2309 787 2368; x_wconf 87' lang='lat' dir='ltr'>divinitatis</span> <span class='ocrx_word' id='word_1_184' title='bbox 815 2308 1145 2382; x_wconf 71' lang='lat' dir='ltr'>aequalitate</span> <span class='ocrx_word' id='word_1_185' title='bbox 1175 2307 1492 2382; x_wconf 83' lang='lat' dir='ltr'>placare,et</span> <span class='ocrx_word' id='word_1_186' title='bbox 1512 2313 1722 2365; x_wconf 58' lang='lat' dir='ltr'>nostra;</span> <span class='ocrx_word' id='word_1_187' title='bbox 1745 2310 1858 2366; x_wconf 80' lang='lat' dir='ltr'>l&#39;ra-</span> 
     </span>
    </p>
   </div>
   <div class='ocr_carea' id='block_1_25' title="bbox 201 2397 1860 2476">
    <p class='ocr_par' dir='ltr' id='par_1_25' title="bbox 201 2397 1860 2476">
     <span class='ocr_line' id='line_1_25' title="bbox 201 2397 1860 2476; baseline -0.001 -19"><span class='ocrx_word' id='word_1_188' title='bbox 201 2400 497 2476; x_wconf 85' lang='lat' dir='ltr'>gilitatem</span> <span class='ocrx_word' id='word_1_189' title='bbox 547 2399 891 2458; x_wconf 65' lang='lat' dir='ltr'>substantia</span> <span class='ocrx_word' id='word_1_190' title='bbox 947 2399 1324 2469; x_wconf 80' lang='lat' dir='ltr'>assumenda,</span> <span class='ocrx_word' id='word_1_191' title='bbox 1355 2415 1484 2455; x_wconf 87' lang='lat' dir='ltr'>eam</span> <span class='ocrx_word' id='word_1_192' title='bbox 1523 2397 1650 2454; x_wconf 88' lang='lat' dir='ltr'>sine</span> <span class='ocrx_word' id='word_1_193' title='bbox 1681 2398 1860 2455; x_wconf 87' lang='lat' dir='ltr'>ullius</span> 
     </span>
    </p>
   </div>
   <div class='ocr_carea' id='block_1_26' title="bbox 203 2487 1862 2564">
    <p class='ocr_par' dir='ltr' id='par_1_26' title="bbox 203 2487 1862 2564">
     <span class='ocr_line' id='line_1_26' title="bbox 203 2487 1862 2564; baseline -0.003 -17"><span class='ocrx_word' id='word_1_194' title='bbox 203 2489 398 2564; x_wconf 73' lang='lat' dir='ltr'>culpas</span> <span class='ocrx_word' id='word_1_195' title='bbox 429 2489 700 2562; x_wconf 85' lang='lat' dir='ltr'>contagio</span> <span class='ocrx_word' id='word_1_196' title='bbox 731 2489 790 2544; x_wconf 90' lang='lat' dir='ltr'>in</span> <span class='ocrx_word' id='word_1_197' title='bbox 823 2487 1046 2544; x_wconf 87' lang='lat' dir='ltr'>unitate</span> <span class='ocrx_word' id='word_1_198' title='bbox 1076 2505 1195 2544; x_wconf 84' lang='lat' dir='ltr'>suae</span> <span class='ocrx_word' id='word_1_199' title='bbox 1226 2503 1487 2560; x_wconf 67' lang='lat' dir='ltr'>personae</span> <span class='ocrx_word' id='word_1_200' title='bbox 1518 2488 1772 2560; x_wconf 88' lang='lat' dir='ltr'>compati</span> <span class='ocrx_word' id='word_1_201' title='bbox 1805 2492 1862 2544; x_wconf 88' lang='lat' dir='ltr'>et</span> 
     </span>
    </p>
   </div>
   <div class='ocr_carea' id='block_1_27' title="bbox 203 2574 1859 2652">
    <p class='ocr_par' dir='ltr' id='par_1_27' title="bbox 203 2574 1859 2652">
     <span class='ocr_line' id='line_1_27' title="bbox 203 2574 1859 2652; baseline -0.003 -15"><span class='ocrx_word' id='word_1_202' title='bbox 203 2579 500 2647; x_wconf 87' lang='lat' dir='ltr'>misereri,</span> <span class='ocrx_word' id='word_1_203' title='bbox 527 2583 588 2636; x_wconf 89' lang='lat' dir='ltr'>et</span> <span class='ocrx_word' id='word_1_204' title='bbox 614 2595 796 2652; x_wconf 87' lang='lat' dir='ltr'>panes</span> <span class='ocrx_word' id='word_1_205' title='bbox 821 2594 888 2635; x_wconf 92' lang='lat' dir='ltr'>ac</span> <span class='ocrx_word' id='word_1_206' title='bbox 915 2576 1105 2651; x_wconf 88' lang='lat' dir='ltr'>pisces</span> <span class='ocrx_word' id='word_1_207' title='bbox 1139 2577 1311 2648; x_wconf 83' lang='lat' dir='ltr'>juxta</span> <span class='ocrx_word' id='word_1_208' title='bbox 1356 2574 1656 2632; x_wconf 86' lang='lat' dir='ltr'>veritatem</span> <span class='ocrx_word' id='word_1_209' title='bbox 1689 2593 1859 2633; x_wconf 88' lang='lat' dir='ltr'>evan-</span> 
     </span>
    </p>
   </div>
   <div class='ocr_carea' id='block_1_28' title="bbox 205 2665 1862 2744">
    <p class='ocr_par' dir='ltr' id='par_1_28' title="bbox 205 2665 1862 2744">
     <span class='ocr_line' id='line_1_28' title="bbox 205 2665 1862 2744; baseline -0.002 -19"><span class='ocrx_word' id='word_1_210' title='bbox 205 2668 463 2744; x_wconf 78' lang='lat' dir='ltr'>gelicum</span> <span class='ocrx_word' id='word_1_211' title='bbox 487 2685 598 2724; x_wconf 89' lang='lat' dir='ltr'>sua</span> <span class='ocrx_word' id='word_1_212' title='bbox 617 2666 1020 2724; x_wconf 87' lang='lat' dir='ltr'>benedictione</span> <span class='ocrx_word' id='word_1_213' title='bbox 1051 2665 1217 2722; x_wconf 89' lang='lat' dir='ltr'>multi</span> <span class='ocrx_word' id='word_1_214' title='bbox 1224 2665 1546 2738; x_wconf 85' lang='lat' dir='ltr'>plicavit,et</span> <span class='ocrx_word' id='word_1_215' title='bbox 1565 2682 1776 2738; x_wconf 88' lang='lat' dir='ltr'>aquam</span> <span class='ocrx_word' id='word_1_216' title='bbox 1801 2665 1862 2722; x_wconf 90' lang='lat' dir='ltr'>in</span> 
     </span>
    </p>
   </div>
   <div class='ocr_carea' id='block_1_29' title="bbox 200 2755 1864 2824">
    <p class='ocr_par' dir='ltr' id='par_1_29' title="bbox 200 2755 1864 2824">
     <span class='ocr_line' id='line_1_29' title="bbox 200 2755 1864 2824; baseline -0.001 -12"><span class='ocrx_word' id='word_1_217' title='bbox 200 2758 412 2814; x_wconf 86' lang='lat' dir='ltr'>vinum</span> <span class='ocrx_word' id='word_1_218' title='bbox 433 2757 610 2814; x_wconf 87' lang='lat' dir='ltr'>tacito</span> <span class='ocrx_word' id='word_1_219' title='bbox 633 2759 780 2812; x_wconf 91' lang='lat' dir='ltr'>nutu</span> <span class='ocrx_word' id='word_1_220' title='bbox 801 2755 993 2824; x_wconf 88' lang='lat' dir='ltr'>vertit,</span> <span class='ocrx_word' id='word_1_221' title='bbox 1017 2759 1075 2811; x_wconf 89' lang='lat' dir='ltr'>et</span> <span class='ocrx_word' id='word_1_222' title='bbox 1097 2759 1337 2810; x_wconf 88' lang='lat' dir='ltr'>naturas</span> <span class='ocrx_word' id='word_1_223' title='bbox 1369 2771 1564 2810; x_wconf 89' lang='lat' dir='ltr'>rerum</span> <span class='ocrx_word' id='word_1_224' title='bbox 1589 2758 1779 2810; x_wconf 86' lang='lat' dir='ltr'>mutat</span> <span class='ocrx_word' id='word_1_225' title='bbox 1798 2757 1864 2810; x_wconf 91' lang='lat' dir='ltr'>ut</span> 
     </span>
    </p>
   </div>
   <div class='ocr_carea' id='block_1_30' title="bbox 202 2841 1862 2919">
    <p class='ocr_par' dir='ltr' id='par_1_30' title="bbox 202 2841 1862 2919">
     <span class='ocr_line' id='line_1_30' title="bbox 202 2841 1862 2919; baseline -0.001 -19"><span class='ocrx_word' id='word_1_226' title='bbox 202 2843 336 2919; x_wconf 81' lang='lat' dir='ltr'>ipse</span> <span class='ocrx_word' id='word_1_227' title='bbox 363 2843 554 2901; x_wconf 89' lang='lat' dir='ltr'>volet:</span> <span class='ocrx_word' id='word_1_228' title='bbox 589 2845 760 2917; x_wconf 90' lang='lat' dir='ltr'>cujus</span> <span class='ocrx_word' id='word_1_229' title='bbox 788 2842 1058 2900; x_wconf 72' lang='lat' dir='ltr'>veridicis</span> <span class='ocrx_word' id='word_1_230' title='bbox 1087 2843 1279 2899; x_wconf 88' lang='lat' dir='ltr'>verbis</span> <span class='ocrx_word' id='word_1_231' title='bbox 1309 2841 1712 2898; x_wconf 88' lang='lat' dir='ltr'>indubitanter</span> <span class='ocrx_word' id='word_1_232' title='bbox 1741 2859 1862 2898; x_wconf 88' lang='lat' dir='ltr'>cre-</span> 
     </span>
    </p>
   </div>
   <div class='ocr_carea' id='block_1_31' title="bbox 203 2931 1863 3007">
    <p class='ocr_par' dir='ltr' id='par_1_31' title="bbox 203 2931 1863 3007">
     <span class='ocr_line' id='line_1_31' title="bbox 203 2931 1863 3007; baseline -0.002 -15"><span class='ocrx_word' id='word_1_233' title='bbox 203 2935 358 2992; x_wconf 84' lang='lat' dir='ltr'>dens</span> <span class='ocrx_word' id='word_1_234' title='bbox 393 2931 710 3007; x_wconf 85' lang='lat' dir='ltr'>Apostolus</span> <span class='ocrx_word' id='word_1_235' title='bbox 733 2933 876 2989; x_wconf 89' lang='lat' dir='ltr'>dicit</span> <span class='ocrx_word' id='word_1_236' title='bbox 899 2950 913 2988; x_wconf 88' lang='lat'><strong>:</strong></span> <span class='ocrx_word' id='word_1_237' title='bbox 935 2933 1186 2992; x_wconf 83' lang='lat' dir='ltr'>Calicem</span> <span class='ocrx_word' id='word_1_238' title='bbox 1210 2931 1614 2989; x_wconf 77' lang='lat' dir='ltr'>benedictionis</span> <span class='ocrx_word' id='word_1_239' title='bbox 1642 2931 1738 2988; x_wconf 91' lang='lat' dir='ltr'>cui</span> <span class='ocrx_word' id='word_1_240' title='bbox 1765 2933 1863 2988; x_wconf 54' lang='lat' dir='ltr'>be-</span> 
     </span>
    </p>
   </div>
   <div class='ocr_carea' id='block_1_32' title="bbox 203 3020 1864 3093">
    <p class='ocr_par' dir='ltr' id='par_1_32' title="bbox 203 3020 1864 3093">
     <span class='ocr_line' id='line_1_32' title="bbox 203 3020 1864 3093; baseline -0.002 -13"><span class='ocrx_word' id='word_1_241' title='bbox 203 3023 752 3093; x_wconf 72' lang='lat' dir='ltr'>nedicimus,nonnc</span> <span class='ocrx_word' id='word_1_242' title='bbox 762 3022 1206 3080; x_wconf 79' lang='lat' dir='ltr'>communicatio</span> <span class='ocrx_word' id='word_1_243' title='bbox 1215 3020 1509 3092; x_wconf 85' lang='lat' dir='ltr'>sanguinis</span> <span class='ocrx_word' id='word_1_244' title='bbox 1523 3020 1740 3076; x_wconf 80' lang='lat' dir='ltr'>Christi</span> <span class='ocrx_word' id='word_1_245' title='bbox 1748 3020 1864 3077; x_wconf 86' lang='lat' dir='ltr'>est?</span> 
     </span>
    </p>
   </div>
   <div class='ocr_carea' id='block_1_33' title="bbox 201 3109 1866 3186">
    <p class='ocr_par' dir='ltr' id='par_1_33' title="bbox 201 3109 1866 3186">
     <span class='ocr_line' id='line_1_33' title="bbox 201 3109 1866 3186; baseline -0.002 -17"><span class='ocrx_word' id='word_1_246' title='bbox 201 3115 330 3186; x_wconf 69' lang='lat' dir='ltr'>Ego</span> <span class='ocrx_word' id='word_1_247' title='bbox 340 3111 494 3169; x_wconf 74' lang='lat' dir='ltr'>enim</span> <span class='ocrx_word' id='word_1_248' title='bbox 512 3111 712 3181; x_wconf 87' lang='lat' dir='ltr'>accepi</span> <span class='ocrx_word' id='word_1_249' title='bbox 731 3127 768 3166; x_wconf 90' lang='lat' dir='ltr'>a</span> <span class='ocrx_word' id='word_1_250' title='bbox 788 3111 1030 3168; x_wconf 91' lang='lat' dir='ltr'>Domino</span> <span class='ocrx_word' id='word_1_251' title='bbox 1047 3109 1198 3184; x_wconf 87' lang='lat' dir='ltr'>quod</span> <span class='ocrx_word' id='word_1_252' title='bbox 1218 3118 1274 3166; x_wconf 89' lang='lat' dir='ltr'>et</span> <span class='ocrx_word' id='word_1_253' title='bbox 1295 3110 1524 3166; x_wconf 80' lang='lat' dir='ltr'>tradidi</span> <span class='ocrx_word' id='word_1_254' title='bbox 1546 3111 1718 3178; x_wconf 71' lang='lat' dir='ltr'>vobis,</span> <span class='ocrx_word' id='word_1_255' title='bbox 1733 3127 1866 3182; x_wconf 87' lang='lat' dir='ltr'>quo-</span> 
     </span>
    </p>
   </div>
   <div class='ocr_carea' id='block_1_34' title="bbox 197 3191 1864 3272">
    <p class='ocr_par' dir='ltr' id='par_1_34' title="bbox 197 3191 1864 3272">
     <span class='ocr_line' id='line_1_34' title="bbox 197 3191 1864 3272; baseline -0.003 -13"><span class='ocrx_word' id='word_1_256' title='bbox 197 3191 370 3259; x_wconf 76' lang='lat' dir='ltr'>niam</span> <span class='ocrx_word' id='word_1_257' title='bbox 384 3201 659 3258; x_wconf 82' lang='lat' dir='ltr'>Dominus</span> <span class='ocrx_word' id='word_1_258' title='bbox 675 3209 870 3257; x_wconf 86' lang='lat' dir='ltr'>noster</span> <span class='ocrx_word' id='word_1_259' title='bbox 889 3204 1056 3258; x_wconf 74' lang='lat' dir='ltr'>Iesus</span> <span class='ocrx_word' id='word_1_260' title='bbox 1075 3201 1336 3258; x_wconf 80' lang='lat' dir='ltr'>Christus</span> <span class='ocrx_word' id='word_1_261' title='bbox 1353 3199 1412 3256; x_wconf 86' lang='lat' dir='ltr'>in</span> <span class='ocrx_word' id='word_1_262' title='bbox 1427 3217 1540 3272; x_wconf 88' lang='lat' dir='ltr'>qua</span> <span class='ocrx_word' id='word_1_263' title='bbox 1553 3209 1718 3256; x_wconf 89' lang='lat' dir='ltr'>nocte</span> <span class='ocrx_word' id='word_1_264' title='bbox 1736 3210 1864 3256; x_wconf 88' lang='lat' dir='ltr'>tra-</span> 
     </span>
    </p>
   </div>
   <div class='ocr_carea' id='block_1_35' title="bbox 1977 602 3624 684">
    <p class='ocr_par' dir='ltr' id='par_1_35' title="bbox 1977 602 3624 684">
     <span class='ocr_line' id='line_1_35' title="bbox 1977 602 3624 684; baseline 0.001 -4"><span class='ocrx_word' id='word_1_265' title='bbox 1977 625 2130 680; x_wconf 89' lang='lat' dir='ltr'>canti</span> <span class='ocrx_word' id='word_1_266' title='bbox 2157 625 2312 680; x_wconf 89' lang='lat' dir='ltr'>enim</span> <span class='ocrx_word' id='word_1_267' title='bbox 2335 602 2560 681; x_wconf 72' lang='lat' dir='ltr'>homini</span> <span class='ocrx_word' id='word_1_268' title='bbox 2584 622 2806 680; x_wconf 87' lang='lat' dir='ltr'>dictum</span> <span class='ocrx_word' id='word_1_269' title='bbox 2830 627 2948 680; x_wconf 89' lang='lat' dir='ltr'>est:</span> <span class='ocrx_word' id='word_1_270' title='bbox 2964 631 3150 682; x_wconf 84' lang='lat' dir='ltr'>Terra</span> <span class='ocrx_word' id='word_1_271' title='bbox 3161 643 3219 682; x_wconf 87' lang='lat' dir='ltr'>es</span> <span class='ocrx_word' id='word_1_272' title='bbox 3238 635 3294 682; x_wconf 89' lang='lat' dir='ltr'>et</span> <span class='ocrx_word' id='word_1_273' title='bbox 3321 626 3379 682; x_wconf 88' lang='lat' dir='ltr'>in</span> <span class='ocrx_word' id='word_1_274' title='bbox 3399 635 3624 684; x_wconf 85' lang='lat' dir='ltr'>terram</span> 
     </span>
    </p>
   </div>
   <div class='ocr_carea' id='block_1_36' title="bbox 1975 712 3620 788">
    <p class='ocr_par' dir='ltr' id='par_1_36' title="bbox 1975 712 3620 788">
     <span class='ocr_line' id='line_1_36' title="bbox 1975 712 3620 788; baseline 0.002 -19"><span class='ocrx_word' id='word_1_275' title='bbox 1975 714 2082 770; x_wconf 85' lang='lat' dir='ltr'>ibis</span> <span class='ocrx_word' id='word_1_276' title='bbox 2130 714 2288 785; x_wconf 72' lang='lat' dir='ltr'>(Gen.</span> <span class='ocrx_word' id='word_1_277' title='bbox 2321 731 2404 780; x_wconf 88' lang='grc' dir='ltr'>ιιι,</span> <span class='ocrx_word' id='word_1_278' title='bbox 2441 714 2547 783; x_wconf 85' lang='grc'>19).</span> <span class='ocrx_word' id='word_1_279' title='bbox 2602 715 2735 780; x_wconf 59' lang='lat' dir='ltr'>Qua;</span> <span class='ocrx_word' id='word_1_280' title='bbox 2783 712 3005 768; x_wconf 87' lang='lat' dir='ltr'>scilicet</span> <span class='ocrx_word' id='word_1_281' title='bbox 3034 717 3190 770; x_wconf 88' lang='lat' dir='ltr'>terra</span> <span class='ocrx_word' id='word_1_282' title='bbox 3219 715 3620 788; x_wconf 86' lang='lat' dir='ltr'>Redemptoris</span> 
     </span>
    </p>
   </div>
   <div class='ocr_carea' id='block_1_37' title="bbox 1977 802 3622 881">
    <p class='ocr_par' dir='ltr' id='par_1_37' title="bbox 1977 802 3622 881">
     <span class='ocr_line' id='line_1_37' title="bbox 1977 802 3622 881; baseline 0.002 -25"><span class='ocrx_word' id='word_1_283' title='bbox 1977 803 2161 858; x_wconf 89' lang='lat' dir='ltr'>nostri</span> <span class='ocrx_word' id='word_1_284' title='bbox 2193 803 2540 875; x_wconf 82' lang='lat' dir='ltr'>sanguinem</span> <span class='ocrx_word' id='word_1_285' title='bbox 2572 819 2688 858; x_wconf 90' lang='lat' dir='ltr'>non</span> <span class='ocrx_word' id='word_1_286' title='bbox 2720 802 3195 874; x_wconf 86' lang='lat' dir='ltr'>abscondit,quia</span> <span class='ocrx_word' id='word_1_287' title='bbox 3215 802 3622 881; x_wconf 82' lang='lat' dir='ltr'>unusquisque</span> 
     </span>
    </p>
   </div>
   <div class='ocr_carea' id='block_1_38' title="bbox 1977 891 3625 964">
    <p class='ocr_par' dir='ltr' id='par_1_38' title="bbox 1977 891 3625 964">
     <span class='ocr_line' id='line_1_38' title="bbox 1977 891 3625 964; baseline 0 -17"><span class='ocrx_word' id='word_1_288' title='bbox 1977 895 2246 964; x_wconf 89' lang='lat' dir='ltr'>peccator</span> <span class='ocrx_word' id='word_1_289' title='bbox 2276 892 2694 964; x_wconf 89' lang='lat' dir='ltr'>redemptionis</span> <span class='ocrx_word' id='word_1_290' title='bbox 2715 909 2832 947; x_wconf 67' lang='lat' dir='ltr'>suae</span> <span class='ocrx_word' id='word_1_291' title='bbox 2855 891 3109 963; x_wconf 88' lang='lat' dir='ltr'>pretium</span> <span class='ocrx_word' id='word_1_292' title='bbox 3132 907 3372 946; x_wconf 81' lang='lat' dir='ltr'>sumens</span> <span class='ocrx_word' id='word_1_293' title='bbox 3393 891 3625 947; x_wconf 81' lang='lat' dir='ltr'>confite-</span> 
     </span>
    </p>
   </div>
   <div class='ocr_carea' id='block_1_39' title="bbox 1975 979 3620 1053">
    <p class='ocr_par' dir='ltr' id='par_1_39' title="bbox 1975 979 3620 1053">
     <span class='ocr_line' id='line_1_39' title="bbox 1975 979 3620 1053; baseline -0.001 -17"><span class='ocrx_word' id='word_1_294' title='bbox 1975 984 2072 1036; x_wconf 90' lang='lat' dir='ltr'>tur</span> <span class='ocrx_word' id='word_1_295' title='bbox 2101 997 2167 1036; x_wconf 82' lang='lat' dir='ltr'>ac</span> <span class='ocrx_word' id='word_1_296' title='bbox 2197 979 2418 1053; x_wconf 85' lang='lat' dir='ltr'>laudat,</span> <span class='ocrx_word' id='word_1_297' title='bbox 2453 985 2511 1036; x_wconf 89' lang='lat' dir='ltr'>et</span> <span class='ocrx_word' id='word_1_298' title='bbox 2540 981 2757 1053; x_wconf 89' lang='lat' dir='ltr'>quibus</span> <span class='ocrx_word' id='word_1_299' title='bbox 2785 980 2938 1036; x_wconf 88' lang='lat' dir='ltr'>valet</span> <span class='ocrx_word' id='word_1_300' title='bbox 2980 979 3260 1053; x_wconf 84' lang='lat' dir='ltr'>proximis</span> <span class='ocrx_word' id='word_1_301' title='bbox 3290 979 3620 1036; x_wconf 90' lang='lat' dir='ltr'>innotescit.</span> 
     </span>
    </p>
   </div>
   <div class='ocr_carea' id='block_1_40' title="bbox 1976 1067 3627 1142">
    <p class='ocr_par' dir='ltr' id='par_1_40' title="bbox 1976 1067 3627 1142">
     <span class='ocr_line' id='line_1_40' title="bbox 1976 1067 3627 1142; baseline -0.001 -18"><span class='ocrx_word' id='word_1_302' title='bbox 1976 1069 2156 1124; x_wconf 88' lang='lat' dir='ltr'>Terra</span> <span class='ocrx_word' id='word_1_303' title='bbox 2178 1068 2354 1124; x_wconf 88' lang='lat' dir='ltr'>etiam</span> <span class='ocrx_word' id='word_1_304' title='bbox 2376 1068 2722 1142; x_wconf 88' lang='lat' dir='ltr'>sanguinem</span> <span class='ocrx_word' id='word_1_305' title='bbox 2739 1069 2867 1140; x_wconf 87' lang='lat' dir='ltr'>ejus</span> <span class='ocrx_word' id='word_1_306' title='bbox 2886 1086 2999 1124; x_wconf 91' lang='lat' dir='ltr'>non</span> <span class='ocrx_word' id='word_1_307' title='bbox 3017 1067 3412 1141; x_wconf 87' lang='lat' dir='ltr'>operuit,quia</span> <span class='ocrx_word' id='word_1_308' title='bbox 3422 1071 3627 1124; x_wconf 86' lang='lat' dir='ltr'>sancta</span> 
     </span>
    </p>
   </div>
   <div class='ocr_carea' id='block_1_41' title="bbox 1974 1156 3625 1231">
    <p class='ocr_par' dir='ltr' id='par_1_41' title="bbox 1974 1156 3625 1231">
     <span class='ocr_line' id='line_1_41' title="bbox 1974 1156 3625 1231; baseline 0.001 -19"><span class='ocrx_word' id='word_1_309' title='bbox 1974 1157 2234 1214; x_wconf 88' lang='lat' dir='ltr'>Ecclesia</span> <span class='ocrx_word' id='word_1_310' title='bbox 2277 1159 2698 1230; x_wconf 86' lang='lat' dir='ltr'>redemptionis</span> <span class='ocrx_word' id='word_1_311' title='bbox 2749 1175 2867 1214; x_wconf 63' lang='lat' dir='ltr'>suae</span> <span class='ocrx_word' id='word_1_312' title='bbox 2917 1158 3263 1231; x_wconf 81' lang='lat' dir='ltr'>mysterium</span> <span class='ocrx_word' id='word_1_313' title='bbox 3296 1156 3352 1212; x_wconf 91' lang='lat' dir='ltr'>in</span> <span class='ocrx_word' id='word_1_314' title='bbox 3397 1157 3625 1214; x_wconf 87' lang='lat' dir='ltr'>cunctis</span> 
     </span>
    </p>
   </div>
   <div class='ocr_carea' id='block_1_42' title="bbox 1966 1245 3627 1319">
    <p class='ocr_par' dir='ltr' id='par_1_42' title="bbox 1966 1245 3627 1319">
     <span class='ocr_line' id='line_1_42' title="bbox 1966 1245 3627 1319; baseline 0.001 -19"><span class='ocrx_word' id='word_1_315' title='bbox 1966 1245 2093 1317; x_wconf 89' lang='lat' dir='ltr'>jam</span> <span class='ocrx_word' id='word_1_316' title='bbox 2119 1247 2323 1302; x_wconf 90' lang='lat' dir='ltr'>mundi</span> <span class='ocrx_word' id='word_1_317' title='bbox 2347 1246 2612 1318; x_wconf 89' lang='lat' dir='ltr'>partibus</span> <span class='ocrx_word' id='word_1_318' title='bbox 2635 1247 3133 1319; x_wconf 62' lang='lat' dir='ltr'>praedicat.Neque</span> <span class='ocrx_word' id='word_1_319' title='bbox 3153 1245 3448 1303; x_wconf 88' lang='lat' dir='ltr'>invenitin</span> <span class='ocrx_word' id='word_1_320' title='bbox 3470 1250 3627 1303; x_wconf 86' lang='lat' dir='ltr'>terra</span> 
     </span>
    </p>
   </div>
   <div class='ocr_carea' id='block_1_43' title="bbox 1973 1333 3622 1409">
    <p class='ocr_par' dir='ltr' id='par_1_43' title="bbox 1973 1333 3622 1409">
     <span class='ocr_line' id='line_1_43' title="bbox 1973 1333 3622 1409; baseline 0.002 -21"><span class='ocrx_word' id='word_1_321' title='bbox 1973 1333 2194 1390; x_wconf 89' lang='lat' dir='ltr'>latendi</span> <span class='ocrx_word' id='word_1_322' title='bbox 2239 1334 2432 1390; x_wconf 90' lang='lat' dir='ltr'>locum</span> <span class='ocrx_word' id='word_1_323' title='bbox 2479 1334 2700 1392; x_wconf 89' lang='lat' dir='ltr'>clamor</span> <span class='ocrx_word' id='word_1_324' title='bbox 2727 1336 2875 1407; x_wconf 87' lang='lat' dir='ltr'>ejus.</span> <span class='ocrx_word' id='word_1_325' title='bbox 2910 1337 3040 1408; x_wconf 81' lang='lat' dir='ltr'>ipse</span> <span class='ocrx_word' id='word_1_326' title='bbox 3070 1335 3228 1390; x_wconf 89' lang='lat' dir='ltr'>enim</span> <span class='ocrx_word' id='word_1_327' title='bbox 3260 1335 3504 1409; x_wconf 81' lang='lat' dir='ltr'>sanguis</span> <span class='ocrx_word' id='word_1_328' title='bbox 3535 1353 3622 1392; x_wconf 87' lang='lat' dir='ltr'>re-</span> 
     </span>
    </p>
   </div>
   <div class='ocr_carea' id='block_1_44' title="bbox 1973 1422 3621 1498">
    <p class='ocr_par' dir='ltr' id='par_1_44' title="bbox 1973 1422 3621 1498">
     <span class='ocr_line' id='line_1_44' title="bbox 1973 1422 3621 1498; baseline 0.001 -20"><span class='ocrx_word' id='word_1_329' title='bbox 1973 1422 2334 1496; x_wconf 90' lang='lat' dir='ltr'>demptionis</span> <span class='ocrx_word' id='word_1_330' title='bbox 2349 1423 2449 1496; x_wconf 90' lang='lat' dir='ltr'>qui</span> <span class='ocrx_word' id='word_1_331' title='bbox 2467 1425 2969 1489; x_wconf 86' lang='lat' dir='ltr'>sumitur,clamor</span> <span class='ocrx_word' id='word_1_332' title='bbox 3000 1424 3184 1480; x_wconf 90' lang='lat' dir='ltr'>nostri</span> <span class='ocrx_word' id='word_1_333' title='bbox 3215 1425 3621 1498; x_wconf 78' lang='lat' dir='ltr'>Redemptoris</span> 
     </span>
    </p>
   </div>
   <div class='ocr_carea' id='block_1_45' title="bbox 1973 1511 3620 1586">
    <p class='ocr_par' dir='ltr' id='par_1_45' title="bbox 1973 1511 3620 1586">
     <span class='ocr_line' id='line_1_45' title="bbox 1973 1511 3620 1586; baseline 0.001 -18"><span class='ocrx_word' id='word_1_334' title='bbox 1973 1511 2250 1568; x_wconf 89' lang='lat' dir='ltr'>est.Unde</span> <span class='ocrx_word' id='word_1_335' title='bbox 2279 1512 2456 1568; x_wconf 88' lang='lat' dir='ltr'>etiam</span> <span class='ocrx_word' id='word_1_336' title='bbox 2490 1513 2706 1569; x_wconf 88' lang='lat' dir='ltr'>Paulus</span> <span class='ocrx_word' id='word_1_337' title='bbox 2736 1513 2878 1570; x_wconf 87' lang='lat' dir='ltr'>dicit</span> <span class='ocrx_word' id='word_1_338' title='bbox 2909 1531 2922 1568; x_wconf 90' lang='lat'><strong>:</strong></span> <span class='ocrx_word' id='word_1_339' title='bbox 2959 1518 3025 1570; x_wconf 85' lang='lat' dir='ltr'>Et</span> <span class='ocrx_word' id='word_1_340' title='bbox 3051 1514 3387 1586; x_wconf 85' lang='lat' dir='ltr'>sanguinem</span> <span class='ocrx_word' id='word_1_341' title='bbox 3414 1529 3620 1584; x_wconf 83' lang='lat' dir='ltr'>asper-</span> 
     </span>
    </p>
   </div>
   <div class='ocr_carea' id='block_1_46' title="bbox 1970 1601 3616 1674">
    <p class='ocr_par' dir='ltr' id='par_1_46' title="bbox 1970 1601 3616 1674">
     <span class='ocr_line' id='line_1_46' title="bbox 1970 1601 3616 1674; baseline 0.001 -18"><span class='ocrx_word' id='word_1_342' title='bbox 1970 1601 2148 1658; x_wconf 90' lang='lat' dir='ltr'>sionis</span> <span class='ocrx_word' id='word_1_343' title='bbox 2176 1601 2382 1658; x_wconf 86' lang='lat' dir='ltr'>melius</span> <span class='ocrx_word' id='word_1_344' title='bbox 2423 1602 2743 1673; x_wconf 89' lang='lat' dir='ltr'>loquentem</span> <span class='ocrx_word' id='word_1_345' title='bbox 2773 1619 2946 1674; x_wconf 86' lang='lat' dir='ltr'>quam</span> <span class='ocrx_word' id='word_1_346' title='bbox 2976 1604 3113 1659; x_wconf 86' lang='lat' dir='ltr'>Abel</span> <span class='ocrx_word' id='word_1_347' title='bbox 3139 1604 3340 1672; x_wconf 83' lang='lat' dir='ltr'>(Hebr.</span> <span class='ocrx_word' id='word_1_348' title='bbox 3369 1619 3472 1674; x_wconf 81' lang='lat' dir='ltr'>xu,</span> <span class='ocrx_word' id='word_1_349' title='bbox 3501 1601 3616 1674; x_wconf 63' lang='lat'>24).</span> 
     </span>
    </p>
   </div>
   <div class='ocr_carea' id='block_1_47' title="bbox 1970 1689 3619 1765">
    <p class='ocr_par' dir='ltr' id='par_1_47' title="bbox 1970 1689 3619 1765">
     <span class='ocr_line' id='line_1_47' title="bbox 1970 1689 3619 1765; baseline 0.001 -19"><span class='ocrx_word' id='word_1_350' title='bbox 1970 1691 2052 1746; x_wconf 91' lang='lat' dir='ltr'>De</span> <span class='ocrx_word' id='word_1_351' title='bbox 2071 1689 2209 1746; x_wconf 87' lang='lat' dir='ltr'>Abel</span> <span class='ocrx_word' id='word_1_352' title='bbox 2231 1691 2517 1764; x_wconf 85' lang='lat' dir='ltr'>sanguine</span> <span class='ocrx_word' id='word_1_353' title='bbox 2533 1691 2755 1748; x_wconf 89' lang='lat' dir='ltr'>dictum</span> <span class='ocrx_word' id='word_1_354' title='bbox 2775 1693 2962 1748; x_wconf 86' lang='lat' dir='ltr'>fuerat</span> <span class='ocrx_word' id='word_1_355' title='bbox 2979 1709 2992 1746; x_wconf 91' lang='lat'><strong>:</strong></span> <span class='ocrx_word' id='word_1_356' title='bbox 3019 1698 3143 1749; x_wconf 74' lang='lat' dir='ltr'>Vox</span> <span class='ocrx_word' id='word_1_357' title='bbox 3158 1692 3461 1765; x_wconf 87' lang='lat' dir='ltr'>sanguinis</span> <span class='ocrx_word' id='word_1_358' title='bbox 3485 1693 3619 1764; x_wconf 83' lang='lat' dir='ltr'>fra-</span> 
     </span>
    </p>
   </div>
   <div class='ocr_carea' id='block_1_48' title="bbox 1969 1780 3616 1853">
    <p class='ocr_par' dir='ltr' id='par_1_48' title="bbox 1969 1780 3616 1853">
     <span class='ocr_line' id='line_1_48' title="bbox 1969 1780 3616 1853; baseline 0.002 -18"><span class='ocrx_word' id='word_1_359' title='bbox 1969 1780 2080 1838; x_wconf 87' lang='lat' dir='ltr'>tris</span> <span class='ocrx_word' id='word_1_360' title='bbox 2100 1781 2188 1836; x_wconf 89' lang='lat' dir='ltr'>tui</span> <span class='ocrx_word' id='word_1_361' title='bbox 2207 1780 2340 1836; x_wconf 88' lang='lat' dir='ltr'>Abel</span> <span class='ocrx_word' id='word_1_362' title='bbox 2356 1782 2569 1837; x_wconf 89' lang='lat' dir='ltr'>clamat</span> <span class='ocrx_word' id='word_1_363' title='bbox 2589 1784 2666 1836; x_wconf 84' lang='lat' dir='ltr'>ad</span> <span class='ocrx_word' id='word_1_364' title='bbox 2685 1797 2780 1836; x_wconf 89' lang='lat' dir='ltr'>me</span> <span class='ocrx_word' id='word_1_365' title='bbox 2797 1781 2865 1838; x_wconf 90' lang='lat' dir='ltr'>de</span> <span class='ocrx_word' id='word_1_366' title='bbox 2886 1791 3050 1838; x_wconf 86' lang='lat' dir='ltr'>terra</span> <span class='ocrx_word' id='word_1_367' title='bbox 3077 1786 3237 1853; x_wconf 87' lang='lat' dir='ltr'>(Gen.</span> <span class='ocrx_word' id='word_1_368' title='bbox 3261 1800 3337 1850; x_wconf 85' lang='grc' dir='ltr'>ιν,</span> <span class='ocrx_word' id='word_1_369' title='bbox 3363 1783 3472 1852; x_wconf 91' lang='grc'>10).</span> <span class='ocrx_word' id='word_1_370' title='bbox 3505 1782 3616 1838; x_wconf 90' lang='lat' dir='ltr'>Sed</span> 
     </span>
    </p>
   </div>
   <div class='ocr_carea' id='block_1_49' title="bbox 1971 1868 3617 1944">
    <p class='ocr_par' dir='ltr' id='par_1_49' title="bbox 1971 1868 3617 1944">
     <span class='ocr_line' id='line_1_49' title="bbox 1971 1868 3617 1944; baseline 0.001 -20"><span class='ocrx_word' id='word_1_371' title='bbox 1971 1868 2216 1942; x_wconf 87' lang='lat' dir='ltr'>sanguis</span> <span class='ocrx_word' id='word_1_372' title='bbox 2244 1869 2385 1926; x_wconf 88' lang='lat' dir='ltr'>Jesu</span> <span class='ocrx_word' id='word_1_373' title='bbox 2419 1868 2633 1926; x_wconf 90' lang='lat' dir='ltr'>melius</span> <span class='ocrx_word' id='word_1_374' title='bbox 2661 1869 2924 1942; x_wconf 89' lang='lat' dir='ltr'>loquitur</span> <span class='ocrx_word' id='word_1_375' title='bbox 2951 1887 3129 1943; x_wconf 89' lang='lat' dir='ltr'>quam</span> <span class='ocrx_word' id='word_1_376' title='bbox 3151 1871 3460 1944; x_wconf 86' lang='lat' dir='ltr'>Abel,quia</span> <span class='ocrx_word' id='word_1_377' title='bbox 3477 1888 3617 1927; x_wconf 89' lang='lat' dir='ltr'>san-</span> 
     </span>
    </p>
   </div>
   <div class='ocr_carea' id='block_1_50' title="bbox 1969 1957 3619 2034">
    <p class='ocr_par' dir='ltr' id='par_1_50' title="bbox 1969 1957 3619 2034">
     <span class='ocr_line' id='line_1_50' title="bbox 1969 1957 3619 2034; baseline 0 -20"><span class='ocrx_word' id='word_1_378' title='bbox 1969 1957 2102 2032; x_wconf 85' lang='lat' dir='ltr'>guis</span> <span class='ocrx_word' id='word_1_379' title='bbox 2130 1957 2272 2016; x_wconf 85' lang='lat' dir='ltr'>Abel</span> <span class='ocrx_word' id='word_1_380' title='bbox 2305 1959 2615 2016; x_wconf 71' lang='lat' dir='ltr'>fratricidse</span> <span class='ocrx_word' id='word_1_381' title='bbox 2648 1959 2846 2016; x_wconf 80' lang='lat' dir='ltr'>fratris</span> <span class='ocrx_word' id='word_1_382' title='bbox 2875 1965 3121 2016; x_wconf 88' lang='lat' dir='ltr'>mortem</span> <span class='ocrx_word' id='word_1_383' title='bbox 3153 1960 3346 2033; x_wconf 88' lang='lat' dir='ltr'>petiit,</span> <span class='ocrx_word' id='word_1_384' title='bbox 3377 1959 3619 2034; x_wconf 86' lang='lat' dir='ltr'>sanguis</span> 
     </span>
    </p>
   </div>
   <div class='ocr_carea' id='block_1_51' title="bbox 1969 2047 3622 2122">
    <p class='ocr_par' dir='ltr' id='par_1_51' title="bbox 1969 2047 3622 2122">
     <span class='ocr_line' id='line_1_51' title="bbox 1969 2047 3622 2122; baseline 0.001 -19"><span class='ocrx_word' id='word_1_385' title='bbox 1969 2051 2165 2104; x_wconf 91' lang='lat' dir='ltr'>autem</span> <span class='ocrx_word' id='word_1_386' title='bbox 2196 2047 2428 2105; x_wconf 90' lang='lat' dir='ltr'>Domini</span> <span class='ocrx_word' id='word_1_387' title='bbox 2454 2047 2632 2105; x_wconf 86' lang='lat' dir='ltr'>vitam</span> <span class='ocrx_word' id='word_1_388' title='bbox 2660 2048 3134 2120; x_wconf 88' lang='lat' dir='ltr'>persecutoribus</span> <span class='ocrx_word' id='word_1_389' title='bbox 3163 2048 3515 2122; x_wconf 89' lang='lat' dir='ltr'>impetravit.</span> <span class='ocrx_word' id='word_1_390' title='bbox 3547 2048 3622 2106; x_wconf 91' lang='lat' dir='ltr'>Ut</span> 
     </span>
    </p>
   </div>
   <div class='ocr_carea' id='block_1_52' title="bbox 1968 2137 3618 2210">
    <p class='ocr_par' dir='ltr' id='par_1_52' title="bbox 1968 2137 3618 2210">
     <span class='ocr_line' id='line_1_52' title="bbox 1968 2137 3618 2210; baseline -0.001 -17"><span class='ocrx_word' id='word_1_391' title='bbox 1968 2153 2105 2210; x_wconf 88' lang='lat' dir='ltr'>ergo</span> <span class='ocrx_word' id='word_1_392' title='bbox 2128 2137 2188 2192; x_wconf 90' lang='lat' dir='ltr'>in</span> <span class='ocrx_word' id='word_1_393' title='bbox 2211 2137 2381 2194; x_wconf 89' lang='lat' dir='ltr'>nobis</span> <span class='ocrx_word' id='word_1_394' title='bbox 2403 2141 2840 2194; x_wconf 87' lang='lat' dir='ltr'>sacramentum</span> <span class='ocrx_word' id='word_1_395' title='bbox 2852 2137 3166 2194; x_wconf 71' lang='lat' dir='ltr'>Dominicaa</span> <span class='ocrx_word' id='word_1_396' title='bbox 3188 2137 3482 2210; x_wconf 85' lang='lat' dir='ltr'>passionis</span> <span class='ocrx_word' id='word_1_397' title='bbox 3501 2154 3618 2192; x_wconf 89' lang='lat' dir='ltr'>non</span> 
     </span>
    </p>
   </div>
   <div class='ocr_carea' id='block_1_53' title="bbox 1969 2225 3624 2298">
    <p class='ocr_par' dir='ltr' id='par_1_53' title="bbox 1969 2225 3624 2298">
     <span class='ocr_line' id='line_1_53' title="bbox 1969 2225 3624 2298; baseline -0.001 -17"><span class='ocrx_word' id='word_1_398' title='bbox 1969 2225 2048 2282; x_wconf 87' lang='lat' dir='ltr'>sit</span> <span class='ocrx_word' id='word_1_399' title='bbox 2067 2226 2341 2294; x_wconf 84' lang='lat' dir='ltr'>otiosum,</span> <span class='ocrx_word' id='word_1_400' title='bbox 2367 2225 2586 2281; x_wconf 86' lang='lat' dir='ltr'>imitari</span> <span class='ocrx_word' id='word_1_401' title='bbox 2614 2226 2896 2282; x_wconf 89' lang='lat' dir='ltr'>debemus</span> <span class='ocrx_word' id='word_1_402' title='bbox 2917 2227 3074 2298; x_wconf 88' lang='lat' dir='ltr'>quod</span> <span class='ocrx_word' id='word_1_403' title='bbox 3095 2225 3624 2298; x_wconf 70' lang='lat' dir='ltr'>sumimus,etpraa-</span> 
     </span>
    </p>
   </div>
   <div class='ocr_carea' id='block_1_54' title="bbox 1969 2312 3618 2388">
    <p class='ocr_par' dir='ltr' id='par_1_54' title="bbox 1969 2312 3618 2388">
     <span class='ocr_line' id='line_1_54' title="bbox 1969 2312 3618 2388; baseline -0.001 -18"><span class='ocrx_word' id='word_1_404' title='bbox 1969 2313 2164 2371; x_wconf 88' lang='lat' dir='ltr'>dicare</span> <span class='ocrx_word' id='word_1_405' title='bbox 2213 2314 2437 2372; x_wconf 71' lang='lat' dir='ltr'>caeteris</span> <span class='ocrx_word' id='word_1_406' title='bbox 2487 2315 2642 2388; x_wconf 91' lang='lat' dir='ltr'>quod</span> <span class='ocrx_word' id='word_1_407' title='bbox 2691 2331 3055 2370; x_wconf 86' lang='lat' dir='ltr'>veneramur.</span> <span class='ocrx_word' id='word_1_408' title='bbox 3090 2315 3307 2370; x_wconf 90' lang='lat' dir='ltr'>Locum</span> <span class='ocrx_word' id='word_1_409' title='bbox 3341 2313 3499 2370; x_wconf 90' lang='lat' dir='ltr'>enim</span> <span class='ocrx_word' id='word_1_410' title='bbox 3529 2312 3618 2369; x_wconf 86' lang='lat' dir='ltr'>la-</span> 
     </span>
    </p>
   </div>
   <div class='ocr_carea' id='block_1_55' title="bbox 1967 2401 3617 2474">
    <p class='ocr_par' dir='ltr' id='par_1_55' title="bbox 1967 2401 3617 2474">
     <span class='ocr_line' id='line_1_55' title="bbox 1967 2401 3617 2474; baseline -0.001 -16"><span class='ocrx_word' id='word_1_411' title='bbox 1967 2403 2130 2458; x_wconf 86' lang='lat' dir='ltr'>tendi</span> <span class='ocrx_word' id='word_1_412' title='bbox 2178 2403 2399 2459; x_wconf 89' lang='lat' dir='ltr'>clamor</span> <span class='ocrx_word' id='word_1_413' title='bbox 2446 2404 2574 2474; x_wconf 89' lang='lat' dir='ltr'>ejus</span> <span class='ocrx_word' id='word_1_414' title='bbox 2625 2401 2686 2458; x_wconf 89' lang='lat' dir='ltr'>in</span> <span class='ocrx_word' id='word_1_415' title='bbox 2735 2403 2906 2460; x_wconf 85' lang='lat' dir='ltr'>nobis</span> <span class='ocrx_word' id='word_1_416' title='bbox 2934 2401 3208 2470; x_wconf 85' lang='lat' dir='ltr'>inveniet,</span> <span class='ocrx_word' id='word_1_417' title='bbox 3239 2402 3288 2457; x_wconf 89' lang='lat' dir='ltr'>si</span> <span class='ocrx_word' id='word_1_418' title='bbox 3319 2402 3429 2458; x_wconf 90' lang='lat' dir='ltr'>hoc</span> <span class='ocrx_word' id='word_1_419' title='bbox 3461 2401 3617 2474; x_wconf 91' lang='lat' dir='ltr'>quod</span> 
     </span>
    </p>
   </div>
   <div class='ocr_carea' id='block_1_56' title="bbox 1971 2490 3621 2566">
    <p class='ocr_par' dir='ltr' id='par_1_56' title="bbox 1971 2490 3621 2566">
     <span class='ocr_line' id='line_1_56' title="bbox 1971 2490 3621 2566; baseline 0.001 -20"><span class='ocrx_word' id='word_1_420' title='bbox 1971 2508 2138 2547; x_wconf 88' lang='lat' dir='ltr'>mens</span> <span class='ocrx_word' id='word_1_421' title='bbox 2157 2491 2404 2548; x_wconf 87' lang='lat' dir='ltr'>credidit</span> <span class='ocrx_word' id='word_1_422' title='bbox 2431 2491 2635 2566; x_wconf 87' lang='lat' dir='ltr'>lingua</span> <span class='ocrx_word' id='word_1_423' title='bbox 2665 2495 2834 2548; x_wconf 87' lang='lat' dir='ltr'>tacet.</span> <span class='ocrx_word' id='word_1_424' title='bbox 2863 2493 2974 2547; x_wconf 88' lang='lat' dir='ltr'>Sed</span> <span class='ocrx_word' id='word_1_425' title='bbox 3010 2509 3081 2548; x_wconf 89' lang='lat' dir='ltr'>ne</span> <span class='ocrx_word' id='word_1_426' title='bbox 3111 2491 3171 2547; x_wconf 89' lang='lat' dir='ltr'>in</span> <span class='ocrx_word' id='word_1_427' title='bbox 3200 2491 3370 2548; x_wconf 89' lang='lat' dir='ltr'>nobis</span> <span class='ocrx_word' id='word_1_428' title='bbox 3399 2490 3621 2548; x_wconf 90' lang='lat' dir='ltr'>clamor</span> 
     </span>
    </p>
   </div>
   <div class='ocr_carea' id='block_1_57' title="bbox 1968 2579 3616 2653">
    <p class='ocr_par' dir='ltr' id='par_1_57' title="bbox 1968 2579 3616 2653">
     <span class='ocr_line' id='line_1_57' title="bbox 1968 2579 3616 2653; baseline 0.001 -17"><span class='ocrx_word' id='word_1_429' title='bbox 1968 2581 2098 2652; x_wconf 86' lang='lat' dir='ltr'>ejus</span> <span class='ocrx_word' id='word_1_430' title='bbox 2127 2579 2323 2651; x_wconf 89' lang='lat' dir='ltr'>lateat,</span> <span class='ocrx_word' id='word_1_431' title='bbox 2355 2587 2537 2638; x_wconf 89' lang='lat' dir='ltr'>restat</span> <span class='ocrx_word' id='word_1_432' title='bbox 2567 2585 2631 2637; x_wconf 89' lang='lat' dir='ltr'>ut</span> <span class='ocrx_word' id='word_1_433' title='bbox 2661 2581 3072 2653; x_wconf 85' lang='lat' dir='ltr'>unusquisque</span> <span class='ocrx_word' id='word_1_434' title='bbox 3109 2582 3280 2653; x_wconf 85' lang='lat' dir='ltr'>juxta</span> <span class='ocrx_word' id='word_1_435' title='bbox 3309 2580 3616 2638; x_wconf 89' lang='lat' dir='ltr'>modulum</span> 
     </span>
    </p>
   </div>
   <div class='ocr_carea' id='block_1_58' title="bbox 1971 2669 3618 2742">
    <p class='ocr_par' dir='ltr' id='par_1_58' title="bbox 1971 2669 3618 2742">
     <span class='ocr_line' id='line_1_58' title="bbox 1971 2669 3618 2742; baseline 0.001 -18"><span class='ocrx_word' id='word_1_436' title='bbox 1971 2686 2144 2724; x_wconf 89' lang='lat' dir='ltr'>suum</span> <span class='ocrx_word' id='word_1_437' title='bbox 2167 2669 2571 2725; x_wconf 80' lang='lat' dir='ltr'>viviﬁcationis</span> <span class='ocrx_word' id='word_1_438' title='bbox 2593 2687 2711 2724; x_wconf 68' lang='lat' dir='ltr'>sua:</span> <span class='ocrx_word' id='word_1_439' title='bbox 2735 2669 3078 2742; x_wconf 82' lang='lat' dir='ltr'>mysterium</span> <span class='ocrx_word' id='word_1_440' title='bbox 3093 2669 3376 2742; x_wconf 83' lang='lat' dir='ltr'>proximis</span> <span class='ocrx_word' id='word_1_441' title='bbox 3398 2669 3618 2726; x_wconf 82' lang='lat' dir='ltr'>innote-</span> 
     </span>
    </p>
   </div>
   <div class='ocr_carea' id='block_1_59' title="bbox 1970 2757 3616 2830">
    <p class='ocr_par' dir='ltr' id='par_1_59' title="bbox 1970 2757 3616 2830">
     <span class='ocr_line' id='line_1_59' title="bbox 1970 2757 3616 2830; baseline 0 -17"><span class='ocrx_word' id='word_1_442' title='bbox 1970 2759 2123 2814; x_wconf 87' lang='lat' dir='ltr'>scat:</span> <span class='ocrx_word' id='word_1_443' title='bbox 2145 2781 2165 2806; x_wconf 75' lang='grc' dir='ltr'>ι</span> <span class='ocrx_word' id='word_1_444' title='bbox 2191 2758 2434 2814; x_wconf 89' lang='lat' dir='ltr'>credens</span> <span class='ocrx_word' id='word_1_445' title='bbox 2455 2762 2514 2813; x_wconf 89' lang='lat' dir='ltr'>et</span> <span class='ocrx_word' id='word_1_446' title='bbox 2536 2758 2820 2814; x_wconf 82' lang='lat' dir='ltr'>confitens</span> <span class='ocrx_word' id='word_1_447' title='bbox 2841 2761 2900 2812; x_wconf 84' lang='lat' dir='ltr'>et</span> <span class='ocrx_word' id='word_1_448' title='bbox 2921 2758 3303 2826; x_wconf 85' lang='lat' dir='ltr'>annuntians,</span> <span class='ocrx_word' id='word_1_449' title='bbox 3323 2757 3464 2830; x_wconf 89' lang='lat' dir='ltr'>quia</span> <span class='ocrx_word' id='word_1_450' title='bbox 3481 2774 3616 2813; x_wconf 91' lang='lat' dir='ltr'>san-</span> 
     </span>
    </p>
   </div>
   <div class='ocr_carea' id='block_1_60' title="bbox 1971 2844 3620 2919">
    <p class='ocr_par' dir='ltr' id='par_1_60' title="bbox 1971 2844 3620 2919">
     <span class='ocr_line' id='line_1_60' title="bbox 1971 2844 3620 2919; baseline 0.001 -19"><span class='ocrx_word' id='word_1_451' title='bbox 1971 2845 2104 2919; x_wconf 88' lang='lat' dir='ltr'>guis</span> <span class='ocrx_word' id='word_1_452' title='bbox 2125 2845 2340 2901; x_wconf 88' lang='lat' dir='ltr'>Cbristi</span> <span class='ocrx_word' id='word_1_453' title='bbox 2365 2845 2495 2902; x_wconf 89' lang='lat' dir='ltr'>ideo</span> <span class='ocrx_word' id='word_1_454' title='bbox 2515 2863 2730 2901; x_wconf 91' lang='lat' dir='ltr'>novum</span> <span class='ocrx_word' id='word_1_455' title='bbox 2752 2849 2844 2901; x_wconf 88' lang='lat' dir='ltr'>est</span> <span class='ocrx_word' id='word_1_456' title='bbox 2863 2849 3298 2913; x_wconf 82' lang='lat' dir='ltr'>testamentum,</span> <span class='ocrx_word' id='word_1_457' title='bbox 3314 2844 3453 2918; x_wconf 90' lang='lat' dir='ltr'>quia</span> <span class='ocrx_word' id='word_1_458' title='bbox 3472 2863 3620 2902; x_wconf 89' lang='lat' dir='ltr'>nova</span> 
     </span>
    </p>
   </div>
   <div class='ocr_carea' id='block_1_61' title="bbox 1971 2931 3619 3006">
    <p class='ocr_par' dir='ltr' id='par_1_61' title="bbox 1971 2931 3619 3006">
     <span class='ocr_line' id='line_1_61' title="bbox 1971 2931 3619 3006; baseline -0.001 -17"><span class='ocrx_word' id='word_1_459' title='bbox 1971 2931 2226 3005; x_wconf 90' lang='lat' dir='ltr'>dilectio,</span> <span class='ocrx_word' id='word_1_460' title='bbox 2251 2951 2368 3006; x_wconf 89' lang='lat' dir='ltr'>qua</span> <span class='ocrx_word' id='word_1_461' title='bbox 2396 2950 2583 3006; x_wconf 88' lang='lat' dir='ltr'>usque</span> <span class='ocrx_word' id='word_1_462' title='bbox 2613 2934 2682 2989; x_wconf 89' lang='lat' dir='ltr'>ad</span> <span class='ocrx_word' id='word_1_463' title='bbox 2717 2937 2966 2989; x_wconf 87' lang='lat' dir='ltr'>mortem</span> <span class='ocrx_word' id='word_1_464' title='bbox 2998 2933 3056 2987; x_wconf 91' lang='lat' dir='ltr'>in</span> <span class='ocrx_word' id='word_1_465' title='bbox 3089 2931 3425 2988; x_wconf 86' lang='lat' dir='ltr'>novissimis</span> <span class='ocrx_word' id='word_1_466' title='bbox 3443 2949 3619 2989; x_wconf 65' lang='lat' dir='ltr'>saecu-</span> 
     </span>
    </p>
   </div>
   <div class='ocr_carea' id='block_1_62' title="bbox 1969 3019 3610 3094">
    <p class='ocr_par' dir='ltr' id='par_1_62' title="bbox 1969 3019 3610 3094">
     <span class='ocr_line' id='line_1_62' title="bbox 1969 3019 3610 3094; baseline -0.001 -17"><span class='ocrx_word' id='word_1_467' title='bbox 1969 3021 2161 3078; x_wconf 91' lang='lat' dir='ltr'>lorum</span> <span class='ocrx_word' id='word_1_468' title='bbox 2191 3022 2554 3094; x_wconf 89' lang='lat' dir='ltr'>temporibus</span> <span class='ocrx_word' id='word_1_469' title='bbox 2583 3039 2690 3078; x_wconf 90' lang='lat' dir='ltr'>nos</span> <span class='ocrx_word' id='word_1_470' title='bbox 2721 3021 2940 3078; x_wconf 86' lang='lat' dir='ltr'>dilexit.</span> <span class='ocrx_word' id='word_1_471' title='bbox 2974 3019 3214 3076; x_wconf 86' lang='lat' dir='ltr'>Dilectio</span> <span class='ocrx_word' id='word_1_472' title='bbox 3243 3020 3358 3077; x_wconf 85' lang='lat' dir='ltr'>ista</span> <span class='ocrx_word' id='word_1_473' title='bbox 3386 3037 3492 3076; x_wconf 90' lang='lat' dir='ltr'>nos</span> <span class='ocrx_word' id='word_1_474' title='bbox 3522 3019 3610 3076; x_wconf 85' lang='lat' dir='ltr'>in-</span> 
     </span>
    </p>
   </div>
   <div class='ocr_carea' id='block_1_63' title="bbox 1971 3109 3617 3179">
    <p class='ocr_par' dir='ltr' id='par_1_63' title="bbox 1971 3109 3617 3179">
     <span class='ocr_line' id='line_1_63' title="bbox 1971 3109 3617 3179; baseline -0.002 -12"><span class='ocrx_word' id='word_1_475' title='bbox 1971 3115 2164 3179; x_wconf 90' lang='lat' dir='ltr'>novat,</span> <span class='ocrx_word' id='word_1_476' title='bbox 2201 3115 2266 3166; x_wconf 92' lang='lat' dir='ltr'>ut</span> <span class='ocrx_word' id='word_1_477' title='bbox 2297 3111 2484 3168; x_wconf 90' lang='lat' dir='ltr'>simus</span> <span class='ocrx_word' id='word_1_478' title='bbox 2516 3111 2786 3166; x_wconf 87' lang='lat' dir='ltr'>homines</span> <span class='ocrx_word' id='word_1_479' title='bbox 2817 3109 2967 3179; x_wconf 89' lang='lat' dir='ltr'>novi,</span> <span class='ocrx_word' id='word_1_480' title='bbox 2990 3109 3250 3166; x_wconf 63' lang='lat' dir='ltr'>haeredes</span> <span class='ocrx_word' id='word_1_481' title='bbox 3279 3109 3617 3166; x_wconf 85' lang='lat' dir='ltr'>testamenti</span> 
     </span>
    </p>
   </div>
   <div class='ocr_carea' id='block_1_64' title="bbox 1971 3197 3618 3272">
    <p class='ocr_par' dir='ltr' id='par_1_64' title="bbox 1971 3197 3618 3272">
     <span class='ocr_line' id='line_1_64' title="bbox 1971 3197 3618 3272; baseline -0.001 -16"><span class='ocrx_word' id='word_1_482' title='bbox 1971 3199 2286 3269; x_wconf 89' lang='lat' dir='ltr'>novi,sicut</span> <span class='ocrx_word' id='word_1_483' title='bbox 2305 3204 2362 3256; x_wconf 90' lang='lat' dir='ltr'>et</span> <span class='ocrx_word' id='word_1_484' title='bbox 2380 3199 2697 3272; x_wconf 86' lang='lat' dir='ltr'>Apostolus</span> <span class='ocrx_word' id='word_1_485' title='bbox 2719 3199 2861 3254; x_wconf 86' lang='lat' dir='ltr'>dicit</span> <span class='ocrx_word' id='word_1_486' title='bbox 2883 3216 2896 3254; x_wconf 91' lang='lat'><strong>:</strong></span> <span class='ocrx_word' id='word_1_487' title='bbox 2921 3203 3147 3269; x_wconf 84' lang='lat' dir='ltr'>Quanto</span> <span class='ocrx_word' id='word_1_488' title='bbox 3166 3197 3354 3270; x_wconf 88' lang='lat' dir='ltr'>magis</span> <span class='ocrx_word' id='word_1_489' title='bbox 3383 3199 3618 3271; x_wconf 84' lang='lat' dir='ltr'>sanguis</span> 
     </span>
    </p>
   </div>
   <div class='ocr_carea' id='block_1_65' title="bbox 199 3267 3618 3372">
    <p class='ocr_par' dir='ltr' id='par_1_65' title="bbox 199 3267 3618 3372">
     <span class='ocr_line' id='line_1_65' title="bbox 199 3267 3618 3372; baseline -0.001 -24"><span class='ocrx_word' id='word_1_490' title='bbox 199 3289 682 3360; x_wconf 83' lang='lat' dir='ltr'>debaturaccepit</span> <span class='ocrx_word' id='word_1_491' title='bbox 694 3297 983 3360; x_wconf 84' lang='lat' dir='ltr'>panem,et</span> <span class='ocrx_word' id='word_1_492' title='bbox 993 3267 1859 3361; x_wconf 65' lang='lat' dir='ltr'>gratiasagensﬁ&#39;egitacdixil:</span> <span class='ocrx_word' id='word_1_493' title='bbox 1891 3273 1934 3340; x_wconf 84' lang='lat' dir='ltr'>C</span> <span class='ocrx_word' id='word_1_494' title='bbox 1971 3267 2310 3372; x_wconf 74' lang='lat' dir='ltr'>Christi,qui</span> <span class='ocrx_word' id='word_1_495' title='bbox 2327 3267 2727 3360; x_wconf 52' lang='lat' dir='ltr'>per-Spiritum</span> <span class='ocrx_word' id='word_1_496' title='bbox 2749 3267 3012 3344; x_wconf 78' lang='lat' dir='ltr'>sanctum</span> <span class='ocrx_word' id='word_1_497' title='bbox 3026 3267 3396 3358; x_wconf 80' lang='lat' dir='ltr'>semetipsum</span> <span class='ocrx_word' id='word_1_498' title='bbox 3413 3267 3618 3344; x_wconf 76' lang='lat' dir='ltr'>obtulit</span> 
     </span>
    </p>
   </div>
   <div class='ocr_carea' id='block_1_66' title="bbox 201 3379 1862 3450">
    <p class='ocr_par' dir='ltr' id='par_1_66' title="bbox 201 3379 1862 3450">
     <span class='ocr_line' id='line_1_66' title="bbox 201 3379 1862 3450; baseline -0.001 -14"><span class='ocrx_word' id='word_1_499' title='bbox 201 3379 482 3450; x_wconf 65' lang='lat' dir='ltr'>Accipite</span> <span class='ocrx_word' id='word_1_500' title='bbox 509 3387 564 3434; x_wconf 87' lang='lat' dir='ltr'>et</span> <span class='ocrx_word' id='word_1_501' title='bbox 594 3379 939 3436; x_wconf 86' lang='lat' dir='ltr'>manducate</span> <span class='ocrx_word' id='word_1_502' title='bbox 969 3395 984 3434; x_wconf 88' lang='lat'><strong>:</strong></span> <span class='ocrx_word' id='word_1_503' title='bbox 1017 3383 1123 3436; x_wconf 82' lang='lat' dir='ltr'>hoc</span> <span class='ocrx_word' id='word_1_504' title='bbox 1150 3380 1231 3434; x_wconf 87' lang='lat' dir='ltr'>est</span> <span class='ocrx_word' id='word_1_505' title='bbox 1253 3393 1466 3448; x_wconf 66' lang='lat' dir='ltr'>cospus</span> <span class='ocrx_word' id='word_1_506' title='bbox 1494 3393 1685 3434; x_wconf 88' lang='lat' dir='ltr'>meum</span> <span class='ocrx_word' id='word_1_507' title='bbox 1709 3379 1862 3450; x_wconf 86' lang='lat' dir='ltr'>quod</span> 
     </span>
    </p>
   </div>
   <div class='ocr_carea' id='block_1_67' title="bbox 198 3467 1860 3540">
    <p class='ocr_par' dir='ltr' id='par_1_67' title="bbox 198 3467 1860 3540">
     <span class='ocr_line' id='line_1_67' title="bbox 198 3467 1860 3540; baseline -0.001 -14"><span class='ocrx_word' id='word_1_508' title='bbox 198 3485 320 3540; x_wconf 79' lang='lat' dir='ltr'>pro</span> <span class='ocrx_word' id='word_1_509' title='bbox 348 3469 502 3526; x_wconf 79' lang='lat' dir='ltr'>vobis</span> <span class='ocrx_word' id='word_1_510' title='bbox 529 3467 929 3538; x_wconf 85' lang='lat' dir='ltr'>tradetur,hoc</span> <span class='ocrx_word' id='word_1_511' title='bbox 943 3468 1121 3540; x_wconf 82' lang='lat' dir='ltr'>facite</span> <span class='ocrx_word' id='word_1_512' title='bbox 1149 3469 1208 3524; x_wconf 89' lang='lat' dir='ltr'>in</span> <span class='ocrx_word' id='word_1_513' title='bbox 1237 3483 1424 3523; x_wconf 84' lang='lat' dir='ltr'>meam</span> <span class='ocrx_word' id='word_1_514' title='bbox 1451 3483 1860 3525; x_wconf 88' lang='lat' dir='ltr'>commemora—</span> 
     </span>
    </p>
   </div>
   <div class='ocr_carea' id='block_1_68' title="bbox 199 3556 1858 3629">
    <p class='ocr_par' dir='ltr' id='par_1_68' title="bbox 199 3556 1858 3629">
     <span class='ocr_line' id='line_1_68' title="bbox 199 3556 1858 3629; baseline -0.001 -15"><span class='ocrx_word' id='word_1_515' title='bbox 199 3559 442 3616; x_wconf 81' lang='lat' dir='ltr'>tionem.</span> <span class='ocrx_word' id='word_1_516' title='bbox 453 3557 736 3615; x_wconf 87' lang='lat' dir='ltr'>Similiter</span> <span class='ocrx_word' id='word_1_517' title='bbox 745 3567 799 3614; x_wconf 87' lang='lat' dir='ltr'>et</span> <span class='ocrx_word' id='word_1_518' title='bbox 812 3557 1048 3614; x_wconf 88' lang='lat' dir='ltr'>calicem</span> <span class='ocrx_word' id='word_1_519' title='bbox 1070 3566 1372 3629; x_wconf 88' lang='lat' dir='ltr'>postquam</span> <span class='ocrx_word' id='word_1_520' title='bbox 1390 3557 1634 3614; x_wconf 70' lang='lat' dir='ltr'>cantavit</span> <span class='ocrx_word' id='word_1_521' title='bbox 1645 3556 1858 3613; x_wconf 77' lang='lat' dir='ltr'>dicens:</span> 
     </span>
    </p>
   </div>
   <div class='ocr_carea' id='block_1_69' title="bbox 199 3646 1856 3718">
    <p class='ocr_par' dir='ltr' id='par_1_69' title="bbox 199 3646 1856 3718">
     <span class='ocr_line' id='line_1_69' title="bbox 199 3646 1856 3718; baseline -0.002 -13"><span class='ocrx_word' id='word_1_522' title='bbox 199 3649 315 3705; x_wconf 81' lang='lat' dir='ltr'>Hic</span> <span class='ocrx_word' id='word_1_523' title='bbox 343 3646 514 3705; x_wconf 62' lang='lat' dir='ltr'>calix</span> <span class='ocrx_word' id='word_1_524' title='bbox 534 3663 743 3704; x_wconf 82' lang='lat' dir='ltr'>novum</span> <span class='ocrx_word' id='word_1_525' title='bbox 772 3652 1178 3703; x_wconf 86' lang='lat' dir='ltr'>testamentum</span> <span class='ocrx_word' id='word_1_526' title='bbox 1205 3655 1290 3701; x_wconf 85' lang='lat' dir='ltr'>est</span> <span class='ocrx_word' id='word_1_527' title='bbox 1321 3647 1382 3702; x_wconf 89' lang='lat' dir='ltr'>in</span> <span class='ocrx_word' id='word_1_528' title='bbox 1405 3662 1532 3701; x_wconf 88' lang='lat' dir='ltr'>meo</span> <span class='ocrx_word' id='word_1_529' title='bbox 1560 3647 1856 3718; x_wconf 89' lang='lat' dir='ltr'>sanguine,</span> 
     </span>
    </p>
   </div>
   <div class='ocr_carea' id='block_1_70' title="bbox 197 3734 1862 3808">
    <p class='ocr_par' dir='ltr' id='par_1_70' title="bbox 197 3734 1862 3808">
     <span class='ocr_line' id='line_1_70' title="bbox 197 3734 1862 3808; baseline -0.002 -14"><span class='ocrx_word' id='word_1_530' title='bbox 197 3740 307 3794; x_wconf 73' lang='lat' dir='ltr'>hoc</span> <span class='ocrx_word' id='word_1_531' title='bbox 316 3736 504 3808; x_wconf 76' lang='lat' dir='ltr'>facite</span> <span class='ocrx_word' id='word_1_532' title='bbox 521 3735 963 3808; x_wconf 83' lang='lat' dir='ltr'>quotiescunque</span> <span class='ocrx_word' id='word_1_533' title='bbox 981 3736 1038 3791; x_wconf 87' lang='lat' dir='ltr'>bi</span> <span class='ocrx_word' id='word_1_534' title='bbox 1041 3734 1212 3792; x_wconf 85' lang='lat' dir='ltr'>beriti</span> <span class='ocrx_word' id='word_1_535' title='bbox 1215 3751 1237 3790; x_wconf 77' lang='grc' dir='ltr'><strong><em>ς</em></strong></span> <span class='ocrx_word' id='word_1_536' title='bbox 1250 3735 1308 3790; x_wconf 92' lang='lat' dir='ltr'>in</span> <span class='ocrx_word' id='word_1_537' title='bbox 1320 3751 1506 3790; x_wconf 80' lang='lat' dir='ltr'>nteant</span> <span class='ocrx_word' id='word_1_538' title='bbox 1525 3751 1862 3791; x_wconf 84' lang='lat' dir='ltr'>commemo-</span> 
     </span>
    </p>
   </div>
   <div class='ocr_carea' id='block_1_71' title="bbox 199 3824 1862 3898">
    <p class='ocr_par' dir='ltr' id='par_1_71' title="bbox 199 3824 1862 3898">
     <span class='ocr_line' id='line_1_71' title="bbox 199 3824 1862 3898; baseline -0.001 -16"><span class='ocrx_word' id='word_1_539' title='bbox 199 3827 522 3882; x_wconf 82' lang='lat' dir='ltr'>rationem.</span> <span class='ocrx_word' id='word_1_540' title='bbox 553 3826 1006 3898; x_wconf 85' lang='lat' dir='ltr'>Quotiescunque</span> <span class='ocrx_word' id='word_1_541' title='bbox 1033 3825 1188 3880; x_wconf 88' lang='lat' dir='ltr'>enim</span> <span class='ocrx_word' id='word_1_542' title='bbox 1216 3824 1630 3880; x_wconf 86' lang='lat' dir='ltr'>manducabitis</span> <span class='ocrx_word' id='word_1_543' title='bbox 1652 3841 1862 3894; x_wconf 87' lang='lat' dir='ltr'>panem</span> 
     </span>
    </p>
   </div>
   <div class='ocr_carea' id='block_1_72' title="bbox 202 3913 1861 3981">
    <p class='ocr_par' dir='ltr' id='par_1_72' title="bbox 202 3913 1861 3981">
     <span class='ocr_line' id='line_1_72' title="bbox 202 3913 1861 3981; baseline -0.001 -10"><span class='ocrx_word' id='word_1_544' title='bbox 202 3922 360 3974; x_wconf 63' lang='lat' dir='ltr'>hunc</span> <span class='ocrx_word' id='word_1_545' title='bbox 378 3925 436 3972; x_wconf 86' lang='lat' dir='ltr'>et</span> <span class='ocrx_word' id='word_1_546' title='bbox 445 3914 681 3972; x_wconf 83' lang='lat' dir='ltr'>calicem</span> <span class='ocrx_word' id='word_1_547' title='bbox 697 3913 1174 3981; x_wconf 54' lang='lat' dir='ltr'>bibetisnnorte&#39;n</span> <span class='ocrx_word' id='word_1_548' title='bbox 1195 3913 1431 3969; x_wconf 85' lang='lat' dir='ltr'>Domini</span> <span class='ocrx_word' id='word_1_549' title='bbox 1449 3913 1861 3970; x_wconf 86' lang='lat' dir='ltr'>annuntiabitis</span> 
     </span>
    </p>
   </div>
   <div class='ocr_carea' id='block_1_73' title="bbox 196 4001 1058 4076">
    <p class='ocr_par' dir='ltr' id='par_1_73' title="bbox 196 4001 1058 4076">
     <span class='ocr_line' id='line_1_73' title="bbox 196 4001 1058 4076; baseline -0.007 -12"><span class='ocrx_word' id='word_1_550' title='bbox 196 4007 390 4064; x_wconf 85' lang='lat' dir='ltr'>donec</span> <span class='ocrx_word' id='word_1_551' title='bbox 415 4005 606 4062; x_wconf 83' lang='lat' dir='ltr'>veniat</span> <span class='ocrx_word' id='word_1_552' title='bbox 637 4003 687 4076; x_wconf 90' lang='lat' dir='ltr'>(l</span> <span class='ocrx_word' id='word_1_553' title='bbox 707 4005 840 4062; x_wconf 82' lang='lat' dir='ltr'>Cor.</span> <span class='ocrx_word' id='word_1_554' title='bbox 873 4021 930 4068; x_wconf 90' lang='lat' dir='ltr'>x,</span> <span class='ocrx_word' id='word_1_555' title='bbox 959 4001 1058 4075; x_wconf 80' lang='lat' dir='ltr'>XI).</span> 
     </span>
    </p>
   </div>
   <div class='ocr_carea' id='block_1_74' title="bbox 272 4089 1864 4164">
    <p class='ocr_par' dir='ltr' id='par_1_74' title="bbox 272 4089 1864 4164">
     <span class='ocr_line' id='line_1_74' title="bbox 272 4089 1864 4164; baseline -0.004 -13"><span class='ocrx_word' id='word_1_556' title='bbox 272 4097 418 4162; x_wconf 68' lang='lat' dir='ltr'>Quae</span> <span class='ocrx_word' id='word_1_557' title='bbox 443 4091 898 4150; x_wconf 88' lang='lat' dir='ltr'>communicatio</span> <span class='ocrx_word' id='word_1_558' title='bbox 919 4095 977 4148; x_wconf 90' lang='lat' dir='ltr'>et</span> <span class='ocrx_word' id='word_1_559' title='bbox 996 4089 1364 4164; x_wconf 88' lang='lat' dir='ltr'>participatio</span> <span class='ocrx_word' id='word_1_560' title='bbox 1386 4089 1715 4162; x_wconf 87' lang='lat' dir='ltr'>corporiset</span> <span class='ocrx_word' id='word_1_561' title='bbox 1733 4107 1864 4147; x_wconf 89' lang='lat' dir='ltr'>san-</span> 
     </span>
    </p>
   </div>
   <div class='ocr_carea' id='block_1_75' title="bbox 197 4179 1860 4258">
    <p class='ocr_par' dir='ltr' id='par_1_75' title="bbox 197 4179 1860 4258">
     <span class='ocr_line' id='line_1_75' title="bbox 197 4179 1860 4258; baseline -0.004 -18"><span class='ocrx_word' id='word_1_562' title='bbox 197 4183 408 4258; x_wconf 87' lang='lat' dir='ltr'>guinis</span> <span class='ocrx_word' id='word_1_563' title='bbox 430 4179 665 4238; x_wconf 89' lang='lat' dir='ltr'>Domini</span> <span class='ocrx_word' id='word_1_564' title='bbox 685 4181 839 4237; x_wconf 89' lang='lat' dir='ltr'>sicut</span> <span class='ocrx_word' id='word_1_565' title='bbox 858 4197 927 4236; x_wconf 91' lang='lat' dir='ltr'>ex</span> <span class='ocrx_word' id='word_1_566' title='bbox 948 4179 1224 4236; x_wconf 89' lang='lat' dir='ltr'>omnibus</span> <span class='ocrx_word' id='word_1_567' title='bbox 1245 4183 1402 4235; x_wconf 88' lang='lat' dir='ltr'>recta</span> <span class='ocrx_word' id='word_1_568' title='bbox 1424 4179 1536 4234; x_wconf 83' lang='lat' dir='ltr'>ﬁde</span> <span class='ocrx_word' id='word_1_569' title='bbox 1565 4179 1860 4236; x_wconf 85' lang='lat' dir='ltr'>otl‘erenti-</span> 
     </span>
    </p>
   </div>
   <div class='ocr_carea' id='block_1_76' title="bbox 197 4267 1863 4341">
    <p class='ocr_par' dir='ltr' id='par_1_76' title="bbox 197 4267 1863 4341">
     <span class='ocr_line' id='line_1_76' title="bbox 197 4267 1863 4341; baseline -0.004 -11"><span class='ocrx_word' id='word_1_570' title='bbox 197 4273 316 4330; x_wconf 85' lang='lat' dir='ltr'>bus</span> <span class='ocrx_word' id='word_1_571' title='bbox 348 4287 476 4328; x_wconf 84' lang='lat' dir='ltr'>una</span> <span class='ocrx_word' id='word_1_572' title='bbox 504 4270 589 4338; x_wconf 84' lang='lat' dir='ltr'>fit,</span> <span class='ocrx_word' id='word_1_573' title='bbox 624 4270 706 4326; x_wconf 87' lang='lat' dir='ltr'>ita</span> <span class='ocrx_word' id='word_1_574' title='bbox 733 4273 792 4326; x_wconf 91' lang='lat' dir='ltr'>et</span> <span class='ocrx_word' id='word_1_575' title='bbox 839 4286 958 4325; x_wconf 89' lang='lat' dir='ltr'>una</span> <span class='ocrx_word' id='word_1_576' title='bbox 1014 4267 1166 4324; x_wconf 89' lang='lat' dir='ltr'>redit</span> <span class='ocrx_word' id='word_1_577' title='bbox 1200 4267 1260 4323; x_wconf 91' lang='lat' dir='ltr'>in</span> <span class='ocrx_word' id='word_1_578' title='bbox 1291 4284 1517 4336; x_wconf 89' lang='lat' dir='ltr'>omnes,</span> <span class='ocrx_word' id='word_1_579' title='bbox 1551 4285 1666 4325; x_wconf 90' lang='lat' dir='ltr'>non</span> <span class='ocrx_word' id='word_1_580' title='bbox 1699 4271 1863 4341; x_wconf 88' lang='lat' dir='ltr'>parte</span> 
     </span>
    </p>
   </div>
   <div class='ocr_carea' id='block_1_77' title="bbox 197 4355 1866 4434">
    <p class='ocr_par' dir='ltr' id='par_1_77' title="bbox 197 4355 1866 4434">
     <span class='ocr_line' id='line_1_77' title="bbox 197 4355 1866 4434; baseline -0.004 -16"><span class='ocrx_word' id='word_1_581' title='bbox 197 4375 512 4434; x_wconf 86' lang='lat' dir='ltr'>corporea,</span> <span class='ocrx_word' id='word_1_582' title='bbox 545 4359 646 4415; x_wconf 84' lang='lat' dir='ltr'>sed</span> <span class='ocrx_word' id='word_1_583' title='bbox 677 4357 892 4414; x_wconf 83' lang='lat' dir='ltr'>virtute</span> <span class='ocrx_word' id='word_1_584' title='bbox 913 4357 1126 4413; x_wconf 89' lang='lat' dir='ltr'>divina.</span> <span class='ocrx_word' id='word_1_585' title='bbox 1153 4355 1259 4424; x_wconf 89' lang='lat' dir='ltr'>Qui</span> <span class='ocrx_word' id='word_1_586' title='bbox 1282 4355 1438 4413; x_wconf 90' lang='lat' dir='ltr'>enim</span> <span class='ocrx_word' id='word_1_587' title='bbox 1461 4374 1615 4413; x_wconf 90' lang='lat' dir='ltr'>unus</span> <span class='ocrx_word' id='word_1_588' title='bbox 1635 4373 1866 4429; x_wconf 89' lang='lat' dir='ltr'>semper</span> 
     </span>
    </p>
   </div>
   <div class='ocr_carea' id='block_1_78' title="bbox 197 4445 1866 4521">
    <p class='ocr_par' dir='ltr' id='par_1_78' title="bbox 197 4445 1866 4521">
     <span class='ocr_line' id='line_1_78' title="bbox 197 4445 1866 4521; baseline -0.002 -15"><span class='ocrx_word' id='word_1_589' title='bbox 197 4455 258 4506; x_wconf 88' lang='lat' dir='ltr'>et</span> <span class='ocrx_word' id='word_1_590' title='bbox 289 4449 457 4506; x_wconf 90' lang='lat' dir='ltr'>idem</span> <span class='ocrx_word' id='word_1_591' title='bbox 492 4445 737 4521; x_wconf 85' lang='lat' dir='ltr'>intelligi</span> <span class='ocrx_word' id='word_1_592' title='bbox 771 4445 1194 4520; x_wconf 80' lang='lat' dir='ltr'>participaliter</span> <span class='ocrx_word' id='word_1_593' title='bbox 1224 4463 1338 4502; x_wconf 89' lang='lat' dir='ltr'>non</span> <span class='ocrx_word' id='word_1_594' title='bbox 1370 4449 1580 4519; x_wconf 90' lang='lat' dir='ltr'>potest,</span> <span class='ocrx_word' id='word_1_595' title='bbox 1603 4450 1799 4502; x_wconf 87' lang='lat' dir='ltr'>tamen</span> <span class='ocrx_word' id='word_1_596' title='bbox 1831 4463 1866 4502; x_wconf 86' lang='lat' dir='ltr'>a</span> 
     </span>
    </p>
   </div>
   <div class='ocr_carea' id='block_1_79' title="bbox 197 4533 1867 4609">
    <p class='ocr_par' dir='ltr' id='par_1_79' title="bbox 197 4533 1867 4609">
     <span class='ocr_line' id='line_1_79' title="bbox 197 4533 1867 4609; baseline -0.003 -13"><span class='ocrx_word' id='word_1_597' title='bbox 197 4539 331 4596; x_wconf 83' lang='lat' dir='ltr'>suis</span> <span class='ocrx_word' id='word_1_598' title='bbox 365 4535 648 4593; x_wconf 81' lang='lat' dir='ltr'>ﬁdelibus</span> <span class='ocrx_word' id='word_1_599' title='bbox 671 4534 1010 4609; x_wconf 87' lang='lat' dir='ltr'>participari</span> <span class='ocrx_word' id='word_1_600' title='bbox 1043 4533 1280 4601; x_wconf 88' lang='lat' dir='ltr'>dicitur,</span> <span class='ocrx_word' id='word_1_601' title='bbox 1316 4553 1448 4591; x_wconf 90' lang='lat' dir='ltr'>cum</span> <span class='ocrx_word' id='word_1_602' title='bbox 1483 4536 1540 4590; x_wconf 91' lang='lat' dir='ltr'>in</span> <span class='ocrx_word' id='word_1_603' title='bbox 1571 4536 1702 4607; x_wconf 90' lang='lat' dir='ltr'>ejus</span> <span class='ocrx_word' id='word_1_604' title='bbox 1732 4536 1867 4591; x_wconf 78' lang='lat' dir='ltr'>sub-</span> 
     </span>
    </p>
   </div>
   <div class='ocr_carea' id='block_1_80' title="bbox 1966 3377 3619 3446">
    <p class='ocr_par' dir='ltr' id='par_1_80' title="bbox 1966 3377 3619 3446">
     <span class='ocr_line' id='line_1_80' title="bbox 1966 3377 3619 3446; baseline -0.002 -11"><span class='ocrx_word' id='word_1_605' title='bbox 1966 3379 2402 3435; x_wconf 73' lang='lat' dir='ltr'>immaculatum</span> <span class='ocrx_word' id='word_1_606' title='bbox 2430 3377 2898 3446; x_wconf 87' lang='lat' dir='ltr'>Deo,emundabit</span> <span class='ocrx_word' id='word_1_607' title='bbox 2919 3377 3335 3434; x_wconf 84' lang='lat' dir='ltr'>conscientiam</span> <span class='ocrx_word' id='word_1_608' title='bbox 3356 3381 3619 3434; x_wconf 86' lang='lat' dir='ltr'>nostram</span> 
     </span>
    </p>
   </div>
   <div class='ocr_carea' id='block_1_81' title="bbox 1966 3465 3618 3539">
    <p class='ocr_par' dir='ltr' id='par_1_81' title="bbox 1966 3465 3618 3539">
     <span class='ocr_line' id='line_1_81' title="bbox 1966 3465 3618 3539; baseline -0.002 -14"><span class='ocrx_word' id='word_1_609' title='bbox 1966 3471 2040 3525; x_wconf 88' lang='lat' dir='ltr'>ab</span> <span class='ocrx_word' id='word_1_610' title='bbox 2059 3469 2328 3539; x_wconf 83' lang='lat' dir='ltr'>operibus</span> <span class='ocrx_word' id='word_1_611' title='bbox 2355 3467 2622 3537; x_wconf 83' lang='lat' dir='ltr'>mortuis,</span> <span class='ocrx_word' id='word_1_612' title='bbox 2641 3467 2720 3522; x_wconf 85' lang='lat' dir='ltr'>ad</span> <span class='ocrx_word' id='word_1_613' title='bbox 2745 3467 3110 3523; x_wconf 83' lang='lat' dir='ltr'>serviendum</span> <span class='ocrx_word' id='word_1_614' title='bbox 3137 3471 3252 3522; x_wconf 84' lang='lat' dir='ltr'>Deo</span> <span class='ocrx_word' id='word_1_615' title='bbox 3279 3465 3534 3523; x_wconf 74' lang='lat' dir='ltr'>viventi?</span> <span class='ocrx_word' id='word_1_616' title='bbox 3561 3475 3618 3522; x_wconf 83' lang='lat' dir='ltr'>et</span> 
     </span>
    </p>
   </div>
   <div class='ocr_carea' id='block_1_82' title="bbox 1969 3555 3614 3625">
    <p class='ocr_par' dir='ltr' id='par_1_82' title="bbox 1969 3555 3614 3625">
     <span class='ocr_line' id='line_1_82' title="bbox 1969 3555 3614 3625; baseline -0.001 -12"><span class='ocrx_word' id='word_1_617' title='bbox 1969 3559 2096 3613; x_wconf 78' lang='lat' dir='ltr'>ideo</span> <span class='ocrx_word' id='word_1_618' title='bbox 2110 3557 2238 3613; x_wconf 83' lang='lat' dir='ltr'>novi</span> <span class='ocrx_word' id='word_1_619' title='bbox 2261 3558 2587 3612; x_wconf 79' lang='lat' dir='ltr'>testamenti</span> <span class='ocrx_word' id='word_1_620' title='bbox 2605 3557 2894 3614; x_wconf 82' lang='lat' dir='ltr'>mediator</span> <span class='ocrx_word' id='word_1_621' title='bbox 2921 3565 3004 3612; x_wconf 88' lang='lat' dir='ltr'>est</span> <span class='ocrx_word' id='word_1_622' title='bbox 3037 3555 3240 3624; x_wconf 82' lang='lat' dir='ltr'>(Hebr.</span> <span class='ocrx_word' id='word_1_623' title='bbox 3269 3572 3347 3623; x_wconf 76' lang='grc' dir='ltr'>ιχ,</span> <span class='ocrx_word' id='word_1_624' title='bbox 3383 3555 3470 3610; x_wconf 79' lang='grc'>14.</span> <span class='ocrx_word' id='word_1_625' title='bbox 3504 3555 3614 3625; x_wconf 87' lang='grc'>15).</span> 
     </span>
    </p>
   </div>
   <div class='ocr_carea' id='block_1_83' title="bbox 1971 3643 3617 3718">
    <p class='ocr_par' dir='ltr' id='par_1_83' title="bbox 1971 3643 3617 3718">
     <span class='ocr_line' id='line_1_83' title="bbox 1971 3643 3617 3718; baseline -0.003 -15"><span class='ocrx_word' id='word_1_626' title='bbox 1971 3647 2076 3702; x_wconf 86' lang='lat' dir='ltr'>Per</span> <span class='ocrx_word' id='word_1_627' title='bbox 2094 3647 2252 3703; x_wconf 90' lang='lat' dir='ltr'>hunc</span> <span class='ocrx_word' id='word_1_628' title='bbox 2271 3662 2407 3718; x_wconf 81' lang='lat' dir='ltr'>ergo</span> <span class='ocrx_word' id='word_1_629' title='bbox 2431 3645 2778 3718; x_wconf 87' lang='lat' dir='ltr'>sanguinem</span> <span class='ocrx_word' id='word_1_630' title='bbox 2809 3643 2939 3700; x_wconf 89' lang='lat' dir='ltr'>novi</span> <span class='ocrx_word' id='word_1_631' title='bbox 2961 3643 3318 3712; x_wconf 86' lang='lat' dir='ltr'>testamenti,</span> <span class='ocrx_word' id='word_1_632' title='bbox 3339 3643 3436 3716; x_wconf 91' lang='lat' dir='ltr'>qui</span> <span class='ocrx_word' id='word_1_633' title='bbox 3471 3645 3617 3700; x_wconf 83' lang='lat' dir='ltr'>eil&#39;u-</span> 
     </span>
    </p>
   </div>
   <div class='ocr_carea' id='block_1_84' title="bbox 1970 3731 3613 3806">
    <p class='ocr_par' dir='ltr' id='par_1_84' title="bbox 1970 3731 3613 3806">
     <span class='ocr_line' id='line_1_84' title="bbox 1970 3731 3613 3806; baseline -0.002 -14"><span class='ocrx_word' id='word_1_634' title='bbox 1970 3753 2073 3792; x_wconf 92' lang='lat' dir='ltr'>sus</span> <span class='ocrx_word' id='word_1_635' title='bbox 2102 3739 2193 3792; x_wconf 89' lang='lat' dir='ltr'>est</span> <span class='ocrx_word' id='word_1_636' title='bbox 2222 3735 2282 3790; x_wconf 91' lang='lat' dir='ltr'>in</span> <span class='ocrx_word' id='word_1_637' title='bbox 2315 3733 2716 3790; x_wconf 84' lang='lat' dir='ltr'>remissionem</span> <span class='ocrx_word' id='word_1_638' title='bbox 2747 3737 3137 3806; x_wconf 88' lang='lat' dir='ltr'>peccatorum,</span> <span class='ocrx_word' id='word_1_639' title='bbox 3171 3731 3532 3801; x_wconf 87' lang='lat' dir='ltr'>emundabit,</span> <span class='ocrx_word' id='word_1_640' title='bbox 3558 3731 3613 3788; x_wconf 93' lang='lat' dir='ltr'>id</span> 
     </span>
    </p>
   </div>
   <div class='ocr_carea' id='block_1_85' title="bbox 1969 3821 3615 3890">
    <p class='ocr_par' dir='ltr' id='par_1_85' title="bbox 1969 3821 3615 3890">
     <span class='ocr_line' id='line_1_85' title="bbox 1969 3821 3615 3890; baseline -0.002 -10"><span class='ocrx_word' id='word_1_641' title='bbox 1969 3829 2060 3881; x_wconf 89' lang='lat' dir='ltr'>est</span> <span class='ocrx_word' id='word_1_642' title='bbox 2089 3823 2388 3879; x_wconf 89' lang='lat' dir='ltr'>innovabit</span> <span class='ocrx_word' id='word_1_643' title='bbox 2416 3823 2834 3879; x_wconf 87' lang='lat' dir='ltr'>conscientiam</span> <span class='ocrx_word' id='word_1_644' title='bbox 2865 3821 3148 3890; x_wconf 84' lang='lat' dir='ltr'>ﬁdelium,</span> <span class='ocrx_word' id='word_1_645' title='bbox 3171 3826 3231 3878; x_wconf 85' lang='lat' dir='ltr'>et</span> <span class='ocrx_word' id='word_1_646' title='bbox 3259 3822 3410 3877; x_wconf 83' lang='lat' dir='ltr'>ﬁunt</span> <span class='ocrx_word' id='word_1_647' title='bbox 3437 3821 3615 3877; x_wconf 87' lang='lat' dir='ltr'>iidem</span> 
     </span>
    </p>
   </div>
   <div class='ocr_carea' id='block_1_86' title="bbox 1971 3910 3617 3985">
    <p class='ocr_par' dir='ltr' id='par_1_86' title="bbox 1971 3910 3617 3985">
     <span class='ocr_line' id='line_1_86' title="bbox 1971 3910 3617 3985; baseline -0.001 -17"><span class='ocrx_word' id='word_1_648' title='bbox 1971 3912 2361 3984; x_wconf 82' lang='lat' dir='ltr'>ﬁdeles,juxta</span> <span class='ocrx_word' id='word_1_649' title='bbox 2371 3914 2640 3968; x_wconf 86' lang='lat' dir='ltr'>eumdem</span> <span class='ocrx_word' id='word_1_650' title='bbox 2653 3912 3278 3985; x_wconf 67' lang='lat' dir='ltr'>Apostolum,haeredes</span> <span class='ocrx_word' id='word_1_651' title='bbox 3291 3910 3617 3968; x_wconf 88' lang='lat' dir='ltr'>secundum</span> 
     </span>
    </p>
   </div>
   <div class='ocr_carea' id='block_1_87' title="bbox 1971 4000 3620 4074">
    <p class='ocr_par' dir='ltr' id='par_1_87' title="bbox 1971 4000 3620 4074">
     <span class='ocr_line' id='line_1_87' title="bbox 1971 4000 3620 4074; baseline -0.001 -16"><span class='ocrx_word' id='word_1_652' title='bbox 1971 4019 2135 4074; x_wconf 89' lang='lat' dir='ltr'>spem</span> <span class='ocrx_word' id='word_1_653' title='bbox 2156 4001 2286 4056; x_wconf 66' lang='lat' dir='ltr'>vitae</span> <span class='ocrx_word' id='word_1_654' title='bbox 2318 4005 2564 4069; x_wconf 59' lang='lat' dir='ltr'>aeternas,</span> <span class='ocrx_word' id='word_1_655' title='bbox 2583 4011 2638 4056; x_wconf 86' lang='lat' dir='ltr'>et</span> <span class='ocrx_word' id='word_1_656' title='bbox 2667 4003 3172 4071; x_wconf 85' lang='lat' dir='ltr'>repromissionem</span> <span class='ocrx_word' id='word_1_657' title='bbox 3200 4000 3490 4071; x_wconf 87' lang='lat' dir='ltr'>accipiunt</span> <span class='ocrx_word' id='word_1_658' title='bbox 3519 4001 3620 4072; x_wconf 87' lang='lat' dir='ltr'>qui</span> 
     </span>
    </p>
   </div>
   <div class='ocr_carea' id='block_1_88' title="bbox 1970 4089 3618 4158">
    <p class='ocr_par' dir='ltr' id='par_1_88' title="bbox 1970 4089 3618 4158">
     <span class='ocr_line' id='line_1_88' title="bbox 1970 4089 3618 4158; baseline -0.001 -11"><span class='ocrx_word' id='word_1_659' title='bbox 1970 4090 2157 4147; x_wconf 84' lang='lat' dir='ltr'>vocati</span> <span class='ocrx_word' id='word_1_660' title='bbox 2185 4099 2318 4146; x_wconf 87' lang='lat' dir='ltr'>sunt</span> <span class='ocrx_word' id='word_1_661' title='bbox 2360 4099 2593 4147; x_wconf 73' lang='lat' dir='ltr'>:rternaz</span> <span class='ocrx_word' id='word_1_662' title='bbox 2629 4091 2988 4146; x_wconf 64' lang='lat' dir='ltr'>ha’reditatis</span> <span class='ocrx_word' id='word_1_663' title='bbox 3016 4091 3210 4158; x_wconf 60' lang='lat' dir='ltr'>(ibid,</span> <span class='ocrx_word' id='word_1_664' title='bbox 3247 4090 3356 4156; x_wconf 87' lang='grc'>15).</span> <span class='ocrx_word' id='word_1_665' title='bbox 3389 4091 3460 4144; x_wconf 89' lang='lat' dir='ltr'>Et</span> <span class='ocrx_word' id='word_1_666' title='bbox 3487 4089 3618 4146; x_wconf 90' lang='lat' dir='ltr'>ideo</span> 
     </span>
    </p>
   </div>
   <div class='ocr_carea' id='block_1_89' title="bbox 1972 4175 3619 4252">
    <p class='ocr_par' dir='ltr' id='par_1_89' title="bbox 1972 4175 3619 4252">
     <span class='ocr_line' id='line_1_89' title="bbox 1972 4175 3619 4252; baseline -0.002 -16"><span class='ocrx_word' id='word_1_667' title='bbox 1972 4179 2214 4252; x_wconf 86' lang='lat' dir='ltr'>sanguis</span> <span class='ocrx_word' id='word_1_668' title='bbox 2245 4178 2340 4233; x_wconf 89' lang='lat' dir='ltr'>ille</span> <span class='ocrx_word' id='word_1_669' title='bbox 2368 4195 2498 4234; x_wconf 89' lang='lat' dir='ltr'>vere</span> <span class='ocrx_word' id='word_1_670' title='bbox 2527 4178 2658 4233; x_wconf 90' lang='lat' dir='ltr'>novi</span> <span class='ocrx_word' id='word_1_671' title='bbox 2693 4176 3027 4234; x_wconf 89' lang='lat' dir='ltr'>testamenti</span> <span class='ocrx_word' id='word_1_672' title='bbox 3050 4177 3321 4232; x_wconf 70' lang='lat' dir='ltr'>etaaterni</span> <span class='ocrx_word' id='word_1_673' title='bbox 3341 4181 3450 4242; x_wconf 89' lang='lat' dir='ltr'>est,</span> <span class='ocrx_word' id='word_1_674' title='bbox 3478 4175 3619 4248; x_wconf 89' lang='lat' dir='ltr'>quia</span> 
     </span>
    </p>
   </div>
   <div class='ocr_carea' id='block_1_90' title="bbox 1973 4264 3614 4342">
    <p class='ocr_par' dir='ltr' id='par_1_90' title="bbox 1973 4264 3614 4342">
     <span class='ocr_line' id='line_1_90' title="bbox 1973 4264 3614 4342; baseline -0.003 -18"><span class='ocrx_word' id='word_1_675' title='bbox 1973 4285 2121 4342; x_wconf 83' lang='lat' dir='ltr'>quos</span> <span class='ocrx_word' id='word_1_676' title='bbox 2152 4286 2186 4322; x_wconf 90' lang='lat' dir='ltr'>a</span> <span class='ocrx_word' id='word_1_677' title='bbox 2217 4271 2504 4323; x_wconf 78' lang='lat' dir='ltr'>vetustate</span> <span class='ocrx_word' id='word_1_678' title='bbox 2543 4267 2797 4333; x_wconf 83' lang='lat' dir='ltr'>innovat,</span> <span class='ocrx_word' id='word_1_679' title='bbox 2833 4267 2905 4322; x_wconf 93' lang='lat' dir='ltr'>ad</span> <span class='ocrx_word' id='word_1_680' title='bbox 2955 4270 3229 4321; x_wconf 74' lang='lat' dir='ltr'>aeternam</span> <span class='ocrx_word' id='word_1_681' title='bbox 3280 4264 3614 4320; x_wconf 80' lang='lat' dir='ltr'>felicitatem</span> 
     </span>
    </p>
   </div>
   <div class='ocr_carea' id='block_1_91' title="bbox 1973 4339 3614 4430">
    <p class='ocr_par' dir='ltr' id='par_1_91' title="bbox 1973 4339 3614 4430">
     <span class='ocr_line' id='line_1_91' title="bbox 1973 4339 3614 4430; baseline -0.002 -18"><span class='ocrx_word' id='word_1_682' title='bbox 1973 4339 2258 4430; x_wconf 79' lang='lat' dir='ltr'>perducit.</span> <span class='ocrx_word' id='word_1_683' title='bbox 2296 4355 2440 4410; x_wconf 87' lang='lat' dir='ltr'>Hinc</span> <span class='ocrx_word' id='word_1_684' title='bbox 2468 4354 2777 4410; x_wconf 85' lang='lat' dir='ltr'>Zacharias</span> <span class='ocrx_word' id='word_1_685' title='bbox 2820 4354 3102 4426; x_wconf 87' lang='lat' dir='ltr'>propheta</span> <span class='ocrx_word' id='word_1_686' title='bbox 3128 4352 3285 4408; x_wconf 89' lang='lat' dir='ltr'>velut</span> <span class='ocrx_word' id='word_1_687' title='bbox 3313 4353 3389 4408; x_wconf 86' lang='lat' dir='ltr'>ad.</span> <span class='ocrx_word' id='word_1_688' title='bbox 3417 4352 3614 4425; x_wconf 90' lang='lat' dir='ltr'>ipsum</span> 
     </span>
    </p>
   </div>
   <div class='ocr_carea' id='block_1_92' title="bbox 1973 4441 3614 4515">
    <p class='ocr_par' dir='ltr' id='par_1_92' title="bbox 1973 4441 3614 4515">
     <span class='ocr_line' id='line_1_92' title="bbox 1973 4441 3614 4515; baseline -0.001 -15"><span class='ocrx_word' id='word_1_689' title='bbox 1973 4445 2288 4501; x_wconf 90' lang='lat' dir='ltr'>Dominum</span> <span class='ocrx_word' id='word_1_690' title='bbox 2320 4443 2568 4514; x_wconf 88' lang='lat' dir='ltr'>loquens</span> <span class='ocrx_word' id='word_1_691' title='bbox 2585 4443 2699 4498; x_wconf 88' lang='lat' dir='ltr'>ait:</span> <span class='ocrx_word' id='word_1_692' title='bbox 2725 4444 2809 4499; x_wconf 87' lang='lat' dir='ltr'>Tu</span> <span class='ocrx_word' id='word_1_693' title='bbox 2823 4459 3040 4515; x_wconf 86' lang='lat' dir='ltr'>quoque</span> <span class='ocrx_word' id='word_1_694' title='bbox 3059 4441 3117 4497; x_wconf 90' lang='lat' dir='ltr'>in</span> <span class='ocrx_word' id='word_1_695' title='bbox 3136 4441 3419 4512; x_wconf 89' lang='lat' dir='ltr'>sanguine</span> <span class='ocrx_word' id='word_1_696' title='bbox 3439 4449 3614 4498; x_wconf 86' lang='lat' dir='ltr'>testa-</span> 
     </span>
    </p>
   </div>
   <div class='ocr_carea' id='block_1_93' title="bbox 1971 4530 3617 4602">
    <p class='ocr_par' dir='ltr' id='par_1_93' title="bbox 1971 4530 3617 4602">
     <span class='ocr_line' id='line_1_93' title="bbox 1971 4530 3617 4602; baseline -0.001 -14"><span class='ocrx_word' id='word_1_697' title='bbox 1971 4534 2152 4589; x_wconf 87' lang='lat' dir='ltr'>menti</span> <span class='ocrx_word' id='word_1_698' title='bbox 2163 4533 2248 4588; x_wconf 87' lang='lat' dir='ltr'>tui</span> <span class='ocrx_word' id='word_1_699' title='bbox 2257 4533 2500 4588; x_wconf 86' lang='lat' dir='ltr'>emisisti</span> <span class='ocrx_word' id='word_1_700' title='bbox 2517 4533 2726 4588; x_wconf 86' lang='lat' dir='ltr'>vinctos</span> <span class='ocrx_word' id='word_1_701' title='bbox 2747 4540 2873 4588; x_wconf 80' lang='lat' dir='ltr'>tuos</span> <span class='ocrx_word' id='word_1_702' title='bbox 2889 4531 3119 4600; x_wconf 85' lang='lat' dir='ltr'>delacu,</span> <span class='ocrx_word' id='word_1_703' title='bbox 3143 4530 3200 4586; x_wconf 89' lang='lat' dir='ltr'>in</span> <span class='ocrx_word' id='word_1_704' title='bbox 3222 4546 3334 4602; x_wconf 86' lang='lat' dir='ltr'>quo</span> <span class='ocrx_word' id='word_1_705' title='bbox 3351 4546 3464 4588; x_wconf 92' lang='lat' dir='ltr'>non</span> <span class='ocrx_word' id='word_1_706' title='bbox 3485 4540 3617 4587; x_wconf 89' lang='lat' dir='ltr'>erat</span> 
     </span>
    </p>
   </div>
   <div class='ocr_carea' id='block_1_94' title="bbox 196 4617 3616 4708">
    <p class='ocr_par' dir='ltr' id='par_1_94' title="bbox 196 4617 3616 4708">
     <span class='ocr_line' id='line_1_94' title="bbox 196 4617 3616 4708; baseline -0.003 -24"><span class='ocrx_word' id='word_1_707' title='bbox 196 4625 498 4684; x_wconf 82' lang='lat' dir='ltr'>stantiam</span> <span class='ocrx_word' id='word_1_708' title='bbox 527 4641 662 4698; x_wconf 88' lang='lat' dir='ltr'>pars</span> <span class='ocrx_word' id='word_1_709' title='bbox 692 4623 854 4680; x_wconf 89' lang='lat' dir='ltr'>nulla</span> <span class='ocrx_word' id='word_1_710' title='bbox 883 4623 1247 4680; x_wconf 90' lang='lat' dir='ltr'>admittatur.</span> <span class='ocrx_word' id='word_1_711' title='bbox 1273 4624 1384 4679; x_wconf 88' lang='lat' dir='ltr'>Sed</span> <span class='ocrx_word' id='word_1_712' title='bbox 1417 4623 1554 4696; x_wconf 85' lang='lat' dir='ltr'>quia</span> <span class='ocrx_word' id='word_1_713' title='bbox 1584 4623 1741 4680; x_wconf 91' lang='lat' dir='ltr'>hunc</span> <span class='ocrx_word' id='word_1_714' title='bbox 1769 4641 1865 4680; x_wconf 83' lang='lat' dir='ltr'>ex-</span> <span class='ocrx_word' id='word_1_715' title='bbox 1896 4644 1942 4708; x_wconf 70' lang='grc' dir='ltr'><strong>Β</strong></span> <span class='ocrx_word' id='word_1_716' title='bbox 1972 4639 2124 4695; x_wconf 85' lang='lat' dir='ltr'>aqua</span> <span class='ocrx_word' id='word_1_717' title='bbox 2147 4623 2346 4693; x_wconf 82' lang='lat' dir='ltr'>(Zach.</span> <span class='ocrx_word' id='word_1_718' title='bbox 2373 4638 2446 4685; x_wconf 81' lang='lat' dir='ltr'>Ix,</span> <span class='ocrx_word' id='word_1_719' title='bbox 2473 4621 2579 4691; x_wconf 91' lang='grc'>11).</span> <span class='ocrx_word' id='word_1_720' title='bbox 2605 4617 3030 4708; x_wconf 77' lang='lat' dir='ltr'>Quiavidelicet</span> <span class='ocrx_word' id='word_1_721' title='bbox 3049 4636 3152 4691; x_wconf 88' lang='lat' dir='ltr'>per</span> <span class='ocrx_word' id='word_1_722' title='bbox 3171 4617 3352 4690; x_wconf 88' lang='lat' dir='ltr'>hujus</span> <span class='ocrx_word' id='word_1_723' title='bbox 3371 4617 3616 4708; x_wconf 86' lang='lat' dir='ltr'>sangui-</span> 
     </span>
    </p>
   </div>
   <div class='ocr_carea' id='block_1_95' title="bbox 195 4712 1867 4789">
    <p class='ocr_par' dir='ltr' id='par_1_95' title="bbox 195 4712 1867 4789">
     <span class='ocr_line' id='line_1_95' title="bbox 195 4712 1867 4789; baseline -0.003 -16"><span class='ocrx_word' id='word_1_724' title='bbox 195 4715 468 4789; x_wconf 84' lang='lat' dir='ltr'>primere</span> <span class='ocrx_word' id='word_1_725' title='bbox 500 4713 749 4786; x_wconf 80' lang='lat' dir='ltr'>perfecte</span> <span class='ocrx_word' id='word_1_726' title='bbox 779 4729 1048 4770; x_wconf 90' lang='lat' dir='ltr'>sermone</span> <span class='ocrx_word' id='word_1_727' title='bbox 1079 4731 1194 4768; x_wconf 89' lang='lat' dir='ltr'>non</span> <span class='ocrx_word' id='word_1_728' title='bbox 1227 4729 1564 4785; x_wconf 86' lang='lat' dir='ltr'>possumus,</span> <span class='ocrx_word' id='word_1_729' title='bbox 1597 4712 1867 4769; x_wconf 81' lang='lat' dir='ltr'>immani-</span> 
     </span>
    </p>
   </div>
   <div class='ocr_carea' id='block_1_96' title="bbox 193 4801 1865 4875">
    <p class='ocr_par' dir='ltr' id='par_1_96' title="bbox 193 4801 1865 4875">
     <span class='ocr_line' id='line_1_96' title="bbox 193 4801 1865 4875; baseline -0.002 -13"><span class='ocrx_word' id='word_1_730' title='bbox 193 4806 346 4862; x_wconf 85' lang='lat' dir='ltr'>tatis</span> <span class='ocrx_word' id='word_1_731' title='bbox 391 4806 608 4860; x_wconf 67' lang='lat' dir='ltr'>nostrte</span> <span class='ocrx_word' id='word_1_732' title='bbox 657 4801 895 4859; x_wconf 88' lang='lat' dir='ltr'>modulo</span> <span class='ocrx_word' id='word_1_733' title='bbox 945 4801 1113 4875; x_wconf 88' lang='lat' dir='ltr'>quasi</span> <span class='ocrx_word' id='word_1_734' title='bbox 1162 4801 1419 4857; x_wconf 65' lang='lat' dir='ltr'>infantiae</span> <span class='ocrx_word' id='word_1_735' title='bbox 1468 4801 1865 4858; x_wconf 83' lang='lat' dir='ltr'>imbecillitate</span> 
     </span>
    </p>
   </div>
   <div class='ocr_carea' id='block_1_97' title="bbox 193 4890 1863 4967">
    <p class='ocr_par' dir='ltr' id='par_1_97' title="bbox 193 4890 1863 4967">
     <span class='ocr_line' id='line_1_97' title="bbox 193 4890 1863 4967; baseline -0.002 -17"><span class='ocrx_word' id='word_1_736' title='bbox 193 4891 540 4967; x_wconf 62' lang='lat' dir='ltr'>praepediti,</span> <span class='ocrx_word' id='word_1_737' title='bbox 573 4907 707 4948; x_wconf 88' lang='lat' dir='ltr'>eum</span> <span class='ocrx_word' id='word_1_738' title='bbox 763 4890 1135 4964; x_wconf 87' lang='lat' dir='ltr'>aliquatenus</span> <span class='ocrx_word' id='word_1_739' title='bbox 1191 4890 1571 4947; x_wconf 87' lang='lat' dir='ltr'>balbutiendo</span> <span class='ocrx_word' id='word_1_740' title='bbox 1629 4908 1863 4947; x_wconf 89' lang='lat' dir='ltr'>resona-</span> 
     </span>
    </p>
   </div>
   <div class='ocr_carea' id='block_1_98' title="bbox 192 4978 1866 5052">
    <p class='ocr_par' dir='ltr' id='par_1_98' title="bbox 192 4978 1866 5052">
     <span class='ocr_line' id='line_1_98' title="bbox 192 4978 1866 5052; baseline -0.003 -13"><span class='ocrx_word' id='word_1_741' title='bbox 192 4999 365 5039; x_wconf 83' lang='lat' dir='ltr'>mus.</span> <span class='ocrx_word' id='word_1_742' title='bbox 398 4980 586 5052; x_wconf 85' lang='lat' dir='ltr'>Cujus</span> <span class='ocrx_word' id='word_1_743' title='bbox 615 4996 828 5052; x_wconf 89' lang='lat' dir='ltr'>corpus</span> <span class='ocrx_word' id='word_1_744' title='bbox 856 4979 1042 5036; x_wconf 80' lang='lat' dir='ltr'>Judaei</span> <span class='ocrx_word' id='word_1_745' title='bbox 1074 4983 1490 5052; x_wconf 87' lang='lat' dir='ltr'>persequentes</span> <span class='ocrx_word' id='word_1_746' title='bbox 1521 4978 1707 5035; x_wconf 80' lang='lat' dir='ltr'>moliti</span> <span class='ocrx_word' id='word_1_747' title='bbox 1727 4983 1866 5036; x_wconf 90' lang='lat' dir='ltr'>sunt</span> 
     </span>
    </p>
   </div>
   <div class='ocr_carea' id='block_1_99' title="bbox 191 5067 1862 5144">
    <p class='ocr_par' dir='ltr' id='par_1_99' title="bbox 191 5067 1862 5144">
     <span class='ocr_line' id='line_1_99' title="bbox 191 5067 1862 5144; baseline -0.004 -16"><span class='ocrx_word' id='word_1_748' title='bbox 191 5069 380 5144; x_wconf 85' lang='lat' dir='ltr'>quasi</span> <span class='ocrx_word' id='word_1_749' title='bbox 412 5069 817 5126; x_wconf 87' lang='lat' dir='ltr'>consumendo</span> <span class='ocrx_word' id='word_1_750' title='bbox 847 5069 1236 5142; x_wconf 85' lang='lat' dir='ltr'>exstinguere,</span> <span class='ocrx_word' id='word_1_751' title='bbox 1254 5072 1312 5125; x_wconf 88' lang='lat' dir='ltr'>et</span> <span class='ocrx_word' id='word_1_752' title='bbox 1331 5067 1582 5141; x_wconf 88' lang='lat' dir='ltr'>gentiles</span> <span class='ocrx_word' id='word_1_753' title='bbox 1605 5067 1862 5124; x_wconf 88' lang='lat' dir='ltr'>esurien-</span> 
     </span>
    </p>
   </div>
   <div class='ocr_carea' id='block_1_100' title="bbox 191 5155 1868 5230">
    <p class='ocr_par' dir='ltr' id='par_1_100' title="bbox 191 5155 1868 5230">
     <span class='ocr_line' id='line_1_100' title="bbox 191 5155 1868 5230; baseline -0.004 -13"><span class='ocrx_word' id='word_1_754' title='bbox 191 5164 322 5217; x_wconf 75' lang='lat' dir='ltr'>tem</span> <span class='ocrx_word' id='word_1_755' title='bbox 347 5161 612 5216; x_wconf 84' lang='lat' dir='ltr'>mentem</span> <span class='ocrx_word' id='word_1_756' title='bbox 635 5175 804 5214; x_wconf 89' lang='lat' dir='ltr'>snam</span> <span class='ocrx_word' id='word_1_757' title='bbox 826 5158 1162 5214; x_wconf 87' lang='lat' dir='ltr'>desiderant</span> <span class='ocrx_word' id='word_1_758' title='bbox 1188 5175 1292 5230; x_wconf 91' lang='lat' dir='ltr'>per</span> <span class='ocrx_word' id='word_1_759' title='bbox 1320 5155 1728 5230; x_wconf 88' lang='lat' dir='ltr'>quotidianum</span> <span class='ocrx_word' id='word_1_760' title='bbox 1763 5158 1868 5212; x_wconf 86' lang='lat' dir='ltr'>im-</span> 
     </span>
    </p>
   </div>
   <div class='ocr_carea' id='block_1_101' title="bbox 189 5246 1867 5320">
    <p class='ocr_par' dir='ltr' id='par_1_101' title="bbox 189 5246 1867 5320">
     <span class='ocr_line' id='line_1_101' title="bbox 189 5246 1867 5320; baseline -0.004 -14"><span class='ocrx_word' id='word_1_761' title='bbox 189 5246 554 5306; x_wconf 84' lang='lat' dir='ltr'>molationis</span> <span class='ocrx_word' id='word_1_762' title='bbox 585 5247 938 5304; x_wconf 73' lang='lat' dir='ltr'>sacrificium</span> <span class='ocrx_word' id='word_1_763' title='bbox 971 5247 1042 5304; x_wconf 89' lang='lat' dir='ltr'>de</span> <span class='ocrx_word' id='word_1_764' title='bbox 1072 5246 1202 5320; x_wconf 90' lang='lat' dir='ltr'>ejus</span> <span class='ocrx_word' id='word_1_765' title='bbox 1233 5246 1510 5302; x_wconf 85' lang='lat' dir='ltr'>carnibus</span> <span class='ocrx_word' id='word_1_766' title='bbox 1543 5247 1775 5314; x_wconf 86' lang='lat' dir='ltr'>satiare,</span> <span class='ocrx_word' id='word_1_767' title='bbox 1810 5249 1867 5301; x_wconf 88' lang='lat' dir='ltr'>et</span> 
     </span>
    </p>
   </div>
   <div class='ocr_carea' id='block_1_102' title="bbox 187 5335 1868 5412">
    <p class='ocr_par' dir='ltr' id='par_1_102' title="bbox 187 5335 1868 5412">
     <span class='ocr_line' id='line_1_102' title="bbox 187 5335 1868 5412; baseline -0.002 -18"><span class='ocrx_word' id='word_1_768' title='bbox 187 5336 400 5412; x_wconf 86' lang='lat' dir='ltr'>ipsius</span> <span class='ocrx_word' id='word_1_769' title='bbox 433 5335 841 5408; x_wconf 78' lang='lat' dir='ltr'>Redemptoris</span> <span class='ocrx_word' id='word_1_770' title='bbox 871 5335 1240 5409; x_wconf 88' lang='lat' dir='ltr'>sanguinem,</span> <span class='ocrx_word' id='word_1_771' title='bbox 1260 5353 1435 5408; x_wconf 90' lang='lat' dir='ltr'>quem</span> <span class='ocrx_word' id='word_1_772' title='bbox 1468 5339 1868 5407; x_wconf 88' lang='lat' dir='ltr'>persecutores</span> 
     </span>
    </p>
   </div>
   <div class='ocr_carea' id='block_1_103' title="bbox 187 5423 1864 5498">
    <p class='ocr_par' dir='ltr' id='par_1_103' title="bbox 187 5423 1864 5498">
     <span class='ocr_line' id='line_1_103' title="bbox 187 5423 1864 5498; baseline -0.005 -13"><span class='ocrx_word' id='word_1_773' title='bbox 187 5425 518 5484; x_wconf 63' lang='lat' dir='ltr'>saevientes</span> <span class='ocrx_word' id='word_1_774' title='bbox 538 5424 836 5493; x_wconf 81' lang='lat' dir='ltr'>fuderunt,</span> <span class='ocrx_word' id='word_1_775' title='bbox 851 5425 1228 5498; x_wconf 88' lang='lat' dir='ltr'>postmodum</span> <span class='ocrx_word' id='word_1_776' title='bbox 1249 5424 1550 5480; x_wconf 86' lang='lat' dir='ltr'>credentes</span> <span class='ocrx_word' id='word_1_777' title='bbox 1571 5423 1864 5491; x_wconf 84' lang='lat' dir='ltr'>biberunt,</span> 
     </span>
    </p>
   </div>
   <div class='ocr_carea' id='block_1_104' title="bbox 185 5511 1862 5586">
    <p class='ocr_par' dir='ltr' id='par_1_104' title="bbox 185 5511 1862 5586">
     <span class='ocr_line' id='line_1_104' title="bbox 185 5511 1862 5586; baseline -0.004 -13"><span class='ocrx_word' id='word_1_778' title='bbox 185 5530 469 5586; x_wconf 87' lang='lat' dir='ltr'>eumque</span> <span class='ocrx_word' id='word_1_779' title='bbox 489 5529 618 5569; x_wconf 88' lang='lat' dir='ltr'>esse</span> <span class='ocrx_word' id='word_1_780' title='bbox 646 5513 748 5570; x_wconf 90' lang='lat' dir='ltr'>Dei</span> <span class='ocrx_word' id='word_1_781' title='bbox 774 5512 984 5570; x_wconf 84' lang='lat' dir='ltr'>Filium</span> <span class='ocrx_word' id='word_1_782' title='bbox 1006 5513 1468 5586; x_wconf 61' lang='lat' dir='ltr'>praedicaverunt</span> <span class='ocrx_word' id='word_1_783' title='bbox 1496 5513 1725 5585; x_wconf 79' lang='lat' dir='ltr'>(Moral.</span> <span class='ocrx_word' id='word_1_784' title='bbox 1761 5511 1862 5567; x_wconf 91' lang='lat' dir='ltr'>lib.</span> 
     </span>
    </p>
   </div>
   <div class='ocr_carea' id='block_1_105' title="bbox 185 5600 1863 5676">
    <p class='ocr_par' dir='ltr' id='par_1_105' title="bbox 185 5600 1863 5676">
     <span class='ocr_line' id='line_1_105' title="bbox 185 5600 1863 5676; baseline -0.003 -15"><span class='ocrx_word' id='word_1_785' title='bbox 185 5622 326 5671; x_wconf 80' lang='lat' dir='ltr'>xm,</span> <span class='ocrx_word' id='word_1_786' title='bbox 350 5620 412 5658; x_wconf 82' lang='grc' dir='ltr'>ο.</span> <span class='ocrx_word' id='word_1_787' title='bbox 436 5604 517 5672; x_wconf 92' lang='grc'>8).</span> <span class='ocrx_word' id='word_1_788' title='bbox 541 5625 570 5652; x_wconf 85' lang='grc'>‹‹</span> <span class='ocrx_word' id='word_1_789' title='bbox 587 5601 668 5659; x_wconf 88' lang='lat' dir='ltr'>De</span> <span class='ocrx_word' id='word_1_790' title='bbox 686 5619 800 5675; x_wconf 92' lang='lat' dir='ltr'>quo</span> <span class='ocrx_word' id='word_1_791' title='bbox 815 5601 1083 5659; x_wconf 89' lang='lat' dir='ltr'>videlicet</span> <span class='ocrx_word' id='word_1_792' title='bbox 1105 5601 1389 5674; x_wconf 88' lang='lat' dir='ltr'>sanguine</span> <span class='ocrx_word' id='word_1_793' title='bbox 1411 5600 1693 5676; x_wconf 73' lang='lat' dir='ltr'>scriptum</span> <span class='ocrx_word' id='word_1_794' title='bbox 1726 5604 1816 5656; x_wconf 87' lang='lat' dir='ltr'>est</span> <span class='ocrx_word' id='word_1_795' title='bbox 1851 5617 1863 5656; x_wconf 93' lang='lat'>:</span> 
     </span>
    </p>
   </div>
   <div class='ocr_carea' id='block_1_106' title="bbox 189 5691 1868 5764">
    <p class='ocr_par' dir='ltr' id='par_1_106' title="bbox 189 5691 1868 5764">
     <span class='ocr_line' id='line_1_106' title="bbox 189 5691 1868 5764; baseline -0.003 -13"><span class='ocrx_word' id='word_1_796' title='bbox 189 5699 428 5761; x_wconf 79' lang='lat' dir='ltr'>Terra,</span> <span class='ocrx_word' id='word_1_797' title='bbox 463 5708 534 5749; x_wconf 89' lang='lat' dir='ltr'>ne</span> <span class='ocrx_word' id='word_1_798' title='bbox 560 5692 791 5762; x_wconf 82' lang='lat' dir='ltr'>operias</span> <span class='ocrx_word' id='word_1_799' title='bbox 819 5693 1153 5764; x_wconf 78' lang='lat' dir='ltr'>sanguinem</span> <span class='ocrx_word' id='word_1_800' title='bbox 1183 5707 1393 5759; x_wconf 86' lang='lat' dir='ltr'>meum,</span> <span class='ocrx_word' id='word_1_801' title='bbox 1421 5707 1598 5764; x_wconf 85' lang='lat' dir='ltr'>neque</span> <span class='ocrx_word' id='word_1_802' title='bbox 1619 5691 1868 5748; x_wconf 83' lang='lat' dir='ltr'>inveniat</span> 
     </span>
    </p>
   </div>
   <div class='ocr_carea' id='block_1_107' title="bbox 1975 4707 3619 4780">
    <p class='ocr_par' dir='ltr' id='par_1_107' title="bbox 1975 4707 3619 4780">
     <span class='ocr_line' id='line_1_107' title="bbox 1975 4707 3619 4780; baseline -0.002 -14"><span class='ocrx_word' id='word_1_803' title='bbox 1975 4711 2068 4767; x_wconf 89' lang='lat' dir='ltr'>nis</span> <span class='ocrx_word' id='word_1_804' title='bbox 2099 4711 2528 4775; x_wconf 82' lang='lat' dir='ltr'>eil‘usionem,et</span> <span class='ocrx_word' id='word_1_805' title='bbox 2558 4707 2782 4780; x_wconf 86' lang='lat' dir='ltr'>antiqui</span> <span class='ocrx_word' id='word_1_806' title='bbox 2806 4707 2954 4778; x_wconf 86' lang='lat' dir='ltr'>justi</span> <span class='ocrx_word' id='word_1_807' title='bbox 2987 4724 3088 4780; x_wconf 91' lang='lat' dir='ltr'>spe</span> <span class='ocrx_word' id='word_1_808' title='bbox 3119 4708 3326 4763; x_wconf 75' lang='lat' dir='ltr'>futura:</span> <span class='ocrx_word' id='word_1_809' title='bbox 3358 4707 3619 4780; x_wconf 88' lang='lat' dir='ltr'>redemp-</span> 
     </span>
    </p>
   </div>
   <div class='ocr_carea' id='block_1_108' title="bbox 1971 4795 3619 4870">
    <p class='ocr_par' dir='ltr' id='par_1_108' title="bbox 1971 4795 3619 4870">
     <span class='ocr_line' id='line_1_108' title="bbox 1971 4795 3619 4870; baseline -0.002 -14"><span class='ocrx_word' id='word_1_810' title='bbox 1971 4799 2146 4856; x_wconf 87' lang='lat' dir='ltr'>tionis</span> <span class='ocrx_word' id='word_1_811' title='bbox 2171 4798 2417 4855; x_wconf 84' lang='lat' dir='ltr'>devincti</span> <span class='ocrx_word' id='word_1_812' title='bbox 2444 4799 2516 4854; x_wconf 87' lang='lat' dir='ltr'>ab</span> <span class='ocrx_word' id='word_1_813' title='bbox 2541 4797 2748 4852; x_wconf 84' lang='lat' dir='ltr'>inferni</span> <span class='ocrx_word' id='word_1_814' title='bbox 2771 4795 3045 4852; x_wconf 88' lang='lat' dir='ltr'>claustris</span> <span class='ocrx_word' id='word_1_815' title='bbox 3063 4796 3256 4852; x_wconf 88' lang='lat' dir='ltr'>educti</span> <span class='ocrx_word' id='word_1_816' title='bbox 3273 4800 3498 4865; x_wconf 83' lang='lat' dir='ltr'>sunt,et</span> <span class='ocrx_word' id='word_1_817' title='bbox 3515 4813 3619 4870; x_wconf 88' lang='lat' dir='ltr'>per</span> 
     </span>
    </p>
   </div>
   <div class='ocr_carea' id='block_1_109' title="bbox 1972 4885 3620 4958">
    <p class='ocr_par' dir='ltr' id='par_1_109' title="bbox 1972 4885 3620 4958">
     <span class='ocr_line' id='line_1_109' title="bbox 1972 4885 3620 4958; baseline -0.002 -13"><span class='ocrx_word' id='word_1_818' title='bbox 1972 4889 2244 4946; x_wconf 89' lang='lat' dir='ltr'>eumdem</span> <span class='ocrx_word' id='word_1_819' title='bbox 2275 4888 2451 4944; x_wconf 87' lang='lat' dir='ltr'>etiam</span> <span class='ocrx_word' id='word_1_820' title='bbox 2475 4903 2678 4944; x_wconf 87' lang='lat' dir='ltr'>onmes</span> <span class='ocrx_word' id='word_1_821' title='bbox 2709 4885 3009 4942; x_wconf 87' lang='lat' dir='ltr'>credentes</span> <span class='ocrx_word' id='word_1_822' title='bbox 3038 4903 3073 4941; x_wconf 93' lang='lat' dir='ltr'>a</span> <span class='ocrx_word' id='word_1_823' title='bbox 3102 4889 3473 4958; x_wconf 87' lang='lat' dir='ltr'>peccatorum</span> <span class='ocrx_word' id='word_1_824' title='bbox 3501 4887 3620 4942; x_wconf 89' lang='lat' dir='ltr'>vin-</span> 
     </span>
    </p>
   </div>
   <div class='ocr_carea' id='block_1_110' title="bbox 1973 4974 3615 5048">
    <p class='ocr_par' dir='ltr' id='par_1_110' title="bbox 1973 4974 3615 5048">
     <span class='ocr_line' id='line_1_110' title="bbox 1973 4974 3615 5048; baseline -0.003 -15"><span class='ocrx_word' id='word_1_825' title='bbox 1973 4977 2205 5048; x_wconf 88' lang='lat' dir='ltr'>culis,et</span> <span class='ocrx_word' id='word_1_826' title='bbox 2225 4977 2294 5031; x_wconf 90' lang='lat' dir='ltr'>de</span> <span class='ocrx_word' id='word_1_827' title='bbox 2315 4975 2445 5032; x_wconf 87' lang='lat' dir='ltr'>lacu</span> <span class='ocrx_word' id='word_1_828' title='bbox 2470 4974 2802 5043; x_wconf 72' lang='lat' dir='ltr'>miscrizu,ct</span> <span class='ocrx_word' id='word_1_829' title='bbox 2829 4977 2898 5031; x_wconf 92' lang='lat' dir='ltr'>de</span> <span class='ocrx_word' id='word_1_830' title='bbox 2927 4974 3050 5030; x_wconf 87' lang='lat' dir='ltr'>luto</span> <span class='ocrx_word' id='word_1_831' title='bbox 3081 4975 3238 5032; x_wconf 63' lang='lat' dir='ltr'>faecis</span> <span class='ocrx_word' id='word_1_832' title='bbox 3267 4974 3615 5048; x_wconf 91' lang='lat' dir='ltr'>eripiuntur.</span> 
     </span>
    </p>
   </div>
   <div class='ocr_carea' id='block_1_111' title="bbox 1975 5061 3617 5138">
    <p class='ocr_par' dir='ltr' id='par_1_111' title="bbox 1975 5061 3617 5138">
     <span class='ocr_line' id='line_1_111' title="bbox 1975 5061 3617 5138; baseline -0.004 -16"><span class='ocrx_word' id='word_1_833' title='bbox 1975 5067 2120 5122; x_wconf 88' lang='lat' dir='ltr'>Item</span> <span class='ocrx_word' id='word_1_834' title='bbox 2143 5066 2296 5138; x_wconf 91' lang='lat' dir='ltr'>quod</span> <span class='ocrx_word' id='word_1_835' title='bbox 2319 5064 2415 5120; x_wconf 89' lang='lat' dir='ltr'>hic</span> <span class='ocrx_word' id='word_1_836' title='bbox 2435 5064 2651 5120; x_wconf 86' lang='lat' dir='ltr'>dicitur</span> <span class='ocrx_word' id='word_1_837' title='bbox 2663 5065 3002 5136; x_wconf 85' lang='lat' dir='ltr'>mysterium</span> <span class='ocrx_word' id='word_1_838' title='bbox 3024 5064 3176 5134; x_wconf 84' lang='lat' dir='ltr'>ﬁdei,</span> <span class='ocrx_word' id='word_1_839' title='bbox 3199 5068 3257 5119; x_wconf 83' lang='lat' dir='ltr'>et</span> <span class='ocrx_word' id='word_1_840' title='bbox 3274 5063 3334 5118; x_wconf 92' lang='lat' dir='ltr'>in</span> <span class='ocrx_word' id='word_1_841' title='bbox 3356 5061 3473 5118; x_wconf 88' lang='lat' dir='ltr'>illis</span> <span class='ocrx_word' id='word_1_842' title='bbox 3493 5079 3617 5118; x_wconf 83' lang='lat' dir='ltr'>ver-</span> 
     </span>
    </p>
   </div>
   <div class='ocr_carea' id='block_1_112' title="bbox 1973 5149 3621 5226">
    <p class='ocr_par' dir='ltr' id='par_1_112' title="bbox 1973 5149 3621 5226">
     <span class='ocr_line' id='line_1_112' title="bbox 1973 5149 3621 5226; baseline -0.002 -16"><span class='ocrx_word' id='word_1_843' title='bbox 1973 5155 2064 5210; x_wconf 90' lang='lat' dir='ltr'>bis</span> <span class='ocrx_word' id='word_1_844' title='bbox 2081 5154 2310 5210; x_wconf 90' lang='lat' dir='ltr'>Domini</span> <span class='ocrx_word' id='word_1_845' title='bbox 2344 5153 2562 5226; x_wconf 87' lang='lat' dir='ltr'>quibus</span> <span class='ocrx_word' id='word_1_846' title='bbox 2591 5154 2934 5226; x_wconf 80' lang='lat' dir='ltr'>mysterium</span> <span class='ocrx_word' id='word_1_847' title='bbox 2965 5152 3224 5226; x_wconf 86' lang='lat' dir='ltr'>corporis</span> <span class='ocrx_word' id='word_1_848' title='bbox 3243 5155 3301 5208; x_wconf 90' lang='lat' dir='ltr'>et</span> <span class='ocrx_word' id='word_1_849' title='bbox 3315 5149 3621 5222; x_wconf 87' lang='lat' dir='ltr'>sanguinis</span> 
     </span>
    </p>
   </div>
   <div class='ocr_carea' id='block_1_113' title="bbox 1973 5239 3620 5316">
    <p class='ocr_par' dir='ltr' id='par_1_113' title="bbox 1973 5239 3620 5316">
     <span class='ocr_line' id='line_1_113' title="bbox 1973 5239 3620 5316; baseline -0.004 -16"><span class='ocrx_word' id='word_1_850' title='bbox 1973 5245 2064 5300; x_wconf 89' lang='lat' dir='ltr'>sui</span> <span class='ocrx_word' id='word_1_851' title='bbox 2091 5243 2331 5300; x_wconf 88' lang='lat' dir='ltr'>tradidit</span> <span class='ocrx_word' id='word_1_852' title='bbox 2352 5261 2467 5298; x_wconf 88' lang='lat' dir='ltr'>non</span> <span class='ocrx_word' id='word_1_853' title='bbox 2490 5243 3034 5316; x_wconf 81' lang='lat' dir='ltr'>lcgitur,vidcturde</span> <span class='ocrx_word' id='word_1_854' title='bbox 3047 5241 3160 5297; x_wconf 86' lang='lat' dir='ltr'>alio</span> <span class='ocrx_word' id='word_1_855' title='bbox 3183 5240 3306 5296; x_wconf 90' lang='lat' dir='ltr'>loco</span> <span class='ocrx_word' id='word_1_856' title='bbox 3325 5239 3620 5312; x_wconf 88' lang='lat' dir='ltr'>Evangelii</span> 
     </span>
    </p>
   </div>
   <div class='ocr_carea' id='block_1_114' title="bbox 1975 5327 3620 5406">
    <p class='ocr_par' dir='ltr' id='par_1_114' title="bbox 1975 5327 3620 5406">
     <span class='ocr_line' id='line_1_114' title="bbox 1975 5327 3620 5406; baseline -0.003 -17"><span class='ocrx_word' id='word_1_857' title='bbox 1975 5337 2277 5406; x_wconf 89' lang='lat' dir='ltr'>sumptum</span> <span class='ocrx_word' id='word_1_858' title='bbox 2307 5349 2456 5404; x_wconf 88' lang='lat' dir='ltr'>esse,</span> <span class='ocrx_word' id='word_1_859' title='bbox 2492 5333 2590 5389; x_wconf 89' lang='lat' dir='ltr'>ubi</span> <span class='ocrx_word' id='word_1_860' title='bbox 2623 5333 2942 5388; x_wconf 89' lang='lat' dir='ltr'>secundum</span> <span class='ocrx_word' id='word_1_861' title='bbox 2976 5332 3258 5385; x_wconf 79' lang='lat' dir='ltr'>Joannem</span> <span class='ocrx_word' id='word_1_862' title='bbox 3291 5329 3363 5384; x_wconf 89' lang='lat' dir='ltr'>de</span> <span class='ocrx_word' id='word_1_863' title='bbox 3392 5327 3502 5383; x_wconf 91' lang='lat' dir='ltr'>hoc</span> <span class='ocrx_word' id='word_1_864' title='bbox 3532 5344 3620 5384; x_wconf 85' lang='lat' dir='ltr'>eo-</span> 
     </span>
    </p>
   </div>
   <div class='ocr_carea' id='block_1_115' title="bbox 1975 5416 3624 5493">
    <p class='ocr_par' dir='ltr' id='par_1_115' title="bbox 1975 5416 3624 5493">
     <span class='ocr_line' id='line_1_115' title="bbox 1975 5416 3624 5493; baseline -0.004 -15"><span class='ocrx_word' id='word_1_865' title='bbox 1975 5423 2109 5478; x_wconf 88' lang='lat' dir='ltr'>dem</span> <span class='ocrx_word' id='word_1_866' title='bbox 2131 5425 2496 5478; x_wconf 85' lang='lat' dir='ltr'>sacramcnto</span> <span class='ocrx_word' id='word_1_867' title='bbox 2519 5421 2872 5493; x_wconf 86' lang='lat' dir='ltr'>quibusdam</span> <span class='ocrx_word' id='word_1_868' title='bbox 2895 5417 3199 5490; x_wconf 87' lang='lat' dir='ltr'>discipulis</span> <span class='ocrx_word' id='word_1_869' title='bbox 3213 5435 3327 5472; x_wconf 91' lang='lat' dir='ltr'>non</span> <span class='ocrx_word' id='word_1_870' title='bbox 3340 5416 3624 5472; x_wconf 89' lang='lat' dir='ltr'>credenti-</span> 
     </span>
    </p>
   </div>
   <div class='ocr_carea' id='block_1_116' title="bbox 1975 5505 3621 5583">
    <p class='ocr_par' dir='ltr' id='par_1_116' title="bbox 1975 5505 3621 5583">
     <span class='ocr_line' id='line_1_116' title="bbox 1975 5505 3621 5583; baseline -0.004 -15"><span class='ocrx_word' id='word_1_871' title='bbox 1975 5512 2088 5568; x_wconf 85' lang='lat' dir='ltr'>bus</span> <span class='ocrx_word' id='word_1_872' title='bbox 2107 5511 2351 5583; x_wconf 86' lang='lat' dir='ltr'>loquens</span> <span class='ocrx_word' id='word_1_873' title='bbox 2371 5511 2452 5566; x_wconf 87' lang='lat' dir='ltr'>ait</span> <span class='ocrx_word' id='word_1_874' title='bbox 2476 5528 2488 5566; x_wconf 91' lang='lat'><strong>:</strong></span> <span class='ocrx_word' id='word_1_875' title='bbox 2520 5513 2704 5566; x_wconf 83' lang='lat' dir='ltr'>Verba</span> <span class='ocrx_word' id='word_1_876' title='bbox 2723 5525 2846 5581; x_wconf 74' lang='lat' dir='ltr'>qua:</span> <span class='ocrx_word' id='word_1_877' title='bbox 2877 5510 3096 5564; x_wconf 87' lang='lat' dir='ltr'>locutus</span> <span class='ocrx_word' id='word_1_878' title='bbox 3125 5523 3253 5562; x_wconf 89' lang='lat' dir='ltr'>sum</span> <span class='ocrx_word' id='word_1_879' title='bbox 3283 5505 3621 5578; x_wconf 81' lang='lat' dir='ltr'>vobisspiri-</span> 
     </span>
    </p>
   </div>
   <div class='ocr_carea' id='block_1_117' title="bbox 1976 5595 3619 5670">
    <p class='ocr_par' dir='ltr' id='par_1_117' title="bbox 1976 5595 3619 5670">
     <span class='ocr_line' id='line_1_117' title="bbox 1976 5595 3619 5670; baseline -0.003 -13"><span class='ocrx_word' id='word_1_880' title='bbox 1976 5609 2066 5657; x_wconf 86' lang='lat' dir='ltr'>tus</span> <span class='ocrx_word' id='word_1_881' title='bbox 2097 5609 2152 5656; x_wconf 81' lang='lat' dir='ltr'>ct</span> <span class='ocrx_word' id='word_1_882' title='bbox 2181 5600 2298 5656; x_wconf 86' lang='lat' dir='ltr'>vita</span> <span class='ocrx_word' id='word_1_883' title='bbox 2325 5609 2478 5670; x_wconf 89' lang='lat' dir='ltr'>sunt,</span> <span class='ocrx_word' id='word_1_884' title='bbox 2507 5599 2609 5653; x_wconf 82' lang='lat' dir='ltr'>sed</span> <span class='ocrx_word' id='word_1_885' title='bbox 2637 5608 2767 5654; x_wconf 88' lang='lat' dir='ltr'>sunt</span> <span class='ocrx_word' id='word_1_886' title='bbox 2798 5597 3036 5670; x_wconf 86' lang='lat' dir='ltr'>quidam</span> <span class='ocrx_word' id='word_1_887' title='bbox 3076 5612 3152 5651; x_wconf 75' lang='lat' dir='ltr'>ea:</span> <span class='ocrx_word' id='word_1_888' title='bbox 3193 5595 3345 5652; x_wconf 86' lang='lat' dir='ltr'>vobis</span> <span class='ocrx_word' id='word_1_889' title='bbox 3373 5595 3473 5668; x_wconf 87' lang='lat' dir='ltr'>qui</span> <span class='ocrx_word' id='word_1_890' title='bbox 3507 5610 3619 5652; x_wconf 89' lang='lat' dir='ltr'>non</span> 
     </span>
    </p>
   </div>
   <div class='ocr_carea' id='block_1_118' title="bbox 1975 5683 3615 5758">
    <p class='ocr_par' dir='ltr' id='par_1_118' title="bbox 1975 5683 3615 5758">
     <span class='ocr_line' id='line_1_118' title="bbox 1975 5683 3615 5758; baseline -0.005 -10"><span class='ocrx_word' id='word_1_891' title='bbox 1975 5690 2343 5748; x_wconf 85' lang='lat' dir='ltr'>crediderunt</span> <span class='ocrx_word' id='word_1_892' title='bbox 2372 5683 3034 5757; x_wconf 63' lang='lat' dir='ltr'>(Joan.v1.t.’l).()stcndit</span> <span class='ocrx_word' id='word_1_893' title='bbox 3055 5683 3210 5740; x_wconf 88' lang='lat' dir='ltr'>enim</span> <span class='ocrx_word' id='word_1_894' title='bbox 3242 5702 3304 5741; x_wconf 92' lang='lat' dir='ltr'>se</span> <span class='ocrx_word' id='word_1_895' title='bbox 3333 5701 3615 5758; x_wconf 85' lang='lat' dir='ltr'>magnum</span> 
     </span>
    </p>
   </div>
  </div>
