3934 6182
350 341 466 404 919
1121 338 1501 400 HINCMABI
1551 337 1794 398 RHEM.
1843 337 2204 399 ARCHIEP.
2253 340 2663 404 OPUSCULA
2705 341 2977 402 VARIA.
3635 341 3744 403 930

351 473 567 531 dixisse
597 475 917 546 mysterum
951 488 1084 527 cum
1118 472 1233 528 ait:
1271 473 1456 528 Verba
1483 488 1610 552 quq
1635 487 1742 542 ego
1771 473 1992 527 locutus
2021 472 2072 538 Α
2105 471 2215 528 hoc
2245 473 2732 546 frequentandum
2764 471 3192 530 commendavit
3219 470 3510 544 Ecclesiae,
3543 491 3744 548 quous-

347 579 478 620 sum
505 563 660 619 vobis
687 563 934 632 spiritus
963 569 1019 616 et
1050 561 1168 617 vita
1193 571 1324 616 sunt
1349 566 1540 629 (loan.
1573 579 1651 628 v1,
1683 562 1776 629 65)
1811 577 1824 615 :
1858 577 1991 615 cum
2106 577 2218 633 que
2244 561 2258 614 i
2268 579 2364 634 pse
2383 563 2573 618 veniat
2595 563 2654 618 in
2677 564 2790 620 ﬁne
2813 562 3271 636 szeculi,quando
3293 562 3739 622 eritsanetorum

352 654 548 706 autem
575 649 867 722 adjungit,
899 650 1000 704 sed
1027 658 1161 705 suut
1204 650 1445 721 quidam
1473 667 1548 704 ea:
1576 649 1727 704 vobis
1755 649 1856 720 qui
1883 663 1996 704 non
2105 651 2354 722 requies,
2390 668 2506 707 non
2537 652 2727 708 adhuc
2758 652 2815 707 in
2849 655 3212 708 sacramento
3243 652 3392 724 spei,
3413 669 3533 725 quo
3563 653 3627 708 in
3647 653 3741 712 hoc

349 739 1009 805 crediderunt,ostendit
1031 755 1309 810 magnum
1338 739 1493 793 istud
1518 738 1858 811 mysterium
1880 754 1992 792 non
2102 744 2362 812 tempore
2383 741 2755 796 consociatur
2773 740 3326 812 Ecclesia,quandiu
3355 741 3581 797 bibitur
3599 748 3740 815 quod

351 845 479 885 esse
491 827 604 884 nisi
617 827 749 883 ﬁdei
763 833 821 883 et
834 827 1094 883 ﬁdelium
1107 828 1223 899 ,qui
1239 828 1412 882 verba
1422 828 1689 892 audiunt,
1705 831 1762 882 et
1774 827 1900 882 ideo
1912 827 1998 882 eis

351 916 598 990 spiritus
627 921 685 972 et
714 916 832 972 vita
861 920 1018 987 sunt,
1033 917 1172 988 quia
1203 933 1300 971 eos
1333 915 1676 988 spiritaliter
1704 915 1998 971 intellecta

350 1005 664 1061 viviﬁcant.
689 1006 900 1061 Totum
931 1021 1066 1078 ergo
1089 1005 1243 1077 quod
1269 1005 1325 1058 in
1349 1005 1455 1059 hac
1478 1005 1768 1060 oblatione
1801 1002 1995 1059 Domi-

353 1095 466 1151 nici
479 1095 806 1167 corporiset
817 1094 1123 1167 sanguinis
1136 1093 1700 1167 agitur,mysterium
1713 1092 1996 1149 est.Aliud

351 1185 508 1240 enim
540 1184 784 1252 videtur,
819 1183 976 1238 aliud
1011 1183 1394 1254 intelligitur:
1419 1184 1572 1254 quod
1607 1183 1834 1237 videtur
1864 1199 1997 1252 spe-

350 1272 498 1328 ciem
530 1272 704 1328 habet
733 1271 1113 1344 corporalem,
1147 1273 1303 1343 quod
1352 1272 1698 1344 intelligitur
1745 1272 1998 1325 fructum

351 1359 527 1416 habet
548 1359 1148 1432 spiritualem.Sciend
1159 1378 1256 1416 um
1279 1378 1410 1416 vero
1433 1363 1701 1433 cst,quod
1727 1360 1998 1416 eumdem

349 1449 588 1504 calicem
612 1449 896 1504 Dominici
921 1448 1248 1522 sanguinis,
1263 1450 1432 1520 juxta
1451 1449 1880 1505 observantiam
1903 1450 2002 1505 Ec-

349 1537 539 1598 clesia:
586 1536 885 1593 catholica;
935 1538 1216 1609 apostolis
1270 1539 1568 1606 traditam,
1605 1537 1714 1593 nisi
1756 1538 1998 1594 mistum

350 1642 504 1698 aqua
521 1625 716 1682 offerri
737 1643 852 1681 non
875 1625 1174 1699 licet,quia
1193 1644 1379 1682 unum
1403 1628 1554 1682 ﬁunt
1572 1627 1630 1683 in
1656 1629 2001 1701 redemptio-

349 1715 444 1770 nis
459 1719 668 1770 nostra:
691 1715 966 1788 mysterio
979 1732 1112 1770 cum
1132 1716 1240 1772 ait:
1259 1721 1378 1773 Non
1391 1718 1577 1772 bibam
1597 1719 2000 1775 amodoexhoc

2105 829 2177 883 de
2189 828 2400 884 Christi
2417 829 2597 886 latere
2619 829 3004 896 manavit,sed
3013 830 3140 900 jam
3163 829 3222 884 in
3247 829 3377 902 ipsa
3401 831 3743 903 perfectione

2107 917 2314 973 salutis
2349 923 2590 988 uterum,
2625 936 2760 974 cum
2793 919 3054 990 trpdetur
3084 933 3332 991 regnum
3363 919 3480 976 Deo
3507 924 3569 976 et
3605 920 3742 977 Patri

2108 1010 2172 1060 ut
2195 1005 2248 1060 in
2277 1005 2374 1062 illa
2399 1008 2708 1079 perspicua
2735 1005 3223 1080 contemplatione
3254 1006 3745 1067 incommutabilis

2105 1094 2364 1150 veritatis
2396 1095 2574 1150 nullis
2607 1095 2898 1168 mysteriis
2928 1094 3332 1168 corporalibus
3366 1113 3668 1170 egeamus.

2107 1257 2270 1326 Quod
2287 1273 2393 1323 per
2416 1257 2634 1312 Christi
2653 1257 3038 1312 tmmititatem
3050 1257 3218 1327 panis
3229 1259 3569 1324 augt-tarum
3589 1260 3746 1324 panis

2179 1338 2375 1402 uoster
2391 1330 2582 1402 [actus
2602 1329 2673 1383 sit
2692 1331 2976 1402 ;quodque
2993 1345 3032 1384 a
3054 1329 3285 1402 Christo
3307 1331 3436 1402 ipso
3454 1330 3748 1402 [iacem-

2179 1401 2444 1466 crutio,et
2457 1401 2514 1454 iu
2529 1399 2776 1470 imagine
2791 1399 2956 1469 pauis
2973 1400 3189 1458 verasit
3211 1417 3350 1456 caro
3371 1400 3595 1458 Christi
3599 1420 3654 1468 ,u
3665 1418 3746 1460 no-

2181 1471 2264 1526 bis
2287 1487 2416 1529 cum
2433 1472 2768 1540 paenitentia
2798 1481 2851 1528 et
2882 1471 3096 1528 "tundo
3123 1473 3303 1528 corde
3330 1473 3742 1530 manducando.

2179 1542 2317 1598 Erat
2343 1542 2500 1597 enim
2532 1547 2705 1599 antea
2751 1543 3075 1600 secundum
3121 1543 3386 1599 ordinem
3414 1543 3743 1600 δυόωσι-εισι

2107 1633 2295 1686 Aaron
2331 1631 2682 1688 sacriﬁcium
2729 1633 2787 1687 in
2835 1631 3089 1688 victimis
3137 1647 3435 1704 pecorum,
3464 1635 3529 1688 et
3559 1633 3744 1690 hocin

2110 1719 2681 1793 mysterio.Nondum
2705 1739 2958 1794 namque
2978 1725 3102 1778 erat
3121 1720 3474 1778 sacriﬁcium
3497 1721 3746 1795 corporis

345 1803 634 1875 genimiue
653 1805 1656 1873 vitis(MattIt.xxvr,29),etdelatere
1676 1807 1996 1879 ejus,quod
2027 1845 2074 1909 Β
2107 1814 2167 1864 et
2187 1810 2492 1884 sanguinis
2515 1810 2767 1878 Domini,
2791 1811 2946 1883 quod
2971 1810 3171 1866 ﬁdeles
3194 1813 3410 1866 norunt
3429 1811 3532 1882 qui
3565 1811 3743 1868 Evan-

348 1891 549 1948 lancea
578 1895 925 1948 transﬁxum
956 1898 1227 1967 est,aqua
1256 1912 1390 1950 cum
1423 1895 1708 1968 sanguine
1735 1913 1993 1969 egressa,

345 1979 547 2036 vinum
569 1982 640 2037 de
657 1998 791 2037 vera
813 1983 1008 2038 carnis
1028 1984 1157 2054 ejus
1178 1983 1293 2043 vite
1315 2001 1446 2039 cum
1479 2003 1632 2057 aqua
1653 2003 1994 2059 expressum

349 2069 625 2126 ostendit.
650 2071 780 2127 Haec
811 2071 966 2128 enim
999 2077 1138 2128 sunt
1165 2078 1530 2129 sacramenta
1561 2075 1848 2142 Ecclesiae,
1870 2075 1996 2131 sine

351 2158 568 2230 quibus
589 2161 659 2215 ad
681 2160 857 2215 vitam
891 2179 1016 2234 quae
1042 2179 1176 2217 vera
1195 2161 1312 2217 vita
1331 2167 1422 2217 est
1443 2180 1558 2217 non
1583 2163 1856 2220 intratur.
1892 2163 1994 2220 Ille

351 2248 594 2320 sanguis
617 2248 674 2303 in
701 2249 1105 2306 remissionem
1129 2252 1296 2306 fusus
1328 2255 1416 2306 est
1443 2257 1995 2325 peccatorum,aqua

353 2335 454 2392 illa
495 2337 753 2394 salutare
799 2343 1085 2410 temperat
1133 2339 1429 2412 poculum,
1459 2341 1583 2397 haec
1611 2346 1669 2396 et
1699 2340 1992 2397 lavacrum

351 2430 590 2498 praestat
619 2430 676 2482 et
707 2431 928 2500 potum.
967 2429 1079 2483 lloc
1109 2433 1295 2484 totum
1337 2430 1649 2485 Dominicis
1682 2431 1994 2487 oblationis

353 2514 696 2586 mysterium
747 2521 968 2588 quanta
1023 2517 1236 2589 pietate
1265 2523 1322 2573 et
1351 2535 1548 2574 amore
1579 2520 1868 2592 agendum
1897 2520 1991 2586 sit,

308 2638 315 2645 -
351 2605 724 2660 commendat
745 2605 869 2676 ipse
892 2605 1176 2662 Dominus
1196 2607 1441 2663 dicendo
1461 2625 1474 2663 :
1497 2609 1577 2663 Ila
1593 2625 1624 2663 ο
1641 2610 1996 2680 quotiescur-

349 2709 458 2765 que
476 2692 734 2768 feceritis
757 2695 813 2749 iu
836 2697 952 2752 mei
969 2698 1294 2752 memoria»
1331 2697 1559 2768 facietis
1581 2699 1630 2770 (1
1651 2701 1992 2766 t20r.x1,25).

350 2783 514 2850 Quod
545 2800 838 2857 exponens
881 2786 1192 2858 Apostolus
1223 2787 1293 2842 ad
1326 2787 1656 2843 Corinthios
1685 2787 1765 2842 ait
1799 2805 1811 2842 :
1843 2792 1992 2858 Quo-

348 2872 676 2946 tiescunque
692 2875 844 2929 enim
869 2875 1288 2931 uiauducabitis
1303 2892 1508 2946 panem
1522 2881 1670 2934 hunc
1687 2884 1742 2931 et
1756 2877 1995 2932 calicem

359 2962 577 3031 bibatis,
609 2969 854 3020 avertam
890 2966 1120 3021 Domini
1157 2967 1574 3022 anuuutiabitis
1601 2967 1778 3023 donec
1807 2966 1993 3021 reuiat

349 3051 508 3117 (ibid.
542 3053 654 3107 26).
690 3051 851 3108 Illius
898 3071 1034 3126 ergo
1085 3054 1254 3125 panis
1284 3058 1341 3110 et
1368 3053 1566 3110 calicis
1595 3052 1808 3109 oblatio
1841 3071 1992 3108 mor-

353 3139 433 3196 tis
447 3139 660 3196 Christi
683 3143 1864 3214 estcommemoratioetannuntiatio,qua:
1879 3159 1992 3198 non

2106 1897 2325 1970 gelium
2349 1899 2801 1976 legerunt.Quod
2815 1898 3168 1955 sacriﬁcium
3194 1916 3350 1955 nunc
3372 1899 3658 1955 diﬂusum
3671 1905 3747 1957 est

2105 1992 2227 2042 toto
2259 1988 2396 2044 orbe
2429 1991 2716 2044 terrarum
2747 2005 2852 2061 per
2887 2005 3023 2046 eum
3055 1989 3124 2044 de
3154 2005 3269 2060 quo
3302 1988 3588 2060 scriptum
3624 1993 3740 2046 est:

2103 2078 2332 2134 Iurabit
2356 2079 2628 2134 Dominus
2653 2089 2706 2135 et
2729 2095 2840 2134 non
2856 2077 3150 2148 paenitebit
3165 2087 3389 2148 emu,tu
3406 2094 3464 2134 es
3484 2079 3742 2136 sacerdos

2103 2159 2163 2213 iu
2185 2167 2462 2214 ateruum
2492 2159 2803 2216 secundum
2833 2160 3097 2216 ordinem
3127 2159 3540 2216 Metcbisededt
3569 2159 3737 2229 (Psat.

2103 2265 2214 2314 cxx,
2251 2250 2324 2316 4).
2360 2249 2476 2303 lIoc
2498 2249 2568 2303 de
2589 2249 2836 2304 Domino
2879 2251 3077 2305 nostro
3115 2249 3255 2304 Jesu
3277 2247 3508 2304 Christo
3525 2249 3740 2306 dictum

2103 2341 2211 2404 est,
2235 2337 2374 2409 quia
2393 2337 2576 2393 voluit
2613 2355 2741 2394 esse
2772 2337 3020 2394 salutem
3055 2341 3315 2394 nostram
3348 2337 3408 2392 in
3441 2341 3742 2410 corporea

2105 2425 2390 2497 sanguine
2411 2443 2673 2498 suo,quae
2685 2426 3116 2482 commendavit
3138 2424 3305 2482 nobis
3326 2425 3398 2480 de
3419 2425 3742 2483 humilitate

2104 2513 2358 2569 sua.Nisi
2388 2515 2544 2570 enim
2568 2518 2723 2572 esset
2743 2514 3012 2581 humilis,
3032 2532 3146 2570 non
3165 2515 3630 2571 manducaretur
3649 2531 3740 2570 nec

2105 2601 2418 2660 biboretur.
2449 2602 2690 2676 Respice
2722 2602 3090 2658 altitudinem
3125 2601 3339 2676 ipsius:
3371 2607 3436 2658 In
3463 2603 3744 2674 principio

2101 2702 2230 2748 erat
2245 2695 2474 2748 verbum
2486 2699 2558 2757 ,et
2571 2695 2800 2749 verbum
2817 2702 2946 2748 erat
2966 2693 3125 2762 apud
3140 2697 3319 2748 Deum
3339 2692 3741 2765 (Joan.i).Ecce

2103 2782 2270 2838 cibus
2303 2783 2716 2856 sempiternus.
2745 2783 2858 2838 Sed
2882 2783 3241 2838 manducent
3267 2781 3485 2855 angeli,
3508 2781 3743 2837 mandu-

2103 2877 2238 2928 cant
2260 2889 2526 2944 superna
2545 2872 2808 2939 virtutes,
2825 2869 3462 2926 manducantcmlestes
3481 2870 3738 2943 spiritus,

2099 2967 2157 3017 et
2173 2962 2600 3016 manducantet
2613 2959 3045 3033 saginantur,et
3064 2959 3357 3032 integrum
3383 2956 3741 3030 manetquod

2103 3067 2202 3107 eos
2233 3050 2408 3106 satiat
2435 3055 2494 3106 et
2525 3049 2794 3105 laetiﬁcat.
2821 3047 2963 3115 Quis
3011 3051 3203 3104 autem
3243 3045 3422 3102 homo
3451 3046 3742 3126 pervenire

2105 3143 2302 3212 posset
2322 3139 2391 3194 ad
2417 3139 2582 3194 ilium
2606 3138 2802 3194 cibum
2815 3137 2846 3192 ?
2861 3137 3024 3193 unde
3035 3152 3139 3192 cor
3155 3135 3433 3191 idoneum
3456 3133 3542 3190 illi
3575 3134 3700 3190 cibo
3713 3133 3740 3188 τ

348 3233 468 3283 tam
499 3229 688 3284 verbis
735 3247 914 3302 quam
965 3230 1111 3302 ipsis
1160 3231 1454 3304 mysteriis
1485 3231 1698 3302 agitur,
1731 3211 1833 3303 per
1862 3249 1988 3304 qua:
2017 3211 2063 3278 (ἶ
2096 3211 2418 3300 Oportebat
2437 3245 2573 3300 ergo
2595 3233 2660 3283 ut
2681 3223 3004 3282 mensailla
3024 3223 3379 3292 laetesceret,
3403 3227 3471 3278 ut
3489 3221 3740 3296 parvulis

347 3316 566 3372 nostris
599 3318 894 3372 mentibus
924 3335 1082 3373 mors
1106 3317 1204 3373 illa
1221 3319 1475 3390 pretiosa
1503 3319 1677 3374 altius
1705 3324 1762 3374 et
1783 3319 1992 3376 Fortius

343 3405 966 3472 c-ommendatur.Quid
989 3412 1079 3462 est
1097 3406 1253 3462 enim
1277 3407 1482 3462 mortis
1503 3407 1717 3463 Christi
1742 3425 1992 3464 comme-

345 3490 730 3560 moratio,nisi
753 3492 1058 3550 charitatis
1079 3495 1209 3565 ejus
1229 3494 1656 3550 commendatio
1670 3499 1878 3567 Pquam
1893 3512 1990 3550 no-

337 3579 435 3636 bis
457 3581 664 3637 beatus
684 3582 1041 3654 evangelista
1071 3584 1490 3639 commendans
1505 3584 1803 3640 ait.Scieus
1820 3589 1987 3642 Jcsus

341 3669 477 3740 quia
499 3669 649 3726 venit
679 3676 827 3728 hora
856 3672 983 3741 ejus
1009 3681 1070 3727 ut
1100 3681 1358 3728 transeat
1409 3691 1485 3727 ea:
1533 3679 1638 3728 liae
1665 3674 1884 3729 "tundo
1911 3675 1989 3729 ad

339 3763 600 3827 Patrem,
623 3775 754 3816 cum
783 3760 1080 3816 dilexisset
1107 3778 1240 3816 suos
1269 3763 1369 3834 qui
1395 3772 1562 3818 erant
1593 3763 1652 3818 iu
1676 3763 1909 3833 mumlo,
1929 3765 1987 3818 in

339 3847 512 3914 ﬁnem
561 3849 763 3903 dilexit
819 3865 912 3904 eos
961 3849 1148 3920 (Joau.
1183 3865 1306 3916 xm,
1343 3851 1412 3921 1).
1450 3851 1511 3906 ld
1561 3856 1652 3906 est
1695 3869 1880 3924 usque
1912 3853 1984 3908 ad

341 3939 589 3991 mortem
609 3952 745 3992 eum
771 3935 870 3992 illa
891 3937 1123 3994 dilectio
1146 3939 1430 4010 perduxit.
1457 3939 1601 4006 Quia
1633 3944 1858 3995 tantum
1891 3939 1986 3995 ἀίο-

339 4023 480 4080 lexit
504 4041 604 4081 eos
626 4030 691 4081 ut
715 4031 1036 4082 moreretur
1057 4033 1290 4100 propter
1309 4045 1426 4084 eos.
1460 4030 1576 4084 Hoc
1611 4029 1767 4084 enim
1801 4034 1984 4086 testa-

339 4116 440 4170 tus
451 4118 538 4170 est
553 4114 780 4170 dicens:
798 4119 1078 4188 Mty'orem
1092 4118 1268 4174 haedi
1275 4115 1574 4174 lectionem
1599 4135 1765 4174 nemo
1784 4120 1981 4190 habet,

338 4211 401 4258 ut
427 4203 685 4258 auiiuam
711 4221 878 4260 suam
915 4215 1092 4275 ponat
1119 4207 1245 4278 quis
1273 4221 1383 4276 pro
1410 4207 1617 4263 amicis
1643 4207 1761 4262 suis
1790 4209 1977 4278 (Joan.

336 4308 426 4358 xv,
459 4292 566 4364 13).
600 4293 908 4365 Propterea
957 4299 1014 4349 et
1055 4295 1248 4351 iturus
1291 4296 1360 4350 ad
1413 4295 1768 4368 passionem,
1799 4300 1856 4351 et
1881 4314 1985 4368 per

334 4382 778 4438 resurrectionis
796 4387 855 4437 et
883 4382 1244 4439 ascensionis
1273 4382 1519 4456 gloriam
1552 4384 1922 4440 discessurus
1951 4403 1983 4441 e

335 4469 576 4537 mundo,
602 4470 710 4525 hoc
732 4475 1165 4526 sacramentum
1187 4471 1459 4527 ultimum
1477 4471 1784 4543 discipulis
1807 4473 1983 4528 tradi-

334 4555 512 4648 dit,ut
542 4557 885 4648 memoriam
920 4563 1090 4614 tantae
1121 4560 1557 4633 eharitatis,per
1585 4577 1762 4632 quam
1797 4561 1981 4617 solam
2009 4583 2058 4648 Β

334 4643 834 4712 salvamur,altius
856 4665 1057 4702 eorum
1081 4648 1981 4720 mentibusinﬁgeret.0uatenus

331 4750 564 4804 semper
591 4749 881 4791 memores
911 4737 1120 4806 simus,
1150 4742 1207 4794 et
1235 4738 1459 4810 quales,
1495 4743 1554 4793 et
1581 4744 1866 4810 quantum
1900 4741 1972 4796 ab

329 4839 396 4878 eo
417 4821 609 4879 dilecti
633 4824 842 4891 simus,
869 4842 938 4880 ne
960 4826 1030 4880 de
1054 4827 1222 4883 nobis
1244 4827 1874 4900 gloriemur,quantum
1912 4833 1974 4884 at

327 4913 398 4967 de
417 4911 518 4968 illo
539 4913 1031 4985 spcremusﬂuod
1057 4919 1374 4988 utrumque
1395 4917 1972 4988 diligenteramplius

326 5000 562 5075 exponit
581 5007 637 5058 et
669 5000 923 5057 inculcat
953 5003 1155 5059 dicens
1189 5021 1201 5059 :
1239 5010 1307 5063 Ut
1336 5006 1473 5077 quid
1500 5005 1648 5060 enim
1682 5005 1966 5070 Christus,

325 5106 452 5146 cum
483 5091 671 5148 adhuc
709 5091 928 5160 inﬁrmi
975 5109 1246 5161 esseiuus,
1275 5095 1586 5150 secundum
1613 5103 1836 5164 tempus
1861 5111 1970 5164 pro

324 5180 516 5248 impiis
544 5189 810 5236 mortuus
837 5188 922 5235 est
950 5184 1134 5250 (item.
1169 5200 1222 5248 v,
1255 5184 1358 5251 6)?
1389 5185 1455 5238 Et
1485 5188 1616 5256 post
1658 5182 1965 5255 paululum

323 5268 562 5324 dicitur:
581 5269 945 5326 Commendat
972 5280 1188 5339 autent,
1205 5271 1416 5344 inquit,
1430 5290 1599 5330 suam
1621 5275 1968 5330 charitatem

327 5361 472 5412 Deus
495 5359 552 5414 iu
571 5359 753 5426 nobis,
773 5359 1044 5430 quoniam
1065 5361 1122 5414 si
1147 5377 1278 5415 cum
1311 5362 1499 5416 adhuc
1525 5369 1854 5430 peccatores
1882 5381 1966 5418 es-

317 5449 800 5512 srmus,('hristus
829 5465 937 5515 pro
965 5450 1122 5506 nobis
1154 5457 1418 5504 mortuus
1441 5459 1542 5517 est,
1563 5449 1750 5507 multo
1779 5452 1966 5522 igitur

321 5536 503 5602 magis
509 5536 814 5605 justiﬂcuti
832 5555 981 5595 nunc
1002 5540 1060 5594 iu
1080 5539 1358 5611 sanguine
1379 5539 1556 5608 ipsius
1575 5541 1724 5595 salvi
1743 5540 1960 5596 erimus

317 5622 390 5674 ab
421 5621 514 5676 ira
541 5639 646 5691 per
689 5629 878 5693 ipsum
924 5629 1082 5695 (ibid.
1117 5628 1228 5696 89).
1275 5628 1390 5682 Hoc
1447 5643 1584 5698 ergo
1643 5629 1956 5698 agendum,

2095 3317 2440 3388 proveniret.
2470 3317 2630 3372 Unde
2653 3319 2849 3372 autem
2874 3315 2940 3370 ﬁt
2955 3313 3122 3370 cibus
3141 3312 3230 3368 lae
3247 3312 3276 3368 Ἰ
3298 3312 3457 3368 unde
3483 3311 3656 3367 cibus
3683 3310 3736 3366 in

2097 3404 2188 3461 lac
2217 3405 2589 3472 convertitur,
2617 3403 2730 3460 nisi
2776 3421 2880 3476 per
2923 3417 3159 3458 carnem
3199 3399 3577 3473 trajiciatur?
3599 3401 3735 3456 Nam

2097 3498 2285 3550 mater
2304 3494 2412 3550 hoc
2437 3494 2588 3550 facit.
2614 3493 2774 3561 Quod
2800 3491 3116 3548 manducet
3137 3495 3340 3557 mater,
3363 3489 3474 3546 hoc
3496 3489 3737 3545 mandu-

2095 3589 2189 3640 cat
2217 3585 2446 3652 inl‘ans;
2481 3585 2581 3639 sed
2613 3583 2753 3655 quia
2783 3581 2980 3637 minus
3017 3584 3106 3636 est
3137 3580 3384 3635 idoneus
3412 3577 3613 3634 infans
3638 3577 3735 3650 qui

2093 3689 2243 3744 pane
2265 3677 2550 3740 vescatur,
2577 3673 2770 3746 ipsum
2813 3673 3000 3726 mater
3023 3669 3315 3734 incarnat,
3338 3672 3398 3723 et
3415 3684 3521 3740 per
3547 3665 3736 3725 humi-

2093 3762 2336 3818 ditatem
2359 3759 2882 3817 mamillzeinlactis
2893 3757 3364 3830 succumdeipso
3385 3772 3536 3829 pane
3558 3753 3739 3828 pascit

2092 3847 2400 3904 infantem.
2425 3848 2724 3914 Quomodo
2753 3862 2891 3920 ergo
2912 3847 2985 3902 de
3003 3845 3131 3918 ipso
3149 3860 3302 3918 pane
3322 3843 3513 3916 pascit
3528 3859 3641 3899 nos
3657 3859 3738 3899 ss-

2095 3936 2312 4009 picntia
2323 3937 2423 3994 Dei
2435 3937 2462 3992 ?
2475 3937 2613 4009 quia
2629 3938 2880 3991 Verbum
2892 3951 3032 3991 cara
3047 3936 3271 4006 factum
3290 3942 3376 3992 est
3389 3941 3446 3989 et
3465 3931 3737 3989 Mutavit

2091 4027 2150 4082 iu
2193 4028 2352 4082 nobis
2391 4027 2578 4094 (ibid.,
2614 4025 2720 4096 14).
2755 4024 2954 4082 Videte
2983 4039 3120 4096 ergo
3151 4021 3570 4090 humilitatem,
3603 4019 3740 4093 quia

2092 4133 2301 4188 panem
2314 4115 2653 4188 angelorum
2667 4114 2840 4170 mand
2851 4113 3040 4169 ucavit
3051 4112 3320 4182 homo,ut
3329 4111 3618 4184 scriptum
3629 4113 3735 4168 est:

2091 4205 2304 4260 Panem
2331 4205 2458 4260 cazli
2475 4205 2633 4260 dedit
2661 4204 2974 4272 eis,pauem
2999 4201 3341 4272 metarum
3371 4199 3738 4257 manducavit

2090 4299 2260 4349 Iconio
2277 4295 2454 4363 (I’sat.
2471 4310 2676 4359 Lxxvu,
2694 4292 2800 4364 15).
2818 4292 2880 4347 Id
2902 4294 2992 4346 est
3015 4306 3028 4344 :
3055 4290 3312 4346 Verbum
3334 4289 3480 4344 illud
3501 4303 3619 4361 quo
3639 4305 3735 4362 pa-

2091 4387 2338 4438 scuntur
2355 4382 2544 4455 angeli
2567 4381 3014 4454 sempiternum,
3033 4379 3192 4452 quod
3213 4382 3303 4434 est
3323 4376 3542 4450 aequale
3561 4375 3732 4443 Patri,

2091 4470 2466 4526 manducavit
2487 4471 2682 4537 homo,
2703 4469 2844 4543 quia
2857 4485 2990 4526 cum
3011 4469 3070 4526 in
3085 4469 3282 4538 [arma
3305 4465 3412 4523 Dei
3429 4475 3594 4535 esset,
3623 4481 3733 4522 uel

2088 4561 2358 4629 rapinam
2377 4560 2794 4616 arbitratusest
2816 4575 2937 4614 esse
2956 4558 3232 4629 (aqualem
3240 4573 3302 4612 se
3316 4556 3735 4629 Deo.Saginan-

2086 4652 2186 4702 tur
2209 4647 2308 4703 illo
2327 4647 2646 4720 angeli,sed
2669 4649 3038 4716 semetipsum
3055 4645 3473 4710 exiuaaivitmt
3491 4644 3731 4700 mandu-

2081 4741 2240 4792 caret
2261 4754 2471 4809 panem
2501 4737 2842 4809 angelorum
2873 4736 3070 4795 homo.
3095 4741 3366 4793 Foomm
3396 4734 3552 4790 serui
3575 4735 3730 4791 «scci-

2080 4825 2239 4894 pieus
2265 4826 2320 4880 in
2341 4826 2779 4881 similitudinem
2809 4825 3103 4881 hominum
3125 4825 3405 4895 factumet
3433 4825 3629 4880 habitu
3643 4824 3729 4876 in-

2079 4923 2276 4970 ventus
2290 4923 2349 4969 ut
2362 4914 2878 4982 homo,hmui'iaoit
2897 4931 2959 4970 se
2975 4915 3166 4984 factus
3179 4913 3450 4971 obedieus
3467 4909 3731 4984 usquead

2076 5012 2346 5074 mortem,
2377 5013 2619 5060 mortem
2663 5013 2858 5060 autem
2885 5003 3074 5061 crucis
3101 5003 3340 5073 (Philip.
3375 5019 3440 5069 ιι,
3471 5004 3526 5067 6,
3556 5002 3634 5070 8),
3660 5003 3726 5055 ut

2069 5097 2192 5166 jam
2208 5097 2279 5150 de
2298 5111 2469 5151 cruce
2490 5094 3000 5150 commendaretur
3019 5090 3481 5164 caroetsanguis
3495 5087 3722 5147 Domini

2078 5201 2290 5240 novum
2315 5183 2668 5239 sacriﬁcium
2682 5182 2941 5247 .Quando
2963 5181 3313 5254 loquebatur
3334 5180 3615 5236 Dominus
3631 5193 3724 5234 no-

2077 5279 2195 5330 ster
2237 5274 2409 5329 Jcsus
2467 5271 2736 5327 Christus
2765 5271 2835 5325 de
2867 5286 3106 5342 corpore
3145 5286 3252 5324 suo
3283 5286 3298 5325 :
3333 5269 3479 5339 Nisi,
3509 5265 3719 5339 inquit,

2075 5362 2529 5419 manducauerit
2544 5377 2611 5433 qu
2622 5361 2673 5415 is
2699 5375 2938 5415 carnem
2963 5375 3150 5415 meam
3167 5363 3223 5414 et
3243 5358 3461 5416 biberit
3473 5373 3616 5430 song
3625 5357 3722 5412 ui-

2071 5470 2200 5508 ucm
2217 5467 2543 5518 meum,uou
2557 5449 2793 5506 habebit
2807 5451 2988 5505 vitam
3001 5449 3064 5504 in
3073 5450 3316 5506 se.Caro
3327 5450 3484 5504 enim
3497 5462 3624 5502 mea
3635 5461 3720 5501 νε·

2071 5548 2224 5596 ret'st
2237 5558 2390 5606 esca,
2405 5539 2718 5612 ctsanguis
2739 5555 2898 5594 metm
2919 5555 3046 5594 vere
3067 5544 3150 5594 est
3167 5535 3722 5608 potuonau.n,5-i

2068 5635 2124 5685 et
2145 5631 2255 5701 56).
2292 5627 2626 5685 Intellectus
2657 5627 2985 5701 spiritualis
3005 5627 3341 5684 credentem
3355 5626 3534 5683 alium
3553 5622 3716 5688 facit,
