3934 6182
296 390 416 453 923

1071 387 1455 451 HINCMAIll
1501 386 1746 448 RHEM.
1795 385 2159 448 ARCHlEP.
2205 384 2617 450 OPUSCULA
2663 386 2935 449 VARIA.

3575 388 3697 450 924

300 527 527 599 partes;
559 521 645 580 sic
683 525 742 580 et
787 538 1029 579 manum
1074 521 1456 579 durissimam
1505 521 1720 579 diaboli
1770 521 1941 579 solvit
1969 517 2025 586 Α
2053 518 2267 577 deﬁcit.
2301 521 2426 578 Non
2456 537 2595 595 ergo
2625 519 2960 589 timeamus,
2989 520 3219 588 fratres,
3252 518 3447 594 ipsum
3490 537 3703 594 panem

300 610 543 686 sanguis
591 610 827 667 Christi.
869 610 1114 668 Nolebat
1162 628 1267 667 nos
1315 610 1607 667 dimittere
1655 611 1945 680 diabolus,

301 700 650 774 sanguinem
665 700 1293 772 fuditDominusquasi
1305 700 1496 756 oleum
1514 699 1949 772 misericordiae,

301 795 362 847 et
386 807 488 864 per
514 788 712 862 ipsum
737 806 844 845 nos
863 788 1238 845 liberavit.De
1258 789 1366 845 hoe
1389 790 1514 845 oleo
1541 789 1949 845 misericordia:

303 878 518 936 Christi
543 896 647 951 per
676 878 1018 951 prophetam
1051 878 1304 934 dicitur:
1339 878 1726 951 Compua'escit
1744 882 1952 953 jugum

304 987 339 1024 a
364 970 509 1039 facie
534 970 642 1025 olei
672 967 800 1040 (Isa.
832 986 888 1036 x,
921 971 1036 1037 27).
1062 969 1342 1042 Subjugo
1365 969 1582 1041 quippe
1606 968 1953 1025 tenebamur

306 1056 607 1113 diabolica:
638 1055 1076 1123 dominationis,
1110 1058 1209 1112 sed
1243 1057 1403 1112 uncti
1436 1075 1642 1113 sumus
1671 1057 1795 1114 oleo
1819 1058 1952 1130 Spi-

308 1144 458 1201 ritus
489 1144 698 1212 sancti,
723 1162 838 1217 quo
869 1145 941 1200 de
972 1145 1350 1201 immaculata
1376 1145 1612 1219 Virgine
1636 1152 1953 1220 conceptus

308 1238 365 1289 et
394 1238 567 1289 natus
596 1237 687 1289 est
707 1233 1103 1306 Christus,per
1120 1235 1293 1306 cujus
1312 1236 1659 1309 sanguinem
1683 1240 1739 1292 et
1763 1239 1952 1309 ajugo

309 1320 726 1378 dominationis
757 1321 1055 1378 diabolicae
1086 1340 1294 1381 sumus
1332 1325 1638 1397 redempti,
1668 1329 1723 1380 et
1753 1342 1787 1381 a
1815 1343 1952 1397 pec-

309 1410 457 1466 catis
506 1409 782 1466 omnibus
830 1411 1152 1480 emundati,
1186 1416 1251 1467 ut
1298 1413 1438 1469 dicit
1488 1414 1657 1471 nobis
1698 1415 1954 1471 Joannes

310 1497 607 1572 apostolus
640 1516 653 1554 :
685 1498 923 1570 Sanguis
950 1505 1083 1557 Jesu
1120 1500 1325 1558 Christi
1370 1503 1508 1559 Filii
1554 1505 1653 1559 Dei
1697 1505 1954 1561 emundat

308 1603 406 1644 nos
461 1586 529 1642 ab
582 1588 735 1643 omni
786 1596 1001 1659 peccato
1047 1590 1097 1656 (Ι
1138 1592 1295 1647 Joan.
1329 1607 1366 1660 ι,
1397 1594 1475 1659 7),
1510 1592 1953 1649 Sacramentum

308 1692 565 1748 namque
594 1675 909 1732 Dominicze
940 1678 1314 1749 passionis,et
1333 1681 1627 1751 praeterita
1647 1682 1816 1739 nobis
1837 1700 1957 1739 om-

310 1764 408 1821 nia
438 1764 497 1820 in
529 1764 825 1838 baptismo
854 1765 1073 1838 pariter
1103 1772 1339 1840 peccata
1369 1768 1665 1837 relaxavit,
1697 1775 1755 1827 et
1783 1772 1955 1844 quid-

309 1852 448 1926 quid
482 1853 826 1955 quotidiana
855 1854 1168 1955 fragilitate
1188 1861 1320 1929 post
1338 1858 1634 1955 baptisma
1654 1861 1955 1918 commisi-
1986 1888 2036 1955 Β

310 1960 465 2011 mus,
498 1943 761 2015 ejusdem
792 1943 978 1999 nostri
1008 1945 1413 2019 Redemptoris
1444 1947 1613 2004 nobis
1648 1950 1839 2022 gratia
1867 1951 1953 2006 di-

312 2031 515 2097 mittit,
550 2030 800 2088 maxime
824 2049 958 2088 eum
991 2032 1142 2089 inter
1169 2051 1343 2106 opera
1370 2036 1520 2094 lucis
1550 2055 1679 2110 quae
1710 2038 1959 2096 facimus

312 2118 614 2176 humiliter
637 2120 897 2193 quotidie
931 2127 1161 2179 nostros
1191 2123 1275 2179 illi
1315 2127 1665 2183 confitemur
1711 2144 1956 2199 errores,

311 2225 447 2264 cum
478 2208 784 2282 sanguinis
810 2209 969 2266 illius
998 2218 1367 2269 sacramenta
1409 2216 1787 2288 percipimus,
1822 2235 1958 2274 cum

311 2297 676 2355 dimittentes
698 2298 1061 2357 debitoribus
1083 2302 1299 2361 nostris
1322 2308 1539 2374 nostra,
1568 2306 1739 2363 nobis
1763 2307 1961 2363 debita

310 2387 530 2449 dimitti
573 2405 902 2461 precamur,
936 2407 1070 2446 cum
1125 2409 1414 2449 memores
1458 2395 1752 2466 passionis
1799 2396 1959 2454 illius

312 2475 565 2534 libenter
584 2478 827 2536 adversa
847 2496 1092 2553 quaeque
1113 2480 1675 2541 toleramus.Fidelis
1695 2487 1851 2543 enim
1871 2491 1962 2543 est

319 2567 492 2633 Deus,
522 2566 623 2639 qui
656 2584 771 2623 non
802 2568 1103 2640 permittet
1132 2587 1240 2627 nos
1268 2572 1479 2628 tentari
1512 2590 1690 2646 supra
1722 2575 1779 2640 ω
1803 2577 1959 2648 quod

315 2672 635 2728 possumus
665 2657 907 2714 sufferre
935 2658 984 2730 (I
1012 2658 1157 2715 Con.
1189 2660 1266 2731 x).
1291 2660 1584 2734 Quidquid
1608 2663 1764 2719 enim
1786 2664 1960 2722 homo

312 2760 529 2818 passus
562 2744 738 2801 fuerit
765 2763 869 2818 pro
912 2746 1148 2803 nomine
1197 2748 1437 2816 Christi,
1466 2755 1524 2807 et
1552 2769 1657 2824 pro
1683 2770 1786 2826 spe
1831 2754 1961 2810 vitae

316 2837 568 2906 aeternae,
595 2838 654 2891 et
682 2852 1033 2908 permanens
1063 2836 1414 2911 toleraverit,
1442 2842 1630 2913 major
1657 2842 1709 2898 ei
1740 2860 1963 2901 merces

318 2921 584 2991 dabitur;
613 2924 715 2996 qui
737 2923 787 2980 si
813 2924 1055 2982 cesserit
1074 2926 1325 2996 diabolo,
1340 2945 1474 2985 cum
1498 2928 1596 2986 illo
1616 2932 1965 2989 condemna-

318 3013 499 3071 bitur.
533 3014 646 3071 Sed
674 3030 851 3086 opera
880 3015 1293 3073 misericordia:
1340 3035 1476 3075 cum
1506 3019 1603 3091 pia
1632 3019 1964 3077 humilitate

318 3102 638 3177 impetrant
666 3120 701 3159 a
729 3103 998 3172 Domino,
1031 3109 1098 3160 ut
1126 3122 1241 3161 non
1269 3107 1566 3179 permittat
1604 3126 1800 3165 servos
1824 3127 1964 3166 suos

318 3192 529 3249 tentari
543 3190 856 3265 plusquam
870 3194 1689 3266 possuntsustinere.Gustate
1700 3201 1759 3253 et
1777 3197 1965 3255 videte

2058 610 2433 679 manducare,
2468 627 2540 667 ne
2570 610 2715 667 forte
2744 610 3022 667 ﬁniamus
3050 608 3238 677 illum,
3261 612 3321 666 et
3339 614 3547 682 postea
3564 610 3706 683 quid

2060 700 2484 755 manducemus
2497 697 3704 765 noninveniamus:manduceturChristus,

2056 787 2199 843 vivit
2221 787 2776 860 manducatus,quia
2795 788 3113 844 resurrexit
3131 786 3505 843 occisus.Nec
3527 804 3707 860 quan-

2062 876 2134 933 do
2157 877 2584 933 manducamus
2601 877 2672 933 de
2689 876 2787 932 illo
2804 879 3000 948 partes
3018 874 3287 931 facimus.
3302 875 3373 930 Et
3388 875 3629 948 quidem
3649 876 3707 931 in

2062 970 2427 1022 sacramento
2444 965 2529 1022 sic
2551 967 2635 1033 fit,
2650 969 2708 1021 et
2732 969 2946 1021 norunt
2974 963 3176 1021 ﬁdeles
3206 964 3707 1036 quemadmodum

2063 1056 2418 1111 manducent
2434 1071 2668 1111 carnem
2687 1052 3345 1126 Christi.Unusquisque
3361 1052 3580 1126 accipit
3592 1070 3713 1125 par-

2061 1148 2180 1198 tem
2211 1144 2514 1200 suam.l’er
2538 1147 2733 1217 partes
2761 1143 3170 1207 manducatur,
3183 1146 3241 1198 et
3263 1145 3463 1198 manet
3482 1140 3712 1215 integer

2063 1237 2223 1289 totus
2249 1249 2261 1288 :
2288 1249 2390 1305 per
2410 1237 2601 1305 partes
2624 1233 3017 1289 manducatur
3034 1231 3096 1286 in
3117 1234 3575 1299 sacramento,et
3594 1247 3711 1285 ma-

2064 1325 2165 1377 net
2184 1321 2410 1394 integer
2429 1325 2587 1377 lotus
2605 1321 2663 1375 in
2682 1319 3050 1388 ccelo,manet
3072 1320 3295 1393 integer
3312 1317 3374 1374 in
3394 1318 3576 1375 corde
3593 1322 3709 1375 tuo.

2064 1411 2249 1467 Totus
2264 1409 2420 1465 enim
2442 1414 2568 1466 erat
2583 1410 2738 1483 apud
2761 1409 2991 1465 Patrem
3016 1408 3250 1481 quando
3269 1408 3428 1464 venit
3446 1407 3509 1463 in
3532 1406 3713 1481 Virgi-

2065 1516 2198 1555 nem
2227 1498 2470 1573 implere
2500 1499 2684 1568 illam,
2719 1515 2823 1555 nec
2855 1498 3096 1554 recessit
3123 1496 3197 1553 ab
3220 1495 3638 1553 illo.Veniebat
3655 1494 3711 1553 in

2064 1606 2300 1645 carnem
2332 1592 2396 1644 ut
2418 1605 2555 1645 eum
2585 1586 2855 1645 homines
2884 1587 3328 1654 manducarent,
3351 1588 3410 1641 et
3439 1584 3713 1641 manebat

2065 1678 2292 1752 integer
2318 1678 2473 1751 apud
2504 1681 2728 1751 patrem
2750 1680 2816 1733 ut
2836 1675 3076 1750 angelos
3102 1675 3454 1748 pasceret.Et
3478 1673 3712 1746 quando

2065 1766 2332 1823 Christus
2362 1767 2550 1823 factus
2580 1769 2671 1822 est
2697 1765 2893 1833 homo,
2925 1781 3137 1838 panem
3168 1761 3513 1836 angelorum
3551 1778 3711 1818 man-

2067 1854 2300 1913 ducavit
2315 1855 2859 1929 homo.Mysterium
2880 1857 3149 1910 nostrum
3176 1852 3235 1908 in
3256 1868 3465 1908 mensa
3482 1849 3711 1919 Domini

2066 1945 2325 2019 positum
2356 1948 2465 2011 est,
2499 1943 2840 2017 mysterium
2876 1947 3143 1999 nostrum
3173 1939 3529 2013 accipitis,et
3560 1939 3632 1995 ad
3662 1939 3713 1994 id

2067 2035 2221 2108 quod
2256 2033 2396 2091 estis
2424 2035 2608 2089 Amen
2640 2030 3026 2105 respondetis,
3058 2034 3115 2087 et
3145 2028 3561 2102 respondendo
3582 2028 3711 2084 sub-

2067 2122 2345 2181 scribitis.
2379 2123 2562 2179 Audis
2599 2138 2736 2195 ergo
2782 2138 2996 2193 corpus
3041 2117 3279 2185 Christi,
3310 2121 3368 2174 et
3399 2116 3713 2190 respondes

2064 2214 2271 2269 Amen.
2306 2212 2541 2269 Utinam
2588 2214 2785 2267 teneat
2831 2227 2933 2266 cor
2979 2208 3151 2282 quod.
3184 2206 3329 2263 dicit
3364 2223 3453 2275 os,
3490 2205 3711 2262 utinam

2068 2301 2280 2358 habeat
2308 2301 2454 2357 ﬁdes
2474 2301 2631 2374 quod
2652 2299 2826 2356 verbo
2848 2297 3166 2371 respondes
3189 2312 3204 2352 :
3230 2299 3356 2352 esto
3378 2294 3709 2350 membrum

2067 2390 2327 2463 corporis
2355 2388 2591 2457 Christi,
2626 2392 2690 2444 ut
2717 2404 2918 2444 verum
2950 2386 3027 2442 sit
3051 2386 3254 2441 Amen.

2139 2478 2479 2552 Mysterium
2511 2476 2674 2551 pacis
2702 2475 2946 2533 unitatis
2974 2478 3186 2531 nostra;
3214 2471 3485 2529 Christus
3519 2471 3584 2527 in
3614 2488 3715 2527 sua

2069 2585 2271 2624 mensa
2303 2567 2660 2624 consecravit
2691 2582 2705 2621 :
2739 2570 2796 2621 et
2824 2565 2959 2638 quis
2990 2563 3143 2620 alius
3168 2561 3282 2618 nisi
3304 2561 3429 2634 ipse
3454 2559 3712 2634 quotidie

2068 2656 2128 2714 in
2159 2674 2268 2714 sua
2292 2673 2496 2714 mensa
2525 2654 2943 2712 consecratur?
2976 2654 3128 2710 Deus
3157 2651 3314 2708 enim
3336 2650 3507 2707 adest
3523 2649 3711 2707 verbis

2069 2746 2196 2804 suis
2215 2744 2720 2819 evangelicis,sine
2748 2743 2966 2816 quibus
2986 2744 3418 2799 sacramentum
3442 2756 3564 2795 non
3587 2754 3711 2793 con-

2070 2839 2351 2903 secratur,
2384 2838 2443 2891 et
2485 2834 2608 2907 ipse
2656 2832 2983 2889 sanctificat
3027 2832 3463 2886 sacramentum
3516 2842 3708 2893 suum,

2070 2929 2128 2981 et
2156 2925 2295 2982 facit
2331 2924 2614 2996 seipsum,
2647 2921 2801 2979 sicut
2848 2919 2973 2992 ipse
3022 2918 3168 2976 dicit
3198 2934 3213 2974 :
3242 2920 3351 2975 Hoc
3395 2924 3477 2973 est
3524 2931 3711 2987 corpus

2070 3031 2272 3082 meum,
2302 3013 2441 3086 quod
2464 3028 2565 3085 pro
2596 3011 2743 3068 vobis
2792 3008 3056 3067 tradetur.
3090 3009 3254 3064 Sicut
3302 3006 3460 3062 enim
3492 3005 3568 3061 ad
3596 3021 3711 3059 vero

2071 3104 2215 3160 bum
2268 3101 2449 3171 illius,
2495 3105 2562 3158 ut
2609 3099 2869 3173 primum
2914 3099 3197 3171 jusserat,
3229 3093 3525 3169 germinat
3570 3097 3715 3149 terra

2074 3192 2316 3249 herbam
2346 3191 2649 3256 virentem,
2684 3194 2743 3246 et
2790 3187 3096 3245 facientem
3146 3202 3368 3255 semen,
3400 3188 3460 3241 et
3495 3183 3715 3257 lignum

321 3297 499 3353 quam
513 3279 810 3337 suavisest
825 3281 1311 3353 Dominus,quam
1329 3283 1535 3340 beatus
1552 3284 1640 3339 vir
1653 3285 1966 3358 quisperat
1995 3257 2038 3325 Ο
2076 3280 2425 3354 pomiferum
2457 3280 2677 3335 faciens
2710 3279 2964 3334 fructum
2989 3277 3164 3349 juxta
3201 3292 3390 3349 genus
3433 3290 3635 3342 suum,
3664 3275 3716 3328 et

321 3367 383 3423 in
413 3384 500 3424 eo.
526 3368 903 3440 (Aug.serm.2
922 3369 987 3424 de
1009 3371 1374 3442 verb.apost.):
1399 3394 1427 3421 «
1453 3372 1523 3428 Et
1540 3374 1851 3431 audiamus
1871 3393 1963 3432 ve-

323 3471 517 3512 racem
550 3455 895 3528 Magistrum
919 3456 1183 3514 divinum
1209 3459 1654 3533 Redemptorem
1677 3480 1968 3521 commen-

322 3544 560 3599 dantem
574 3543 744 3601 nobis
753 3545 1006 3618 pretium
1020 3552 1286 3605 nostrum
1301 3550 1647 3624 sanguinem
1661 3569 1728 3608 su
1739 3553 1969 3610 um.Lo-

325 3636 497 3690 cutus
513 3639 604 3691 est
618 3636 776 3692 enim
796 3637 964 3694 nobis
982 3638 1053 3694 de
1068 3655 1307 3711 corpore
1318 3643 1375 3695 et
1386 3641 1670 3714 sanguine
1682 3659 1970 3710 suo,com-

325 3724 611 3781 mendans
640 3724 817 3781 talem
848 3742 1042 3781 escam
1075 3730 1132 3781 et
1152 3726 1326 3783 talem
1350 3730 1722 3800 potumzNisi
1743 3731 1969 3787 mandu-

325 3815 577 3869 caveritis
606 3830 827 3870 carnem
848 3831 1025 3869 meam
1054 3822 1106 3870 et
1134 3816 1381 3872 biberitis
1409 3820 1736 3888 sanguinem
1767 3837 1964 3887 meum,

324 3917 437 3958 non
465 3901 736 3956 habebitis
781 3904 953 3957 vitam
1000 3905 1061 3958 in
1106 3903 1254 3959 vobis
1300 3906 1476 3974 (Joan.
1510 3925 1588 3973 γι,
1617 3908 1728 3981 51).
1764 3910 1831 3965 Et
1859 3909 1969 3965 hoc

329 3989 476 4045 dixit
503 3990 575 4045 de
601 3987 721 4046 vita
748 3989 881 4063 quis
907 3990 1059 4049 alius
1089 4010 1266 4065 quam
1300 3993 1428 4067 ipsa
1455 3996 1615 4053 vita?
1632 3996 1743 4053 erit
1771 4000 1967 4054 autem

328 4076 414 4133 illi
446 4077 669 4134 homini
701 4095 861 4136 mors
890 4097 1005 4137 non
1034 4081 1173 4150 vita,
1195 4082 1297 4155 qui
1320 4084 1660 4141 mendacem
1684 4087 1972 4159 putaverit

327 4166 527 4222 vitam.
560 4166 711 4240 Ergo
740 4170 797 4224 et
824 4168 898 4223 de
927 4185 1168 4243 corpore
1216 4187 1283 4227 ac
1326 4174 1613 4246 sanguine
1662 4192 1768 4231 suo
1812 4174 1973 4231 dedit

330 4254 498 4311 nobis
529 4254 826 4312 salubrem
858 4257 1249 4315 refectionem.
1286 4260 1640 4319 Manducent
1683 4280 1820 4337 ergo
1869 4264 1971 4337 qui

329 4345 707 4411 manducent,
739 4349 797 4401 et
842 4346 1049 4402 bibant
1095 4348 1195 4420 qui
1247 4348 1475 4417 bibunt,
1507 4351 1771 4408 esuriant
1806 4357 1864 4408 et
1892 4352 1969 4410 si-

328 4432 499 4500 tiant,
543 4434 723 4508 vitam
774 4436 1150 4504 manducent,
1184 4435 1362 4493 vitam
1412 4438 1633 4495 bibant.
1665 4441 1772 4506 Qui
1828 4441 1971 4497 illud

331 4522 654 4578 manducas
683 4523 959 4603 reficeg'is,
983 4525 1084 4580 sed
1116 4526 1200 4581 sic
1230 4526 1485 4583 reﬁceris
1519 4531 1584 4583 ut
1605 4546 1719 4585 non
1742 4530 1976 4586 deﬁciat

2073 3369 2349 3443 impletur
2377 3367 2637 3443 quotidie
2676 3367 2831 3440 quod
2879 3364 3139 3438 primum
3184 3364 3375 3420 dixit:
3411 3362 3646 3420 Crescite
3670 3367 3718 3416 et

2073 3460 2529 3532 multiplicamini
2576 3457 2728 3525 (Gen.
2771 3474 2811 3523 ι,
2841 3455 2955 3527 22),
2987 3471 3117 3527 qua:
3163 3452 3495 3510 benedictio
3546 3451 3715 3508 etiam

2075 3565 2181 3604 nec
2214 3551 2345 3621 post
2375 3551 2677 3620 peccatum
2707 3544 2966 3601 hominis
2985 3548 3075 3600 est
3092 3541 3311 3599 abolita
3332 3559 3346 3598 :
3371 3541 3457 3597 ita
3472 3545 3535 3598 et
3549 3539 3715 3596 verba

2076 3635 2257 3704 illius,
2290 3636 2390 3708 qui
2422 3639 2581 3691 totus
2620 3634 2840 3707 ubique
2884 3637 2993 3700 est,
3023 3636 3081 3688 et
3123 3647 3356 3703 semper
3403 3633 3514 3698 est,
3545 3628 3713 3685 etiam

2076 3743 2180 3798 per
2202 3728 2536 3798 peccatores
2563 3723 2793 3796 prolata
2820 3722 2880 3778 in
2902 3719 3365 3778 sanctificatione
3387 3717 3644 3791 corporis
3664 3718 3716 3771 et

2077 3813 2383 3887 sanguinis
2413 3812 2573 3880 ilius,
2605 3829 2708 3885 per
2736 3827 2942 3868 omnes
2972 3826 3207 3866 mensas
3228 3808 3289 3863 in
3315 3805 3604 3864 catholica
3620 3805 3715 3860 Ec-

2077 3903 2257 3960 clesia
2304 3906 2426 3958 toto
2457 3905 2745 3958 terrarum
2793 3900 2934 3956 orbe
2980 3899 3216 3967 diffusa,
3248 3896 3563 3970 perfectam
3607 3893 3714 3948 vim

2077 3991 2344 4048 obtinent
2372 3988 2753 4047 consecrandi
2775 4005 2989 4061 corpus
3016 3991 3075 4044 et
3102 3986 3455 4059 sanguinem
3476 3984 3605 4056 ejus
3623 3979 3716 4054 qui

2079 4080 2223 4137 dixit
2256 4097 2268 4136 :
2301 4081 2537 4152 Accipite
2565 4086 2616 4136 et
2659 4078 3007 4147 manducata,
3038 4077 3136 4133 hoc
3182 4084 3262 4132 est
3307 4090 3501 4147 corpus
3545 4087 3717 4129 meum

2077 4170 2219 4245 quod
2239 4186 2342 4242 pro
2372 4171 2522 4226 vobis
2561 4167 2840 4236 tradetur;
2871 4167 2940 4223 Et
2972 4183 2986 4221 ε
3018 4166 3252 4237 Accipite
3296 4171 3350 4221 et
3395 4163 3605 4219 bibite:
3628 4161 3718 4216 Hic

2078 4268 2156 4317 est
2179 4260 2411 4329 sanguis
2452 4274 2622 4324 meus,
2655 4258 2752 4330 qui
2791 4273 2893 4329 pro
2940 4256 3090 4311 vobis
3136 4261 3188 4311 et
3209 4269 3312 4326 pro
3338 4252 3531 4308 multis
3556 4249 3720 4321 aﬂua-

2079 4349 2237 4405 detur
2266 4350 2327 4404 in
2354 4348 2725 4405 remissionem
2747 4352 3109 4418 peccatorum.
3142 4345 3266 4399 Ha’c
3310 4343 3720 4414 quotiescunque

2079 4438 2334 4510 feceritis,
2367 4444 2425 4493 tn
2454 4436 2563 4491 mei
2588 4436 2910 4491 memoriam
2931 4434 3159 4505 facietis.
3182 4431 3254 4488 Et
3283 4428 3438 4487 sicut
3464 4428 3582 4485 sive
3608 4426 3718 4481 bae-

2083 4527 2321 4595 reticus,
2352 4524 2471 4581 sive
2500 4523 3067 4589 schismaticus,sive
3090 4517 3718 4590 facinorosus,quisque

332 4609 489 4665 unde
518 4609 793 4666 reficeris.
827 4610 974 4669 Illud
1008 4613 1207 4670 bibere
1255 4614 1394 4687 quid
1446 4621 1535 4671 est
1584 4617 1697 4673 nisi
1745 4617 1973 4675 vivere?
2006 4621 2050 4686 D
2080 4617 2140 4671 in
2172 4613 2535 4672 confessione
2565 4617 2779 4669 sanctae
2810 4610 3113 4668 Trinitatis
3140 4607 3415 4682 haptizet,
3433 4624 3551 4663 non
3578 4603 3719 4660 valet

334 4698 626 4754 Manduca
678 4700 879 4767 vitam,
931 4701 1063 4759 bibe
1119 4702 1333 4772 vitam;
1384 4704 1629 4761 habebis
1683 4707 1884 4774 vitam,
1915 4712 1975 4764 et

333 4786 560 4859 integra
589 4789 677 4842 est
703 4787 838 4844 vita.
871 4791 1037 4847 Tunc
1066 4795 1261 4847 autem
1293 4792 1402 4848 hoc
1447 4794 1577 4861 erit,
1606 4794 1664 4849 id
1716 4800 1827 4863 est,
1857 4797 1977 4852 vita

335 4872 651 4947 unicuique
681 4876 793 4931 erit
819 4894 1032 4951 corpus
1061 4882 1118 4934 et
1146 4880 1391 4953 sanguis
1421 4880 1710 4951 Christi,si
1736 4885 1891 4955 quod
1915 4885 1975 4941 in

335 4968 701 5020 sacramento
729 4964 1037 5023 visibiliter
1065 4968 1406 5035 sumitur,in
1438 4968 1568 5041 ipsa
1597 4971 1835 5042 veritate
1857 4975 1975 5046 spi-

334 5051 582 5109 ritaliter
601 5055 1355 5129 manducctur,spiritaliter
1382 5058 1671 5115 bibatur.»
1694 5062 1779 5117 Ad
1804 5062 1977 5119 istam

335 5158 602 5199 mensam
635 5143 767 5216 quis
800 5161 906 5201 nos
935 5143 1201 5201 invitavit
1228 5150 1286 5202 et
1306 5146 1445 5219 quid
1468 5149 1812 5221 praeparavit
1830 5151 1858 5205 ?
1886 5152 1979 5207 In-

332 5229 538 5287 vitavit
559 5231 843 5289 Dominus
872 5237 1153 5301 servos,et
1181 5235 1525 5308 praeparavit
1551 5235 1637 5293 eis
1666 5237 1861 5294 cibum
1886 5258 1982 5296 se-

332 5308 705 5392 ipsum.Quis
717 5322 931 5379 audeat
945 5326 1002 5378 et
1015 5324 1368 5380 manducare
1382 5324 1694 5382 Dominum
1711 5329 1988 5386 suum?et

335 5414 530 5467 tamen
562 5411 647 5467 ait
678 5430 690 5468 :
728 5413 835 5481 Qui
862 5411 1156 5468 manducat
1179 5429 1285 5479 mc,
1307 5419 1357 5468 et
1380 5415 1493 5485 ipse
1511 5416 1651 5470 vivit
1663 5423 1884 5487 propter
1900 5436 1988 5477 me

338 5501 514 5567 (Joan.
548 5518 624 5568 v1,
655 5502 767 5568 58).
801 5502 1043 5568 Quando
1099 5502 1365 5557 Christus
1423 5503 1814 5561 manducatur
1866 5508 1983 5564 vita

340 5589 860 5657 manducatur,nec
888 5590 1176 5647 occiditur
1205 5594 1269 5645 ut
1300 5591 1811 5660 manducetur,sed
1837 5612 1986 5653 mor-

341 5679 475 5733 tuos
505 5676 774 5733 viviﬁcat.
801 5681 1043 5747 Quando
1074 5679 1462 5737 manducatur
1492 5678 1696 5748 reficit,
1732 5680 1833 5739 sed
1866 5702 1981 5741 non

2083 4706 2179 4762 ille
2210 4705 2310 4777 qui
2340 4704 2423 4759 ita
2448 4703 2779 4776 baptizatus
2800 4706 2889 4757 est
2908 4718 2943 4756 a
2963 4700 3132 4757 bonis
3154 4696 3462 4755 catholicis
3482 4692 3719 4765 rebaptio

2082 4795 2223 4865 zari,
2254 4810 2325 4849 ne
2354 4790 2641 4849 confessio
2672 4795 2728 4847 et
2755 4788 3042 4845 invocatio
3073 4787 3220 4843 tanti
3252 4783 3510 4842 nominis
3527 4780 3718 4836 videa-

2084 4888 2183 4940 tur
2211 4880 2526 4949 annullari,
2559 4879 2698 4952 quia
2726 4878 2853 4951 ipso
2897 4881 3005 4946 est,
3037 4880 3103 4932 ut
3148 4874 3433 4946 scriptum
3483 4874 3591 4936 est,
3623 4865 3716 4939 qui

2085 4969 2468 5045 baptizat,qui
2488 4967 2795 5041 discipulis
2826 4966 2951 5023 suis
2971 4964 3157 5039 jussit
3185 4963 3386 5020 dicens
3410 4978 3426 5018 :
3449 4957 3721 5027 Μελανθὼ

2087 5077 2270 5119 omnes
2325 5067 2525 5133 gentes,
2569 5059 2904 5130 baptinantes
2945 5072 3030 5112 eos
3078 5056 3140 5111 in
3183 5055 3406 5110 nomine
3451 5049 3625 5106 Patris
3672 5051 3722 5101 et

2091 5153 2222 5207 Filii
2249 5158 2300 5207 et
2326 5150 2564 5222 Spiritus
2609 5150 2790 5204 sancti
2817 5146 3021 5219 (Matth.
3056 5160 3250 5209 xxvm,
3285 5141 3395 5212 19).
3430 5140 3515 5196 Ita
3538 5140 3592 5193 et
3616 5151 3719 5191 cu-

2085 5242 2422 5314 juscunque
2451 5236 2537 5294 vel
2576 5236 3005 5308 qualiscunque
3052 5231 3243 5289 meriti
3288 5228 3558 5287 sacerdos
3598 5224 3721 5280 ofﬁ-

2097 5332 2253 5387 cium
2303 5324 2758 5385 consecrationis
2816 5325 3316 5381 sacramentorum
3374 5313 3624 5391 corporis
3669 5313 3720 5366 ct

2095 5417 2401 5493 sanguinis
2431 5414 2645 5473 Christi
2676 5413 2999 5471 secundum
3039 5409 3413 5467 traditionem
3454 5402 3717 5493 exerceat.

2091 5487 2236 5581 ipsev
2248 5512 2339 5564 est
2367 5505 2470 5578 qui
2500 5505 2705 5560 eadem
2736 5505 3103 5558 Sacramenta
3127 5499 3431 5555 consecrat
3448 5510 3549 5568 per
3562 5487 3721 5546 verba

2092 5615 2221 5665 sua,
2252 5595 2354 5669 qui
2380 5595 2526 5651 dixut
2547 5611 2561 5649 :
2586 5593 2819 5665 Accipite
2865 5599 2917 5646 et
2961 5587 3224 5646 comedite
3253 5605 3272 5641 :
3302 5587 3414 5642 Hoc
3438 5590 3519 5641 est
3544 5590 3720 5669 corpus

2089 5665 2291 5749 meum:
2325 5683 2465 5758 quod
2508 5699 2607 5756 pro
2654 5682 2801 5737 vobis
2849 5678 3092 5736 tradetur
3121 5696 3140 5732 :
3172 5676 3262 5744 Et,
3296 5675 3531 5746 Accipite
3570 5675 3617 5725 et
3639 5665 3719 5719 bi-
