3934 6182
241 422 360 487 925

1440 430 1541 491 DE
1585 430 1968 493 CAVENDIS
2011 430 2268 506 VITIIS,
2315 430 2488 495 ETC.

3524 430 3646 496 926

239 556 346 615 bite
374 577 394 615 :
423 558 524 614 Hic
580 565 661 615 est
698 560 927 628 sanguis
973 576 1144 630 meus,
1194 562 1293 633 qui
1334 579 1434 633 pro
1490 563 1639 620 vobis
1690 571 1742 621 et
1794 581 1895 637 pro
1922 565 1976 633 Α
2005 580 2109 636 per
2134 565 2518 637 gratiam,sed
2554 563 2723 638 quasi
2757 561 2935 621 Filius
2965 582 3033 621 ex
3063 565 3394 624 substantia
3431 566 3641 636 Patris,

235 648 430 703 multis
460 647 788 720 effumdetur
825 650 884 703 in
930 651 1307 706 remissionem
1348 661 1687 723 peccatorum
1721 670 1733 708 :
1769 654 1897 711 Ilaec
2003 652 2086 708 ita
2112 670 2246 709 vera
2275 671 2409 710 caro
2437 654 2587 710 sicut
2633 654 2758 727 ipse
2803 654 2949 709 dixit
2991 672 3167 726 quam
3213 655 3553 729 accipimus,
3586 659 3644 713 et

235 736 660 809 quotiescunque
703 738 963 809 feceritis,
1012 740 1073 793 in
1120 741 1231 795 mei
1277 743 1601 797 memoriam
1654 743 1889 812 facietis.

233 825 342 891 Qui
375 828 573 881 autem
608 826 821 898 accipit
852 828 1198 899 mysterium
1230 828 1569 896 unitatis,et
1601 847 1713 885 non
1738 835 1894 886 tenet

2001 759 2173 798 verus
2194 747 2283 798 est
2312 744 2441 815 ejus
2460 749 2652 816 potus.
2688 766 2717 793 ››

2073 832 2183 887 Sed
2231 832 2378 887 forte
2425 832 2614 899 dicas,
2650 832 2805 904 quod
2849 831 3120 888 dixerunt
3174 835 3314 887 tunc
3359 832 3639 906 temporis

229 912 535 969 vinculum
552 913 735 986 pacis,
757 932 873 970 non
905 916 1254 988 mysterium
1280 916 1494 989 accipit
1538 935 1641 990 pro
1683 936 1765 985 se,
1790 920 1891 975 sed
2002 918 2178 975 etiam
2213 920 2485 993 discipuli
2516 920 2751 989 Christi,
2802 920 3107 975 audientes
3154 920 3442 978 dicentem
3475 937 3489 975 :
3522 923 3644 978 Nisi

230 1001 636 1059 testimonium
668 1008 872 1059 contra
903 1004 1157 1060 se.Nulli
1191 1009 1279 1061 est
1310 1005 1683 1078 aliquatenUs
1711 1007 1892 1064 ambi-

231 1092 513 1164 gendum,
533 1095 672 1148 tunc
691 1110 1175 1167 unumquemque
1197 1094 1459 1151 ﬁdelium
1480 1097 1739 1169 corporis
1760 1115 1893 1153 san-

231 1180 550 1254 guinisque
597 1181 885 1237 Dominici
947 1183 1292 1256 participem
1352 1185 1496 1252 fieri,
1535 1188 1768 1258 quando
1828 1187 1887 1242 in

230 1268 586 1341 baptismate
602 1270 935 1326 membrum
953 1272 1211 1344 corporis
1240 1272 1456 1329 Christi
1481 1275 1754 1341 efﬁcitur,
1783 1292 1888 1331 nec

231 1356 474 1414 alienari
499 1359 573 1414 ab
596 1358 755 1415 illius
771 1360 941 1431 panis
966 1360 1281 1434 calicisque
1316 1363 1628 1432 consortio,
1652 1364 1884 1420 etiamsi

231 1450 548 1519 antequam
581 1464 793 1520 panem
827 1448 995 1505 illum
1026 1452 1294 1507 comedat
1340 1456 1398 1507 et
1427 1452 1665 1509 calicem
1698 1454 1882 1523 bibat,

231 1534 303 1591 de
325 1534 440 1591 hoc
461 1535 675 1593 saeculo
696 1536 754 1591 in
779 1538 1001 1593 unitate
1021 1538 1280 1611 corporis
1291 1539 1503 1597 Christi
1522 1541 1883 1598 constitutus

232 1624 533 1679 abscedat.
548 1624 909 1682 Sacramenti
931 1626 1148 1700 quippe
1170 1627 1330 1684 illius
1350 1629 1793 1703 participatione
1815 1649 1882 1689 ac

234 1711 666 1770 beneficio'non
689 1715 972 1787 privatur,
995 1718 1230 1788 quando
1262 1717 1386 1790 ipse
1420 1718 1528 1775 hoc
1549 1721 1703 1791 quod
1736 1720 1877 1777 illud

228 1806 665 1859 sacramentum
696 1803 951 1860 vivificat
980 1804 1291 1861 invenitur.
1314 1806 1386 1862 Et
1428 1806 1598 1880 panis
1632 1826 1699 1864 ac
1730 1808 1879 1865 calix

226 1889 445 1999 Christi
478 1907 595 1999 npn
617 1891 875 1965 qualibet
897 1892 998 1993 sed
1021 1898 1178 1999 coita
1210 1896 1645 1953 consecratione
1669 1899 1875 1971 mysti-
1912 1934 1957 1999 Β

226 1995 333 2035 cus
354 1979 423 2035 ﬁt
440 1979 763 2048 nobis,non
789 1981 1051 2038 nascitur
1078 1982 1228 2055 (Lib.
1250 2001 1321 2038 xx
1354 1994 1544 2041 contra
1576 1988 1880 2059 Faustum.)

223 2067 476 2150 Proinde
488 2068 644 2141 quod
659 2087 771 2124 non
789 2070 868 2125 ita
881 2071 1241 2142 fit,quamvis
1257 2070 1335 2128 sit
1347 2074 1517 2145 panis
1530 2078 1585 2129 et
1597 2074 1876 2143 calix,ali-

222 2160 493 2212 mentum
506 2160 595 2214 est
607 2157 1079 2227 refectionis,non
1093 2166 1522 2217 sacramentum
1539 2163 1837 2237 religionis
1862 2182 1875 2220 :

222 2243 508 2317 nisiquod
524 2244 1287 2321 benedicimus,gratiasque
1310 2251 1542 2323 agimus
1559 2252 1805 2308 Domino
1818 2253 1875 2308 in

223 2330 389 2387 omni
415 2349 656 2389 munere
679 2334 952 2406 ejus,non
974 2334 1164 2390 solum
1189 2337 1459 2408 spiritali.
1478 2354 1676 2395 verum
1700 2340 1877 2397 etiam

226 2420 540 2494 corporali.
567 2421 712 2478 Nam
729 2426 786 2478 et
814 2440 921 2479 nos
958 2423 1131 2479 hodie
1153 2424 1475 2498 accipimus
1497 2428 1785 2485 visibilem
1805 2432 1880 2485 ci-

226 2511 372 2567 bum
400 2528 413 2566 :
439 2512 541 2567 sed
560 2511 717 2568 aliud
746 2517 837 2570 est
851 2517 1479 2588 sacramentum,quod
1504 2517 1798 2588 praecessit
1818 2519 1877 2574 in

225 2617 473 2656 manna.
502 2603 663 2657 Hunc
697 2619 905 2675 panem
930 2602 1279 2675 significavit
1319 2622 1554 2674 manna,
1587 2606 1745 2663 hunc
1773 2625 1880 2681 pa-

226 2706 364 2746 nem
399 2689 607 2746 tribuit
631 2689 812 2746 altare
833 2692 956 2747 Dei.
982 2692 1049 2747 Et
1074 2710 1088 2748 :
1112 2694 1400 2759 Bibebant,
1416 2694 1625 2767 inquit,
1648 2696 1714 2751 de
1750 2704 1881 2769 potu

221 2779 518 2850 spirituali
544 2787 793 2851 sequente
820 2796 907 2836 eos
931 2789 1086 2852 petra
1106 2799 1126 2835 :
1144 2789 1297 2853 petra
1324 2790 1506 2839 autem
1549 2792 1667 2841 erat
1694 2785 1878 2841 Chris-

225 2874 318 2922 tus
365 2867 418 2936 (1
464 2867 585 2923 Cor.
617 2886 673 2935 x,
708 2867 782 2939 4).
836 2868 974 2925 Inde
1022 2870 1215 2942 panis,
1264 2870 1399 2928 inde
1458 2877 1652 2944 potus.
1714 2875 1880 2930 Petra

226 2951 502 3009 Christus
533 2953 592 3008 in
621 2954 995 3028 signo,verus
1013 2956 1284 3015 Christus
1318 2959 1375 3014 in
1401 2960 1573 3017 verbo
1595 2965 1653 3018 et
1681 2978 1874 3019 carne.

223 3042 299 3098 Et
326 3043 623 3114 quomodo
645 3042 960 3101 biberunt?
986 3045 1267 3103 Percussa
1295 3053 1385 3104 est
1413 3052 1577 3122 petra
1619 3050 1690 3106 de
1716 3050 1880 3125 virga

220 3130 339 3187 bis.
363 3130 607 3187 Gemina
636 3132 934 3205 percussio
961 3134 1076 3190 duo
1117 3135 1277 3207 ligna
1326 3138 1517 3194 crucis
1562 3137 1875 3213 significat.

221 3218 330 3276 Hic
359 3224 451 3277 est
475 3236 614 3294 ergo
644 3222 814 3294 panis
842 3222 913 3279 de
945 3222 1089 3280 cmlo
1129 3224 1509 3297 descendens,
1544 3231 1611 3283 ut
1656 3227 1706 3284 si
1744 3228 1878 3301 quis

2000 1024 2122 1079 quis
2146 1009 2419 1065 manduca
2427 1012 2565 1065 verit
2581 1026 2803 1065 carnem
2819 1025 3016 1077 meam,
3031 1018 3082 1065 et
3103 1011 3302 1065 biberit
3316 1013 3643 1081 sanguinem

1996 1113 2196 1165 meum,
2230 1116 2339 1153 non
2368 1101 2613 1154 manebit
2642 1100 2701 1153 in
2729 1116 2833 1166 me,
2866 1115 2965 1153 nec
2992 1098 3151 1154 habet
3177 1101 3345 1154 vitam
3378 1106 3644 1155 aeternam

1998 1183 2178 1255 (Joan.
2203 1204 2278 1252 v1,
2300 1187 2412 1259 54),
2439 1187 2583 1242 forte
2617 1186 3144 1258 dicas,quomodo?
3172 1187 3270 1259 qui
3302 1186 3643 1243 simiiitudi-

1998 1288 2129 1327 nem
2163 1273 2345 1340 video,
2378 1290 2494 1328 non
2522 1272 2685 1327 video
2737 1271 3045 1345 sanguinis
3093 1271 3415 1328 veritatem.
3448 1272 3641 1330 Primo

1993 1361 2258 1417 omnium
2290 1361 2406 1416 dixi
2430 1361 2534 1417 tibi
2558 1361 2629 1417 de
2649 1378 2915 1417 sermone
2927 1360 3141 1416 Christi
3165 1360 3264 1433 qui
3287 1364 3560 1433 operatur
3577 1365 3643 1417 ut

1991 1448 2179 1522 possit
2200 1454 2424 1505 mutare
2446 1442 2850 1506 ctconvertere
2870 1466 3084 1522 genera
3102 1448 3375 1505 instituta
3394 1454 3637 1519 naturai,

1991 1537 2145 1595 sicut
2166 1540 2236 1593 de
2264 1538 2429 1611 virga
2448 1539 2628 1612 Moysi
2664 1555 2794 1611 quae
2826 1542 3053 1594 mutata
3081 1542 3170 1594 est
3193 1537 3253 1593 in
3284 1540 3635 1610 serpentem,

1989 1634 2046 1682 et
2075 1644 2280 1683 rursus
2312 1627 2372 1682 in
2392 1626 2712 1700 virgam,et
2731 1628 2978 1683 flumina
3006 1625 3233 1700 Egypti
3254 1629 3479 1682 mutata
3498 1631 3640 1682 sunt

1987 1715 2047 1772 in
2079 1715 2447 1789 sanguinem,
2481 1720 2541 1771 et
2571 1732 2779 1771 rursus
2820 1716 2881 1771 in
2930 1732 3168 1789 aquam,
3200 1718 3258 1771 et
3285 1713 3405 1770 alia
3449 1713 3640 1771 multa

1987 1804 2157 1878 signa
2188 1823 2314 1879 qua:
2356 1805 2414 1860 in
2445 1804 2765 1877 Scripturis
2796 1804 3096 1879 leguntur.
3128 1803 3348 1859 Deinde
3378 1803 3479 1860 ubi
3519 1820 3636 1860 non

1989 1894 2250 1950 tulerunt
2279 1910 2608 1951 sermonem
2639 1894 2854 1949 Christi
2886 1892 3159 1965 discipuli
3213 1894 3365 1965 ejus,
3387 1893 3487 1949 sed
3538 1910 3640 1949 au-

1989 1983 2215 2039 dientes
2236 1985 2391 2056 quud
2409 2000 2644 2039 carnem
2667 2000 2837 2039 suam
2858 1983 3022 2038 daret
3045 1981 3418 2061 manducare,
3433 1984 3490 2036 et
3508 1997 3639 2037 san-

1987 2072 2225 2145 guinem
2276 2089 2451 2127 suum
2498 2072 2663 2127 daret
2709 2071 3029 2127 bibendum
3073 2070 3443 2137 recedebant,
3472 2065 3636 2127 solus

1987 2165 2182 2216 tamen
2209 2161 2411 2216 Petrus
2445 2159 2591 2216 dixit
2618 2178 2631 2215 :
2655 2162 2822 2216 Verba
2857 2162 2989 2217 vitae
3015 2167 3243 2216 tam
3270 2159 3435 2214 habes
3455 2158 3632 2230 (Joan.

1986 2251 2190 2317 vr,70),
2206 2252 2263 2305 et
2281 2265 2387 2322 ego
2409 2267 2441 2304 a
2462 2254 2515 2305 te
2537 2250 2828 2321 quomodo
2846 2247 3150 2304 recedam?
3170 2247 3252 2303 Ne
3287 2247 3470 2319 igitur
3506 2246 3633 2319 pln-

1988 2354 2082 2393 res
2108 2337 2216 2393 hoc
2237 2337 2697 2406 dicerent,veluti
2721 2338 2962 2410 quidam
2983 2341 3140 2393 esset
3158 2336 3364 2391 horror
3383 2336 3632 2403 cruoris,

1988 2427 2088 2482 sed
2120 2430 2381 2481 maneret
2400 2426 2591 2499 gratia
2612 2424 3051 2498 redemptionis,
3074 2424 3273 2480 ideoin
3296 2423 3633 2481 similitudi-

1989 2530 2122 2570 nem
2155 2514 2391 2587 quidem
2414 2514 2631 2587 accipis
2652 2514 3219 2580 sacramentum,sed
3239 2529 3385 2570 verte
3410 2518 3633 2570 natura;

1987 2603 2235 2675 gratiam
2274 2603 2668 2674 virtutemque
2699 2601 3095 2674 consequeris.
3112 2603 3221 2673 Ego
3253 2619 3396 2668 sum,
3420 2601 3631 2675 inquit,

1983 2688 2147 2763 panis
2176 2693 2331 2746 vivus
2378 2693 2474 2763 qui
2518 2691 2585 2747 de
2625 2692 2754 2747 cwlo
2797 2690 3050 2746 descendi
3092 2692 3266 2761 (Joan.
3315 2708 3483 2759 xxxv,
3520 2692 3629 2764 bl).

1988 2780 2097 2835 Sed
2122 2796 2255 2836 caro
2286 2796 2401 2835 non
2435 2778 2737 2835 descendit
2763 2795 2795 2834 e
2821 2778 2988 2847 cmlo,
3009 2795 3126 2850 quo
3156 2794 3293 2851 ergo
3331 2776 3635 2836 descendit

1987 2868 2157 2941 panis
2186 2886 2217 2925 e
2247 2866 2411 2934 caelo,
2445 2871 2502 2922 et
2530 2867 2699 2939 panis
2728 2866 2937 2922 vivus?
2965 2865 3107 2938 quia
3146 2865 3300 2922 idem
3351 2865 3632 2923 Dominus

1987 2962 2186 3014 noster
2212 2958 2386 3013 Jesus
2426 2955 2692 3013 Christus
2734 2971 2976 3011 consors
3005 2958 3095 3010 est
3124 2958 3184 3010 et
3213 2952 3533 3010 divinitatis
3572 2951 3632 3011 et

1986 3046 2268 3119 corpoeis,
2294 3048 2352 3101 et
2372 3048 2434 3100 tu
2466 3043 2567 3117 qui
2601 3043 2818 3116 accipis
2848 3060 3083 3100 carnem
3114 3041 3321 3099 divinae
3350 3043 3479 3114 ejus
3498 3043 3633 3100 sub-

1986 3133 2235 3201 stantiae,
2269 3133 2327 3188 in
2358 3132 2459 3189 illo
2488 3131 2857 3205 participaris
2903 3130 3196 3187 alimento.
3227 3130 3336 3197 Qui
3375 3131 3632 3187 mandu-

1988 3222 2202 3279 caverit
2230 3222 2340 3279 hoc
2370 3239 2603 3295 corpus,
2637 3222 2738 3277 fiet
2774 3220 2826 3278 ei
2858 3220 3124 3277 remissio
3148 3223 3544 3294 peccatorum,
3573 3222 3634 3276 et

219 3325 293 3365 ex
341 3309 470 3382 ipso
519 3312 960 3367 manducaverit
1009 3330 1123 3369 non
1173 3314 1477 3371 moriatur.
1511 3316 1673 3372 Unde
1732 3316 1873 3375 dicit
1900 3301 1943 3368 C
1984 3324 2100 3369 non
2132 3312 2417 3369 morietur
2446 3312 2505 3367 in
2537 3316 2837 3368 aeternum.
2873 3310 3210 3383 (Ambrosius
3254 3310 3322 3366 de
3354 3309 3630 3382 mysteriis

214 3398 541 3470 Apostolus
589 3417 603 3455 :
648 3400 812 3457 Catii:
868 3402 1277 3469 benedictionis,
1336 3406 1431 3461 cui
1485 3405 1872 3475 benedicimus,

1982 3410 2034 3458 et
2060 3402 2124 3458 dc
2152 3403 2557 3471 sacramentis.)
2582 3422 2610 3451 «
2634 3401 2782 3474 Ergo
2813 3417 2928 3456 non
2958 3398 3143 3456 otiose
3164 3397 3311 3455 dicis
3336 3402 3401 3454 tu
3422 3400 3626 3466 Amen,

217 3502 407 3543 nonne
449 3491 866 3546 communicatio
909 3493 1205 3561 sanguinis
1256 3492 1457 3549 Christi
1494 3497 1609 3550 est?
1634 3502 1687 3551 et
1711 3497 1874 3567 panis
1975 3491 2101 3563 jam
2136 3491 2194 3545 in
2217 3490 2427 3563 spiritu
2449 3491 2749 3547 confidens
2772 3489 2925 3561 quod
2949 3488 3202 3561 accipias
3222 3504 3435 3561 corpus
3465 3486 3629 3543 Chri-

215 3592 384 3648 quem
409 3578 742 3648 frangimus,
775 3596 957 3636 nonne
982 3583 1334 3653 participatio
1364 3586 1608 3655 corporis
1654 3585 1876 3640 Domini

212 3669 336 3721 est!
370 3666 424 3734 (I
468 3668 597 3723 Cor.
630 3686 685 3735 x,
740 3670 847 3737 16).
899 3668 963 3725 Si
1006 3672 1129 3741 quis
1175 3670 1607 3739 manducauerit,
1658 3671 1871 3745 inquit,

215 3754 530 3823 Dominus,
561 3773 632 3812 ex
677 3758 775 3812 hoc
817 3775 960 3829 pane
1009 3760 1148 3815 vivet
1188 3761 1250 3815 in
1295 3768 1584 3828 aeternum,
1618 3770 1670 3817 et
1710 3764 1874 3834 panis

212 3860 380 3917 quem
408 3861 505 3916 ego
531 3845 689 3910 dabo,
720 3863 848 3902 caro
878 3864 997 3903 mea
1043 3857 1122 3903 est
1164 3865 1266 3920 pro
1311 3850 1508 3905 mundi
1535 3853 1650 3906 vita
1693 3851 1869 3923 (Joan.

212 3950 295 3999 v1,
324 3934 440 4000 52).
474 3935 609 3999 Quae
660 3951 795 3990 caro
842 3934 1197 4007 quibusdam
1251 3940 1340 3992 est
1390 3938 1460 3992 ad
1509 3938 1710 4004 vitam,
1743 3938 1871 4010 qui-

211 4021 475 4077 busdam
505 4022 577 4077 ad
608 4021 873 4089 exitium,
906 4022 1059 4079 sicut
1088 4022 1307 4079 exstitit
1332 4024 1496 4081 Judze
1527 4042 1541 4079 :
1577 4042 1693 4080 non
1733 4026 1874 4098 quia

214 4107 445 4166 malum
480 4110 620 4166 erat
668 4111 821 4183 quod
869 4112 1057 4168 Judas
1096 4112 1343 4184 accepit,
1378 4113 1478 4168 sed
1511 4112 1649 4185 quia
1679 4113 1871 4169 malus

208 4197 659 4255 Judas'bonum
709 4199 862 4256 male
900 4200 1145 4274 accepit.
1179 4202 1623 4258 Sacramentum
1655 4202 1872 4275 quippe

210 4286 458 4360 pietatis
484 4286 544 4342 in
558 4288 853 4359 judicium
876 4290 987 4347 sibi
1008 4290 1194 4347 sumit
1214 4290 1513 4363 indignus.
1529 4291 1681 4347 Bene
1710 4291 1869 4347 enim

208 4392 350 4432 esse
380 4393 498 4431 non
539 4382 733 4450 potest
782 4378 935 4435 male
982 4379 1287 4452 accipienti
1321 4380 1476 4453 quod
1508 4380 1725 4437 bonum
1758 4384 1866 4435 est.

210 4465 359 4520 Caro
388 4465 541 4520 enim
568 4481 709 4534 mea,
735 4464 947 4539 inquit,
964 4484 1085 4524 vere
1104 4476 1184 4524 est
1201 4471 1440 4537 cibus,et
1458 4470 1689 4538 sanguis
1717 4485 1869 4529 meus

207 4569 342 4609 vere
360 4560 443 4609 est
457 4561 635 4625 potus.
654 4554 801 4612 Cum
831 4556 990 4612 enim
1013 4556 1071 4613 in
1095 4558 1223 4614 cibo
1245 4562 1302 4613 et
1336 4561 1475 4630 potu
1508 4558 1563 4613 id
1595 4562 1873 4631 appetant

1983 3579 2077 3636 sti.
2098 3581 2242 3635 Cum
2276 3584 2338 3634 tu
2371 3577 2629 3651 petieris,
2650 3578 2794 3634 dicit
2814 3576 2918 3632 tibi
2938 3576 3450 3648 sacerdos,corpus
3461 3574 3628 3631 Chri-

1984 3666 2154 3735 sti,et
2184 3670 2246 3723 tu
2270 3666 2419 3722 dicis
2456 3665 2783 3734 Amen,hoc
2813 3668 2905 3721 ost
2932 3681 3133 3720 verum
3161 3681 3173 3719 :
3199 3665 3354 3737 quod
3388 3663 3628 3720 confite-

1984 3760 2080 3812 tur
2099 3755 2320 3829 lingua,
2335 3758 2528 3811 teneat
2549 3755 2809 3810 affectus.
2823 3751 3190 3809 Consecratio
3212 3751 3395 3825 igitur
3413 3750 3631 3824 quibus

1980 3845 2325 3913 verbis'est,
2359 3847 2414 3900 et
2462 3845 2634 3916 cujus
2686 3841 3098 3900 sermonibus?
3128 3857 3337 3913 nempe
3395 3839 3628 3897 Domini

1980 3935 2119 3991 Jesu
2154 3953 2167 3990 :
2203 3933 2371 4007 panis
2424 3936 2514 3990 est
2560 3936 2695 3989 ante
2744 3932 2919 3987 verba
2967 3934 3491 3997 sacramentorum,
3528 3928 3629 3985 ubi

1981 4022 2290 4079 accesserit
2317 4021 2781 4091 consecratio,de
2820 4037 2969 4093 pane
3000 4021 3065 4075 fit
3092 4036 3228 4075 caro
3258 4017 3493 4075 Christi.
3521 4018 3629 4085 Qui

1980 4110 2165 4183 pridie
2187 4127 2363 4183 quam
2386 4109 2765 4181 pateretur,in
2788 4108 3008 4165 sanctis
3028 4107 3306 4163 manibus
3327 4106 3453 4163 suis
3474 4123 3631 4162 acce-

1981 4198 2066 4271 pit
2096 4214 2328 4271 panem,
2361 4196 2612 4269 respexit
2641 4198 2713 4251 ad
2743 4196 2979 4263 cmlum,
3012 4195 3084 4251 ad
3115 4198 3193 4259 te,
3227 4197 3430 4249 sancte
3459 4194 3631 4249 Pater

1980 4287 2370 4359 omnipotens,
2396 4289 2605 4342 aeterne
2628 4284 2802 4349 Deus,
2824 4282 3043 4356 gratias
3082 4298 3284 4355 agens,
3310 4280 3624 4349 benedixit,

1981 4376 2554 4449 fregit,"ructumque
2564 4370 2872 4445 discipulis
2883 4375 2940 4427 et
2950 4368 3232 4443 apostolis
3244 4368 3370 4426 suis
3388 4367 3629 4425 tradidit

1979 4465 2177 4522 dicens
2198 4481 2210 4521 :
2229 4463 2485 4537 Accipite
2495 4467 2553 4519 et
2570 4461 2719 4519 edite
2731 4478 2799 4517 ex
2819 4460 2927 4516 hoc
2948 4457 3289 4529 omnes,hoc
3303 4460 3394 4514 est
3412 4474 3626 4530 corpus

1980 4571 2176 4611 meum
2217 4554 2368 4626 quod
2414 4570 2517 4625 pro
2554 4549 2758 4607 multis
2806 4548 3225 4620 coniringetur.
3258 4544 3543 4603 Similiter
3568 4549 3628 4603 et

206 4640 588 4709 homines,ut
612 4660 723 4699 non
739 4644 1215 4719 esuriant,neque
1236 4645 1573 4714 sitiant,hoc
1592 4646 1872 4703 veraciter
1899 4671 1947 4736 Β
1977 4642 2240 4713 calicem,
2261 4645 2571 4714 postquam
2593 4641 2885 4694 comatum
2907 4634 3276 4707 est,respexit
3295 4634 3368 4691 ad
3389 4631 3625 4701 ccelum,

205 4746 331 4785 non
350 4733 594 4801 prestat
616 4730 730 4787 nisi
752 4732 862 4789 iste
888 4734 1057 4789 cibus
1080 4738 1137 4789 et
1157 4738 1329 4807 potus
1349 4735 1447 4806 qui
1476 4751 1574 4790 eos
1597 4752 1631 4790 a
1651 4734 1868 4807 quibus

203 4817 479 4874 sumitur
506 4818 868 4877 immortales
898 4826 956 4878 et
987 4821 1459 4895 incorruptibiles
1489 4822 1643 4878 facit.
1669 4824 1731 4879 In
1762 4824 1871 4881 hac

201 4905 372 4962 enim
405 4906 656 4979 mystica
686 4909 1099 4967 distributione
1130 4909 1411 4983 spiritalis
1440 4910 1731 4967 alimoniae
1763 4912 1872 4969 hoc

201 4994 574 5067 impertitur,
592 4996 702 5054 hoc
721 4998 999 5067 sumitur,
1014 5003 1082 5055 ut
1102 4999 1453 5073 accipientes
1473 5000 1747 5057 virtutem
1765 5019 1872 5058 ca:-

199 5083 379 5140 lestis
400 5084 606 5153 cibi,in
626 5102 863 5142 carnem
887 5086 1047 5144 illius
1070 5089 1168 5161 qui
1190 5106 1324 5144 caro
1347 5092 1547 5145 nostra
1569 5090 1757 5146 factus
1781 5095 1871 5146 est

199 5175 910 5247 transeamus,quatcnus
932 5194 1115 5232 unum
1129 5177 1313 5233 effecti
1328 5176 1644 5243 cumillo,a
1665 5179 1871 5235 mundi

200 5259 504 5333 principe,
527 5268 696 5335 aquo
727 5281 829 5335 per
858 5269 1161 5337 peccatum
1196 5265 1343 5338 rapti
1377 5265 1617 5333 fuimus,
1646 5283 1760 5321 non
1785 5271 1865 5323 te-

198 5365 487 5420 neamur,
514 5350 647 5407 facti
682 5370 867 5408 unum
898 5371 1033 5409 cum
1066 5353 1165 5409 illo
1187 5353 1288 5426 qui
1320 5353 1464 5409 dixit
1496 5372 1510 5410 :
1549 5357 1701 5411 Venit
1719 5358 1867 5411 enim

188 5440 470 5511 princeps
495 5438 660 5510 hujus
689 5441 906 5509 mundi,
940 5451 991 5497 et
1022 5444 1082 5497 in
1113 5459 1199 5498 me
1223 5459 1331 5498 non
1364 5443 1525 5499 habet
1570 5444 1869 5517 quidquam

193 5528 391 5596 (Joan.
427 5524 544 5595 XIV,
559 5529 671 5596 30).
705 5531 811 5596 Qui
836 5548 1073 5587 rursum
1106 5531 1282 5587 dicit:
1310 5533 1416 5599 Qui
1438 5533 1731 5589 manducat
1749 5548 1868 5588 car-

190 5632 334 5671 nem
361 5632 565 5683 meam,
597 5624 649 5672 et
678 5618 817 5675 bibit
842 5622 1174 5690 sanguinem
1202 5637 1402 5689 meum,
1426 5622 1483 5675 in
1503 5638 1589 5677 me
1616 5630 1803 5678 manet
1818 5630 1871 5679 et

192 5719 302 5775 ego
336 5704 397 5757 in
423 5718 508 5759 eo.
540 5703 703 5760 Sicut
733 5706 889 5762 enim
919 5725 1095 5765 verus
1116 5713 1206 5765 est
1233 5708 1333 5764 Dei
1377 5708 1552 5764 Filius
1580 5710 1865 5767 Dominus

194 5794 413 5850 noster
440 5790 616 5849 Jesus
636 5794 1056 5866 Christus,non
1078 5796 1577 5868 quemadmodum
1600 5796 1865 5856 homines

1977 4732 2049 4787 ad
2081 4735 2155 4799 te,
2190 4734 2390 4785 sancte
2424 4730 2588 4784 Pater
2615 4726 3004 4800 omnipotens,
3028 4728 3240 4781 aeterne
3284 4724 3458 4790 Deus,
3491 4740 3625 4797 gra-

1978 4822 2092 4876 tias
2112 4835 2311 4893 agens,
2328 4816 2639 4884 benedixit,
2654 4814 2933 4889 apostolis
2950 4817 3009 4870 et
3036 4812 3345 4886 discipulis
3364 4813 3489 4870 suis
3506 4817 3625 4870 tra-

1978 4908 2127 4965 didit
2155 4906 2357 4964 dicens
2382 4923 2395 4961 :
2429 4905 2662 4978 Accipite
2689 4913 2741 4962 ct
2768 4904 2934 4961 bibite
2960 4919 3029 4960 ex
3059 4903 3157 4960 hoc
3199 4919 3403 4960 omnes.
3428 4904 3526 4959 Hic
3548 4910 3628 4958 est

1976 5000 2127 5055 enim
2154 4998 2383 5066 sanguis
2406 5012 2558 5051 meus
2588 4994 2800 5067 (Matth.
2834 5011 2911 5061 vr,
2942 4996 3056 5063 28).
3080 4993 3227 5049 Vide
3277 4992 3378 5048 illa
3425 4990 3624 5045 omnia

1976 5087 2149 5143 verba
2166 5083 2532 5156 evangelista:
2554 5086 2694 5138 sunt
2711 5098 2896 5155 usque
2908 5082 2979 5138 ad
3001 5080 3391 5154 accipite.sive
3409 5094 3623 5150 corpus

1978 5175 2097 5231 sive
2116 5174 2485 5248 sanguinem,
2504 5172 2638 5228 inde
2666 5162 2841 5227 verba
2862 5175 3001 5227 sunt
3026 5168 3263 5225 Christi.
3291 5168 3620 5237 Antequam

1978 5267 2367 5329 consecretur,
2384 5261 2552 5335 panis
2574 5265 2633 5317 et
2667 5261 2866 5316 vinum
2899 5275 3052 5331 aqua
3083 5257 3331 5312 mixtum
3380 5258 3488 5325 est,
3520 5254 3620 5310 ubi

1975 5357 2169 5409 autem
2204 5350 2379 5407 verba
2397 5349 2609 5406 Christi
2642 5351 3257 5416 accesserunt,corpus
3287 5346 3344 5397 et
3379 5342 3622 5415 sanguis

1976 5446 2065 5498 est
2086 5440 2322 5511 Christi,
2345 5439 2704 5495 advertimus
2733 5437 2914 5509 igitur
2932 5432 3175 5503 majoris
3214 5448 3343 5487 esse
3370 5430 3618 5504 gratiam

1976 5533 2459 5604 quam‘naturam.
2476 5527 2636 5593 Quod
2663 5525 2711 5579 si
2734 5528 2961 5579 tantum
2995 5520 3176 5575 valuit
3195 5519 3535 5576 sermoElia:
3558 5524 3624 5575 ut

1976 5621 2171 5693 ignem
2196 5620 2268 5674 de
2287 5617 2432 5674 cmlo
2469 5617 2783 5687 deponeret
2803 5612 2906 5680 (III
2924 5612 3050 5679 Reg.
3063 5626 3221 5677 xvm,
3244 5610 3356 5678 38),
3377 5626 3490 5664 non
3522 5625 3620 5664 va-

1975 5709 2119 5765 lebit
2139 5707 2352 5764 Christi
2375 5721 2587 5770 sermo,
2611 5708 2676 5757 ut
2696 5700 2920 5773 species
2951 5703 3142 5755 mutet
3160 5698 3623 5755 elementorum?

1975 5798 2057 5855 De
2087 5798 2267 5854 totius
2297 5791 2500 5849 mundi
2531 5790 2804 5862 operibus
2834 5788 3050 5862 legisti,
3082 5788 3220 5863 quia
3251 5789 3365 5862 ipse
3399 5787 3547 5845 dixit
3570 5795 3625 5845 et
