3934 6182
185 257 296 322 989

1275 259 1377 320 DE
1418 257 1753 321 DIVERSA
1797 251 2070 322 ANleE
2114 249 2499 324 amicus.-

3463 261 3585 330 930

185 393 445 466 scientia,
469 391 724 448 carnilex
753 383 950 460 timor,
974 390 1184 446 deinde
1214 392 1456 465 sanguis
1487 392 1696 448 animae
1726 409 1830 466 per
1857 395 1909 461 Α
1939 394 2018 449 De
2049 411 2166 466 qua
2195 389 2479 450 nimirum
2509 396 2795 468 scriptum
2839 400 2928 453 est
2961 415 2974 453 :
3011 399 3301 473 Vultusque
3329 403 3444 474 ejus
3472 419 3583 459 non

183 483 470 556 laerymas
489 481 759 554 proﬂuat,
779 484 1072 553 postremo
1090 481 1162 536 ab
1185 480 1314 554 ipsa
1335 485 1526 537 mente
1548 481 1680 538 talis
1703 493 1828 537 sen-

185 571 363 627 tentia
381 571 729 643 proferatur,
757 574 821 624 ut
842 586 902 625 se
924 569 1234 642 indignum
1256 568 1431 625 homo
1453 570 1682 641 judicet
1704 587 1830 643 par-

185 660 519 734 ticipatione
549 657 808 732 corporis
839 664 896 714 et
933 659 1240 731 sanguinis
1285 659 1537 726 Domini,
1569 665 1831 716 versetur

186 755 316 806 ante
345 749 545 806 oculos
575 749 768 822 imago
802 747 982 804 futuri
1013 743 1244 821 judieii,
1281 754 1342 804 ut
1372 767 1505 805 cum
1538 749 1636 805 alii
1668 766 1830 805 acce-

186 841 332 895 dunt
361 839 434 894 ad
463 837 644 894 altare
683 825 805 906 Dei,
841 853 955 910 quo
1003 837 1128 910 ipse
1177 856 1291 894 non
1341 839 1584 907 accedit,
1618 839 1832 911 cogitet

185 935 362 1002 quam
394 928 472 984 sit
492 927 997 983 contremiscenda
1018 926 1118 982 illa
1143 945 1333 1000 poma,
1357 944 1484 1000 quze
1517 927 1832 1000 percipien-

183 1019 344 1074 tibu‘s
365 1016 497 1073 aliis
516 1016 693 1072 vitam
716 1015 1124 1082 (eternammlii
1139 1015 1433 1087 judicium
1457 1017 1567 1072 sibi
1592 1017 1833 1072 mandu-

185 1112 322 1164 ca‘nt
341 1111 398 1163 et
420 1094 648 1161 bibunt.
675 1106 736 1161 In
755 1121 872 1178 qua
892 1105 1119 1160 actione
1139 1105 1490 1179 paenitentiae
1512 1121 1834 1179 magnope-

187 1215 244 1252 re
275 1196 534 1253 cavend'a
557 1200 647 1250 est
667 1193 895 1267 antiqui
926 1194 1113 1251 hostis
1134 1194 1371 1263 astutia,
1395 1195 1496 1266 qui
1525 1211 1677 1268 saepe
1699 1212 1834 1252 cum

185 1301 356 1342 mens
381 1302 416 1340 a
436 1278 608 1357 culpa
629 1282 938 1356 resipiscit,
963 1285 1138 1356 atque
1161 1283 1490 1340 admissum
1511 1283 1648 1341 ﬂere
1670 1301 1837 1342 cona-

186 1380 302 1441 tur,
338 1389 473 1447 spes
503 1387 570 1429 ac
614 1371 958 1432 securitates
993 1387 1207 1430 vacuas
1245 1375 1378 1430 ante
1416 1371 1618 1431 oculos
1646 1375 1832 1442 vocat,

187 1467 484 1536 quatenus
526 1461 837 1518 utilitatem
885 1459 1237 1535 pmnitentize
1287 1461 1614 1519 subtrahat.
1666 1463 1837 1520 Modo

185 1553 345 1609 enim
373 1551 622 1607 aliorum
653 1551 806 1607 facta
833 1551 1118 1624 graviora,
1149 1551 1320 1607 modo
1353 1550 1497 1607 nihil
1528 1568 1657 1608 esse
1682 1553 1836 1625 quod

187 1641 589 1715 perpetratum
621 1643 732 1708 est,
755 1641 929 1696 modo
960 1638 1397 1698 misericordem
1428 1640 1611 1697 Deum
1642 1639 1838 1713 loqui-

186 1735 305 1799 tur,
332 1729 509 1786 modo
541 1726 730 1785 adhuc
760 1729 996 1802 tempus
1027 1728 1394 1801 subsequens
1431 1729 1502 1786 ad
1552 1727 1836 1802 poeniten-

185 1819 332 1876 tia'm
364 1817 694 1892 pollicetur,
716 1819 783 1874 ut
803 1817 943 1874 dum
967 1835 1070 1891 per
1087 1817 1209 1874 haec
1231 1819 1473 1896 decepta
1497 1832 1664 1876 mens
1686 1820 1843 1876 duci-

184 1913 303 1977 tur,
319 1906 395 1964 ab
415 1907 741 1963 intentione
760 1905 1110 1980 paenitentiae
1129 1908 1842 1981 suspendatur,quatenus

184 2003 328 2054 tunc
362 1995 518 2052 bona
545 1994 708 2052 nulla
744 1993 1048 2069 percipiat,
1073 2013 1252 2069 quam
1293 2014 1450 2053 nunc
1495 1996 1651 2053 mala
1679 1997 1844 2053 nulla

185 2085 564 2154 contristent,
580 2089 637 2140 et
657 2090 795 2140 tunc
817 2082 1048 2158 plenius
1070 2085 1354 2141 obruatur
1372 2085 1697 2159 suppliciis,
1714 2104 1842 2159 quae

187 2191 349 2231 nunc
369 2173 546 2230 etiam
570 2175 784 2250 gaudet
807 2174 866 2229 in
889 2169 1134 2230 delictis.
1156 2173 1224 2230 Et
1245 2191 1532 2231 memores
1552 2169 1840 2240 vindictae,

187 2281 372 2336 quam
403 2263 546 2320 sunt
575 2259 733 2336 passi
765 2263 864 2335 qui
914 2263 1110 2336 ignem
1150 2262 1407 2319 alienum
1439 2263 1498 2319 in
1529 2267 1843 2336 conspectu

187 2351 424 2410 Domini
444 2349 800 2422 obtulerunt,
817 2351 972 2408 sicut
985 2351 1043 2407 in
1063 2351 1457 2426 Heptateucho
1472 2351 1703 2425 legitur,
1720 2367 1848 2425 pro-

185 2439 510 2498 videndum
553 2439 720 2497 nobis
757 2437 864 2509 est,
893 2455 966 2497 ne
991 2455 1128 2497 cum
1179 2441 1387 2497 affectu
1435 2441 1844 2514 peccandi,vei

189 2544 329 2586 cum
357 2527 740 2586 delectatione
768 2530 1010 2603 peccati,
1035 2530 1106 2586 ad
1137 2530 1316 2586 altare
1348 2524 1575 2585 Domini
1606 2531 1845 2586 acceda-

191 2635 352 2685 mus,
386 2633 492 2674 nec
522 2612 630 2674 hoc
677 2618 829 2691 quod
859 2615 1116 2674 ostendit
1160 2617 1473 2691 Apostolus
1503 2618 1561 2673 in
1591 2617 1848 2690 Epistola

192 2706 265 2762 ad
297 2705 635 2763 Coﬁnthios
664 2707 1057 2764 incurramus.
1083 2706 1225 2776 Ideo,
1270 2707 1481 2780 inquit,
1503 2708 1666 2763 multi
1707 2708 1850 2762 inter

190 2812 286 2851 vos
318 2794 534 2867 inﬁrmi
554 2804 606 2852 et
624 2794 920 2852 imbecilles
940 2805 1089 2864 sunt,
1111 2803 1163 2853 et
1178 2797 1458 2853 dormiunt
1476 2797 1640 2852 multi
1657 2797 1702 2864 (Ι
1721 2799 1844 2853 Cor.

188 2899 270 2952 Χῖ,
291 2884 407 2954 39).
424 2883 497 2940 Et
517 2890 828 2957 postquam
851 2885 1090 2941 flamma
1111 2887 1398 2958 cujusque
1420 2885 1639 2959 peccati
1655 2888 1712 2941 et
1731 2902 1850 2942 cor-

190 2973 286 3029 dis
310 2972 616 3029 delectatio
642 2990 676 3029 a
705 2967 878 3031 corde
907 2973 1472 3047 deferbuerit,atque
1505 2979 1636 3048 post
1665 2974 1848 3048 poeni-

1935 489 2062 538 sunt
2108 484 2346 555 amplius
2397 485 2456 538 in
2500 484 2714 540 diversa
2762 489 2960 542 mutati
2987 490 3037 557 (Ι
3065 490 3186 560 Reg.
3218 507 3256 558 ι,
3292 491 3398 564 18).
3437 491 3583 558 Quia

1936 571 2117 645 igitur
2148 591 2260 628 non
2288 577 2376 629 est
2398 572 2577 629 oblita
2597 592 2724 646 qua:
2758 575 2940 648 petiit,
2966 593 3080 631 non
3102 583 3191 634 est
3217 580 3438 650 privata
3460 591 3584 636 mu-

1939 679 2074 717 nere
2105 661 2261 734 quod
2291 661 2575 734 poposcit.
2600 686 2628 714 »

2011 751 2160 818 Haec,
2187 767 2286 805 rex
2305 750 2626 807 clarissime
2649 756 2824 825 atque
2845 753 3211 823 charissima,
3236 763 3470 830 accepta
3491 775 3588 829 op-

1940 840 2294 912 portunitate
2311 841 2382 896 de
2397 841 2847 914 epistola,quam
2865 844 3028 900 vobis
3051 845 3202 900 mitti
3216 845 3504 916 jussistis,
3519 853 3586 902 ex

1941 946 2117 984 sensu
2143 945 2208 984 ac
2230 930 2422 986 verbis
2444 929 2862 987 catholicorum
2885 929 3249 989 dulcioribus
3275 941 3450 1008 super
3471 934 3586 990 mei

1941 1021 1997 1073 et
2017 1017 2234 1084 favum,
2250 1018 2480 1091 sagittis
2499 1035 2731 1092 quoque
2754 1021 3010 1076 Potentis
3031 1023 3220 1078 acutis
3237 1039 3372 1078 cum
3395 1023 3592 1078 carbo-

1944 1105 2119 1161 nibus
2149 1103 2539 1176 desolatoriis,
2561 1112 2618 1162 et
2657 1107 3092 1182 fulgurantibus
3122 1111 3310 1168 hastis
3340 1113 3438 1167 ira:
3467 1111 3590 1181 Dei,

1943 1198 2000 1249 et
2029 1195 2282 1250 maxime
2311 1194 2381 1251 de
2428 1195 2601 1252 dictis
2650 1197 2785 1264 favi,
2807 1202 2874 1254 ut
2907 1199 2989 1255 ita
3019 1211 3152 1256 eum
3205 1201 3589 1274 appellemus,

1943 1283 2125 1340 divini
2153 1283 2392 1357 eloquii,
2424 1285 2646 1342 scilicet
2690 1286 2842 1344 beati
2873 1288 3153 1361 Gregorii,
3187 1289 3286 1362 qui
3315 1291 3594 1347 veraciter

1947 1372 2137 1429 dicere
2158 1373 2348 1446 potuit
2371 1391 2384 1430 :
2411 1375 2585 1443 Quam
2603 1373 2788 1433 dulcia
2809 1378 3066 1449 faucibus
3086 1381 3223 1435 meis
3241 1379 3455 1451 eloquia
3475 1388 3588 1448 tua,

1945 1462 2188 1529 Domine,
2203 1479 2366 1534 super
2383 1464 2490 1519 mel
2509 1472 2561 1520 et
2584 1451 2775 1536 favum
2812 1469 2898 1522 ori
2932 1479 3050 1522 meo
3071 1468 3240 1536 (Psal.
3263 1483 3453 1536 cxvm,
3478 1470 3591 1538 35),

1947 1551 2048 1623 qui
2071 1551 2222 1622 quod
2249 1552 2495 1607 Domino
2517 1552 2601 1608 ori
2623 1555 2672 1623 ej
2685 1569 2752 1610 us
2775 1553 3123 1611 infundente
3143 1557 3403 1629 suscepit
3421 1556 3595 1613 nobis

1948 1638 2290 1696 dulcissime
2316 1639 2692 1709 ministravit,
2707 1643 2874 1714 quasi
2891 1642 2952 1699 in
2976 1659 3092 1700 uno
3115 1643 3408 1702 fascieudo
3430 1651 3487 1702 et
3504 1663 3596 1701 vo-

1949 1729 2047 1785 bis
2069 1733 2126 1785 et
2155 1725 2466 1809 nobis,sed
2497 1735 2554 1787 et
2585 1732 2860 1788 omnibus
2890 1733 3080 1807 legere
3100 1738 3157 1789 et
3186 1734 3508 1809 intelligere
3539 1740 3597 1791 et

1949 1835 2176 1874 servare
2194 1807 2541 1888 volentibus,
2557 1819 2828 1894 colligere
2845 1811 3045 1877 studui
3068 1837 3171 1895 pro
3188 1807 3426 1879 modulo
3443 1833 3593 1892 meo,

1950 1905 2020 1961 ad
2054 1905 2241 1961 instar
2278 1905 2533 1976 illorum,
2569 1908 2669 1980 qui
2718 1909 2789 1966 ad
2837 1910 3331 1982 complanandum
3363 1901 3597 1967 Domini

1951 1991 2266 2050 Salvatoris
2291 1995 2400 2050 iter
2425 2013 2618 2052 ramos
2649 1998 2947 2054 caedebant
2975 2001 3045 2054 de
3076 1995 3404 2056 arboribus.
3439 2001 3600 2056 Insu-

1950 2100 2054 2156 per
2072 2083 2248 2140 etiam
2271 2085 2478 2157 scripsi
2501 2102 2604 2157 per
2623 2101 2751 2158 que
2770 2087 2910 2142 vitia
2937 2089 3242 2161 praecipue,
3269 2104 3382 2144 non
3407 2089 3598 2145 solum

1952 2170 2182 2242 generis
2214 2169 2457 2227 humani
2481 2173 2724 2228 ﬂuvium
2756 2174 3048 2243 absorbet,
3071 2191 3271 2232 verum
3293 2181 3351 2233 et
3368 2177 3598 2234 vineam

1954 2256 2184 2314 Domini
2225 2259 2502 2326 Sabaoth,
2532 2259 2590 2316 id
2641 2266 2731 2318 est
2775 2263 2974 2320 ﬁdeles
3023 2276 3309 2337 quosque,
3343 2279 3484 2340 aper
3529 2265 3601 2323 de"

1955 2346 2098 2403 silva
2129 2352 2185 2402 et
2231 2347 2547 2421 singularis
2585 2347 2682 2406 ille
2713 2351 2871 2405 ferus
2901 2350 3170 2408 diabolus
3213 2355 3601 2410 exterminare

1954 2438 2242 2507 quantum
2266 2441 2458 2508 potest
2479 2454 2592 2493 non
2615 2443 2826 2507 cessat,
2839 2442 2897 2494 et
2911 2439 2983 2496 de
2999 2441 3216 2512 quibus
3235 2447 3445 2499 caetera
3464 2443 3603 2499 vitia

1955 2523 2242 2588 oriuntur,
2265 2525 2419 2580 sicut
2449 2525 2694 2597 quilibet
2733 2528 2882 2582 scire
2909 2528 3109 2585 volens
3139 2528 3198 2585 in
3229 2530 3379 2588 libro
3409 2532 3602 2588 Mora-

1957 2612 2101 2666 lium
2125 2612 2420 2667 tricesimo
2441 2613 2629 2684 primo
2653 2619 2843 2686 potest
2863 2615 3073 2688 legere.
3099 2620 3398 2682 Quatenus
3423 2626 3477 2676 et
3509 2637 3602 2676 sa:

1956 2701 2174 2774 pientia
2201 2705 2408 2772 vestra,
2432 2702 2648 2757 diaboli
2679 2702 2911 2759 insidiis
2941 2700 3210 2777 cognitis,
3233 2707 3343 2763 iter
3371 2709 3443 2763 ad
3475 2718 3602 2782 rege

1957 2806 2098 2844 num
2119 2793 2400 2844 mternum
2418 2789 2648 2845 facilius
2664 2807 2920 2863 carpere,
2935 2797 2992 2847 et
3007 2810 3078 2848 ne
3094 2791 3450 2866 simplicium
3469 2788 3605 2852 iide-

1955 2877 2100 2933 lium
2119 2877 2332 2933 Christi
2354 2877 2578 2934 devotio
2598 2877 2658 2934 in
2681 2879 2772 2935 via
2793 2881 3050 2937 veritatis
3069 2888 3221 2938 erret
3240 2883 3534 2952 aedificari,
3549 2889 3606 2940 et

1957 2966 2278 3039 indignitas
2301 2981 2449 3036 mea,
2471 2985 2574 3040 pro
2595 2968 2873 3041 imposito
2895 2968 3008 3025 sibi
3035 2970 3385 3040 ministerio,
3407 2989 3602 3028 sermo

189 3061 391 3116 tentias
422 3059 902 3127 satisfactionem,
945 3069 1264 3135 sequamur
1293 3063 1448 3134 quod
1480 3063 1550 3119 de
1579 3061 1848 3118 Zacchaeo
1958 3055 2050 3110 nis
2080 3055 2340 3111 sonitum
2373 3055 2654 3112 exhibens
2705 3057 2853 3113 iram
2885 3055 3116 3114 Domini
3147 3073 3380 3134 quoque
3431 3061 3605 3117 modo

186 3147 511 3222 publicano
529 3149 588 3204 in
608 3149 918 3222 Evangelio
940 3149 1356 3224 legimus,quia
1376 3154 1585 3223 excepit
1601 3151 1846 3222 gaudens
1873 3136 1919 3202 C
1957 3144 2142 3216 possit
2162 3145 2433 3215 eii‘ugere.
2459 3144 2602 3200 Hinc
2629 3144 2784 3201 enim
2818 3147 3000 3220 Moysi
3033 3148 3384 3221 praecipitur,
3421 3155 3486 3205 ut
3511 3155 3606 3206 ta-

184 3239 488 3294 Dominum
534 3239 596 3292 in
637 3237 856 3294 domum
902 3253 1062 3294 suam
1081 3240 1232 3312 (Luc.
1252 3255 1368 3307 xxx,
1393 3236 1472 3310 6),
1495 3244 1551 3296 et
1606 3240 1742 3296 fecit
1797 3239 1848 3295 ei

185 3330 480 3399 magnum
500 3327 852 3383 convivium.
867 3327 1049 3400 Cujus
1065 3327 1276 3385 domus
1299 3341 1506 3385 sumus
1528 3345 1654 3398 nos,
1676 3329 1733 3385 et
1753 3329 1847 3384 cui

183 3414 471 3487 cogitatio
495 3414 750 3471 hominis
771 3416 1100 3483 conﬁtetur,
1119 3417 1176 3472 et
1198 3416 1456 3489 reliquiae
1479 3416 1850 3491 cogitationis

185 3503 352 3559 diem
381 3503 598 3559 festum
621 3508 801 3576 agunt
822 3503 925 3560 illi.
951 3505 1084 3561 Dies
1107 3506 1263 3562 enim
1287 3505 1476 3562 festus
1494 3509 1580 3562 est
1603 3506 1849 3562 Domino

186 3591 575 3664 compunctio
626 3592 820 3649 cordis
868 3594 1072 3660 nostri,
1118 3607 1250 3650 cum
1303 3595 1363 3649 in
1411 3594 1696 3668 lacrymas
1745 3611 1850 3666 pro

188 3683 400 3736 adiere
419 3680 550 3752 ejus
572 3681 806 3738 assidue
827 3688 1112 3738 movetur.
1137 3680 1282 3739 Cum
1305 3683 1486 3756 igitur
1511 3684 1854 3756 Redempto-

189 3769 278 3824 ris
311 3770 502 3826 nostri
524 3779 734 3843 Corpus
755 3773 813 3826 et
833 3771 1181 3843 sanguinem
1204 3771 1545 3845 accipimus,
1571 3773 1853 3829 debemus

187 3865 306 3913 nes
326 3871 432 3930 pro
451 3858 703 3932 peccatis
721 3859 935 3916 nostris
954 3859 1013 3915 in
1029 3859 1262 3917 ﬂetibus
1279 3861 1854 3934 atiligere,quatenus

186 3948 329 4018 ipsa
353 3946 682 4003 amaritudo
714 3949 1065 4020 pmnitentia:
1098 3948 1394 4021 abstergat
1418 3966 1452 4005 a
1472 3949 1687 4006 mentis
1718 3967 1852 4006 nos-

183 4039 299 4091 trae
323 4035 629 4092 stomacho
649 4043 928 4108 perversae
960 4033 1266 4094 humorem
1289 4039 1438 4094 vitae.
1463 4039 1534 4094 Et
1565 4042 1696 4110 post
1727 4055 1853 4094 ora-

183 4125 383 4180 tionis
421 4125 479 4181 et
509 4125 942 4182 communionis
969 4131 1251 4199 tempora,
1284 4131 1572 4199 quantum
1612 4127 1856 4199 juvante

179 4214 314 4270 Deo
339 4219 679 4294 possumus,
697 4213 759 4270 in
779 4212 906 4288 ipso
929 4216 1192 4272 animum
1217 4233 1323 4273 suo
1349 4217 1604 4288 pondere
1626 4220 1683 4272 et
1702 4217 1858 4289 vigo-

179 4315 248 4359 re
283 4310 617 4372 servemus,
648 4309 720 4360 ne
750 4309 883 4376 post
930 4304 1202 4377 cogitatio
1250 4306 1404 4360 ﬂuxa
1449 4301 1751 4372 dissolvat,
1785 4322 1856 4362 ne

173 4409 350 4449 vana
374 4392 558 4448 menti
578 4391 778 4449 laetitia
799 4389 1098 4466 subrepat,
1121 4399 1177 4450 et
1201 4393 1364 4450 lucra
1385 4393 1857 4467 compunctionis

1956 3231 2338 3289 bernaculum
2371 3235 2643 3290 sacerdos
2672 3233 3008 3307 ingrediens
3039 3233 3452 3295 tintinnabulis
3481 3254 3607 3295 am-

1957 3321 2188 3378 biatur:
2219 3322 2286 3378 ut
2313 3319 2580 3378 videlicet
2608 3337 2776 3379 voces
2806 3325 3239 3397 praedicationis
3271 3320 3505 3395 habeat,
3536 3344 3608 3382 ne

1957 3411 2193 3483 superni
2227 3411 2576 3483 inspectoris
2615 3413 2911 3484 judicium
2941 3423 3011 3469 ex
3049 3414 3280 3471 silentio
3330 3411 3606 3472 offendat.

1959 3499 2252 3573 Scriptum
2300 3500 2517 3573 quippe
2563 3506 2652 3556 est
2685 3517 2699 3558 :
2736 3503 2800 3558 Ut
2826 3503 3089 3559 audiatur
3131 3506 3342 3560 sonitus
3394 3503 3610 3577 quando

1960 3589 2276 3662 ingreditur
2302 3597 2354 3645 et
2390 3589 2670 3659 egreditur
2697 3594 3068 3648 :anctuarium
3099 3595 3160 3648 in
3192 3597 3474 3666 conspectu
3503 3596 3609 3650 Do-

1957 3680 2120 3745 mini,
2169 3687 2220 3733 et
2267 3695 2377 3733 non
2422 3681 2693 3735 moriatur
2740 3679 2930 3748 (Exod.
2961 3695 3158 3747 xxvm,
3180 3682 3291 3750 35).
3326 3682 3608 3738 Sacerdos

1962 3783 2216 3839 namque
2245 3767 2580 3846 ingrediens
2609 3766 2696 3823 vel
2729 3767 3034 3841 egrediens
3065 3771 3332 3838 moritur,
3367 3771 3414 3826 si
3446 3763 3517 3826 ‘d‘e
3547 3781 3616 3827 ea

1963 3857 2191 3912 sonitus
2213 3871 2328 3911 non
2354 3855 2628 3912 auditur:
2655 3857 2793 3929 quia
2821 3856 2970 3913 iram
2993 3859 3194 3915 contra
3215 3869 3276 3916 se
3296 3855 3508 3916 occulti
3521 3860 3616 3934 ju«

1963 3944 2109 3999 dicis
2130 3944 2326 4017 exigit,
2347 3945 2395 3999 si
2421 3945 2546 4000 sine
2567 3945 2998 4018 praedicationis
3020 3947 3216 4002 sonitu
3240 3948 3476 4004 incedit.
3501 3947 3615 4005 Sed

1963 4033 2122 4104 quia,
2147 4033 2260 4088 nisi
2284 4032 2361 4088 sit
2389 4033 2549 4088 intus
2571 4032 2670 4104 qui
2697 4034 2923 4099 doceat,
2949 4029 3205 4090 doctoris
3236 4035 3438 4108 lingua
3458 4041 3614 4092 exte-

1965 4121 2088 4176 rius
2117 4120 2178 4176 in
2205 4137 2452 4176 vacuum
2481 4121 2723 4189 laborat,
2739 4120 3100 4178 obsecranda
3119 4126 3208 4177 est
3229 4123 3398 4178 nobis
3420 4123 3619 4179 divina

1964 4209 2292 4277 clementia,
2327 4214 2392 4264 ut
2439 4209 2594 4281 quod
2653 4221 2757 4281 per
2818 4225 2923 4265 nos
2979 4205 3243 4281 loquitur
3282 4211 3340 4264 in
3373 4205 3616 4266 auribus

1963 4298 2190 4367 vestris,
2217 4313 2320 4371 per
2347 4298 2532 4354 sancti
2573 4297 2826 4371 Spiritus
2857 4313 3143 4370 organum
3184 4297 3458 4354 infundat
3489 4311 3614 4354 cor-

1966 4388 2140 4444 dibus
2170 4386 2396 4454 vestris,
2423 4387 2523 4458 qui
2551 4401 2686 4442 cum
2717 4390 3000 4442 eoaaterno
3033 4385 3200 4442 Patre
3232 4397 3360 4452 Suo,
3395 4387 3456 4442 in
3485 4387 3616 4442 uni-

178 4482 406 4537 anima
435 4495 540 4555 per
579 4478 868 4538 incuriam
901 4483 1066 4538 iiusz
1107 4479 1478 4556 cogitationis
1507 4481 1732 4556 perdat.
1764 4482 1856 4539 Sic
1890 4507 1936 4570 Ι)
1967 4480 2085 4532 tate
2111 4477 2376 4570 ejusdem
2423 4475 2676 4570 Spiritus
2707 4476 2914 4570 sancti,
2937 4475 3077 4570 vivit
3107 4479 3162 4531 et
3202 4479 3405 4549 regnat
3434 4475 3610 4546 Deus,

175 4571 424 4644 quippe
441 4568 597 4644 quod
636 4575 981 4644 poposcerat
995 4572 1162 4626 Anna
1193 4571 1453 4628 obtinere
1471 4573 1706 4641 meruit,
1723 4573 1862 4646 quia
1890 4563 1930 4570 ”
1969 4583 2072 4639 per
2099 4565 2297 4621 omnia
2328 4563 2540 4620 saecula
2570 4563 2936 4620 εωουῖηνυω-
2971 4566 3181 4620 Amen-

175 4674 248 4715 se
285 4658 434 4734 post
481 4656 772 4734 lacrymas
801 4660 862 4716 in
894 4660 1097 4716 eodem
1129 4661 1345 4717 mentis
1372 4661 1566 4735 vigore
1615 4660 1862 4717 servavit

574 4976 716 5059 DE
779 4975 1274 5061 DIVERSA
1332 4976 1477 5060 ET
1535 4851 2209 5063 MUL'I"I:;LICI
2267 4971 2643 5060 ΑΝΙΜιΕ
2712 4973 3195 5060 ΒΑἹῚΟΝΕ
3234 4973 3268 5007 ⁸

1365 5104 1458 5161 AD
1499 5101 1842 5162 CAROLUM
1882 5103 2174 5161 CALVUM
2216 5100 2484 5160 REGEM.

1093 5211 1282 5285 (Apud
1313 5213 1606 5283 eumdem,
1639 5231 1707 5268 ex
1737 5213 1936 5270 oodice
1966 5214 2025 5268 S.
2061 5211 2309 5284 Remigii
2343 5211 2736 5279 Rbemensis.)

844 5369 1238 5438 PREFATIO.

1979 5380 2384 5454 quaerentium,
2409 5382 2464 5435 et
2484 5380 2810 5452 posteritati
2834 5381 3065 5435 inventa
3085 5376 3626 5434 commendantium

249 5469 617 5531 Prisearam
669 5465 958 5528 sententia
996 5474 1084 5527 est
1110 5471 1392 5540 virorum,
1426 5470 1592 5527 utilia
1640 5488 1872 5544 semper
1981 5470 2176 5526 felices
2200 5469 2317 5527 i‘ore
2340 5468 2777 5543 respublicas,si
2797 5485 2894 5524 eas
2910 5465 3320 5540 autsapientes
3341 5465 3625 5540 regerent,

245 5619 279 5662 ε
319 5592 544 5686 Hujus
573 5597 708 5686 libri
763 5597 1123 5686 Fipdoardas
1168 5604 1322 5661 inter
1363 5603 1668 5686 itincmari
1698 5615 1874 5686 opera
1983 5623 2116 5686 men
2147 5604 2422 5686 exprimit
2457 5602 2781 5686 inscript-i9!
2801 5618 2939 5685 qua:
2989 5601 3073 5686 sic
3121 5599 3342 5686 habet}

166 5698 312 5742 non
353 5667 664 5748 meminit,
688 5692 794 5737 nec
823 5677 885 5736 in
905 5681 1134 5737 vetusto
1154 5676 1472 5752 exemplari
1492 5667 1755 5736 auctoris
1777 5685 1876 5735 no-
1982 5667 2269 5754 cujusdain
2295 5677 2558 5752 Sapientis
2587 5667 2660 5732 ea?
2685 5667 2847 5732 ams
2889 5674 3068 5734 sancti
3111 5669 3422 5752 Augustini,
3452 5671 3518 5736 de
3543 5667 3632 5735 di-
