  <div class='ocr_page' id='page_1' title='image "/cluster/home/n/w/nwhite01/storage/ocr_20150623/125/hvd.32044054759873/471.png"; bbox 0 0 3934 6182; ppageno 0'>
   <div class='ocr_carea' id='block_1_1' title="bbox 390 265 506 329">
    <p class='ocr_par' dir='ltr' id='par_1_1' title="bbox 390 265 506 329">
     <span class='ocr_line' id='line_1_1' title="bbox 390 265 506 329; baseline -0.052 0"><span class='ocrx_word' id='word_1_1' title='bbox 390 265 506 329; x_wconf 77' lang='grc'><strong>931</strong></span> 
     </span>
    </p>
   </div>
   <div class='ocr_carea' id='block_1_2' title="bbox 1166 263 3018 360">
    <p class='ocr_par' dir='ltr' id='par_1_2' title="bbox 1166 263 3018 360">
     <span class='ocr_line' id='line_1_2' title="bbox 1166 263 3018 360; baseline -0.001 -35"><span class='ocrx_word' id='word_1_2' title='bbox 1166 264 1552 333; x_wconf 83' lang='lat' dir='ltr'><strong>HlNCMAllI</strong></span> <span class='ocrx_word' id='word_1_3' title='bbox 1601 265 1842 326; x_wconf 81' lang='lat' dir='ltr'><strong>RHEM.</strong></span> <span class='ocrx_word' id='word_1_4' title='bbox 1888 263 2250 326; x_wconf 82' lang='lat' dir='ltr'><strong>AllCHlEP.</strong></span> <span class='ocrx_word' id='word_1_5' title='bbox 2299 266 2710 328; x_wconf 79' lang='lat' dir='ltr'><strong>OPUSCULA</strong></span> <span class='ocrx_word' id='word_1_6' title='bbox 2754 266 3018 360; x_wconf 67' lang='grc' dir='ltr'><strong>νΑηιΑ.</strong></span> 
     </span>
    </p>
   </div>
   <div class='ocr_carea' id='block_1_3' title="bbox 385 364 3767 471">
    <p class='ocr_par' dir='ltr' id='par_1_3' title="bbox 385 364 3767 471">
     <span class='ocr_line' id='line_1_3' title="bbox 385 364 3767 471; baseline 0.002 -19"><span class='ocrx_word' id='word_1_7' title='bbox 385 399 486 452; x_wconf 90' lang='lat' dir='ltr'><strong>aut</strong></span> <span class='ocrx_word' id='word_1_8' title='bbox 514 412 614 452; x_wconf 89' lang='lat' dir='ltr'><strong>eas</strong></span> <span class='ocrx_word' id='word_1_9' title='bbox 633 399 900 468; x_wconf 83' lang='lat' dir='ltr'><strong>regentes</strong></span> <span class='ocrx_word' id='word_1_10' title='bbox 931 395 1228 470; x_wconf 75' lang='lat' dir='ltr'><strong>sapientiae</strong></span> <span class='ocrx_word' id='word_1_11' title='bbox 1249 398 1571 454; x_wconf 75' lang='lat' dir='ltr'><strong>studerent.</strong></span> <span class='ocrx_word' id='word_1_12' title='bbox 1595 399 1782 465; x_wconf 85' lang='lat' dir='ltr'><strong>Quam</strong></span> <span class='ocrx_word' id='word_1_13' title='bbox 1805 403 2036 454; x_wconf 84' lang='lat' dir='ltr'><strong>senten-</strong></span> <span class='ocrx_word' id='word_1_14' title='bbox 2061 397 2120 464; x_wconf 82' lang='grc' dir='ltr'><strong>Α</strong></span> <span class='ocrx_word' id='word_1_15' title='bbox 2147 396 2249 470; x_wconf 88' lang='lat' dir='ltr'><strong>qui</strong></span> <span class='ocrx_word' id='word_1_16' title='bbox 2282 398 2462 471; x_wconf 87' lang='lat' dir='ltr'><strong>digna</strong></span> <span class='ocrx_word' id='word_1_17' title='bbox 2489 415 2552 454; x_wconf 90' lang='lat' dir='ltr'><strong>se</strong></span> <span class='ocrx_word' id='word_1_18' title='bbox 2581 399 2863 470; x_wconf 59' lang='lat' dir='ltr'><strong>quaerenti</strong></span> <span class='ocrx_word' id='word_1_19' title='bbox 2907 415 3024 454; x_wconf 91' lang='lat' dir='ltr'><strong>non</strong></span> <span class='ocrx_word' id='word_1_20' title='bbox 3057 397 3312 470; x_wconf 79' lang='lat' dir='ltr'><strong>negabit,</strong></span> <span class='ocrx_word' id='word_1_21' title='bbox 3341 402 3404 454; x_wconf 89' lang='lat' dir='ltr'><strong>et</strong></span> <span class='ocrx_word' id='word_1_22' title='bbox 3445 403 3512 456; x_wconf 91' lang='lat' dir='ltr'><strong>ut</strong></span> <span class='ocrx_word' id='word_1_23' title='bbox 3555 364 3767 458; x_wconf 62' lang='lat' dir='ltr'><strong>conﬂato</strong></span> 
     </span>
    </p>
   </div>
   <div class='ocr_carea' id='block_1_4' title="bbox 387 484 2044 562">
    <p class='ocr_par' dir='ltr' id='par_1_4' title="bbox 387 484 2044 562">
     <span class='ocr_line' id='line_1_4' title="bbox 387 484 2044 562; baseline 0.002 -24"><span class='ocrx_word' id='word_1_24' title='bbox 387 484 532 539; x_wconf 62' lang='lat' dir='ltr'><strong>tiam</strong></span> <span class='ocrx_word' id='word_1_25' title='bbox 563 501 946 557; x_wconf 60' lang='lat' dir='ltr'><strong>praecessores</strong></span> <span class='ocrx_word' id='word_1_26' title='bbox 984 485 1167 542; x_wconf 86' lang='lat' dir='ltr'><strong>nostri</strong></span> <span class='ocrx_word' id='word_1_27' title='bbox 1209 485 1601 544; x_wconf 77' lang='lat' dir='ltr'><strong>favorabiliter</strong></span> <span class='ocrx_word' id='word_1_28' title='bbox 1637 489 2044 562; x_wconf 77' lang='lat' dir='ltr'><strong>susceperunt,</strong></span> 
     </span>
    </p>
   </div>
   <div class='ocr_carea' id='block_1_5' title="bbox 2155 485 3768 558">
    <p class='ocr_par' dir='ltr' id='par_1_5' title="bbox 2155 485 3768 558">
     <span class='ocr_line' id='line_1_5' title="bbox 2155 485 3768 558; baseline 0.004 -18"><span class='ocrx_word' id='word_1_29' title='bbox 2155 503 2288 542; x_wconf 88' lang='lat' dir='ltr'><strong>mus</strong></span> <span class='ocrx_word' id='word_1_30' title='bbox 2337 503 2440 558; x_wconf 90' lang='lat' dir='ltr'><strong>pro</strong></span> <span class='ocrx_word' id='word_1_31' title='bbox 2487 491 2588 542; x_wconf 90' lang='lat' dir='ltr'><strong>tuo</strong></span> <span class='ocrx_word' id='word_1_32' title='bbox 2627 487 2915 543; x_wconf 87' lang='lat' dir='ltr'><strong>desiderio</strong></span> <span class='ocrx_word' id='word_1_33' title='bbox 2965 485 3378 543; x_wconf 76' lang='lat' dir='ltr'><strong>satisfaciendo</strong></span> <span class='ocrx_word' id='word_1_34' title='bbox 3404 486 3529 544; x_wconf 87' lang='lat' dir='ltr'><strong>vias</strong></span> <span class='ocrx_word' id='word_1_35' title='bbox 3585 493 3768 546; x_wconf 74' lang='lat' dir='ltr'><strong>nostra</strong></span> 
     </span>
    </p>
   </div>
   <div class='ocr_carea' id='block_1_6' title="bbox 387 572 2774 648">
    <p class='ocr_par' dir='ltr' id='par_1_6' title="bbox 387 572 2774 648">
     <span class='ocr_line' id='line_1_6' title="bbox 387 572 2774 648; baseline 0.002 -21"><span class='ocrx_word' id='word_1_36' title='bbox 387 572 612 648; x_wconf 75' lang='lat' dir='ltr'><strong>utiliter</strong></span> <span class='ocrx_word' id='word_1_37' title='bbox 640 573 858 630; x_wconf 90' lang='lat' dir='ltr'><strong>dictam</strong></span> <span class='ocrx_word' id='word_1_38' title='bbox 892 575 1380 648; x_wconf 88' lang='lat' dir='ltr'><strong>approbaverunt,</strong></span> <span class='ocrx_word' id='word_1_39' title='bbox 1403 579 1460 632; x_wconf 89' lang='lat' dir='ltr'><strong>et</strong></span> <span class='ocrx_word' id='word_1_40' title='bbox 1479 575 1620 648; x_wconf 92' lang='lat' dir='ltr'><strong>quia</strong></span> <span class='ocrx_word' id='word_1_41' title='bbox 1647 575 1904 632; x_wconf 78' lang='lat' dir='ltr'><strong>salubris</strong></span> <span class='ocrx_word' id='word_1_42' title='bbox 1921 574 2047 631; x_wconf 80' lang='lat' dir='ltr'><strong>visa</strong></span> <span class='ocrx_word' id='word_1_43' title='bbox 2153 573 2448 632; x_wconf 73' lang='lat' dir='ltr'><strong>tarditatis</strong></span> <span class='ocrx_word' id='word_1_44' title='bbox 2476 575 2774 632; x_wconf 88' lang='lat' dir='ltr'><strong>reserabit.</strong></span> 
     </span>
    </p>
   </div>
   <div class='ocr_carea' id='block_1_7' title="bbox 387 661 2047 737">
    <p class='ocr_par' dir='ltr' id='par_1_7' title="bbox 387 661 2047 737">
     <span class='ocr_line' id='line_1_7' title="bbox 387 661 2047 737; baseline 0.002 -18"><span class='ocrx_word' id='word_1_45' title='bbox 387 663 496 726; x_wconf 90' lang='lat' dir='ltr'><strong>est,</strong></span> <span class='ocrx_word' id='word_1_46' title='bbox 521 661 698 718; x_wconf 86' lang='lat' dir='ltr'><strong>etiam</strong></span> <span class='ocrx_word' id='word_1_47' title='bbox 721 667 779 718; x_wconf 93' lang='lat' dir='ltr'><strong>et</strong></span> <span class='ocrx_word' id='word_1_48' title='bbox 809 662 1020 718; x_wconf 85' lang='lat' dir='ltr'><strong>litteris</strong></span> <span class='ocrx_word' id='word_1_49' title='bbox 1049 664 1374 737; x_wconf 85' lang='lat' dir='ltr'><strong>posteritati</strong></span> <span class='ocrx_word' id='word_1_50' title='bbox 1398 665 1863 737; x_wconf 83' lang='lat' dir='ltr'><strong>cognoscendam</strong></span> <span class='ocrx_word' id='word_1_51' title='bbox 1885 681 2047 722; x_wconf 86' lang='lat' dir='ltr'><strong>man.</strong></span> 
     </span>
    </p>
   </div>
   <div class='ocr_carea' id='block_1_8' title="bbox 386 751 2040 828">
    <p class='ocr_par' dir='ltr' id='par_1_8' title="bbox 386 751 2040 828">
     <span class='ocr_line' id='line_1_8' title="bbox 386 751 2040 828; baseline 0.002 -22"><span class='ocrx_word' id='word_1_52' title='bbox 386 752 692 808; x_wconf 87' lang='lat' dir='ltr'><strong>daverunt.</strong></span> <span class='ocrx_word' id='word_1_53' title='bbox 717 751 822 808; x_wconf 88' lang='lat' dir='ltr'><strong>Cui</strong></span> <span class='ocrx_word' id='word_1_54' title='bbox 853 756 912 809; x_wconf 90' lang='lat' dir='ltr'><strong>et</strong></span> <span class='ocrx_word' id='word_1_55' title='bbox 941 770 1049 810; x_wconf 90' lang='lat' dir='ltr'><strong>nos</strong></span> <span class='ocrx_word' id='word_1_56' title='bbox 1085 754 1370 821; x_wconf 79' lang='lat' dir='ltr'><strong>favemus,</strong></span> <span class='ocrx_word' id='word_1_57' title='bbox 1397 758 1454 810; x_wconf 88' lang='lat' dir='ltr'><strong>et</strong></span> <span class='ocrx_word' id='word_1_58' title='bbox 1493 755 1608 810; x_wconf 91' lang='lat' dir='ltr'><strong>Deo</strong></span> <span class='ocrx_word' id='word_1_59' title='bbox 1649 753 1866 828; x_wconf 82' lang='lat' dir='ltr'><strong>gratias</strong></span> <span class='ocrx_word' id='word_1_60' title='bbox 1897 755 2040 809; x_wconf 77' lang='lat' dir='ltr'><strong>refe-</strong></span> 
     </span>
    </p>
   </div>
   <div class='ocr_carea' id='block_1_9' title="bbox 384 842 2040 916">
    <p class='ocr_par' dir='ltr' id='par_1_9' title="bbox 384 842 2040 916">
     <span class='ocr_line' id='line_1_9' title="bbox 384 842 2040 916; baseline 0 -18"><span class='ocrx_word' id='word_1_61' title='bbox 384 842 598 911; x_wconf 87' lang='lat' dir='ltr'><strong>rimus,</strong></span> <span class='ocrx_word' id='word_1_62' title='bbox 625 845 824 915; x_wconf 78' lang='lat' dir='ltr'><strong>utpote</strong></span> <span class='ocrx_word' id='word_1_63' title='bbox 856 842 954 914; x_wconf 89' lang='lat' dir='ltr'><strong>qui</strong></span> <span class='ocrx_word' id='word_1_64' title='bbox 1004 845 1080 911; x_wconf 87' lang='lat' dir='ltr'><strong>te,</strong></span> <span class='ocrx_word' id='word_1_65' title='bbox 1104 859 1137 897; x_wconf 90' lang='lat'>0</span> <span class='ocrx_word' id='word_1_66' title='bbox 1169 843 1318 899; x_wconf 89' lang='lat' dir='ltr'><strong>bone</strong></span> <span class='ocrx_word' id='word_1_67' title='bbox 1358 860 1474 912; x_wconf 84' lang='lat' dir='ltr'><strong>rex,</strong></span> <span class='ocrx_word' id='word_1_68' title='bbox 1507 847 1564 898; x_wconf 77' lang='lat' dir='ltr'><strong>et</strong></span> <span class='ocrx_word' id='word_1_69' title='bbox 1603 848 1814 899; x_wconf 64' lang='lat' dir='ltr'><strong>nostra:</strong></span> <span class='ocrx_word' id='word_1_70' title='bbox 1847 843 2040 916; x_wconf 90' lang='lat' dir='ltr'><strong>reipu-</strong></span> 
     </span>
    </p>
   </div>
   <div class='ocr_carea' id='block_1_10' title="bbox 385 925 2040 1006">
    <p class='ocr_par' dir='ltr' id='par_1_10' title="bbox 385 925 2040 1006">
     <span class='ocr_line' id='line_1_10' title="bbox 385 925 2040 1006; baseline 0.001 -20"><span class='ocrx_word' id='word_1_71' title='bbox 385 929 550 986; x_wconf 68' lang='lat' dir='ltr'><strong>blicae</strong></span> <span class='ocrx_word' id='word_1_72' title='bbox 583 929 859 1004; x_wconf 69' lang='lat' dir='ltr'><strong>praefecit,</strong></span> <span class='ocrx_word' id='word_1_73' title='bbox 891 935 948 987; x_wconf 92' lang='lat' dir='ltr'><strong>et</strong></span> <span class='ocrx_word' id='word_1_74' title='bbox 978 931 1160 986; x_wconf 89' lang='lat' dir='ltr'><strong>menti</strong></span> <span class='ocrx_word' id='word_1_75' title='bbox 1196 925 1260 987; x_wconf 79' lang='lat' dir='ltr'><strong>ut</strong></span> <span class='ocrx_word' id='word_1_76' title='bbox 1289 948 1484 988; x_wconf 85' lang='lat' dir='ltr'><strong>veram</strong></span> <span class='ocrx_word' id='word_1_77' title='bbox 1529 932 1876 1006; x_wconf 79' lang='lat' dir='ltr'><strong>sapientiam</strong></span> <span class='ocrx_word' id='word_1_78' title='bbox 1911 949 2040 1004; x_wconf 87' lang='lat' dir='ltr'><strong>per-</strong></span> 
     </span>
    </p>
   </div>
   <div class='ocr_carea' id='block_1_11' title="bbox 388 1019 2039 1094">
    <p class='ocr_par' dir='ltr' id='par_1_11' title="bbox 388 1019 2039 1094">
     <span class='ocr_line' id='line_1_11' title="bbox 388 1019 2039 1094; baseline 0.001 -20"><span class='ocrx_word' id='word_1_79' title='bbox 388 1019 650 1092; x_wconf 90' lang='lat' dir='ltr'><strong>quireres</strong></span> <span class='ocrx_word' id='word_1_80' title='bbox 681 1020 878 1076; x_wconf 88' lang='lat' dir='ltr'><strong>radios</strong></span> <span class='ocrx_word' id='word_1_81' title='bbox 929 1020 1019 1076; x_wconf 90' lang='lat' dir='ltr'><strong>sui</strong></span> <span class='ocrx_word' id='word_1_82' title='bbox 1073 1021 1292 1076; x_wconf 89' lang='lat' dir='ltr'><strong>amoris</strong></span> <span class='ocrx_word' id='word_1_83' title='bbox 1341 1019 1618 1076; x_wconf 75' lang='lat' dir='ltr'><strong>infundit.</strong></span> <span class='ocrx_word' id='word_1_84' title='bbox 1651 1022 1720 1076; x_wconf 89' lang='lat' dir='ltr'><strong>Et</strong></span> <span class='ocrx_word' id='word_1_85' title='bbox 1749 1021 1890 1094; x_wconf 85' lang='lat' dir='ltr'><strong>quia</strong></span> <span class='ocrx_word' id='word_1_86' title='bbox 1918 1025 2039 1076; x_wconf 89' lang='lat' dir='ltr'><strong>tam</strong></span> 
     </span>
    </p>
   </div>
   <div class='ocr_carea' id='block_1_12' title="bbox 386 1108 2042 1182">
    <p class='ocr_par' dir='ltr' id='par_1_12' title="bbox 386 1108 2042 1182">
     <span class='ocr_line' id='line_1_12' title="bbox 386 1108 2042 1182; baseline 0.001 -20"><span class='ocrx_word' id='word_1_87' title='bbox 386 1113 590 1164; x_wconf 90' lang='lat' dir='ltr'><strong>nostra</strong></span> <span class='ocrx_word' id='word_1_88' title='bbox 610 1125 787 1181; x_wconf 89' lang='lat' dir='ltr'><strong>quam</strong></span> <span class='ocrx_word' id='word_1_89' title='bbox 819 1114 876 1164; x_wconf 88' lang='lat' dir='ltr'><strong>ct</strong></span> <span class='ocrx_word' id='word_1_90' title='bbox 901 1108 1136 1164; x_wconf 90' lang='lat' dir='ltr'><strong>illorum</strong></span> <span class='ocrx_word' id='word_1_91' title='bbox 1168 1109 1457 1166; x_wconf 88' lang='lat' dir='ltr'><strong>sententia</strong></span> <span class='ocrx_word' id='word_1_92' title='bbox 1476 1113 1586 1180; x_wconf 89' lang='lat' dir='ltr'><strong>est,</strong></span> <span class='ocrx_word' id='word_1_93' title='bbox 1606 1110 1898 1182; x_wconf 88' lang='lat' dir='ltr'><strong>Sapientis</strong></span> <span class='ocrx_word' id='word_1_94' title='bbox 1920 1109 2042 1166; x_wconf 90' lang='lat' dir='ltr'><strong>ani-</strong></span> 
     </span>
    </p>
   </div>
   <div class='ocr_carea' id='block_1_13' title="bbox 385 1195 2042 1270">
    <p class='ocr_par' dir='ltr' id='par_1_13' title="bbox 385 1195 2042 1270">
     <span class='ocr_line' id='line_1_13' title="bbox 385 1195 2042 1270; baseline 0.002 -20"><span class='ocrx_word' id='word_1_95' title='bbox 385 1211 548 1268; x_wconf 77' lang='lat' dir='ltr'><strong>mum</strong></span> <span class='ocrx_word' id='word_1_96' title='bbox 572 1195 631 1251; x_wconf 90' lang='lat' dir='ltr'><strong>in</strong></span> <span class='ocrx_word' id='word_1_97' title='bbox 655 1197 1033 1270; x_wconf 85' lang='lat' dir='ltr'><strong>inquisitione</strong></span> <span class='ocrx_word' id='word_1_98' title='bbox 1053 1197 1269 1252; x_wconf 81' lang='lat' dir='ltr'><strong>summi</strong></span> <span class='ocrx_word' id='word_1_99' title='bbox 1297 1197 1428 1253; x_wconf 88' lang='lat' dir='ltr'><strong>boni</strong></span> <span class='ocrx_word' id='word_1_100' title='bbox 1449 1215 1681 1270; x_wconf 87' lang='lat' dir='ltr'><strong>semper</strong></span> <span class='ocrx_word' id='word_1_101' title='bbox 1700 1199 1908 1255; x_wconf 83' lang='lat' dir='ltr'><strong>debere</strong></span> <span class='ocrx_word' id='word_1_102' title='bbox 1921 1215 2042 1253; x_wconf 87' lang='lat' dir='ltr'><strong>ver-</strong></span> 
     </span>
    </p>
   </div>
   <div class='ocr_carea' id='block_1_14' title="bbox 383 1284 2039 1360">
    <p class='ocr_par' dir='ltr' id='par_1_14' title="bbox 383 1284 2039 1360">
     <span class='ocr_line' id='line_1_14' title="bbox 383 1284 2039 1360; baseline 0.001 -18"><span class='ocrx_word' id='word_1_103' title='bbox 383 1284 523 1354; x_wconf 88' lang='lat' dir='ltr'><strong>sari,</strong></span> <span class='ocrx_word' id='word_1_104' title='bbox 548 1284 774 1342; x_wconf 88' lang='lat' dir='ltr'><strong>dicente</strong></span> <span class='ocrx_word' id='word_1_105' title='bbox 799 1285 1086 1358; x_wconf 84' lang='lat' dir='ltr'><strong>Propheta</strong></span> <span class='ocrx_word' id='word_1_106' title='bbox 1110 1304 1122 1342; x_wconf 91' lang='lat'>:</span> <span class='ocrx_word' id='word_1_107' title='bbox 1149 1287 1390 1355; x_wconf 59' lang='lat' dir='ltr'><strong>qu’rite</strong></span> <span class='ocrx_word' id='word_1_108' title='bbox 1428 1287 1740 1355; x_wconf 82' lang='lat' dir='ltr'><strong>Dominum,</strong></span> <span class='ocrx_word' id='word_1_109' title='bbox 1758 1295 1810 1344; x_wconf 90' lang='lat' dir='ltr'><strong>ct</strong></span> <span class='ocrx_word' id='word_1_110' title='bbox 1839 1289 2039 1360; x_wconf 81' lang='lat' dir='ltr'><strong>conﬁr-</strong></span> 
     </span>
    </p>
   </div>
   <div class='ocr_carea' id='block_1_15' title="bbox 381 1377 2035 1450">
    <p class='ocr_par' dir='ltr' id='par_1_15' title="bbox 381 1377 2035 1450">
     <span class='ocr_line' id='line_1_15' title="bbox 381 1377 2035 1450; baseline -0.001 -16"><span class='ocrx_word' id='word_1_111' title='bbox 381 1378 654 1444; x_wconf 76' lang='lat' dir='ltr'><strong>mamini,‘</strong></span> <span class='ocrx_word' id='word_1_112' title='bbox 683 1377 916 1448; x_wconf 66' lang='lat' dir='ltr'><strong>quaerite</strong></span> <span class='ocrx_word' id='word_1_113' title='bbox 955 1377 1152 1447; x_wconf 79' lang='lat' dir='ltr'><strong>faciem</strong></span> <span class='ocrx_word' id='word_1_114' title='bbox 1200 1377 1316 1447; x_wconf 83' lang='lat' dir='ltr'><strong>ejus</strong></span> <span class='ocrx_word' id='word_1_115' title='bbox 1369 1393 1579 1450; x_wconf 77' lang='lat' dir='ltr'><strong>semper</strong></span> <span class='ocrx_word' id='word_1_116' title='bbox 1614 1377 1785 1444; x_wconf 83' lang='lat' dir='ltr'><strong>(Psal.</strong></span> <span class='ocrx_word' id='word_1_117' title='bbox 1817 1393 1926 1444; x_wconf 78' lang='lat' dir='ltr'><strong>CIV,</strong></span> <span class='ocrx_word' id='word_1_118' title='bbox 1961 1377 2035 1448; x_wconf 81' lang='grc'><strong>4),</strong></span> 
     </span>
    </p>
   </div>
   <div class='ocr_carea' id='block_1_16' title="bbox 383 1463 2041 1538">
    <p class='ocr_par' dir='ltr' id='par_1_16' title="bbox 383 1463 2041 1538">
     <span class='ocr_line' id='line_1_16' title="bbox 383 1463 2041 1538; baseline -0.003 -12"><span class='ocrx_word' id='word_1_119' title='bbox 383 1467 591 1526; x_wconf 85' lang='lat' dir='ltr'><strong>merito</strong></span> <span class='ocrx_word' id='word_1_120' title='bbox 621 1463 992 1538; x_wconf 82' lang='lat' dir='ltr'><strong>gratulamur</strong></span> <span class='ocrx_word' id='word_1_121' title='bbox 1039 1469 1095 1519; x_wconf 87' lang='lat' dir='ltr'><strong>te</strong></span> <span class='ocrx_word' id='word_1_122' title='bbox 1143 1463 1273 1520; x_wconf 83' lang='lat' dir='ltr'><strong>illas</strong></span> <span class='ocrx_word' id='word_1_123' title='bbox 1333 1464 1710 1538; x_wconf 73' lang='lat' dir='ltr'><strong>philos0pbize</strong></span> <span class='ocrx_word' id='word_1_124' title='bbox 1759 1468 1952 1538; x_wconf 89' lang='lat' dir='ltr'><strong>partes</strong></span> <span class='ocrx_word' id='word_1_125' title='bbox 1983 1471 2041 1522; x_wconf 90' lang='lat' dir='ltr'><strong>et</strong></span> 
     </span>
    </p>
   </div>
   <div class='ocr_carea' id='block_1_17' title="bbox 383 1551 2036 1627">
    <p class='ocr_par' dir='ltr' id='par_1_17' title="bbox 383 1551 2036 1627">
     <span class='ocr_line' id='line_1_17' title="bbox 383 1551 2036 1627; baseline -0.002 -14"><span class='ocrx_word' id='word_1_126' title='bbox 383 1555 736 1627; x_wconf 71' lang='lat' dir='ltr'><strong>colcre,quae</strong></span> <span class='ocrx_word' id='word_1_127' title='bbox 768 1556 1094 1608; x_wconf 86' lang='lat' dir='ltr'><strong>noscuntur</strong></span> <span class='ocrx_word' id='word_1_128' title='bbox 1119 1553 1188 1607; x_wconf 87' lang='lat' dir='ltr'><strong>ad</strong></span> <span class='ocrx_word' id='word_1_129' title='bbox 1223 1569 1413 1608; x_wconf 84' lang='lat' dir='ltr'><strong>arcem</strong></span> <span class='ocrx_word' id='word_1_130' title='bbox 1436 1569 1580 1607; x_wconf 71' lang='lat' dir='ltr'><strong>verae</strong></span> <span class='ocrx_word' id='word_1_131' title='bbox 1611 1551 1912 1626; x_wconf 86' lang='lat' dir='ltr'><strong>soliusque</strong></span> <span class='ocrx_word' id='word_1_132' title='bbox 1943 1570 2036 1609; x_wconf 88' lang='lat' dir='ltr'><strong>sa-</strong></span> 
     </span>
    </p>
   </div>
   <div class='ocr_carea' id='block_1_18' title="bbox 381 1639 2040 1720">
    <p class='ocr_par' dir='ltr' id='par_1_18' title="bbox 381 1639 2040 1720">
     <span class='ocr_line' id='line_1_18' title="bbox 381 1639 2040 1720; baseline -0.002 -20"><span class='ocrx_word' id='word_1_133' title='bbox 381 1643 616 1720; x_wconf 73' lang='lat' dir='ltr'><strong>plentim</strong></span> <span class='ocrx_word' id='word_1_134' title='bbox 662 1642 920 1698; x_wconf 90' lang='lat' dir='ltr'><strong>tendere.</strong></span> <span class='ocrx_word' id='word_1_135' title='bbox 956 1639 1295 1697; x_wconf 88' lang='lat' dir='ltr'><strong>Meminisse</strong></span> <span class='ocrx_word' id='word_1_136' title='bbox 1343 1641 1500 1696; x_wconf 90' lang='lat' dir='ltr'><strong>enim</strong></span> <span class='ocrx_word' id='word_1_137' title='bbox 1551 1657 1784 1714; x_wconf 86' lang='lat' dir='ltr'><strong>semper</strong></span> <span class='ocrx_word' id='word_1_138' title='bbox 1811 1646 2040 1714; x_wconf 86' lang='lat' dir='ltr'><strong>oportet</strong></span> 
     </span>
    </p>
   </div>
   <div class='ocr_carea' id='block_1_19' title="bbox 382 1727 2037 1804">
    <p class='ocr_par' dir='ltr' id='par_1_19' title="bbox 382 1727 2037 1804">
     <span class='ocr_line' id='line_1_19' title="bbox 382 1727 2037 1804; baseline -0.002 -14"><span class='ocrx_word' id='word_1_139' title='bbox 382 1736 641 1790; x_wconf 88' lang='lat' dir='ltr'><strong>mentem</strong></span> <span class='ocrx_word' id='word_1_140' title='bbox 665 1729 969 1804; x_wconf 87' lang='lat' dir='ltr'><strong>principis,</strong></span> <span class='ocrx_word' id='word_1_141' title='bbox 987 1728 1126 1801; x_wconf 90' lang='lat' dir='ltr'><strong>quid</strong></span> <span class='ocrx_word' id='word_1_142' title='bbox 1151 1727 1402 1801; x_wconf 89' lang='lat' dir='ltr'><strong>Sqiritus</strong></span> <span class='ocrx_word' id='word_1_143' title='bbox 1423 1734 1664 1786; x_wconf 89' lang='lat' dir='ltr'><strong>sanctus</strong></span> <span class='ocrx_word' id='word_1_144' title='bbox 1681 1746 1816 1785; x_wconf 89' lang='lat' dir='ltr'><strong>eum</strong></span> <span class='ocrx_word' id='word_1_145' title='bbox 1841 1730 2037 1786; x_wconf 84' lang='lat' dir='ltr'><strong>admo-</strong></span> 
     </span>
    </p>
   </div>
   <div class='ocr_carea' id='block_1_20' title="bbox 381 1813 2032 1892">
    <p class='ocr_par' dir='ltr' id='par_1_20' title="bbox 381 1813 2032 1892">
     <span class='ocr_line' id='line_1_20' title="bbox 381 1813 2032 1892; baseline -0.003 -13"><span class='ocrx_word' id='word_1_146' title='bbox 381 1813 517 1879; x_wconf 84' lang='lat' dir='ltr'><strong>neat</strong></span> <span class='ocrx_word' id='word_1_147' title='bbox 553 1837 656 1892; x_wconf 90' lang='lat' dir='ltr'><strong>per</strong></span> <span class='ocrx_word' id='word_1_148' title='bbox 683 1817 1044 1874; x_wconf 88' lang='lat' dir='ltr'><strong>clarissimos</strong></span> <span class='ocrx_word' id='word_1_149' title='bbox 1092 1817 1444 1890; x_wconf 89' lang='lat' dir='ltr'><strong>eosdemque</strong></span> <span class='ocrx_word' id='word_1_150' title='bbox 1494 1817 1789 1891; x_wconf 85' lang='lat' dir='ltr'><strong>principes</strong></span> <span class='ocrx_word' id='word_1_151' title='bbox 1818 1823 1875 1874; x_wconf 87' lang='lat' dir='ltr'><strong>et</strong></span> <span class='ocrx_word' id='word_1_152' title='bbox 1900 1835 2032 1874; x_wconf 87' lang='lat' dir='ltr'><strong>vere</strong></span> 
     </span>
    </p>
   </div>
   <div class='ocr_carea' id='block_1_21' title="bbox 381 1907 2033 1984">
    <p class='ocr_par' dir='ltr' id='par_1_21' title="bbox 381 1907 2033 1984">
     <span class='ocr_line' id='line_1_21' title="bbox 381 1907 2033 1984; baseline -0.002 -16"><span class='ocrx_word' id='word_1_153' title='bbox 381 1911 674 1984; x_wconf 87' lang='lat' dir='ltr'><strong>sapientes</strong></span> <span class='ocrx_word' id='word_1_154' title='bbox 709 1924 722 1963; x_wconf 88' lang='lat'><strong>:</strong></span> <span class='ocrx_word' id='word_1_155' title='bbox 754 1907 820 1963; x_wconf 87' lang='lat' dir='ltr'><strong>Et</strong></span> <span class='ocrx_word' id='word_1_156' title='bbox 838 1923 988 1962; x_wconf 81' lang='lat' dir='ltr'><strong>nunc</strong></span> <span class='ocrx_word' id='word_1_157' title='bbox 1023 1923 1173 1979; x_wconf 84' lang='lat' dir='ltr'><strong>reges</strong></span> <span class='ocrx_word' id='word_1_158' title='bbox 1213 1907 1505 1976; x_wconf 84' lang='lat' dir='ltr'><strong>intelligite</strong></span> <span class='ocrx_word' id='word_1_159' title='bbox 1533 1927 1551 1962; x_wconf 91' lang='lat'><strong><em>:</em></strong></span> <span class='ocrx_word' id='word_1_160' title='bbox 1581 1907 1906 1976; x_wconf 80' lang='lat' dir='ltr'><strong>erudimini,</strong></span> <span class='ocrx_word' id='word_1_161' title='bbox 1935 1910 2033 1980; x_wconf 91' lang='lat' dir='ltr'><strong>qui</strong></span> 
     </span>
    </p>
   </div>
   <div class='ocr_carea' id='block_1_22' title="bbox 371 1996 2028 2074">
    <p class='ocr_par' dir='ltr' id='par_1_22' title="bbox 371 1996 2028 2074">
     <span class='ocr_line' id='line_1_22' title="bbox 371 1996 2028 2074; baseline -0.002 -19"><span class='ocrx_word' id='word_1_162' title='bbox 371 1999 636 2074; x_wconf 82' lang='lat' dir='ltr'><strong>judicatis</strong></span> <span class='ocrx_word' id='word_1_163' title='bbox 665 2005 888 2053; x_wconf 86' lang='lat' dir='ltr'><strong>terram.</strong></span> <span class='ocrx_word' id='word_1_164' title='bbox 910 1997 1120 2052; x_wconf 82' lang='lat' dir='ltr'><strong>Servite</strong></span> <span class='ocrx_word' id='word_1_165' title='bbox 1163 1996 1392 2052; x_wconf 83' lang='lat' dir='ltr'><strong>Domino</strong></span> <span class='ocrx_word' id='word_1_166' title='bbox 1425 1998 1484 2052; x_wconf 85' lang='lat' dir='ltr'><strong>in</strong></span> <span class='ocrx_word' id='word_1_167' title='bbox 1509 1999 1720 2061; x_wconf 80' lang='lat' dir='ltr'><strong>timore,</strong></span> <span class='ocrx_word' id='word_1_168' title='bbox 1751 2004 1802 2052; x_wconf 91' lang='lat' dir='ltr'><strong>et</strong></span> <span class='ocrx_word' id='word_1_169' title='bbox 1843 1997 2028 2052; x_wconf 76' lang='lat' dir='ltr'><strong>exsul-</strong></span> 
     </span>
    </p>
   </div>
   <div class='ocr_carea' id='block_1_23' title="bbox 377 2084 2026 2157">
    <p class='ocr_par' dir='ltr' id='par_1_23' title="bbox 377 2084 2026 2157">
     <span class='ocr_line' id='line_1_23' title="bbox 377 2084 2026 2157; baseline -0.004 -11"><span class='ocrx_word' id='word_1_170' title='bbox 377 2097 484 2146; x_wconf 85' lang='lat' dir='ltr'><strong>tatc</strong></span> <span class='ocrx_word' id='word_1_171' title='bbox 525 2089 580 2142; x_wconf 86' lang='lat' dir='ltr'><strong>ei</strong></span> <span class='ocrx_word' id='word_1_172' title='bbox 623 2103 748 2141; x_wconf 74' lang='lat' dir='ltr'><strong>cum</strong></span> <span class='ocrx_word' id='word_1_173' title='bbox 795 2093 1041 2140; x_wconf 90' lang='lat' dir='ltr'><strong>tremore.</strong></span> <span class='ocrx_word' id='word_1_174' title='bbox 1090 2084 1482 2156; x_wconf 79' lang='lat' dir='ltr'><strong>Apprehendite</strong></span> <span class='ocrx_word' id='word_1_175' title='bbox 1525 2085 1898 2157; x_wconf 80' lang='lat' dir='ltr'><strong>disciplinam,</strong></span> <span class='ocrx_word' id='word_1_176' title='bbox 1931 2103 2026 2140; x_wconf 82' lang='lat' dir='ltr'><strong>ue-</strong></span> 
     </span>
    </p>
   </div>
   <div class='ocr_carea' id='block_1_24' title="bbox 379 2173 2029 2251">
    <p class='ocr_par' dir='ltr' id='par_1_24' title="bbox 379 2173 2029 2251">
     <span class='ocr_line' id='line_1_24' title="bbox 379 2173 2029 2251; baseline -0.002 -17"><span class='ocrx_word' id='word_1_177' title='bbox 379 2176 594 2251; x_wconf 79' lang='lat' dir='ltr'><strong>quando</strong></span> <span class='ocrx_word' id='word_1_178' title='bbox 633 2177 906 2232; x_wconf 76' lang='lat' dir='ltr'><strong>irascatur</strong></span> <span class='ocrx_word' id='word_1_179' title='bbox 951 2175 1231 2250; x_wconf 84' lang='lat' dir='ltr'><strong>Dominus,</strong></span> <span class='ocrx_word' id='word_1_180' title='bbox 1263 2177 1344 2229; x_wconf 84' lang='lat' dir='ltr'><strong>ct‘</strong></span> <span class='ocrx_word' id='word_1_181' title='bbox 1355 2175 1594 2244; x_wconf 86' lang='lat' dir='ltr'><strong>pereatis</strong></span> <span class='ocrx_word' id='word_1_182' title='bbox 1637 2173 1701 2230; x_wconf 90' lang='lat' dir='ltr'><strong>de</strong></span> <span class='ocrx_word' id='word_1_183' title='bbox 1743 2177 1834 2229; x_wconf 89' lang='lat' dir='ltr'><strong>via</strong></span> <span class='ocrx_word' id='word_1_184' title='bbox 1875 2175 2029 2246; x_wconf 82' lang='lat' dir='ltr'><strong>justa</strong></span> 
     </span>
    </p>
   </div>
   <div class='ocr_carea' id='block_1_25' title="bbox 379 2262 2030 2336">
    <p class='ocr_par' dir='ltr' id='par_1_25' title="bbox 379 2262 2030 2336">
     <span class='ocr_line' id='line_1_25' title="bbox 379 2262 2030 2336; baseline -0.005 -10"><span class='ocrx_word' id='word_1_185' title='bbox 379 2270 496 2336; x_wconf 84' lang='lat' dir='ltr'><strong>(Ps.</strong></span> <span class='ocrx_word' id='word_1_186' title='bbox 522 2281 584 2332; x_wconf 83' lang='lat' dir='ltr'><strong>Il,</strong></span> <span class='ocrx_word' id='word_1_187' title='bbox 605 2265 690 2332; x_wconf 86' lang='grc'><strong>10,</strong></span> <span class='ocrx_word' id='word_1_188' title='bbox 720 2265 827 2332; x_wconf 79' lang='lat' dir='ltr'><strong>t2).</strong></span> <span class='ocrx_word' id='word_1_189' title='bbox 848 2262 1142 2334; x_wconf 81' lang='lat' dir='ltr'><strong>Itemque:</strong></span> <span class='ocrx_word' id='word_1_190' title='bbox 1167 2263 1398 2330; x_wconf 85' lang='lat' dir='ltr'><strong>Ditigite</strong></span> <span class='ocrx_word' id='word_1_191' title='bbox 1408 2263 1687 2333; x_wconf 82' lang='lat' dir='ltr'><strong>justitiam</strong></span> <span class='ocrx_word' id='word_1_192' title='bbox 1710 2265 1805 2335; x_wconf 83' lang='lat' dir='ltr'><strong>qui</strong></span> <span class='ocrx_word' id='word_1_193' title='bbox 1815 2262 2030 2334; x_wconf 83' lang='lat' dir='ltr'><strong>judica-</strong></span> 
     </span>
    </p>
   </div>
   <div class='ocr_carea' id='block_1_26' title="bbox 381 2350 2027 2424">
    <p class='ocr_par' dir='ltr' id='par_1_26' title="bbox 381 2350 2027 2424">
     <span class='ocr_line' id='line_1_26' title="bbox 381 2350 2027 2424; baseline -0.003 -12"><span class='ocrx_word' id='word_1_194' title='bbox 381 2357 453 2412; x_wconf 88' lang='lat' dir='ltr'><strong>tis</strong></span> <span class='ocrx_word' id='word_1_195' title='bbox 475 2363 700 2411; x_wconf 87' lang='lat' dir='ltr'><strong>terram.</strong></span> <span class='ocrx_word' id='word_1_196' title='bbox 723 2353 930 2408; x_wconf 82' lang='lat' dir='ltr'><strong>Sentite</strong></span> <span class='ocrx_word' id='word_1_197' title='bbox 949 2350 1014 2407; x_wconf 86' lang='lat' dir='ltr'><strong>de</strong></span> <span class='ocrx_word' id='word_1_198' title='bbox 1037 2353 1269 2408; x_wconf 85' lang='lat' dir='ltr'><strong>Domino</strong></span> <span class='ocrx_word' id='word_1_199' title='bbox 1300 2354 1360 2406; x_wconf 84' lang='lat' dir='ltr'><strong>in</strong></span> <span class='ocrx_word' id='word_1_200' title='bbox 1381 2351 1636 2417; x_wconf 78' lang='lat' dir='ltr'><strong>bonitate,</strong></span> <span class='ocrx_word' id='word_1_201' title='bbox 1659 2358 1710 2407; x_wconf 89' lang='lat' dir='ltr'><strong>ct</strong></span> <span class='ocrx_word' id='word_1_202' title='bbox 1729 2353 1788 2406; x_wconf 88' lang='lat' dir='ltr'><strong>in</strong></span> <span class='ocrx_word' id='word_1_203' title='bbox 1811 2353 2027 2424; x_wconf 84' lang='lat' dir='ltr'><strong>simpli—</strong></span> 
     </span>
    </p>
   </div>
   <div class='ocr_carea' id='block_1_27' title="bbox 377 2439 2026 2516">
    <p class='ocr_par' dir='ltr' id='par_1_27' title="bbox 377 2439 2026 2516">
     <span class='ocr_line' id='line_1_27' title="bbox 377 2439 2026 2516; baseline -0.002 -16"><span class='ocrx_word' id='word_1_204' title='bbox 377 2447 539 2502; x_wconf 80' lang='lat' dir='ltr'><strong>citate</strong></span> <span class='ocrx_word' id='word_1_205' title='bbox 556 2442 734 2500; x_wconf 80' lang='lat' dir='ltr'><strong>cordis</strong></span> <span class='ocrx_word' id='word_1_206' title='bbox 757 2442 990 2516; x_wconf 71' lang='lat' dir='ltr'><strong>qseurite</strong></span> <span class='ocrx_word' id='word_1_207' title='bbox 1013 2441 1174 2496; x_wconf 79' lang='lat' dir='ltr'><strong>illum</strong></span> <span class='ocrx_word' id='word_1_208' title='bbox 1191 2439 1341 2512; x_wconf 87' lang='lat' dir='ltr'><strong>(Sap.</strong></span> <span class='ocrx_word' id='word_1_209' title='bbox 1364 2457 1403 2508; x_wconf 81' lang='grc' dir='ltr'><strong>ι,</strong></span> <span class='ocrx_word' id='word_1_210' title='bbox 1429 2439 1502 2511; x_wconf 86' lang='grc'><strong>1).</strong></span> <span class='ocrx_word' id='word_1_211' title='bbox 1531 2440 1846 2496; x_wconf 83' lang='lat' dir='ltr'><strong>Probamus</strong></span> <span class='ocrx_word' id='word_1_212' title='bbox 1877 2457 2026 2513; x_wconf 85' lang='lat' dir='ltr'><strong>quo-</strong></span> 
     </span>
    </p>
   </div>
   <div class='ocr_carea' id='block_1_28' title="bbox 377 2528 2028 2608">
    <p class='ocr_par' dir='ltr' id='par_1_28' title="bbox 377 2528 2028 2608">
     <span class='ocr_line' id='line_1_28' title="bbox 377 2528 2028 2608; baseline -0.002 -19"><span class='ocrx_word' id='word_1_213' title='bbox 377 2550 490 2608; x_wconf 90' lang='lat' dir='ltr'><strong>que</strong></span> <span class='ocrx_word' id='word_1_214' title='bbox 511 2529 892 2588; x_wconf 88' lang='lat' dir='ltr'><strong>acrimoniam</strong></span> <span class='ocrx_word' id='word_1_215' title='bbox 913 2546 979 2585; x_wconf 93' lang='lat' dir='ltr'><strong>ac</strong></span> <span class='ocrx_word' id='word_1_216' title='bbox 1000 2529 1366 2584; x_wconf 85' lang='lat' dir='ltr'><strong>vivacitatem</strong></span> <span class='ocrx_word' id='word_1_217' title='bbox 1388 2528 1703 2602; x_wconf 88' lang='lat' dir='ltr'><strong>ingenii,ut</strong></span> <span class='ocrx_word' id='word_1_218' title='bbox 1719 2529 1854 2602; x_wconf 86' lang='lat' dir='ltr'><strong>quia</strong></span> <span class='ocrx_word' id='word_1_219' title='bbox 1873 2546 2028 2586; x_wconf 90' lang='lat' dir='ltr'><strong>sum-</strong></span> 
     </span>
    </p>
   </div>
   <div class='ocr_carea' id='block_1_29' title="bbox 377 2616 2030 2693">
    <p class='ocr_par' dir='ltr' id='par_1_29' title="bbox 377 2616 2030 2693">
     <span class='ocr_line' id='line_1_29' title="bbox 377 2616 2030 2693; baseline -0.003 -15"><span class='ocrx_word' id='word_1_220' title='bbox 377 2638 542 2693; x_wconf 88' lang='lat' dir='ltr'><strong>mum</strong></span> <span class='ocrx_word' id='word_1_221' title='bbox 575 2621 795 2677; x_wconf 90' lang='lat' dir='ltr'><strong>bonum</strong></span> <span class='ocrx_word' id='word_1_222' title='bbox 828 2635 1085 2692; x_wconf 70' lang='lat' dir='ltr'><strong>quaerere</strong></span> <span class='ocrx_word' id='word_1_223' title='bbox 1117 2617 1342 2686; x_wconf 90' lang='lat' dir='ltr'><strong>niteris,</strong></span> <span class='ocrx_word' id='word_1_224' title='bbox 1357 2616 1508 2672; x_wconf 89' lang='lat' dir='ltr'><strong>viam</strong></span> <span class='ocrx_word' id='word_1_225' title='bbox 1540 2617 1871 2690; x_wconf 89' lang='lat' dir='ltr'><strong>inquirendi</strong></span> <span class='ocrx_word' id='word_1_226' title='bbox 1895 2635 2030 2690; x_wconf 90' lang='lat' dir='ltr'><strong>pur-</strong></span> 
     </span>
    </p>
   </div>
   <div class='ocr_carea' id='block_1_30' title="bbox 377 2706 2025 2785">
    <p class='ocr_par' dir='ltr' id='par_1_30' title="bbox 377 2706 2025 2785">
     <span class='ocr_line' id='line_1_30' title="bbox 377 2706 2025 2785; baseline -0.002 -18"><span class='ocrx_word' id='word_1_227' title='bbox 377 2727 514 2785; x_wconf 85' lang='lat' dir='ltr'><strong>gare</strong></span> <span class='ocrx_word' id='word_1_228' title='bbox 543 2708 796 2779; x_wconf 89' lang='lat' dir='ltr'><strong>conaris,</strong></span> <span class='ocrx_word' id='word_1_229' title='bbox 822 2725 926 2780; x_wconf 90' lang='lat' dir='ltr'><strong>per</strong></span> <span class='ocrx_word' id='word_1_230' title='bbox 947 2723 1124 2780; x_wconf 86' lang='lat' dir='ltr'><strong>quam</strong></span> <span class='ocrx_word' id='word_1_231' title='bbox 1153 2707 1224 2762; x_wconf 86' lang='lat' dir='ltr'><strong>ad</strong></span> <span class='ocrx_word' id='word_1_232' title='bbox 1257 2706 1458 2780; x_wconf 84' lang='lat' dir='ltr'><strong>cupita</strong></span> <span class='ocrx_word' id='word_1_233' title='bbox 1485 2707 1782 2779; x_wconf 88' lang='lat' dir='ltr'><strong>pervenire</strong></span> <span class='ocrx_word' id='word_1_234' title='bbox 1812 2708 2025 2780; x_wconf 88' lang='lat' dir='ltr'><strong>possis.</strong></span> 
     </span>
    </p>
   </div>
   <div class='ocr_carea' id='block_1_31' title="bbox 377 2795 2026 2874">
    <p class='ocr_par' dir='ltr' id='par_1_31' title="bbox 377 2795 2026 2874">
     <span class='ocr_line' id='line_1_31' title="bbox 377 2795 2026 2874; baseline -0.004 -16"><span class='ocrx_word' id='word_1_235' title='bbox 377 2803 576 2874; x_wconf 85' lang='lat' dir='ltr'><strong>Neque</strong></span> <span class='ocrx_word' id='word_1_236' title='bbox 606 2797 763 2854; x_wconf 89' lang='lat' dir='ltr'><strong>enim</strong></span> <span class='ocrx_word' id='word_1_237' title='bbox 793 2795 880 2853; x_wconf 87' lang='lat' dir='ltr'><strong>vel</strong></span> <span class='ocrx_word' id='word_1_238' title='bbox 910 2795 1213 2868; x_wconf 86' lang='lat' dir='ltr'><strong>gressibus</strong></span> <span class='ocrx_word' id='word_1_239' title='bbox 1236 2795 1496 2868; x_wconf 89' lang='lat' dir='ltr'><strong>corporis</strong></span> <span class='ocrx_word' id='word_1_240' title='bbox 1523 2795 1638 2852; x_wconf 89' lang='lat' dir='ltr'><strong>Deo</strong></span> <span class='ocrx_word' id='word_1_241' title='bbox 1673 2795 2026 2869; x_wconf 86' lang='lat' dir='ltr'><strong>propinqua-</strong></span> 
     </span>
    </p>
   </div>
   <div class='ocr_carea' id='block_1_32' title="bbox 377 2883 2030 2958">
    <p class='ocr_par' dir='ltr' id='par_1_32' title="bbox 377 2883 2030 2958">
     <span class='ocr_line' id='line_1_32' title="bbox 377 2883 2030 2958; baseline -0.004 -12"><span class='ocrx_word' id='word_1_242' title='bbox 377 2893 492 2956; x_wconf 90' lang='lat' dir='ltr'><strong>tur,</strong></span> <span class='ocrx_word' id='word_1_243' title='bbox 513 2886 602 2945; x_wconf 87' lang='lat' dir='ltr'><strong>vel</strong></span> <span class='ocrx_word' id='word_1_244' title='bbox 625 2885 812 2943; x_wconf 90' lang='lat' dir='ltr'><strong>oculis</strong></span> <span class='ocrx_word' id='word_1_245' title='bbox 831 2886 962 2958; x_wconf 87' lang='lat' dir='ltr'><strong>ejus</strong></span> <span class='ocrx_word' id='word_1_246' title='bbox 985 2883 1182 2940; x_wconf 85' lang='lat' dir='ltr'><strong>divina</strong></span> <span class='ocrx_word' id='word_1_247' title='bbox 1207 2888 1419 2940; x_wconf 88' lang='lat' dir='ltr'><strong>natura</strong></span> <span class='ocrx_word' id='word_1_248' title='bbox 1447 2883 1706 2956; x_wconf 89' lang='lat' dir='ltr'><strong>corporis</strong></span> <span class='ocrx_word' id='word_1_249' title='bbox 1728 2885 2030 2956; x_wconf 71' lang='lat' dir='ltr'><strong>maiestas-</strong></span> 
     </span>
    </p>
   </div>
   <div class='ocr_carea' id='block_1_33' title="bbox 375 2971 2025 3052">
    <p class='ocr_par' dir='ltr' id='par_1_33' title="bbox 375 2971 2025 3052">
     <span class='ocr_line' id='line_1_33' title="bbox 375 2971 2025 3052; baseline -0.003 -18"><span class='ocrx_word' id='word_1_250' title='bbox 375 2993 488 3052; x_wconf 89' lang='lat' dir='ltr'><strong>que</strong></span> <span class='ocrx_word' id='word_1_251' title='bbox 501 2975 978 3051; x_wconf 86' lang='lat' dir='ltr'><strong>perspicitur,sed</strong></span> <span class='ocrx_word' id='word_1_252' title='bbox 997 2972 1114 3030; x_wconf 87' lang='lat' dir='ltr'><strong>illis</strong></span> <span class='ocrx_word' id='word_1_253' title='bbox 1126 2973 1400 3044; x_wconf 85' lang='lat' dir='ltr'><strong>passibus</strong></span> <span class='ocrx_word' id='word_1_254' title='bbox 1413 2971 1924 3044; x_wconf 90' lang='lat' dir='ltr'><strong>atqueluminibus</strong></span> <span class='ocrx_word' id='word_1_255' title='bbox 1937 2972 2025 3029; x_wconf 90' lang='lat' dir='ltr'><strong>vel</strong></span> 
     </span>
    </p>
   </div>
   <div class='ocr_carea' id='block_1_34' title="bbox 375 3061 2027 3139">
    <p class='ocr_par' dir='ltr' id='par_1_34' title="bbox 375 3061 2027 3139">
     <span class='ocr_line' id='line_1_34' title="bbox 375 3061 2027 3139; baseline -0.003 -17"><span class='ocrx_word' id='word_1_256' title='bbox 375 3063 824 3139; x_wconf 84' lang='lat' dir='ltr'><strong>aggreditur,vel</strong></span> <span class='ocrx_word' id='word_1_257' title='bbox 844 3061 1198 3129; x_wconf 90' lang='lat' dir='ltr'><strong>cernitur,de</strong></span> <span class='ocrx_word' id='word_1_258' title='bbox 1213 3061 1430 3134; x_wconf 89' lang='lat' dir='ltr'><strong>quibus</strong></span> <span class='ocrx_word' id='word_1_259' title='bbox 1451 3061 1764 3133; x_wconf 85' lang='lat' dir='ltr'><strong>Propheta:</strong></span> <span class='ocrx_word' id='word_1_260' title='bbox 1785 3061 2027 3118; x_wconf 78' lang='lat' dir='ltr'><strong>Accedite</strong></span> 
     </span>
    </p>
   </div>
   <div class='ocr_carea' id='block_1_35' title="bbox 2679 717 3261 775">
    <p class='ocr_par' dir='ltr' id='par_1_35' title="bbox 2679 717 3261 775">
     <span class='ocr_line' id='line_1_35' title="bbox 2679 717 3261 775; baseline 0.002 -2"><span class='ocrx_word' id='word_1_261' title='bbox 2679 717 2914 775; x_wconf 83' lang='lat' dir='ltr'><strong>CAPUT</strong></span> <span class='ocrx_word' id='word_1_262' title='bbox 2953 718 3261 775; x_wconf 78' lang='lat' dir='ltr'><strong>PRIMUM.</strong></span> 
     </span>
    </p>
   </div>
   <div class='ocr_carea' id='block_1_36' title="bbox 2581 817 3372 888">
    <p class='ocr_par' dir='ltr' id='par_1_36' title="bbox 2581 817 3372 888">
     <span class='ocr_line' id='line_1_36' title="bbox 2581 817 3372 888; baseline 0 -16"><span class='ocrx_word' id='word_1_263' title='bbox 2581 817 2768 872; x_wconf 85' lang='lat' dir='ltr'><strong>Utrum</strong></span> <span class='ocrx_word' id='word_1_264' title='bbox 2792 818 2980 872; x_wconf 85' lang='lat' dir='ltr'><strong>anima</strong></span> <span class='ocrx_word' id='word_1_265' title='bbox 3001 833 3257 888; x_wconf 82' lang='lat' dir='ltr'><strong>corporea</strong></span> <span class='ocrx_word' id='word_1_266' title='bbox 3277 819 3372 874; x_wconf 76' lang='lat' dir='ltr'><strong>sit.</strong></span> 
     </span>
    </p>
   </div>
   <div class='ocr_carea' id='block_1_37' title="bbox 2223 931 3770 1006">
    <p class='ocr_par' dir='ltr' id='par_1_37' title="bbox 2223 931 3770 1006">
     <span class='ocr_line' id='line_1_37' title="bbox 2223 931 3770 1006; baseline 0.002 -20"><span class='ocrx_word' id='word_1_267' title='bbox 2223 931 2415 988; x_wconf 87' lang='lat' dir='ltr'><strong>Prima</strong></span> <span class='ocrx_word' id='word_1_268' title='bbox 2425 949 2562 1006; x_wconf 86' lang='lat' dir='ltr'><strong>ergo</strong></span> <span class='ocrx_word' id='word_1_269' title='bbox 2578 932 2898 1004; x_wconf 89' lang='lat' dir='ltr'><strong>propositio</strong></span> <span class='ocrx_word' id='word_1_270' title='bbox 2914 933 3256 990; x_wconf 91' lang='lat' dir='ltr'><strong>eorumdem</strong></span> <span class='ocrx_word' id='word_1_271' title='bbox 3271 931 3770 1006; x_wconf 76' lang='lat' dir='ltr'><strong>capitulorumest:</strong></span> 
     </span>
    </p>
   </div>
   <div class='ocr_carea' id='block_1_38' title="bbox 2151 1021 3770 1094">
    <p class='ocr_par' dir='ltr' id='par_1_38' title="bbox 2151 1021 3770 1094">
     <span class='ocr_line' id='line_1_38' title="bbox 2151 1021 3770 1094; baseline 0.001 -18"><span class='ocrx_word' id='word_1_272' title='bbox 2151 1021 2356 1077; x_wconf 86' lang='lat' dir='ltr'><strong>Utrum</strong></span> <span class='ocrx_word' id='word_1_273' title='bbox 2387 1021 2585 1078; x_wconf 89' lang='lat' dir='ltr'><strong>anima</strong></span> <span class='ocrx_word' id='word_1_274' title='bbox 2606 1037 2882 1094; x_wconf 88' lang='lat' dir='ltr'><strong>corporea</strong></span> <span class='ocrx_word' id='word_1_275' title='bbox 2907 1021 3001 1077; x_wconf 89' lang='lat' dir='ltr'><strong>sit.</strong></span> <span class='ocrx_word' id='word_1_276' title='bbox 3025 1023 3196 1078; x_wconf 78' lang='lat' dir='ltr'><strong>Porro</strong></span> <span class='ocrx_word' id='word_1_277' title='bbox 3227 1022 3396 1079; x_wconf 86' lang='lat' dir='ltr'><strong>nobis</strong></span> <span class='ocrx_word' id='word_1_278' title='bbox 3417 1023 3618 1078; x_wconf 89' lang='lat' dir='ltr'><strong>anima</strong></span> <span class='ocrx_word' id='word_1_279' title='bbox 3635 1027 3770 1079; x_wconf 86' lang='lat' dir='ltr'><strong>tante</strong></span> 
     </span>
    </p>
   </div>
   <div class='ocr_carea' id='block_1_39' title="bbox 2150 1109 3770 1184">
    <p class='ocr_par' dir='ltr' id='par_1_39' title="bbox 2150 1109 3770 1184">
     <span class='ocr_line' id='line_1_39' title="bbox 2150 1109 3770 1184; baseline 0 -18"><span class='ocrx_word' id='word_1_280' title='bbox 2150 1113 2349 1166; x_wconf 83' lang='lat' dir='ltr'><strong>minus</strong></span> <span class='ocrx_word' id='word_1_281' title='bbox 2375 1126 2654 1182; x_wconf 89' lang='lat' dir='ltr'><strong>corporea</strong></span> <span class='ocrx_word' id='word_1_282' title='bbox 2672 1109 2923 1178; x_wconf 87' lang='lat' dir='ltr'><strong>videtur,</strong></span> <span class='ocrx_word' id='word_1_283' title='bbox 2947 1114 3168 1182; x_wconf 90' lang='lat' dir='ltr'><strong>quanto</strong></span> <span class='ocrx_word' id='word_1_284' title='bbox 3199 1110 3398 1166; x_wconf 88' lang='lat' dir='ltr'><strong>minus</strong></span> <span class='ocrx_word' id='word_1_285' title='bbox 3416 1127 3488 1168; x_wconf 80' lang='lat' dir='ltr'><strong>ex</strong></span> <span class='ocrx_word' id='word_1_286' title='bbox 3504 1109 3643 1178; x_wconf 84' lang='lat' dir='ltr'><strong>illis,</strong></span> <span class='ocrx_word' id='word_1_287' title='bbox 3665 1110 3770 1184; x_wconf 88' lang='lat' dir='ltr'><strong>qui-</strong></span> 
     </span>
    </p>
   </div>
   <div class='ocr_carea' id='block_1_40' title="bbox 2147 1198 3772 1271">
    <p class='ocr_par' dir='ltr' id='par_1_40' title="bbox 2147 1198 3772 1271">
     <span class='ocr_line' id='line_1_40' title="bbox 2147 1198 3772 1271; baseline 0 -17"><span class='ocrx_word' id='word_1_288' title='bbox 2147 1200 2260 1254; x_wconf 90' lang='lat' dir='ltr'><strong>bus</strong></span> <span class='ocrx_word' id='word_1_289' title='bbox 2299 1204 2511 1254; x_wconf 88' lang='lat' dir='ltr'><strong>cuncta</strong></span> <span class='ocrx_word' id='word_1_290' title='bbox 2549 1214 2793 1270; x_wconf 89' lang='lat' dir='ltr'><strong>corpora</strong></span> <span class='ocrx_word' id='word_1_291' title='bbox 2829 1203 3121 1266; x_wconf 87' lang='lat' dir='ltr'><strong>constant,</strong></span> <span class='ocrx_word' id='word_1_292' title='bbox 3152 1198 3458 1254; x_wconf 91' lang='lat' dir='ltr'><strong>elementis</strong></span> <span class='ocrx_word' id='word_1_293' title='bbox 3495 1205 3772 1271; x_wconf 80' lang='lat' dir='ltr'><strong>compacta</strong></span> 
     </span>
    </p>
   </div>
   <div class='ocr_carea' id='block_1_41' title="bbox 2147 1287 3770 1361">
    <p class='ocr_par' dir='ltr' id='par_1_41' title="bbox 2147 1287 3770 1361">
     <span class='ocr_line' id='line_1_41' title="bbox 2147 1287 3770 1361; baseline -0.001 -18"><span class='ocrx_word' id='word_1_294' title='bbox 2147 1287 2531 1361; x_wconf 83' lang='lat' dir='ltr'><strong>dignoscitur.</strong></span> <span class='ocrx_word' id='word_1_295' title='bbox 2557 1287 2754 1358; x_wconf 87' lang='lat' dir='ltr'><strong>Neque</strong></span> <span class='ocrx_word' id='word_1_296' title='bbox 2781 1287 2938 1342; x_wconf 91' lang='lat' dir='ltr'><strong>enim</strong></span> <span class='ocrx_word' id='word_1_297' title='bbox 2969 1303 3098 1343; x_wconf 88' lang='lat' dir='ltr'><strong>eam</strong></span> <span class='ocrx_word' id='word_1_298' title='bbox 3129 1304 3198 1342; x_wconf 82' lang='lat' dir='ltr'><strong>ex</strong></span> <span class='ocrx_word' id='word_1_299' title='bbox 3227 1303 3378 1353; x_wconf 87' lang='lat' dir='ltr'><strong>aere,</strong></span> <span class='ocrx_word' id='word_1_300' title='bbox 3402 1293 3505 1343; x_wconf 88' lang='lat' dir='ltr'><strong>aut</strong></span> <span class='ocrx_word' id='word_1_301' title='bbox 3533 1287 3672 1360; x_wconf 83' lang='lat' dir='ltr'><strong>igni,</strong></span> <span class='ocrx_word' id='word_1_302' title='bbox 3700 1287 3770 1344; x_wconf 85' lang='lat' dir='ltr'><strong>vel</strong></span> 
     </span>
    </p>
   </div>
   <div class='ocr_carea' id='block_1_42' title="bbox 2147 1367 3768 1450">
    <p class='ocr_par' dir='ltr' id='par_1_42' title="bbox 2147 1367 3768 1450">
     <span class='ocr_line' id='line_1_42' title="bbox 2147 1367 3768 1450; baseline 0.001 -18"><span class='ocrx_word' id='word_1_303' title='bbox 2147 1393 2319 1450; x_wconf 88' lang='lat' dir='ltr'><strong>aqua,</strong></span> <span class='ocrx_word' id='word_1_304' title='bbox 2344 1381 2614 1448; x_wconf 89' lang='lat' dir='ltr'><strong>terraque</strong></span> <span class='ocrx_word' id='word_1_305' title='bbox 2633 1367 2957 1432; x_wconf 82' lang='lat' dir='ltr'><strong>consistere</strong></span> <span class='ocrx_word' id='word_1_306' title='bbox 2975 1375 3302 1446; x_wconf 89' lang='lat' dir='ltr'><strong>credimus;</strong></span> <span class='ocrx_word' id='word_1_307' title='bbox 3325 1377 3426 1432; x_wconf 89' lang='lat' dir='ltr'><strong>sed</strong></span> <span class='ocrx_word' id='word_1_308' title='bbox 3457 1394 3493 1432; x_wconf 89' lang='lat' dir='ltr'><strong>a</strong></span> <span class='ocrx_word' id='word_1_309' title='bbox 3511 1377 3627 1432; x_wconf 89' lang='lat' dir='ltr'><strong>Deo</strong></span> <span class='ocrx_word' id='word_1_310' title='bbox 3654 1393 3768 1433; x_wconf 87' lang='lat' dir='ltr'><strong>con-</strong></span> 
     </span>
    </p>
   </div>
   <div class='ocr_carea' id='block_1_43' title="bbox 2145 1465 3771 1538">
    <p class='ocr_par' dir='ltr' id='par_1_43' title="bbox 2145 1465 3771 1538">
     <span class='ocr_line' id='line_1_43' title="bbox 2145 1465 3771 1538; baseline -0.001 -16"><span class='ocrx_word' id='word_1_311' title='bbox 2145 1467 2328 1522; x_wconf 87' lang='lat' dir='ltr'><strong>ditam</strong></span> <span class='ocrx_word' id='word_1_312' title='bbox 2361 1467 2635 1536; x_wconf 87' lang='lat' dir='ltr'><strong>dicimus,</strong></span> <span class='ocrx_word' id='word_1_313' title='bbox 2657 1470 2946 1538; x_wconf 87' lang='lat' dir='ltr'><strong>quantum</strong></span> <span class='ocrx_word' id='word_1_314' title='bbox 2969 1465 3205 1537; x_wconf 90' lang='lat' dir='ltr'><strong>quidem</strong></span> <span class='ocrx_word' id='word_1_315' title='bbox 3234 1465 3308 1522; x_wconf 90' lang='lat' dir='ltr'><strong>ad</strong></span> <span class='ocrx_word' id='word_1_316' title='bbox 3335 1481 3554 1538; x_wconf 87' lang='lat' dir='ltr'><strong>corpus</strong></span> <span class='ocrx_word' id='word_1_317' title='bbox 3572 1470 3771 1537; x_wconf 78' lang='lat' dir='ltr'><strong>spectat</strong></span> 
     </span>
    </p>
   </div>
   <div class='ocr_carea' id='block_1_44' title="bbox 2145 1553 3767 1627">
    <p class='ocr_par' dir='ltr' id='par_1_44' title="bbox 2145 1553 3767 1627">
     <span class='ocr_line' id='line_1_44' title="bbox 2145 1553 3767 1627; baseline -0.001 -16"><span class='ocrx_word' id='word_1_318' title='bbox 2145 1555 2300 1627; x_wconf 91' lang='lat' dir='ltr'><strong>quod</strong></span> <span class='ocrx_word' id='word_1_319' title='bbox 2333 1554 2426 1610; x_wconf 91' lang='lat' dir='ltr'><strong>his</strong></span> <span class='ocrx_word' id='word_1_320' title='bbox 2455 1553 2758 1610; x_wconf 89' lang='lat' dir='ltr'><strong>elementis</strong></span> <span class='ocrx_word' id='word_1_321' title='bbox 2805 1553 3078 1608; x_wconf 89' lang='lat' dir='ltr'><strong>subsistit</strong></span> <span class='ocrx_word' id='word_1_322' title='bbox 3125 1553 3476 1625; x_wconf 88' lang='lat' dir='ltr'><strong>simplicem,</strong></span> <span class='ocrx_word' id='word_1_323' title='bbox 3507 1553 3558 1610; x_wconf 90' lang='lat' dir='ltr'><strong>si</strong></span> <span class='ocrx_word' id='word_1_324' title='bbox 3596 1558 3767 1610; x_wconf 86' lang='lat' dir='ltr'><strong>autem</strong></span> 
     </span>
    </p>
   </div>
   <div class='ocr_carea' id='block_1_45' title="bbox 2143 1641 3768 1715">
    <p class='ocr_par' dir='ltr' id='par_1_45' title="bbox 2143 1641 3768 1715">
     <span class='ocr_line' id='line_1_45' title="bbox 2143 1641 3768 1715; baseline 0 -17"><span class='ocrx_word' id='word_1_325' title='bbox 2143 1643 2400 1699; x_wconf 78' lang='lat' dir='ltr'><strong>Creatori</strong></span> <span class='ocrx_word' id='word_1_326' title='bbox 2429 1643 2784 1708; x_wconf 82' lang='lat' dir='ltr'><strong>conferatur,</strong></span> <span class='ocrx_word' id='word_1_327' title='bbox 2807 1641 3216 1714; x_wconf 88' lang='lat' dir='ltr'><strong>multiplicem.</strong></span> <span class='ocrx_word' id='word_1_328' title='bbox 3249 1641 3506 1715; x_wconf 83' lang='lat' dir='ltr'><strong>Simplex</strong></span> <span class='ocrx_word' id='word_1_329' title='bbox 3525 1641 3676 1698; x_wconf 89' lang='lat' dir='ltr'><strong>enim</strong></span> <span class='ocrx_word' id='word_1_330' title='bbox 3695 1649 3768 1698; x_wconf 85' lang='lat' dir='ltr'><strong>est</strong></span> 
     </span>
    </p>
   </div>
   <div class='ocr_carea' id='block_1_46' title="bbox 2144 1729 3767 1804">
    <p class='ocr_par' dir='ltr' id='par_1_46' title="bbox 2144 1729 3767 1804">
     <span class='ocr_line' id='line_1_46' title="bbox 2144 1729 3767 1804; baseline -0.001 -18"><span class='ocrx_word' id='word_1_331' title='bbox 2144 1737 2431 1804; x_wconf 88' lang='lat' dir='ltr'><strong>quantum</strong></span> <span class='ocrx_word' id='word_1_332' title='bbox 2455 1731 2524 1786; x_wconf 89' lang='lat' dir='ltr'><strong>ad</strong></span> <span class='ocrx_word' id='word_1_333' title='bbox 2545 1731 2804 1804; x_wconf 88' lang='lat' dir='ltr'><strong>corporis</strong></span> <span class='ocrx_word' id='word_1_334' title='bbox 2825 1729 3169 1802; x_wconf 88' lang='lat' dir='ltr'><strong>qualitatem</strong></span> <span class='ocrx_word' id='word_1_335' title='bbox 3203 1735 3446 1802; x_wconf 89' lang='lat' dir='ltr'><strong>spectat,</strong></span> <span class='ocrx_word' id='word_1_336' title='bbox 3470 1729 3612 1803; x_wconf 85' lang='lat' dir='ltr'><strong>quia</strong></span> <span class='ocrx_word' id='word_1_337' title='bbox 3627 1746 3767 1786; x_wconf 82' lang='lat' dir='ltr'><strong>crea-</strong></span> 
     </span>
    </p>
   </div>
   <div class='ocr_carea' id='block_1_47' title="bbox 2143 1817 3762 1893">
    <p class='ocr_par' dir='ltr' id='par_1_47' title="bbox 2143 1817 3762 1893">
     <span class='ocr_line' id='line_1_47' title="bbox 2143 1817 3762 1893; baseline -0.001 -17"><span class='ocrx_word' id='word_1_338' title='bbox 2143 1821 2222 1876; x_wconf 88' lang='lat' dir='ltr'><strong>tio</strong></span> <span class='ocrx_word' id='word_1_339' title='bbox 2243 1824 2392 1893; x_wconf 82' lang='lat' dir='ltr'><strong>ejus,</strong></span> <span class='ocrx_word' id='word_1_340' title='bbox 2407 1823 2474 1875; x_wconf 89' lang='lat' dir='ltr'><strong>ut</strong></span> <span class='ocrx_word' id='word_1_341' title='bbox 2492 1819 2716 1874; x_wconf 90' lang='lat' dir='ltr'><strong>dictum</strong></span> <span class='ocrx_word' id='word_1_342' title='bbox 2739 1823 2846 1887; x_wconf 90' lang='lat' dir='ltr'><strong>est,</strong></span> <span class='ocrx_word' id='word_1_343' title='bbox 2863 1835 2932 1874; x_wconf 82' lang='lat' dir='ltr'><strong>ex</strong></span> <span class='ocrx_word' id='word_1_344' title='bbox 2957 1817 3135 1873; x_wconf 89' lang='lat' dir='ltr'><strong>nullis</strong></span> <span class='ocrx_word' id='word_1_345' title='bbox 3154 1818 3426 1875; x_wconf 88' lang='lat' dir='ltr'><strong>subsistit</strong></span> <span class='ocrx_word' id='word_1_346' title='bbox 3444 1817 3762 1875; x_wconf 87' lang='lat' dir='ltr'><strong>elementis:</strong></span> 
     </span>
    </p>
   </div>
   <div class='ocr_carea' id='block_1_48' title="bbox 2140 1905 3766 1979">
    <p class='ocr_par' dir='ltr' id='par_1_48' title="bbox 2140 1905 3766 1979">
     <span class='ocr_line' id='line_1_48' title="bbox 2140 1905 3766 1979; baseline -0.002 -14"><span class='ocrx_word' id='word_1_347' title='bbox 2140 1909 2349 1965; x_wconf 90' lang='lat' dir='ltr'><strong>collata</strong></span> <span class='ocrx_word' id='word_1_348' title='bbox 2378 1914 2574 1964; x_wconf 89' lang='lat' dir='ltr'><strong>tamen</strong></span> <span class='ocrx_word' id='word_1_349' title='bbox 2613 1907 2730 1962; x_wconf 91' lang='lat' dir='ltr'><strong>Deo</strong></span> <span class='ocrx_word' id='word_1_350' title='bbox 2769 1905 3096 1979; x_wconf 89' lang='lat' dir='ltr'><strong>multiplex,</strong></span> <span class='ocrx_word' id='word_1_351' title='bbox 3127 1906 3269 1978; x_wconf 88' lang='lat' dir='ltr'><strong>quia</strong></span> <span class='ocrx_word' id='word_1_352' title='bbox 3313 1906 3492 1964; x_wconf 88' lang='lat' dir='ltr'><strong>variis</strong></span> <span class='ocrx_word' id='word_1_353' title='bbox 3540 1907 3766 1963; x_wconf 78' lang='lat' dir='ltr'><strong>obnoxia</strong></span> 
     </span>
    </p>
   </div>
   <div class='ocr_carea' id='block_1_49' title="bbox 2139 1995 3760 2070">
    <p class='ocr_par' dir='ltr' id='par_1_49' title="bbox 2139 1995 3760 2070">
     <span class='ocr_line' id='line_1_49' title="bbox 2139 1995 3760 2070; baseline -0.003 -15"><span class='ocrx_word' id='word_1_354' title='bbox 2139 1997 2532 2070; x_wconf 83' lang='lat' dir='ltr'><strong>passionibus,</strong></span> <span class='ocrx_word' id='word_1_355' title='bbox 2567 1996 2740 2051; x_wconf 89' lang='lat' dir='ltr'><strong>modo</strong></span> <span class='ocrx_word' id='word_1_356' title='bbox 2773 1995 3036 2068; x_wconf 88' lang='lat' dir='ltr'><strong>cupiens,</strong></span> <span class='ocrx_word' id='word_1_357' title='bbox 3069 1996 3242 2051; x_wconf 90' lang='lat' dir='ltr'><strong>modo</strong></span> <span class='ocrx_word' id='word_1_358' title='bbox 3283 1996 3595 2069; x_wconf 88' lang='lat' dir='ltr'><strong>concupita</strong></span> <span class='ocrx_word' id='word_1_359' title='bbox 3622 1995 3760 2052; x_wconf 77' lang='lat' dir='ltr'><strong>lasti-</strong></span> 
     </span>
    </p>
   </div>
   <div class='ocr_carea' id='block_1_50' title="bbox 2139 2079 3760 2155">
    <p class='ocr_par' dir='ltr' id='par_1_50' title="bbox 2139 2079 3760 2155">
     <span class='ocr_line' id='line_1_50' title="bbox 2139 2079 3760 2155; baseline -0.002 -14"><span class='ocrx_word' id='word_1_360' title='bbox 2139 2087 2326 2152; x_wconf 85' lang='lat' dir='ltr'><strong>diens,</strong></span> <span class='ocrx_word' id='word_1_361' title='bbox 2361 2085 2533 2140; x_wconf 90' lang='lat' dir='ltr'><strong>modo</strong></span> <span class='ocrx_word' id='word_1_362' title='bbox 2563 2083 2714 2149; x_wconf 78' lang='lat' dir='ltr'><strong>laeta,</strong></span> <span class='ocrx_word' id='word_1_363' title='bbox 2747 2079 2920 2138; x_wconf 81' lang='lat' dir='ltr'><strong>modo</strong></span> <span class='ocrx_word' id='word_1_364' title='bbox 2960 2083 3168 2150; x_wconf 88' lang='lat' dir='ltr'><strong>tristis,</strong></span> <span class='ocrx_word' id='word_1_365' title='bbox 3203 2084 3376 2138; x_wconf 88' lang='lat' dir='ltr'><strong>modo</strong></span> <span class='ocrx_word' id='word_1_366' title='bbox 3405 2083 3576 2155; x_wconf 89' lang='lat' dir='ltr'><strong>sapit,</strong></span> <span class='ocrx_word' id='word_1_367' title='bbox 3610 2083 3760 2138; x_wconf 88' lang='lat' dir='ltr'><strong>modo</strong></span> 
     </span>
    </p>
   </div>
   <div class='ocr_carea' id='block_1_51' title="bbox 2137 2169 3760 2246">
    <p class='ocr_par' dir='ltr' id='par_1_51' title="bbox 2137 2169 3760 2246">
     <span class='ocr_line' id='line_1_51' title="bbox 2137 2169 3760 2246; baseline -0.002 -16"><span class='ocrx_word' id='word_1_368' title='bbox 2137 2174 2373 2246; x_wconf 89' lang='lat' dir='ltr'><strong>desipit.</strong></span> <span class='ocrx_word' id='word_1_369' title='bbox 2407 2173 2570 2239; x_wconf 90' lang='lat' dir='ltr'><strong>Quod</strong></span> <span class='ocrx_word' id='word_1_370' title='bbox 2605 2172 2663 2226; x_wconf 86' lang='lat' dir='ltr'><strong>in</strong></span> <span class='ocrx_word' id='word_1_371' title='bbox 2695 2171 2878 2227; x_wconf 89' lang='lat' dir='ltr'><strong>Deum</strong></span> <span class='ocrx_word' id='word_1_372' title='bbox 2903 2169 3268 2229; x_wconf 91' lang='lat' dir='ltr'><strong>.nullomodo</strong></span> <span class='ocrx_word' id='word_1_373' title='bbox 3314 2172 3522 2227; x_wconf 88' lang='lat' dir='ltr'><strong>cadere</strong></span> <span class='ocrx_word' id='word_1_374' title='bbox 3551 2170 3760 2226; x_wconf 89' lang='lat' dir='ltr'><strong>sobrius</strong></span> 
     </span>
    </p>
   </div>
   <div class='ocr_carea' id='block_1_52' title="bbox 2135 2259 3762 2335">
    <p class='ocr_par' dir='ltr' id='par_1_52' title="bbox 2135 2259 3762 2335">
     <span class='ocr_line' id='line_1_52' title="bbox 2135 2259 3762 2335; baseline -0.003 -17"><span class='ocrx_word' id='word_1_375' title='bbox 2135 2263 2292 2335; x_wconf 87' lang='lat' dir='ltr'><strong>capit</strong></span> <span class='ocrx_word' id='word_1_376' title='bbox 2321 2261 2672 2326; x_wconf 89' lang='lat' dir='ltr'><strong>intellectus,</strong></span> <span class='ocrx_word' id='word_1_377' title='bbox 2695 2261 2796 2332; x_wconf 89' lang='lat' dir='ltr'><strong>qui</strong></span> <span class='ocrx_word' id='word_1_378' title='bbox 2843 2260 3126 2331; x_wconf 89' lang='lat' dir='ltr'><strong>Spiritum</strong></span> <span class='ocrx_word' id='word_1_379' title='bbox 3158 2264 3427 2316; x_wconf 88' lang='lat' dir='ltr'><strong>sanctum</strong></span> <span class='ocrx_word' id='word_1_380' title='bbox 3471 2259 3708 2316; x_wconf 83' lang='lat' dir='ltr'><strong>intendit</strong></span> <span class='ocrx_word' id='word_1_381' title='bbox 3731 2275 3762 2314; x_wconf 83' lang='lat' dir='ltr'><strong>a</strong></span> 
     </span>
    </p>
   </div>
   <div class='ocr_carea' id='block_1_53' title="bbox 2136 2348 3758 2421">
    <p class='ocr_par' dir='ltr' id='par_1_53' title="bbox 2136 2348 3758 2421">
     <span class='ocr_line' id='line_1_53' title="bbox 2136 2348 3758 2421; baseline -0.003 -14"><span class='ocrx_word' id='word_1_382' title='bbox 2136 2356 2402 2407; x_wconf 84' lang='lat' dir='ltr'><strong>creatura</strong></span> <span class='ocrx_word' id='word_1_383' title='bbox 2431 2351 2856 2406; x_wconf 85' lang='lat' dir='ltr'><strong>discernentem</strong></span> <span class='ocrx_word' id='word_1_384' title='bbox 2889 2350 3240 2416; x_wconf 83' lang='lat' dir='ltr'><strong>Creatorem,</strong></span> <span class='ocrx_word' id='word_1_385' title='bbox 3275 2349 3376 2421; x_wconf 87' lang='lat' dir='ltr'><strong>qui</strong></span> <span class='ocrx_word' id='word_1_386' title='bbox 3407 2365 3511 2421; x_wconf 89' lang='lat' dir='ltr'><strong>per</strong></span> <span class='ocrx_word' id='word_1_387' title='bbox 3539 2348 3758 2404; x_wconf 87' lang='lat' dir='ltr'><strong>Psalmi-</strong></span> 
     </span>
    </p>
   </div>
   <div class='ocr_carea' id='block_1_54' title="bbox 2135 2438 3760 2507">
    <p class='ocr_par' dir='ltr' id='par_1_54' title="bbox 2135 2438 3760 2507">
     <span class='ocr_line' id='line_1_54' title="bbox 2135 2438 3760 2507; baseline -0.002 -9"><span class='ocrx_word' id='word_1_388' title='bbox 2135 2447 2290 2498; x_wconf 90' lang='lat' dir='ltr'><strong>stam</strong></span> <span class='ocrx_word' id='word_1_389' title='bbox 2320 2441 2464 2497; x_wconf 88' lang='lat' dir='ltr'><strong>dicit</strong></span> <span class='ocrx_word' id='word_1_390' title='bbox 2512 2440 2649 2507; x_wconf 91' lang='lat' dir='ltr'><strong>Deo,</strong></span> <span class='ocrx_word' id='word_1_391' title='bbox 2681 2438 2914 2494; x_wconf 80' lang='lat' dir='ltr'><strong>Mntabis</strong></span> <span class='ocrx_word' id='word_1_392' title='bbox 2943 2455 3028 2503; x_wconf 87' lang='lat' dir='ltr'><strong>ea,</strong></span> <span class='ocrx_word' id='word_1_393' title='bbox 3059 2447 3113 2496; x_wconf 89' lang='lat' dir='ltr'><strong>et</strong></span> <span class='ocrx_word' id='word_1_394' title='bbox 3136 2439 3494 2496; x_wconf 82' lang='lat' dir='ltr'><strong>mutabuntur</strong></span> <span class='ocrx_word' id='word_1_395' title='bbox 3523 2457 3542 2494; x_wconf 92' lang='lat'><strong><em>:</em></strong></span> <span class='ocrx_word' id='word_1_396' title='bbox 3569 2447 3626 2494; x_wconf 82' lang='lat' dir='ltr'><strong>tu</strong></span> <span class='ocrx_word' id='word_1_397' title='bbox 3667 2456 3760 2494; x_wconf 72' lang='lat' dir='ltr'><strong>au-</strong></span> 
     </span>
    </p>
   </div>
   <div class='ocr_carea' id='block_1_55' title="bbox 2135 2526 3759 2602">
    <p class='ocr_par' dir='ltr' id='par_1_55' title="bbox 2135 2526 3759 2602">
     <span class='ocr_line' id='line_1_55' title="bbox 2135 2526 3759 2602; baseline -0.003 -15"><span class='ocrx_word' id='word_1_398' title='bbox 2135 2539 2241 2587; x_wconf 84' lang='lat' dir='ltr'><strong>tem</strong></span> <span class='ocrx_word' id='word_1_399' title='bbox 2267 2531 2409 2586; x_wconf 84' lang='lat' dir='ltr'><strong>idem</strong></span> <span class='ocrx_word' id='word_1_400' title='bbox 2437 2531 2554 2602; x_wconf 85' lang='lat' dir='ltr'><strong>ipse</strong></span> <span class='ocrx_word' id='word_1_401' title='bbox 2580 2545 2635 2584; x_wconf 89' lang='lat' dir='ltr'><strong>es</strong></span> <span class='ocrx_word' id='word_1_402' title='bbox 2659 2529 2832 2596; x_wconf 80' lang='lat' dir='ltr'><strong>(Psal.</strong></span> <span class='ocrx_word' id='word_1_403' title='bbox 2858 2544 2933 2596; x_wconf 75' lang='lat' dir='ltr'><strong>cx,</strong></span> <span class='ocrx_word' id='word_1_404' title='bbox 2958 2530 3072 2596; x_wconf 88' lang='lat'><strong>27).</strong></span> <span class='ocrx_word' id='word_1_405' title='bbox 3095 2528 3166 2582; x_wconf 87' lang='lat' dir='ltr'><strong>Et</strong></span> <span class='ocrx_word' id='word_1_406' title='bbox 3213 2527 3426 2584; x_wconf 88' lang='lat' dir='ltr'><strong>iterum</strong></span> <span class='ocrx_word' id='word_1_407' title='bbox 3475 2527 3659 2600; x_wconf 88' lang='lat' dir='ltr'><strong>ipsum</strong></span> <span class='ocrx_word' id='word_1_408' title='bbox 3687 2526 3759 2582; x_wconf 83' lang='lat' dir='ltr'><strong>lo-</strong></span> 
     </span>
    </p>
   </div>
   <div class='ocr_carea' id='block_1_56' title="bbox 2135 2618 3756 2694">
    <p class='ocr_par' dir='ltr' id='par_1_56' title="bbox 2135 2618 3756 2694">
     <span class='ocr_line' id='line_1_56' title="bbox 2135 2618 3756 2694; baseline -0.004 -18"><span class='ocrx_word' id='word_1_409' title='bbox 2135 2625 2447 2694; x_wconf 89' lang='lat' dir='ltr'><strong>quentem:</strong></span> <span class='ocrx_word' id='word_1_410' title='bbox 2477 2620 2585 2691; x_wconf 87' lang='lat' dir='ltr'><strong>Ego</strong></span> <span class='ocrx_word' id='word_1_411' title='bbox 2615 2619 2899 2685; x_wconf 77' lang='lat' dir='ltr'><strong>Dominus,</strong></span> <span class='ocrx_word' id='word_1_412' title='bbox 2929 2626 2981 2674; x_wconf 88' lang='lat' dir='ltr'><strong>et</strong></span> <span class='ocrx_word' id='word_1_413' title='bbox 3008 2634 3120 2674; x_wconf 82' lang='lat' dir='ltr'><strong>non</strong></span> <span class='ocrx_word' id='word_1_414' title='bbox 3144 2626 3326 2674; x_wconf 85' lang='lat' dir='ltr'><strong>mutor</strong></span> <span class='ocrx_word' id='word_1_415' title='bbox 3355 2618 3566 2686; x_wconf 68' lang='lat' dir='ltr'><strong>(Mulae.</strong></span> <span class='ocrx_word' id='word_1_416' title='bbox 3591 2634 3666 2683; x_wconf 76' lang='lat' dir='ltr'><strong>in,</strong></span> <span class='ocrx_word' id='word_1_417' title='bbox 3686 2618 3756 2685; x_wconf 89' lang='lat'><strong>6).</strong></span> 
     </span>
    </p>
   </div>
   <div class='ocr_carea' id='block_1_57' title="bbox 2137 2705 3756 2784">
    <p class='ocr_par' dir='ltr' id='par_1_57' title="bbox 2137 2705 3756 2784">
     <span class='ocr_line' id='line_1_57' title="bbox 2137 2705 3756 2784; baseline -0.002 -19"><span class='ocrx_word' id='word_1_418' title='bbox 2137 2711 2363 2765; x_wconf 84' lang='lat' dir='ltr'><strong>Interea</strong></span> <span class='ocrx_word' id='word_1_419' title='bbox 2393 2713 2453 2764; x_wconf 89' lang='lat' dir='ltr'><strong>et</strong></span> <span class='ocrx_word' id='word_1_420' title='bbox 2479 2707 2537 2784; x_wconf 83' lang='lat' dir='ltr'><strong>si</strong></span> <span class='ocrx_word' id='word_1_421' title='bbox 2559 2706 2773 2762; x_wconf 89' lang='lat' dir='ltr'><strong>creatio</strong></span> <span class='ocrx_word' id='word_1_422' title='bbox 2819 2705 3075 2762; x_wconf 90' lang='lat' dir='ltr'><strong>hominis</strong></span> <span class='ocrx_word' id='word_1_423' title='bbox 3111 2705 3454 2772; x_wconf 88' lang='lat' dir='ltr'><strong>intenditur,</strong></span> <span class='ocrx_word' id='word_1_424' title='bbox 3487 2722 3598 2762; x_wconf 89' lang='lat' dir='ltr'><strong>non</strong></span> <span class='ocrx_word' id='word_1_425' title='bbox 3641 2721 3756 2762; x_wconf 82' lang='lat' dir='ltr'><strong>eam</strong></span> 
     </span>
    </p>
   </div>
   <div class='ocr_carea' id='block_1_58' title="bbox 2135 2793 3759 2872">
    <p class='ocr_par' dir='ltr' id='par_1_58' title="bbox 2135 2793 3759 2872">
     <span class='ocr_line' id='line_1_58' title="bbox 2135 2793 3759 2872; baseline -0.004 -17"><span class='ocrx_word' id='word_1_426' title='bbox 2135 2815 2264 2854; x_wconf 89' lang='lat' dir='ltr'><strong>esse</strong></span> <span class='ocrx_word' id='word_1_427' title='bbox 2293 2813 2506 2870; x_wconf 89' lang='lat' dir='ltr'><strong>corpus</strong></span> <span class='ocrx_word' id='word_1_428' title='bbox 2537 2793 2704 2852; x_wconf 81' lang='lat' dir='ltr'><strong>facile</strong></span> <span class='ocrx_word' id='word_1_429' title='bbox 2732 2793 3220 2872; x_wconf 82' lang='lat' dir='ltr'><strong>deprehenditur.</strong></span> <span class='ocrx_word' id='word_1_430' title='bbox 3246 2795 3400 2852; x_wconf 85' lang='lat' dir='ltr'><strong>Ficto</strong></span> <span class='ocrx_word' id='word_1_431' title='bbox 3431 2809 3673 2868; x_wconf 87' lang='lat' dir='ltr'><strong>namque</strong></span> <span class='ocrx_word' id='word_1_432' title='bbox 3697 2809 3759 2848; x_wconf 77' lang='lat' dir='ltr'><strong>ex</strong></span> 
     </span>
    </p>
   </div>
   <div class='ocr_carea' id='block_1_59' title="bbox 2135 2883 3756 2958">
    <p class='ocr_par' dir='ltr' id='par_1_59' title="bbox 2135 2883 3756 2958">
     <span class='ocr_line' id='line_1_59' title="bbox 2135 2883 3756 2958; baseline -0.002 -16"><span class='ocrx_word' id='word_1_433' title='bbox 2135 2886 2258 2942; x_wconf 87' lang='lat' dir='ltr'><strong>luto</strong></span> <span class='ocrx_word' id='word_1_434' title='bbox 2288 2901 2525 2958; x_wconf 89' lang='lat' dir='ltr'><strong>corpore</strong></span> <span class='ocrx_word' id='word_1_435' title='bbox 2555 2901 2590 2940; x_wconf 89' lang='lat' dir='ltr'><strong>a</strong></span> <span class='ocrx_word' id='word_1_436' title='bbox 2625 2883 2919 2950; x_wconf 86' lang='lat' dir='ltr'><strong>Deo,dicit</strong></span> <span class='ocrx_word' id='word_1_437' title='bbox 2955 2884 3275 2956; x_wconf 88' lang='lat' dir='ltr'><strong>Scriptura,</strong></span> <span class='ocrx_word' id='word_1_438' title='bbox 3307 2884 3610 2956; x_wconf 77' lang='lat' dir='ltr'><strong>[nsumavit</strong></span> <span class='ocrx_word' id='word_1_439' title='bbox 3635 2883 3756 2938; x_wconf 74' lang='lat' dir='ltr'><strong>Deus</strong></span> 
     </span>
    </p>
   </div>
   <div class='ocr_carea' id='block_1_60' title="bbox 2135 2971 3756 3048">
    <p class='ocr_par' dir='ltr' id='par_1_60' title="bbox 2135 2971 3756 3048">
     <span class='ocr_line' id='line_1_60' title="bbox 2135 2971 3756 3048; baseline -0.004 -16"><span class='ocrx_word' id='word_1_440' title='bbox 2135 2979 2196 3032; x_wconf 84' lang='lat' dir='ltr'><strong>in</strong></span> <span class='ocrx_word' id='word_1_441' title='bbox 2220 2977 2420 3047; x_wconf 83' lang='lat' dir='ltr'><strong>faciem</strong></span> <span class='ocrx_word' id='word_1_442' title='bbox 2446 2975 2562 3048; x_wconf 85' lang='lat' dir='ltr'><strong>ejus</strong></span> <span class='ocrx_word' id='word_1_443' title='bbox 2587 2973 2927 3045; x_wconf 80' lang='lat' dir='ltr'><strong>spiraculum</strong></span> <span class='ocrx_word' id='word_1_444' title='bbox 2965 2974 3112 3040; x_wconf 63' lang='lat' dir='ltr'><strong>vitm,</strong></span> <span class='ocrx_word' id='word_1_445' title='bbox 3135 2980 3186 3028; x_wconf 85' lang='lat' dir='ltr'><strong>et</strong></span> <span class='ocrx_word' id='word_1_446' title='bbox 3225 2975 3405 3044; x_wconf 87' lang='lat' dir='ltr'><strong>factus</strong></span> <span class='ocrx_word' id='word_1_447' title='bbox 3433 2980 3510 3028; x_wconf 82' lang='lat' dir='ltr'><strong>est</strong></span> <span class='ocrx_word' id='word_1_448' title='bbox 3534 2973 3678 3027; x_wconf 67' lang='lat' dir='ltr'><strong>horno</strong></span> <span class='ocrx_word' id='word_1_449' title='bbox 3703 2971 3756 3026; x_wconf 65' lang='lat' dir='ltr'><strong>in</strong></span> 
     </span>
    </p>
   </div>
   <div class='ocr_carea' id='block_1_61' title="bbox 2134 3059 3753 3133">
    <p class='ocr_par' dir='ltr' id='par_1_61' title="bbox 2134 3059 3753 3133">
     <span class='ocr_line' id='line_1_61' title="bbox 2134 3059 3753 3133; baseline -0.004 -13"><span class='ocrx_word' id='word_1_450' title='bbox 2134 3068 2382 3122; x_wconf 74' lang='lat' dir='ltr'><strong>animm</strong></span> <span class='ocrx_word' id='word_1_451' title='bbox 2409 3065 2676 3120; x_wconf 80' lang='lat' dir='ltr'><strong>viventem</strong></span> <span class='ocrx_word' id='word_1_452' title='bbox 2692 3061 2843 3131; x_wconf 85' lang='lat' dir='ltr'><strong>(Gen.</strong></span> <span class='ocrx_word' id='word_1_453' title='bbox 2867 3077 2931 3128; x_wconf 81' lang='grc' dir='ltr'><strong>ιι,</strong></span> <span class='ocrx_word' id='word_1_454' title='bbox 2951 3063 3031 3129; x_wconf 88' lang='grc'><strong>7).</strong></span> <span class='ocrx_word' id='word_1_455' title='bbox 3053 3059 3113 3116; x_wconf 91' lang='lat' dir='ltr'><strong>Si</strong></span> <span class='ocrx_word' id='word_1_456' title='bbox 3141 3060 3299 3117; x_wconf 90' lang='lat' dir='ltr'><strong>enim</strong></span> <span class='ocrx_word' id='word_1_457' title='bbox 3321 3077 3536 3133; x_wconf 89' lang='lat' dir='ltr'><strong>corpus</strong></span> <span class='ocrx_word' id='word_1_458' title='bbox 3554 3059 3753 3132; x_wconf 82' lang='lat' dir='ltr'><strong>corpori</strong></span> 
     </span>
    </p>
   </div>
   <div class='ocr_carea' id='block_1_62' title="bbox 373 3133 3752 3224">
    <p class='ocr_par' dir='ltr' id='par_1_62' title="bbox 373 3133 3752 3224">
     <span class='ocr_line' id='line_1_62' title="bbox 373 3133 3752 3224; baseline -0.004 -14"><span class='ocrx_word' id='word_1_459' title='bbox 373 3133 606 3219; x_wconf 65' lang='lat' dir='ltr'><strong>adeum,</strong></span> <span class='ocrx_word' id='word_1_460' title='bbox 623 3151 837 3224; x_wconf 77' lang='lat' dir='ltr'><strong>inquit,</strong></span> <span class='ocrx_word' id='word_1_461' title='bbox 860 3159 910 3206; x_wconf 92' lang='lat' dir='ltr'><strong>et</strong></span> <span class='ocrx_word' id='word_1_462' title='bbox 933 3151 1340 3206; x_wconf 84' lang='lat' dir='ltr'><strong>illuminamini</strong></span> <span class='ocrx_word' id='word_1_463' title='bbox 1359 3149 1530 3222; x_wconf 83' lang='lat' dir='ltr'><strong>(Psal.</strong></span> <span class='ocrx_word' id='word_1_464' title='bbox 1550 3166 1706 3216; x_wconf 68' lang='lat' dir='ltr'><strong>XXIII,</strong></span> <span class='ocrx_word' id='word_1_465' title='bbox 1722 3151 1798 3218; x_wconf 83' lang='lat'><strong>6).</strong></span> <span class='ocrx_word' id='word_1_466' title='bbox 1815 3149 2022 3205; x_wconf 82' lang='lat' dir='ltr'><strong>Animo</strong></span> <span class='ocrx_word' id='word_1_467' title='bbox 2050 3133 2095 3200; x_wconf 62' lang='grc' dir='ltr'><strong>(ἶ</strong></span> <span class='ocrx_word' id='word_1_468' title='bbox 2129 3151 2552 3224; x_wconf 47' lang='lat' dir='ltr'><strong>necteretﬂuid</strong></span> <span class='ocrx_word' id='word_1_469' title='bbox 2565 3152 2816 3206; x_wconf 82' lang='lat' dir='ltr'><strong>duorum</strong></span> <span class='ocrx_word' id='word_1_470' title='bbox 2829 3166 3142 3222; x_wconf 81' lang='lat' dir='ltr'><strong>corporum</strong></span> <span class='ocrx_word' id='word_1_471' title='bbox 3162 3149 3416 3206; x_wconf 79' lang='lat' dir='ltr'><strong>alterum</strong></span> <span class='ocrx_word' id='word_1_472' title='bbox 3427 3145 3752 3205; x_wconf 67' lang='lat' dir='ltr'><strong>viviﬁcaret?</strong></span> 
     </span>
    </p>
   </div>
   <div class='ocr_carea' id='block_1_63' title="bbox 373 3235 2024 3316">
    <p class='ocr_par' dir='ltr' id='par_1_63' title="bbox 373 3235 2024 3316">
     <span class='ocr_line' id='line_1_63' title="bbox 373 3235 2024 3316; baseline -0.003 -18"><span class='ocrx_word' id='word_1_473' title='bbox 373 3259 512 3316; x_wconf 88' lang='lat' dir='ltr'><strong>ergo</strong></span> <span class='ocrx_word' id='word_1_474' title='bbox 533 3242 687 3297; x_wconf 90' lang='lat' dir='ltr'><strong>Deus</strong></span> <span class='ocrx_word' id='word_1_475' title='bbox 703 3237 1002 3312; x_wconf 72' lang='lat' dir='ltr'><strong>quaeritur,</strong></span> <span class='ocrx_word' id='word_1_476' title='bbox 1017 3235 1214 3292; x_wconf 89' lang='lat' dir='ltr'><strong>animo</strong></span> <span class='ocrx_word' id='word_1_477' title='bbox 1233 3242 1342 3292; x_wconf 87' lang='lat' dir='ltr'><strong>Deo</strong></span> <span class='ocrx_word' id='word_1_478' title='bbox 1363 3237 1811 3308; x_wconf 90' lang='lat' dir='ltr'><strong>propinquatur,</strong></span> <span class='ocrx_word' id='word_1_479' title='bbox 1827 3238 2024 3294; x_wconf 90' lang='lat' dir='ltr'><strong>animo</strong></span> 
     </span>
    </p>
   </div>
   <div class='ocr_carea' id='block_1_64' title="bbox 374 3323 2024 3397">
    <p class='ocr_par' dir='ltr' id='par_1_64' title="bbox 374 3323 2024 3397">
     <span class='ocr_line' id='line_1_64' title="bbox 374 3323 2024 3397; baseline -0.002 -11"><span class='ocrx_word' id='word_1_480' title='bbox 374 3330 530 3386; x_wconf 90' lang='lat' dir='ltr'><strong>Deus</strong></span> <span class='ocrx_word' id='word_1_481' title='bbox 549 3327 826 3393; x_wconf 89' lang='lat' dir='ltr'><strong>cernitur,</strong></span> <span class='ocrx_word' id='word_1_482' title='bbox 840 3326 898 3380; x_wconf 90' lang='lat' dir='ltr'><strong>in</strong></span> <span class='ocrx_word' id='word_1_483' title='bbox 919 3327 1090 3397; x_wconf 91' lang='lat' dir='ltr'><strong>cujus</strong></span> <span class='ocrx_word' id='word_1_484' title='bbox 1102 3324 1322 3380; x_wconf 89' lang='lat' dir='ltr'><strong>visione</strong></span> <span class='ocrx_word' id='word_1_485' title='bbox 1340 3328 1461 3380; x_wconf 88' lang='lat' dir='ltr'><strong>tota</strong></span> <span class='ocrx_word' id='word_1_486' title='bbox 1482 3323 1786 3397; x_wconf 90' lang='lat' dir='ltr'><strong>inquisitio</strong></span> <span class='ocrx_word' id='word_1_487' title='bbox 1803 3327 2024 3382; x_wconf 88' lang='lat' dir='ltr'><strong>summi</strong></span> 
     </span>
    </p>
   </div>
   <div class='ocr_carea' id='block_1_65' title="bbox 372 3412 2024 3486">
    <p class='ocr_par' dir='ltr' id='par_1_65' title="bbox 372 3412 2024 3486">
     <span class='ocr_line' id='line_1_65' title="bbox 372 3412 2024 3486; baseline 0 -14"><span class='ocrx_word' id='word_1_488' title='bbox 372 3416 510 3472; x_wconf 89' lang='lat' dir='ltr'><strong>boni</strong></span> <span class='ocrx_word' id='word_1_489' title='bbox 543 3413 901 3486; x_wconf 89' lang='lat' dir='ltr'><strong>adimpletur</strong></span> <span class='ocrx_word' id='word_1_490' title='bbox 921 3413 980 3468; x_wconf 92' lang='lat' dir='ltr'><strong>in</strong></span> <span class='ocrx_word' id='word_1_491' title='bbox 1003 3413 1174 3484; x_wconf 86' lang='lat' dir='ltr'><strong>cujus</strong></span> <span class='ocrx_word' id='word_1_492' title='bbox 1191 3412 1524 3486; x_wconf 86' lang='lat' dir='ltr'><strong>cognitione</strong></span> <span class='ocrx_word' id='word_1_493' title='bbox 1542 3417 1711 3470; x_wconf 91' lang='lat' dir='ltr'><strong>tuum</strong></span> <span class='ocrx_word' id='word_1_494' title='bbox 1734 3415 2024 3472; x_wconf 88' lang='lat' dir='ltr'><strong>nobilissi-</strong></span> 
     </span>
    </p>
   </div>
   <div class='ocr_carea' id='block_1_66' title="bbox 373 3501 2024 3576">
    <p class='ocr_par' dir='ltr' id='par_1_66' title="bbox 373 3501 2024 3576">
     <span class='ocr_line' id='line_1_66' title="bbox 373 3501 2024 3576; baseline 0.001 -16"><span class='ocrx_word' id='word_1_495' title='bbox 373 3521 538 3560; x_wconf 90' lang='lat' dir='ltr'><strong>mum</strong></span> <span class='ocrx_word' id='word_1_496' title='bbox 569 3502 869 3576; x_wconf 86' lang='lat' dir='ltr'><strong>ingenium</strong></span> <span class='ocrx_word' id='word_1_497' title='bbox 900 3501 1170 3575; x_wconf 87' lang='lat' dir='ltr'><strong>occupari</strong></span> <span class='ocrx_word' id='word_1_498' title='bbox 1193 3519 1228 3558; x_wconf 90' lang='lat' dir='ltr'><strong>a</strong></span> <span class='ocrx_word' id='word_1_499' title='bbox 1249 3501 1420 3558; x_wconf 91' lang='lat' dir='ltr'><strong>nobis</strong></span> <span class='ocrx_word' id='word_1_500' title='bbox 1460 3503 1759 3576; x_wconf 88' lang='lat' dir='ltr'><strong>probatur,</strong></span> <span class='ocrx_word' id='word_1_501' title='bbox 1782 3509 1840 3560; x_wconf 89' lang='lat' dir='ltr'><strong>et</strong></span> <span class='ocrx_word' id='word_1_502' title='bbox 1870 3509 2024 3562; x_wconf 90' lang='lat' dir='ltr'><strong>recte</strong></span> 
     </span>
    </p>
   </div>
   <div class='ocr_carea' id='block_1_67' title="bbox 373 3590 2024 3666">
    <p class='ocr_par' dir='ltr' id='par_1_67' title="bbox 373 3590 2024 3666">
     <span class='ocr_line' id='line_1_67' title="bbox 373 3590 2024 3666; baseline 0.001 -17"><span class='ocrx_word' id='word_1_503' title='bbox 373 3591 636 3650; x_wconf 89' lang='lat' dir='ltr'><strong>omnino.</strong></span> <span class='ocrx_word' id='word_1_504' title='bbox 658 3592 856 3665; x_wconf 87' lang='lat' dir='ltr'><strong>Neque</strong></span> <span class='ocrx_word' id='word_1_505' title='bbox 878 3591 1032 3648; x_wconf 90' lang='lat' dir='ltr'><strong>enim</strong></span> <span class='ocrx_word' id='word_1_506' title='bbox 1058 3590 1225 3664; x_wconf 89' lang='lat' dir='ltr'><strong>plene</strong></span> <span class='ocrx_word' id='word_1_507' title='bbox 1254 3595 1446 3664; x_wconf 89' lang='lat' dir='ltr'><strong>potest</strong></span> <span class='ocrx_word' id='word_1_508' title='bbox 1471 3609 1641 3648; x_wconf 85' lang='lat' dir='ltr'><strong>nosse</strong></span> <span class='ocrx_word' id='word_1_509' title='bbox 1664 3593 2024 3666; x_wconf 87' lang='lat' dir='ltr'><strong>superiorem</strong></span> 
     </span>
    </p>
   </div>
   <div class='ocr_carea' id='block_1_68' title="bbox 371 3680 2019 3756">
    <p class='ocr_par' dir='ltr' id='par_1_68' title="bbox 371 3680 2019 3756">
     <span class='ocr_line' id='line_1_68' title="bbox 371 3680 2019 3756; baseline -0.002 -16"><span class='ocrx_word' id='word_1_510' title='bbox 371 3699 435 3740; x_wconf 89' lang='lat' dir='ltr'><strong>se</strong></span> <span class='ocrx_word' id='word_1_511' title='bbox 458 3682 560 3756; x_wconf 90' lang='lat' dir='ltr'><strong>qui</strong></span> <span class='ocrx_word' id='word_1_512' title='bbox 594 3698 708 3737; x_wconf 91' lang='lat' dir='ltr'><strong>non</strong></span> <span class='ocrx_word' id='word_1_513' title='bbox 729 3685 896 3736; x_wconf 87' lang='lat' dir='ltr'><strong>curat</strong></span> <span class='ocrx_word' id='word_1_514' title='bbox 923 3680 1073 3734; x_wconf 90' lang='lat' dir='ltr'><strong>scire</strong></span> <span class='ocrx_word' id='word_1_515' title='bbox 1098 3695 1182 3735; x_wconf 87' lang='lat' dir='ltr'><strong>se.</strong></span> <span class='ocrx_word' id='word_1_516' title='bbox 1203 3680 1272 3735; x_wconf 86' lang='lat' dir='ltr'><strong>Et</strong></span> <span class='ocrx_word' id='word_1_517' title='bbox 1295 3681 1432 3752; x_wconf 90' lang='lat' dir='ltr'><strong>quia</strong></span> <span class='ocrx_word' id='word_1_518' title='bbox 1463 3697 1630 3736; x_wconf 91' lang='lat' dir='ltr'><strong>mens</strong></span> <span class='ocrx_word' id='word_1_519' title='bbox 1663 3681 1922 3737; x_wconf 88' lang='lat' dir='ltr'><strong>humana</strong></span> <span class='ocrx_word' id='word_1_520' title='bbox 1941 3683 2019 3738; x_wconf 86' lang='lat' dir='ltr'><strong>vi-</strong></span> 
     </span>
    </p>
   </div>
   <div class='ocr_carea' id='block_1_69' title="bbox 371 3767 2021 3840">
    <p class='ocr_par' dir='ltr' id='par_1_69' title="bbox 371 3767 2021 3840">
     <span class='ocr_line' id='line_1_69' title="bbox 371 3767 2021 3840; baseline 0.001 -16"><span class='ocrx_word' id='word_1_521' title='bbox 371 3769 504 3824; x_wconf 90' lang='lat' dir='ltr'><strong>cina</strong></span> <span class='ocrx_word' id='word_1_522' title='bbox 524 3774 614 3825; x_wconf 90' lang='lat' dir='ltr'><strong>est</strong></span> <span class='ocrx_word' id='word_1_523' title='bbox 634 3767 770 3836; x_wconf 90' lang='lat' dir='ltr'><strong>Deo,</strong></span> <span class='ocrx_word' id='word_1_524' title='bbox 797 3783 912 3822; x_wconf 92' lang='lat' dir='ltr'><strong>non</strong></span> <span class='ocrx_word' id='word_1_525' title='bbox 945 3771 1138 3822; x_wconf 87' lang='lat' dir='ltr'><strong>autem</strong></span> <span class='ocrx_word' id='word_1_526' title='bbox 1163 3767 1316 3838; x_wconf 90' lang='lat' dir='ltr'><strong>quod</strong></span> <span class='ocrx_word' id='word_1_527' title='bbox 1351 3767 1503 3823; x_wconf 89' lang='lat' dir='ltr'><strong>Deus</strong></span> <span class='ocrx_word' id='word_1_528' title='bbox 1527 3767 1744 3824; x_wconf 90' lang='lat' dir='ltr'><strong>esthoc</strong></span> <span class='ocrx_word' id='word_1_529' title='bbox 1765 3768 1893 3840; x_wconf 86' lang='lat' dir='ltr'><strong>ipsa</strong></span> <span class='ocrx_word' id='word_1_530' title='bbox 1913 3774 2021 3837; x_wconf 91' lang='lat' dir='ltr'><strong>est,</strong></span> 
     </span>
    </p>
   </div>
   <div class='ocr_carea' id='block_1_70' title="bbox 370 3854 2026 3930">
    <p class='ocr_par' dir='ltr' id='par_1_70' title="bbox 370 3854 2026 3930">
     <span class='ocr_line' id='line_1_70' title="bbox 370 3854 2026 3930; baseline 0.001 -18"><span class='ocrx_word' id='word_1_531' title='bbox 370 3857 493 3930; x_wconf 90' lang='lat' dir='ltr'><strong>agit</strong></span> <span class='ocrx_word' id='word_1_532' title='bbox 539 3859 944 3930; x_wconf 87' lang='lat' dir='ltr'><strong>congruenter,</strong></span> <span class='ocrx_word' id='word_1_533' title='bbox 973 3859 1038 3910; x_wconf 89' lang='lat' dir='ltr'><strong>ut</strong></span> <span class='ocrx_word' id='word_1_534' title='bbox 1074 3857 1202 3927; x_wconf 67' lang='lat' dir='ltr'><strong>quae</strong></span> <span class='ocrx_word' id='word_1_535' title='bbox 1242 3854 1368 3910; x_wconf 86' lang='lat' dir='ltr'><strong>vult</strong></span> <span class='ocrx_word' id='word_1_536' title='bbox 1398 3855 1545 3912; x_wconf 89' lang='lat' dir='ltr'><strong>scire</strong></span> <span class='ocrx_word' id='word_1_537' title='bbox 1574 3873 1828 3925; x_wconf 86' lang='lat' dir='ltr'><strong>summa,</strong></span> <span class='ocrx_word' id='word_1_538' title='bbox 1861 3863 2026 3914; x_wconf 90' lang='lat' dir='ltr'><strong>curet</strong></span> 
     </span>
    </p>
   </div>
   <div class='ocr_carea' id='block_1_71' title="bbox 371 3943 2027 4018">
    <p class='ocr_par' dir='ltr' id='par_1_71' title="bbox 371 3943 2027 4018">
     <span class='ocr_line' id='line_1_71' title="bbox 371 3943 2027 4018; baseline 0.001 -17"><span class='ocrx_word' id='word_1_539' title='bbox 371 3949 506 4002; x_wconf 89' lang='lat' dir='ltr'><strong>ante</strong></span> <span class='ocrx_word' id='word_1_540' title='bbox 536 3944 685 4000; x_wconf 90' lang='lat' dir='ltr'><strong>scire</strong></span> <span class='ocrx_word' id='word_1_541' title='bbox 716 3943 968 4000; x_wconf 88' lang='lat' dir='ltr'><strong>summis</strong></span> <span class='ocrx_word' id='word_1_542' title='bbox 997 3943 1208 3999; x_wconf 91' lang='lat' dir='ltr'><strong>vicina.</strong></span> <span class='ocrx_word' id='word_1_543' title='bbox 1237 3945 1305 4000; x_wconf 90' lang='lat' dir='ltr'><strong>Et</strong></span> <span class='ocrx_word' id='word_1_544' title='bbox 1333 3943 1642 4018; x_wconf 90' lang='lat' dir='ltr'><strong>indignum</strong></span> <span class='ocrx_word' id='word_1_545' title='bbox 1663 3945 1832 4003; x_wconf 90' lang='lat' dir='ltr'><strong>valde</strong></span> <span class='ocrx_word' id='word_1_546' title='bbox 1852 3951 1941 4003; x_wconf 90' lang='lat' dir='ltr'><strong>est</strong></span> <span class='ocrx_word' id='word_1_547' title='bbox 1961 3952 2027 4003; x_wconf 91' lang='lat' dir='ltr'><strong>ut</strong></span> 
     </span>
    </p>
   </div>
   <div class='ocr_carea' id='block_1_72' title="bbox 369 4031 2028 4108">
    <p class='ocr_par' dir='ltr' id='par_1_72' title="bbox 369 4031 2028 4108">
     <span class='ocr_line' id='line_1_72' title="bbox 369 4031 2028 4108; baseline 0.002 -19"><span class='ocrx_word' id='word_1_548' title='bbox 369 4036 771 4108; x_wconf 80' lang='lat' dir='ltr'><strong>perscrutetur</strong></span> <span class='ocrx_word' id='word_1_549' title='bbox 799 4031 1017 4098; x_wconf 88' lang='lat' dir='ltr'><strong>divina,</strong></span> <span class='ocrx_word' id='word_1_550' title='bbox 1039 4032 1140 4106; x_wconf 92' lang='lat' dir='ltr'><strong>qui</strong></span> <span class='ocrx_word' id='word_1_551' title='bbox 1172 4051 1287 4089; x_wconf 91' lang='lat' dir='ltr'><strong>non</strong></span> <span class='ocrx_word' id='word_1_552' title='bbox 1330 4039 1497 4090; x_wconf 89' lang='lat' dir='ltr'><strong>curat</strong></span> <span class='ocrx_word' id='word_1_553' title='bbox 1544 4051 1717 4091; x_wconf 82' lang='lat' dir='ltr'><strong>nosse</strong></span> <span class='ocrx_word' id='word_1_554' title='bbox 1747 4052 1875 4108; x_wconf 63' lang='lat' dir='ltr'><strong>quae</strong></span> <span class='ocrx_word' id='word_1_555' title='bbox 1905 4037 2028 4094; x_wconf 91' lang='lat' dir='ltr'><strong>sint</strong></span> 
     </span>
    </p>
   </div>
   <div class='ocr_carea' id='block_1_73' title="bbox 367 4121 2025 4198">
    <p class='ocr_par' dir='ltr' id='par_1_73' title="bbox 367 4121 2025 4198">
     <span class='ocr_line' id='line_1_73' title="bbox 367 4121 2025 4198; baseline 0.002 -20"><span class='ocrx_word' id='word_1_556' title='bbox 367 4123 559 4198; x_wconf 90' lang='lat' dir='ltr'><strong>ipsius</strong></span> <span class='ocrx_word' id='word_1_557' title='bbox 611 4122 894 4178; x_wconf 88' lang='lat' dir='ltr'><strong>humana.</strong></span> <span class='ocrx_word' id='word_1_558' title='bbox 929 4121 1146 4178; x_wconf 82' lang='lat' dir='ltr'><strong>Reddis</strong></span> <span class='ocrx_word' id='word_1_559' title='bbox 1193 4138 1330 4196; x_wconf 89' lang='lat' dir='ltr'><strong>ergo</strong></span> <span class='ocrx_word' id='word_1_560' title='bbox 1360 4127 1416 4178; x_wconf 88' lang='lat' dir='ltr'><strong>te</strong></span> <span class='ocrx_word' id='word_1_561' title='bbox 1455 4123 1650 4196; x_wconf 88' lang='lat' dir='ltr'><strong>generi</strong></span> <span class='ocrx_word' id='word_1_562' title='bbox 1705 4124 1856 4181; x_wconf 87' lang='lat' dir='ltr'><strong>avito</strong></span> <span class='ocrx_word' id='word_1_563' title='bbox 1904 4125 2025 4182; x_wconf 65' lang='lat' dir='ltr'><strong>haec</strong></span> 
     </span>
    </p>
   </div>
   <div class='ocr_carea' id='block_1_74' title="bbox 369 4199 2026 4286">
    <p class='ocr_par' dir='ltr' id='par_1_74' title="bbox 369 4199 2026 4286">
     <span class='ocr_line' id='line_1_74' title="bbox 369 4199 2026 4286; baseline -0.002 -17"><span class='ocrx_word' id='word_1_564' title='bbox 369 4229 572 4286; x_wconf 90' lang='lat' dir='ltr'><strong>agens,</strong></span> <span class='ocrx_word' id='word_1_565' title='bbox 598 4211 700 4284; x_wconf 91' lang='lat' dir='ltr'><strong>qui</strong></span> <span class='ocrx_word' id='word_1_566' title='bbox 740 4199 918 4268; x_wconf 84' lang='lat' dir='ltr'><strong>corda</strong></span> <span class='ocrx_word' id='word_1_567' title='bbox 964 4211 1302 4268; x_wconf 89' lang='lat' dir='ltr'><strong>mortalium</strong></span> <span class='ocrx_word' id='word_1_568' title='bbox 1353 4212 1425 4268; x_wconf 90' lang='lat' dir='ltr'><strong>ab</strong></span> <span class='ocrx_word' id='word_1_569' title='bbox 1475 4211 1718 4269; x_wconf 85' lang='lat' dir='ltr'><strong>scientia</strong></span> <span class='ocrx_word' id='word_1_570' title='bbox 1746 4213 1942 4270; x_wconf 88' lang='lat' dir='ltr'><strong>divina</strong></span> <span class='ocrx_word' id='word_1_571' title='bbox 1969 4215 2026 4270; x_wconf 88' lang='lat' dir='ltr'><strong>et</strong></span> 
     </span>
    </p>
   </div>
   <div class='ocr_carea' id='block_1_75' title="bbox 367 4299 2028 4376">
    <p class='ocr_par' dir='ltr' id='par_1_75' title="bbox 367 4299 2028 4376">
     <span class='ocr_line' id='line_1_75' title="bbox 367 4299 2028 4376; baseline 0 -18"><span class='ocrx_word' id='word_1_572' title='bbox 367 4301 630 4375; x_wconf 86' lang='lat' dir='ltr'><strong>humana</strong></span> <span class='ocrx_word' id='word_1_573' title='bbox 649 4301 942 4374; x_wconf 87' lang='lat' dir='ltr'><strong>torpentia</strong></span> <span class='ocrx_word' id='word_1_574' title='bbox 963 4299 1506 4356; x_wconf 75' lang='lat' dir='ltr'><strong>excitarunt.Avum</strong></span> <span class='ocrx_word' id='word_1_575' title='bbox 1525 4305 1582 4356; x_wconf 92' lang='lat' dir='ltr'><strong>et</strong></span> <span class='ocrx_word' id='word_1_576' title='bbox 1605 4301 2028 4376; x_wconf 77' lang='lat' dir='ltr'><strong>homonymum</strong></span> 
     </span>
    </p>
   </div>
   <div class='ocr_carea' id='block_1_76' title="bbox 364 4387 2024 4463">
    <p class='ocr_par' dir='ltr' id='par_1_76' title="bbox 364 4387 2024 4463">
     <span class='ocr_line' id='line_1_76' title="bbox 364 4387 2024 4463; baseline 0.001 -18"><span class='ocrx_word' id='word_1_577' title='bbox 364 4393 537 4463; x_wconf 81' lang='lat' dir='ltr'><strong>tuum</strong></span> <span class='ocrx_word' id='word_1_578' title='bbox 569 4389 844 4456; x_wconf 88' lang='lat' dir='ltr'><strong>dicimus,</strong></span> <span class='ocrx_word' id='word_1_579' title='bbox 866 4387 1137 4445; x_wconf 62' lang='lat' dir='ltr'><strong>Ecclesiae</strong></span> <span class='ocrx_word' id='word_1_580' title='bbox 1185 4395 1401 4445; x_wconf 66' lang='lat' dir='ltr'><strong>sanctae</strong></span> <span class='ocrx_word' id='word_1_581' title='bbox 1441 4389 1720 4446; x_wconf 69' lang='lat' dir='ltr'><strong>doctrinm</strong></span> <span class='ocrx_word' id='word_1_582' title='bbox 1772 4395 1832 4446; x_wconf 91' lang='lat' dir='ltr'><strong>et</strong></span> <span class='ocrx_word' id='word_1_583' title='bbox 1889 4390 2024 4447; x_wconf 84' lang='lat' dir='ltr'><strong>ﬁdei</strong></span> 
     </span>
    </p>
   </div>
   <div class='ocr_carea' id='block_1_77' title="bbox 2131 3237 3752 3312">
    <p class='ocr_par' dir='ltr' id='par_1_77' title="bbox 2131 3237 3752 3312">
     <span class='ocr_line' id='line_1_77' title="bbox 2131 3237 3752 3312; baseline -0.006 -12"><span class='ocrx_word' id='word_1_584' title='bbox 2131 3244 2298 3300; x_wconf 90' lang='lat' dir='ltr'><strong>Nunc</strong></span> <span class='ocrx_word' id='word_1_585' title='bbox 2323 3246 2521 3298; x_wconf 91' lang='lat' dir='ltr'><strong>autem</strong></span> <span class='ocrx_word' id='word_1_586' title='bbox 2545 3241 2686 3296; x_wconf 92' lang='lat' dir='ltr'><strong>dum</strong></span> <span class='ocrx_word' id='word_1_587' title='bbox 2710 3239 2923 3296; x_wconf 82' lang='lat' dir='ltr'><strong>dicitur</strong></span> <span class='ocrx_word' id='word_1_588' title='bbox 2947 3238 3091 3312; x_wconf 90' lang='lat' dir='ltr'><strong>quia</strong></span> <span class='ocrx_word' id='word_1_589' title='bbox 3121 3239 3509 3298; x_wconf 80' lang='lat' dir='ltr'><strong>insufﬂaverit</strong></span> <span class='ocrx_word' id='word_1_590' title='bbox 3541 3241 3675 3296; x_wconf 85' lang='lat' dir='ltr'><strong>Deus</strong></span> <span class='ocrx_word' id='word_1_591' title='bbox 3701 3237 3752 3291; x_wconf 87' lang='lat' dir='ltr'><strong>in</strong></span> 
     </span>
    </p>
   </div>
   <div class='ocr_carea' id='block_1_78' title="bbox 2133 3325 3750 3402">
    <p class='ocr_par' dir='ltr' id='par_1_78' title="bbox 2133 3325 3750 3402">
     <span class='ocr_line' id='line_1_78' title="bbox 2133 3325 3750 3402; baseline -0.004 -14"><span class='ocrx_word' id='word_1_592' title='bbox 2133 3333 2343 3388; x_wconf 83' lang='lat' dir='ltr'><strong>faciem</strong></span> <span class='ocrx_word' id='word_1_593' title='bbox 2383 3328 2641 3386; x_wconf 88' lang='lat' dir='ltr'><strong>hominis</strong></span> <span class='ocrx_word' id='word_1_594' title='bbox 2689 3327 2961 3402; x_wconf 88' lang='lat' dir='ltr'><strong>plasmati</strong></span> <span class='ocrx_word' id='word_1_595' title='bbox 3010 3327 3370 3400; x_wconf 86' lang='lat' dir='ltr'><strong>spiraculum</strong></span> <span class='ocrx_word' id='word_1_596' title='bbox 3400 3328 3530 3383; x_wconf 73' lang='lat' dir='ltr'><strong>vitm</strong></span> <span class='ocrx_word' id='word_1_597' title='bbox 3558 3325 3750 3399; x_wconf 80' lang='lat' dir='ltr'><strong>qualis-</strong></span> 
     </span>
    </p>
   </div>
   <div class='ocr_carea' id='block_1_79' title="bbox 2131 3413 3751 3494">
    <p class='ocr_par' dir='ltr' id='par_1_79' title="bbox 2131 3413 3751 3494">
     <span class='ocr_line' id='line_1_79' title="bbox 2131 3413 3751 3494; baseline -0.006 -16"><span class='ocrx_word' id='word_1_598' title='bbox 2131 3437 2364 3494; x_wconf 90' lang='lat' dir='ltr'><strong>cunque</strong></span> <span class='ocrx_word' id='word_1_599' title='bbox 2385 3417 2702 3476; x_wconf 87' lang='lat' dir='ltr'><strong>insut&#39;ﬂatio</strong></span> <span class='ocrx_word' id='word_1_600' title='bbox 2722 3417 2822 3472; x_wconf 88' lang='lat' dir='ltr'><strong>illa</strong></span> <span class='ocrx_word' id='word_1_601' title='bbox 2845 3416 3404 3490; x_wconf 85' lang='lat' dir='ltr'><strong>fuerit,spiraculum</strong></span> <span class='ocrx_word' id='word_1_602' title='bbox 3416 3421 3608 3473; x_wconf 89' lang='lat' dir='ltr'><strong>tamen</strong></span> <span class='ocrx_word' id='word_1_603' title='bbox 3626 3413 3751 3470; x_wconf 88' lang='lat' dir='ltr'><strong>illud</strong></span> 
     </span>
    </p>
   </div>
   <div class='ocr_carea' id='block_1_80' title="bbox 2130 3502 3754 3578">
    <p class='ocr_par' dir='ltr' id='par_1_80' title="bbox 2130 3502 3754 3578">
     <span class='ocr_line' id='line_1_80' title="bbox 2130 3502 3754 3578; baseline -0.004 -14"><span class='ocrx_word' id='word_1_604' title='bbox 2130 3508 2260 3564; x_wconf 67' lang='lat' dir='ltr'><strong>vita</strong></span> <span class='ocrx_word' id='word_1_605' title='bbox 2290 3525 2406 3564; x_wconf 89' lang='lat' dir='ltr'><strong>non</strong></span> <span class='ocrx_word' id='word_1_606' title='bbox 2435 3523 2669 3578; x_wconf 92' lang='lat' dir='ltr'><strong>corpus,</strong></span> <span class='ocrx_word' id='word_1_607' title='bbox 2695 3505 2798 3560; x_wconf 88' lang='lat' dir='ltr'><strong>sed</strong></span> <span class='ocrx_word' id='word_1_608' title='bbox 2835 3503 3080 3578; x_wconf 89' lang='lat' dir='ltr'><strong>spiritus</strong></span> <span class='ocrx_word' id='word_1_609' title='bbox 3107 3503 3236 3573; x_wconf 84' lang='lat' dir='ltr'><strong>fuit,</strong></span> <span class='ocrx_word' id='word_1_610' title='bbox 3259 3502 3361 3576; x_wconf 91' lang='lat' dir='ltr'><strong>qui</strong></span> <span class='ocrx_word' id='word_1_611' title='bbox 3410 3503 3684 3577; x_wconf 90' lang='lat' dir='ltr'><strong>potentior</strong></span> <span class='ocrx_word' id='word_1_612' title='bbox 3704 3505 3754 3558; x_wconf 86' lang='lat' dir='ltr'><strong>et</strong></span> 
     </span>
    </p>
   </div>
   <div class='ocr_carea' id='block_1_81' title="bbox 2135 3594 3748 3666">
    <p class='ocr_par' dir='ltr' id='par_1_81' title="bbox 2135 3594 3748 3666">
     <span class='ocr_line' id='line_1_81' title="bbox 2135 3594 3748 3666; baseline -0.005 -13"><span class='ocrx_word' id='word_1_613' title='bbox 2135 3597 2340 3653; x_wconf 88' lang='lat' dir='ltr'><strong>melior</strong></span> <span class='ocrx_word' id='word_1_614' title='bbox 2367 3601 2521 3650; x_wconf 87' lang='lat' dir='ltr'><strong>terra</strong></span> <span class='ocrx_word' id='word_1_615' title='bbox 2540 3599 2648 3660; x_wconf 90' lang='lat' dir='ltr'><strong>est,</strong></span> <span class='ocrx_word' id='word_1_616' title='bbox 2663 3599 2722 3650; x_wconf 91' lang='lat' dir='ltr'><strong>et</strong></span> <span class='ocrx_word' id='word_1_617' title='bbox 2742 3594 3138 3666; x_wconf 90' lang='lat' dir='ltr'><strong>qualicunque</strong></span> <span class='ocrx_word' id='word_1_618' title='bbox 3157 3610 3420 3666; x_wconf 89' lang='lat' dir='ltr'><strong>corpore.</strong></span> <span class='ocrx_word' id='word_1_619' title='bbox 3443 3594 3618 3665; x_wconf 86' lang='lat' dir='ltr'><strong>Cujus</strong></span> <span class='ocrx_word' id='word_1_620' title='bbox 3633 3607 3748 3647; x_wconf 87' lang='lat' dir='ltr'><strong>con-</strong></span> 
     </span>
    </p>
   </div>
   <div class='ocr_carea' id='block_1_82' title="bbox 2124 3679 3746 3757">
    <p class='ocr_par' dir='ltr' id='par_1_82' title="bbox 2124 3679 3746 3757">
     <span class='ocr_line' id='line_1_82' title="bbox 2124 3679 3746 3757; baseline -0.005 -16"><span class='ocrx_word' id='word_1_621' title='bbox 2124 3683 2451 3757; x_wconf 89' lang='lat' dir='ltr'><strong>junctione,</strong></span> <span class='ocrx_word' id='word_1_622' title='bbox 2475 3687 2532 3738; x_wconf 90' lang='lat' dir='ltr'><strong>et</strong></span> <span class='ocrx_word' id='word_1_623' title='bbox 2560 3682 2715 3738; x_wconf 75' lang='lat' dir='ltr'><strong>intra</strong></span> <span class='ocrx_word' id='word_1_624' title='bbox 2741 3681 3034 3754; x_wconf 87' lang='lat' dir='ltr'><strong>torpentia</strong></span> <span class='ocrx_word' id='word_1_625' title='bbox 3063 3679 3328 3736; x_wconf 85' lang='lat' dir='ltr'><strong>membra</strong></span> <span class='ocrx_word' id='word_1_626' title='bbox 3344 3679 3746 3744; x_wconf 79' lang='lat' dir='ltr'><strong>commixtione,</strong></span> 
     </span>
    </p>
   </div>
   <div class='ocr_carea' id='block_1_83' title="bbox 2134 3757 3747 3840">
    <p class='ocr_par' dir='ltr' id='par_1_83' title="bbox 2134 3757 3747 3840">
     <span class='ocr_line' id='line_1_83' title="bbox 2134 3757 3747 3840; baseline -0.004 -11"><span class='ocrx_word' id='word_1_627' title='bbox 2134 3775 2324 3829; x_wconf 85' lang='lat' dir='ltr'><strong>factus</strong></span> <span class='ocrx_word' id='word_1_628' title='bbox 2349 3775 2440 3827; x_wconf 89' lang='lat' dir='ltr'><strong>est</strong></span> <span class='ocrx_word' id='word_1_629' title='bbox 2459 3771 2634 3826; x_wconf 90' lang='lat' dir='ltr'><strong>homo</strong></span> <span class='ocrx_word' id='word_1_630' title='bbox 2656 3771 2717 3825; x_wconf 91' lang='lat' dir='ltr'><strong>in</strong></span> <span class='ocrx_word' id='word_1_631' title='bbox 2735 3769 2996 3826; x_wconf 90' lang='lat' dir='ltr'><strong>animam</strong></span> <span class='ocrx_word' id='word_1_632' title='bbox 3017 3768 3324 3826; x_wconf 88' lang='lat' dir='ltr'><strong>viventem.</strong></span> <span class='ocrx_word' id='word_1_633' title='bbox 3347 3757 3475 3824; x_wconf 88' lang='lat' dir='ltr'><strong>Non</strong></span> <span class='ocrx_word' id='word_1_634' title='bbox 3494 3784 3623 3840; x_wconf 87' lang='lat' dir='ltr'><strong>ergo</strong></span> <span class='ocrx_word' id='word_1_635' title='bbox 3637 3781 3747 3822; x_wconf 82' lang='lat' dir='ltr'><strong>eam</strong></span> 
     </span>
    </p>
   </div>
   <div class='ocr_carea' id='block_1_84' title="bbox 2133 3854 3748 3934">
    <p class='ocr_par' dir='ltr' id='par_1_84' title="bbox 2133 3854 3748 3934">
     <span class='ocr_line' id='line_1_84' title="bbox 2133 3854 3748 3934; baseline -0.004 -17"><span class='ocrx_word' id='word_1_636' title='bbox 2133 3879 2346 3934; x_wconf 86' lang='lat' dir='ltr'><strong>corpus</strong></span> <span class='ocrx_word' id='word_1_637' title='bbox 2368 3860 2643 3926; x_wconf 90' lang='lat' dir='ltr'><strong>dicimus,</strong></span> <span class='ocrx_word' id='word_1_638' title='bbox 2667 3859 2769 3916; x_wconf 87' lang='lat' dir='ltr'><strong>sed</strong></span> <span class='ocrx_word' id='word_1_639' title='bbox 2787 3857 3168 3930; x_wconf 90' lang='lat' dir='ltr'><strong>spiraculum,</strong></span> <span class='ocrx_word' id='word_1_640' title='bbox 3191 3857 3312 3912; x_wconf 91' lang='lat' dir='ltr'><strong>imo</strong></span> <span class='ocrx_word' id='word_1_641' title='bbox 3332 3856 3604 3930; x_wconf 90' lang='lat' dir='ltr'><strong>spiritum</strong></span> <span class='ocrx_word' id='word_1_642' title='bbox 3618 3854 3748 3919; x_wconf 64' lang='lat' dir='ltr'><strong>vita,</strong></span> 
     </span>
    </p>
   </div>
   <div class='ocr_carea' id='block_1_85' title="bbox 2133 3944 3746 4023">
    <p class='ocr_par' dir='ltr' id='par_1_85' title="bbox 2133 3944 3746 4023">
     <span class='ocr_line' id='line_1_85' title="bbox 2133 3944 3746 4023; baseline -0.006 -16"><span class='ocrx_word' id='word_1_643' title='bbox 2133 3955 2308 4023; x_wconf 90' lang='lat' dir='ltr'><strong>atque</strong></span> <span class='ocrx_word' id='word_1_644' title='bbox 2337 3949 2595 4005; x_wconf 88' lang='lat' dir='ltr'><strong>animam</strong></span> <span class='ocrx_word' id='word_1_645' title='bbox 2635 3947 2980 4003; x_wconf 87' lang='lat' dir='ltr'><strong>auctoritate</strong></span> <span class='ocrx_word' id='word_1_646' title='bbox 3018 3944 3457 4018; x_wconf 88' lang='lat' dir='ltr'><strong>Scripturarum</strong></span> <span class='ocrx_word' id='word_1_647' title='bbox 3487 3945 3612 4002; x_wconf 77' lang='lat' dir='ltr'><strong>freti</strong></span> <span class='ocrx_word' id='word_1_648' title='bbox 3637 3958 3746 4016; x_wconf 89' lang='lat' dir='ltr'><strong>pro-</strong></span> 
     </span>
    </p>
   </div>
   <div class='ocr_carea' id='block_1_86' title="bbox 2133 4033 3747 4109">
    <p class='ocr_par' dir='ltr' id='par_1_86' title="bbox 2133 4033 3747 4109">
     <span class='ocr_line' id='line_1_86' title="bbox 2133 4033 3747 4109; baseline -0.005 -15"><span class='ocrx_word' id='word_1_649' title='bbox 2133 4039 2496 4095; x_wconf 88' lang='lat' dir='ltr'><strong>nuntiamus.</strong></span> <span class='ocrx_word' id='word_1_650' title='bbox 2533 4035 2816 4109; x_wconf 80' lang='lat' dir='ltr'><strong>Propheta</strong></span> <span class='ocrx_word' id='word_1_651' title='bbox 2855 4050 3110 4107; x_wconf 89' lang='lat' dir='ltr'><strong>namque</strong></span> <span class='ocrx_word' id='word_1_652' title='bbox 3140 4033 3281 4089; x_wconf 90' lang='lat' dir='ltr'><strong>dicit</strong></span> <span class='ocrx_word' id='word_1_653' title='bbox 3312 4050 3328 4090; x_wconf 85' lang='lat'><strong>:</strong></span> <span class='ocrx_word' id='word_1_654' title='bbox 3359 4034 3474 4104; x_wconf 86' lang='lat' dir='ltr'><strong>Ego</strong></span> <span class='ocrx_word' id='word_1_655' title='bbox 3519 4034 3747 4091; x_wconf 71' lang='lat' dir='ltr'><strong>Domiw</strong></span> 
     </span>
    </p>
   </div>
   <div class='ocr_carea' id='block_1_87' title="bbox 2131 4121 3746 4196">
    <p class='ocr_par' dir='ltr' id='par_1_87' title="bbox 2131 4121 3746 4196">
     <span class='ocr_line' id='line_1_87' title="bbox 2131 4121 3746 4196; baseline -0.007 -10"><span class='ocrx_word' id='word_1_656' title='bbox 2131 4127 2420 4186; x_wconf 66' lang='lat' dir='ltr'><strong>extendens</strong></span> <span class='ocrx_word' id='word_1_657' title='bbox 2466 4126 2642 4192; x_wconf 79' lang='lat' dir='ltr'><strong>actos,</strong></span> <span class='ocrx_word' id='word_1_658' title='bbox 2671 4132 2721 4180; x_wconf 89' lang='lat' dir='ltr'><strong>et</strong></span> <span class='ocrx_word' id='word_1_659' title='bbox 2747 4123 2990 4196; x_wconf 78' lang='lat' dir='ltr'><strong>fundens</strong></span> <span class='ocrx_word' id='word_1_660' title='bbox 3017 4131 3242 4190; x_wconf 82' lang='lat' dir='ltr'><strong>terram,</strong></span> <span class='ocrx_word' id='word_1_661' title='bbox 3272 4131 3324 4180; x_wconf 87' lang='lat' dir='ltr'><strong>et</strong></span> <span class='ocrx_word' id='word_1_662' title='bbox 3347 4125 3561 4195; x_wconf 73' lang='lat' dir='ltr'><strong>fingens</strong></span> <span class='ocrx_word' id='word_1_663' title='bbox 3601 4121 3746 4194; x_wconf 82' lang='lat' dir='ltr'><strong>spiri-</strong></span> 
     </span>
    </p>
   </div>
   <div class='ocr_carea' id='block_1_88' title="bbox 2132 4205 3749 4285">
    <p class='ocr_par' dir='ltr' id='par_1_88' title="bbox 2132 4205 3749 4285">
     <span class='ocr_line' id='line_1_88' title="bbox 2132 4205 3749 4285; baseline -0.006 -11"><span class='ocrx_word' id='word_1_664' title='bbox 2132 4225 2248 4274; x_wconf 88' lang='lat' dir='ltr'><strong>tum</strong></span> <span class='ocrx_word' id='word_1_665' title='bbox 2276 4216 2514 4272; x_wconf 82' lang='lat' dir='ltr'><strong>hominis</strong></span> <span class='ocrx_word' id='word_1_666' title='bbox 2544 4215 2604 4270; x_wconf 83' lang='lat' dir='ltr'><strong>in</strong></span> <span class='ocrx_word' id='word_1_667' title='bbox 2632 4229 2694 4270; x_wconf 89' lang='lat' dir='ltr'><strong>eo</strong></span> <span class='ocrx_word' id='word_1_668' title='bbox 2713 4213 2898 4283; x_wconf 82' lang='lat' dir='ltr'><strong>(Zach.</strong></span> <span class='ocrx_word' id='word_1_669' title='bbox 2921 4229 3020 4280; x_wconf 82' lang='lat' dir='ltr'><strong>xu,</strong></span> <span class='ocrx_word' id='word_1_670' title='bbox 3046 4212 3118 4280; x_wconf 87' lang='grc'><strong>1).</strong></span> <span class='ocrx_word' id='word_1_671' title='bbox 3147 4212 3289 4267; x_wconf 85' lang='lat' dir='ltr'><strong>Hinc</strong></span> <span class='ocrx_word' id='word_1_672' title='bbox 3313 4217 3407 4268; x_wconf 88' lang='lat' dir='ltr'><strong>est</strong></span> <span class='ocrx_word' id='word_1_673' title='bbox 3433 4211 3587 4285; x_wconf 87' lang='lat' dir='ltr'><strong>quod</strong></span> <span class='ocrx_word' id='word_1_674' title='bbox 3614 4205 3749 4266; x_wconf 76' lang='lat' dir='ltr'><strong>Psal-</strong></span> 
     </span>
    </p>
   </div>
   <div class='ocr_carea' id='block_1_89' title="bbox 2133 4299 3751 4375">
    <p class='ocr_par' dir='ltr' id='par_1_89' title="bbox 2133 4299 3751 4375">
     <span class='ocr_line' id='line_1_89' title="bbox 2133 4299 3751 4375; baseline -0.005 -12"><span class='ocrx_word' id='word_1_675' title='bbox 2133 4305 2329 4373; x_wconf 88' lang='lat' dir='ltr'><strong>mista,</strong></span> <span class='ocrx_word' id='word_1_676' title='bbox 2353 4320 2488 4361; x_wconf 90' lang='lat' dir='ltr'><strong>cum</strong></span> <span class='ocrx_word' id='word_1_677' title='bbox 2536 4301 2899 4375; x_wconf 88' lang='lat' dir='ltr'><strong>conspiceret</strong></span> <span class='ocrx_word' id='word_1_678' title='bbox 2935 4316 3140 4356; x_wconf 89' lang='lat' dir='ltr'><strong>omnes</strong></span> <span class='ocrx_word' id='word_1_679' title='bbox 3181 4300 3454 4357; x_wconf 90' lang='lat' dir='ltr'><strong>homines</strong></span> <span class='ocrx_word' id='word_1_680' title='bbox 3482 4299 3751 4357; x_wconf 75' lang='lat' dir='ltr'><strong>subtracta</strong></span> 
     </span>
    </p>
   </div>
   <div class='ocr_carea' id='block_1_90' title="bbox 2133 4385 3750 4462">
    <p class='ocr_par' dir='ltr' id='par_1_90' title="bbox 2133 4385 3750 4462">
     <span class='ocr_line' id='line_1_90' title="bbox 2133 4385 3750 4462; baseline -0.006 -12"><span class='ocrx_word' id='word_1_681' title='bbox 2133 4395 2332 4450; x_wconf 86' lang='lat' dir='ltr'><strong>anima</strong></span> <span class='ocrx_word' id='word_1_682' title='bbox 2359 4396 2545 4449; x_wconf 89' lang='lat' dir='ltr'><strong>morte</strong></span> <span class='ocrx_word' id='word_1_683' title='bbox 2573 4389 2834 4458; x_wconf 89' lang='lat' dir='ltr'><strong>dissolvi,</strong></span> <span class='ocrx_word' id='word_1_684' title='bbox 2857 4389 3221 4462; x_wconf 87' lang='lat' dir='ltr'><strong>receptisque</strong></span> <span class='ocrx_word' id='word_1_685' title='bbox 3242 4389 3557 4446; x_wconf 89' lang='lat' dir='ltr'><strong>animabus</strong></span> <span class='ocrx_word' id='word_1_686' title='bbox 3574 4387 3632 4444; x_wconf 91' lang='lat' dir='ltr'><strong>in</strong></span> <span class='ocrx_word' id='word_1_687' title='bbox 3655 4385 3750 4442; x_wconf 79' lang='lat' dir='ltr'><strong>tino</strong></span> 
     </span>
    </p>
   </div>
   <div class='ocr_carea' id='block_1_91' title="bbox 365 4477 3748 4565">
    <p class='ocr_par' dir='ltr' id='par_1_91' title="bbox 365 4477 3748 4565">
     <span class='ocr_line' id='line_1_91' title="bbox 365 4477 3748 4565; baseline 0.001 -32"><span class='ocrx_word' id='word_1_688' title='bbox 365 4483 883 4552; x_wconf 88' lang='lat' dir='ltr'><strong>propugnatorem,</strong></span> <span class='ocrx_word' id='word_1_689' title='bbox 915 4478 1017 4534; x_wconf 91' lang='lat' dir='ltr'><strong>sed</strong></span> <span class='ocrx_word' id='word_1_690' title='bbox 1061 4481 1119 4565; x_wconf 89' lang='lat' dir='ltr'><strong>et</strong></span> <span class='ocrx_word' id='word_1_691' title='bbox 1155 4477 1500 4551; x_wconf 77' lang='lat' dir='ltr'><strong>genitorem,</strong></span> <span class='ocrx_word' id='word_1_692' title='bbox 1534 4477 1715 4534; x_wconf 88' lang='lat' dir='ltr'><strong>totius</strong></span> <span class='ocrx_word' id='word_1_693' title='bbox 1745 4479 2024 4536; x_wconf 88' lang='lat' dir='ltr'><strong>bonitatis</strong></span> <span class='ocrx_word' id='word_1_694' title='bbox 2052 4501 2100 4565; x_wconf 84' lang='lat' dir='ltr'><strong>D</strong></span> <span class='ocrx_word' id='word_1_695' title='bbox 2131 4481 2328 4540; x_wconf 63' lang='lat' dir='ltr'><strong>saeculi</strong></span> <span class='ocrx_word' id='word_1_696' title='bbox 2350 4482 2542 4538; x_wconf 92' lang='lat' dir='ltr'><strong>denuo</strong></span> <span class='ocrx_word' id='word_1_697' title='bbox 2573 4478 2930 4546; x_wconf 84' lang='lat' dir='ltr'><strong>reviviscere,</strong></span> <span class='ocrx_word' id='word_1_698' title='bbox 2955 4479 3073 4534; x_wconf 88' lang='lat' dir='ltr'><strong>ait:</strong></span> <span class='ocrx_word' id='word_1_699' title='bbox 3096 4479 3265 4550; x_wconf 80' lang='lat' dir='ltr'><strong>Aufer</strong></span> <span class='ocrx_word' id='word_1_700' title='bbox 3286 4480 3748 4565; x_wconf 69' lang='lat' dir='ltr'><strong>spiritumeowl.</strong></span> 
     </span>
    </p>
   </div>
   <div class='ocr_carea' id='block_1_92' title="bbox 367 4564 3751 4644">
    <p class='ocr_par' dir='ltr' id='par_1_92' title="bbox 367 4564 3751 4644">
     <span class='ocr_line' id='line_1_92' title="bbox 367 4564 3751 4644; baseline -0.001 -23"><span class='ocrx_word' id='word_1_701' title='bbox 367 4569 543 4638; x_wconf 85' lang='lat' dir='ltr'><strong>atque</strong></span> <span class='ocrx_word' id='word_1_702' title='bbox 563 4564 1337 4640; x_wconf 86' lang='lat' dir='ltr'><strong>pietatisdecusinsigne.Et</strong></span> <span class='ocrx_word' id='word_1_703' title='bbox 1353 4565 1594 4622; x_wconf 88' lang='lat' dir='ltr'><strong>honeste</strong></span> <span class='ocrx_word' id='word_1_704' title='bbox 1611 4571 1786 4639; x_wconf 90' lang='lat' dir='ltr'><strong>atque</strong></span> <span class='ocrx_word' id='word_1_705' title='bbox 1803 4567 2024 4624; x_wconf 87' lang='lat' dir='ltr'><strong>utiliter</strong></span> <span class='ocrx_word' id='word_1_706' title='bbox 2059 4564 2062 4565; x_wconf 18' lang='grc' dir='ltr'><em>ν</em></span> <span class='ocrx_word' id='word_1_707' title='bbox 2129 4582 2181 4629; x_wconf 84' lang='lat' dir='ltr'><strong>et</strong></span> <span class='ocrx_word' id='word_1_708' title='bbox 2208 4572 2478 4644; x_wconf 82' lang='lat' dir='ltr'><strong>deﬁcient,</strong></span> <span class='ocrx_word' id='word_1_709' title='bbox 2509 4571 2644 4626; x_wconf 84' lang='lat' dir='ltr'><strong>etin</strong></span> <span class='ocrx_word' id='word_1_710' title='bbox 2671 4569 2952 4640; x_wconf 83' lang='lat' dir='ltr'><strong>pulverem</strong></span> <span class='ocrx_word' id='word_1_711' title='bbox 2990 4583 3154 4623; x_wconf 89' lang='lat' dir='ltr'><strong>suum</strong></span> <span class='ocrx_word' id='word_1_712' title='bbox 3195 4575 3551 4624; x_wconf 79' lang='lat' dir='ltr'><strong>revertentur.</strong></span> <span class='ocrx_word' id='word_1_713' title='bbox 3567 4564 3751 4622; x_wconf 67' lang='lat' dir='ltr'><strong>Emitte</strong></span> 
     </span>
    </p>
   </div>
   <div class='ocr_carea' id='block_1_93' title="bbox 366 4653 2019 4728">
    <p class='ocr_par' dir='ltr' id='par_1_93' title="bbox 366 4653 2019 4728">
     <span class='ocr_line' id='line_1_93' title="bbox 366 4653 2019 4728; baseline 0.002 -20"><span class='ocrx_word' id='word_1_714' title='bbox 366 4653 472 4709; x_wconf 90' lang='lat' dir='ltr'><strong>tibi</strong></span> <span class='ocrx_word' id='word_1_715' title='bbox 494 4653 800 4726; x_wconf 90' lang='lat' dir='ltr'><strong>prospicis.</strong></span> <span class='ocrx_word' id='word_1_716' title='bbox 823 4653 1202 4710; x_wconf 90' lang='lat' dir='ltr'><strong>Inhonestum</strong></span> <span class='ocrx_word' id='word_1_717' title='bbox 1221 4671 1475 4726; x_wconf 89' lang='lat' dir='ltr'><strong>namque</strong></span> <span class='ocrx_word' id='word_1_718' title='bbox 1491 4658 1740 4722; x_wconf 86' lang='lat' dir='ltr'><strong>est,eum</strong></span> <span class='ocrx_word' id='word_1_719' title='bbox 1758 4654 1858 4728; x_wconf 91' lang='lat' dir='ltr'><strong>qui</strong></span> <span class='ocrx_word' id='word_1_720' title='bbox 1880 4673 2019 4728; x_wconf 60' lang='lat' dir='ltr'><strong>prae-</strong></span> 
     </span>
    </p>
   </div>
   <div class='ocr_carea' id='block_1_94' title="bbox 364 4741 2014 4814">
    <p class='ocr_par' dir='ltr' id='par_1_94' title="bbox 364 4741 2014 4814">
     <span class='ocr_line' id='line_1_94' title="bbox 364 4741 2014 4814; baseline 0.001 -18"><span class='ocrx_word' id='word_1_721' title='bbox 364 4745 454 4796; x_wconf 89' lang='lat' dir='ltr'><strong>est</strong></span> <span class='ocrx_word' id='word_1_722' title='bbox 477 4741 536 4796; x_wconf 90' lang='lat' dir='ltr'><strong>in</strong></span> <span class='ocrx_word' id='word_1_723' title='bbox 560 4741 802 4796; x_wconf 89' lang='lat' dir='ltr'><strong>scientia</strong></span> <span class='ocrx_word' id='word_1_724' title='bbox 821 4741 1322 4814; x_wconf 87' lang='lat' dir='ltr'><strong>deturpari.Porro</strong></span> <span class='ocrx_word' id='word_1_725' title='bbox 1347 4742 1484 4798; x_wconf 88' lang='lat' dir='ltr'><strong>utile</strong></span> <span class='ocrx_word' id='word_1_726' title='bbox 1505 4745 1681 4814; x_wconf 90' lang='lat' dir='ltr'><strong>atque</strong></span> <span class='ocrx_word' id='word_1_727' title='bbox 1703 4743 2014 4800; x_wconf 89' lang='lat' dir='ltr'><strong>honestum</strong></span> 
     </span>
    </p>
   </div>
   <div class='ocr_carea' id='block_1_95' title="bbox 363 4829 2018 4904">
    <p class='ocr_par' dir='ltr' id='par_1_95' title="bbox 363 4829 2018 4904">
     <span class='ocr_line' id='line_1_95' title="bbox 363 4829 2018 4904; baseline 0.002 -18"><span class='ocrx_word' id='word_1_728' title='bbox 363 4829 802 4902; x_wconf 88' lang='lat' dir='ltr'><strong>est,principem</strong></span> <span class='ocrx_word' id='word_1_729' title='bbox 819 4834 878 4885; x_wconf 91' lang='lat' dir='ltr'><strong>et</strong></span> <span class='ocrx_word' id='word_1_730' title='bbox 893 4845 1103 4885; x_wconf 88' lang='lat' dir='ltr'><strong>sensus</strong></span> <span class='ocrx_word' id='word_1_731' title='bbox 1115 4835 1416 4886; x_wconf 89' lang='lat' dir='ltr'><strong>venustate</strong></span> <span class='ocrx_word' id='word_1_732' title='bbox 1433 4829 1794 4896; x_wconf 86' lang='lat' dir='ltr'><strong>excellere,et</strong></span> <span class='ocrx_word' id='word_1_733' title='bbox 1810 4848 1914 4904; x_wconf 91' lang='lat' dir='ltr'><strong>per</strong></span> <span class='ocrx_word' id='word_1_734' title='bbox 1931 4850 2018 4890; x_wconf 89' lang='lat' dir='ltr'><strong>sa-</strong></span> 
     </span>
    </p>
   </div>
   <div class='ocr_carea' id='block_1_96' title="bbox 364 4917 2018 4992">
    <p class='ocr_par' dir='ltr' id='par_1_96' title="bbox 364 4917 2018 4992">
     <span class='ocr_line' id='line_1_96' title="bbox 364 4917 2018 4992; baseline 0.004 -19"><span class='ocrx_word' id='word_1_735' title='bbox 364 4917 646 4991; x_wconf 87' lang='lat' dir='ltr'><strong>pientiam</strong></span> <span class='ocrx_word' id='word_1_736' title='bbox 665 4921 838 4990; x_wconf 91' lang='lat' dir='ltr'><strong>atque</strong></span> <span class='ocrx_word' id='word_1_737' title='bbox 857 4934 1088 4973; x_wconf 90' lang='lat' dir='ltr'><strong>morum</strong></span> <span class='ocrx_word' id='word_1_738' title='bbox 1112 4919 1458 4990; x_wconf 85' lang='lat' dir='ltr'><strong>probitatem</strong></span> <span class='ocrx_word' id='word_1_739' title='bbox 1481 4923 1600 4976; x_wconf 90' lang='lat' dir='ltr'><strong>tam</strong></span> <span class='ocrx_word' id='word_1_740' title='bbox 1625 4919 1736 4976; x_wconf 86' lang='lat' dir='ltr'><strong>sibi</strong></span> <span class='ocrx_word' id='word_1_741' title='bbox 1760 4937 1936 4992; x_wconf 87' lang='lat' dir='ltr'><strong>quam</strong></span> <span class='ocrx_word' id='word_1_742' title='bbox 1958 4927 2018 4978; x_wconf 91' lang='lat' dir='ltr'><strong>et</strong></span> 
     </span>
    </p>
   </div>
   <div class='ocr_carea' id='block_1_97' title="bbox 365 5005 2019 5080">
    <p class='ocr_par' dir='ltr' id='par_1_97' title="bbox 365 5005 2019 5080">
     <span class='ocr_line' id='line_1_97' title="bbox 365 5005 2019 5080; baseline 0.002 -17"><span class='ocrx_word' id='word_1_743' title='bbox 365 5005 621 5064; x_wconf 89' lang='lat' dir='ltr'><strong>subditis</strong></span> <span class='ocrx_word' id='word_1_744' title='bbox 634 5005 1341 5079; x_wconf 87' lang='lat' dir='ltr'><strong>prospicere.Schedulam</strong></span> <span class='ocrx_word' id='word_1_745' title='bbox 1357 5023 1493 5080; x_wconf 84' lang='lat' dir='ltr'><strong>ergo</strong></span> <span class='ocrx_word' id='word_1_746' title='bbox 1507 5007 1900 5080; x_wconf 88' lang='lat' dir='ltr'><strong>capitulorum</strong></span> <span class='ocrx_word' id='word_1_747' title='bbox 1919 5028 2019 5068; x_wconf 87' lang='lat' dir='ltr'><strong>no-</strong></span> 
     </span>
    </p>
   </div>
   <div class='ocr_carea' id='block_1_98' title="bbox 364 5093 2015 5171">
    <p class='ocr_par' dir='ltr' id='par_1_98' title="bbox 364 5093 2015 5171">
     <span class='ocr_line' id='line_1_98' title="bbox 364 5093 2015 5171; baseline 0.001 -19"><span class='ocrx_word' id='word_1_748' title='bbox 364 5095 456 5153; x_wconf 90' lang='lat' dir='ltr'><strong>bis</strong></span> <span class='ocrx_word' id='word_1_749' title='bbox 499 5093 740 5151; x_wconf 89' lang='lat' dir='ltr'><strong>allatam</strong></span> <span class='ocrx_word' id='word_1_750' title='bbox 782 5093 1042 5150; x_wconf 88' lang='lat' dir='ltr'><strong>studiose</strong></span> <span class='ocrx_word' id='word_1_751' title='bbox 1080 5096 1505 5168; x_wconf 88' lang='lat' dir='ltr'><strong>perspeximus,</strong></span> <span class='ocrx_word' id='word_1_752' title='bbox 1547 5096 2015 5171; x_wconf 86' lang='lat' dir='ltr'><strong>enucleatimque</strong></span> 
     </span>
    </p>
   </div>
   <div class='ocr_carea' id='block_1_99' title="bbox 364 5183 2013 5260">
    <p class='ocr_par' dir='ltr' id='par_1_99' title="bbox 364 5183 2013 5260">
     <span class='ocr_line' id='line_1_99' title="bbox 364 5183 2013 5260; baseline 0.001 -20"><span class='ocrx_word' id='word_1_753' title='bbox 364 5183 890 5250; x_wconf 88' lang='lat' dir='ltr'><strong>consideravimus,</strong></span> <span class='ocrx_word' id='word_1_754' title='bbox 922 5187 980 5239; x_wconf 90' lang='lat' dir='ltr'><strong>et</strong></span> <span class='ocrx_word' id='word_1_755' title='bbox 1029 5184 1101 5240; x_wconf 88' lang='lat' dir='ltr'><strong>ad</strong></span> <span class='ocrx_word' id='word_1_756' title='bbox 1143 5183 1376 5258; x_wconf 88' lang='lat' dir='ltr'><strong>singula</strong></span> <span class='ocrx_word' id='word_1_757' title='bbox 1404 5201 1508 5256; x_wconf 90' lang='lat' dir='ltr'><strong>pro</strong></span> <span class='ocrx_word' id='word_1_758' title='bbox 1533 5191 1706 5258; x_wconf 91' lang='lat' dir='ltr'><strong>captu</strong></span> <span class='ocrx_word' id='word_1_759' title='bbox 1737 5186 2013 5260; x_wconf 89' lang='lat' dir='ltr'><strong>ingenioli</strong></span> 
     </span>
    </p>
   </div>
   <div class='ocr_carea' id='block_1_100' title="bbox 363 5273 2016 5346">
    <p class='ocr_par' dir='ltr' id='par_1_100' title="bbox 363 5273 2016 5346">
     <span class='ocr_line' id='line_1_100' title="bbox 363 5273 2016 5346; baseline 0.001 -16"><span class='ocrx_word' id='word_1_760' title='bbox 363 5273 545 5330; x_wconf 89' lang='lat' dir='ltr'><strong>nostri</strong></span> <span class='ocrx_word' id='word_1_761' title='bbox 552 5273 821 5345; x_wconf 82' lang='lat' dir='ltr'><strong>,fautrice</strong></span> <span class='ocrx_word' id='word_1_762' title='bbox 840 5273 1239 5341; x_wconf 87' lang='lat' dir='ltr'><strong>divinitate,ad</strong></span> <span class='ocrx_word' id='word_1_763' title='bbox 1238 5273 1462 5346; x_wconf 84' lang='lat' dir='ltr'><strong>junctis</strong></span> <span class='ocrx_word' id='word_1_764' title='bbox 1480 5275 1654 5330; x_wconf 88' lang='lat' dir='ltr'><strong>etiam</strong></span> <span class='ocrx_word' id='word_1_765' title='bbox 1677 5281 2016 5332; x_wconf 87' lang='lat' dir='ltr'><strong>sanctorum</strong></span> 
     </span>
    </p>
   </div>
   <div class='ocr_carea' id='block_1_101' title="bbox 363 5361 2015 5436">
    <p class='ocr_par' dir='ltr' id='par_1_101' title="bbox 363 5361 2015 5436">
     <span class='ocr_line' id='line_1_101' title="bbox 363 5361 2015 5436; baseline 0.001 -18"><span class='ocrx_word' id='word_1_766' title='bbox 363 5361 648 5435; x_wconf 78' lang='lat' dir='ltr'><strong>exemplis</strong></span> <span class='ocrx_word' id='word_1_767' title='bbox 695 5362 1022 5430; x_wconf 90' lang='lat' dir='ltr'><strong>doctorum,</strong></span> <span class='ocrx_word' id='word_1_768' title='bbox 1066 5363 1416 5434; x_wconf 88' lang='lat' dir='ltr'><strong>respondere</strong></span> <span class='ocrx_word' id='word_1_769' title='bbox 1463 5363 1856 5436; x_wconf 90' lang='lat' dir='ltr'><strong>disponimus,</strong></span> <span class='ocrx_word' id='word_1_770' title='bbox 1900 5381 2015 5422; x_wconf 89' lang='lat' dir='ltr'><strong>non</strong></span> 
     </span>
    </p>
   </div>
   <div class='ocr_carea' id='block_1_102' title="bbox 371 5449 2013 5526">
    <p class='ocr_par' dir='ltr' id='par_1_102' title="bbox 371 5449 2013 5526">
     <span class='ocr_line' id='line_1_102' title="bbox 371 5449 2013 5526; baseline 0.002 -20"><span class='ocrx_word' id='word_1_771' title='bbox 371 5456 574 5508; x_wconf 88' lang='lat' dir='ltr'><strong>nostra</strong></span> <span class='ocrx_word' id='word_1_772' title='bbox 591 5449 976 5525; x_wconf 89' lang='lat' dir='ltr'><strong>intelligentia</strong></span> <span class='ocrx_word' id='word_1_773' title='bbox 996 5449 1266 5518; x_wconf 89' lang='lat' dir='ltr'><strong>nitentes,</strong></span> <span class='ocrx_word' id='word_1_774' title='bbox 1290 5452 1390 5507; x_wconf 89' lang='lat' dir='ltr'><strong>sed</strong></span> <span class='ocrx_word' id='word_1_775' title='bbox 1415 5451 1473 5507; x_wconf 90' lang='lat' dir='ltr'><strong>in</strong></span> <span class='ocrx_word' id='word_1_776' title='bbox 1497 5451 1612 5508; x_wconf 91' lang='lat' dir='ltr'><strong>Deo</strong></span> <span class='ocrx_word' id='word_1_777' title='bbox 1634 5453 2013 5526; x_wconf 80' lang='lat' dir='ltr'><strong>confidentes,</strong></span> 
     </span>
    </p>
   </div>
   <div class='ocr_carea' id='block_1_103' title="bbox 360 5561 2017 5658">
    <p class='ocr_par' dir='ltr' id='par_1_103' title="bbox 360 5561 2017 5658">
     <span class='ocr_line' id='line_1_103' title="bbox 360 5561 2017 5658; baseline 0.003 -18"><span class='ocrx_word' id='word_1_778' title='bbox 360 5599 517 5642; x_wconf 80' lang='lat' dir='ltr'><strong>versa</strong></span> <span class='ocrx_word' id='word_1_779' title='bbox 543 5593 596 5640; x_wconf 89' lang='lat' dir='ltr'><strong>et</strong></span> <span class='ocrx_word' id='word_1_780' title='bbox 632 5561 936 5658; x_wconf 75' lang='lat' dir='ltr'><strong>multiplici</strong></span> <span class='ocrx_word' id='word_1_781' title='bbox 972 5586 1185 5658; x_wconf 76' lang='lat' dir='ltr'><strong>ratione</strong></span> <span class='ocrx_word' id='word_1_782' title='bbox 1235 5587 1469 5658; x_wconf 64' lang='lat' dir='ltr'><strong>animae.</strong></span> <span class='ocrx_word' id='word_1_783' title='bbox 1492 5585 1792 5658; x_wconf 79' lang='lat' dir='ltr'><strong>Hipcmari</strong></span> <span class='ocrx_word' id='word_1_784' title='bbox 1820 5591 2017 5645; x_wconf 89' lang='lat' dir='ltr'><strong>tamen</strong></span> 
     </span>
    </p>
   </div>
   <div class='ocr_carea' id='block_1_104' title="bbox 363 5653 2020 5734">
    <p class='ocr_par' dir='ltr' id='par_1_104' title="bbox 363 5653 2020 5734">
     <span class='ocr_line' id='line_1_104' title="bbox 363 5653 2020 5734; baseline 0.004 -20"><span class='ocrx_word' id='word_1_785' title='bbox 363 5667 496 5716; x_wconf 74' lang='lat' dir='ltr'><strong>esse</strong></span> <span class='ocrx_word' id='word_1_786' title='bbox 547 5653 737 5719; x_wconf 78' lang='lat' dir='ltr'><strong>multa</strong></span> <span class='ocrx_word' id='word_1_787' title='bbox 778 5653 1156 5734; x_wconf 70' lang='lat' dir='ltr'><strong>persuadent,</strong></span> <span class='ocrx_word' id='word_1_788' title='bbox 1201 5659 1261 5719; x_wconf 83' lang='lat' dir='ltr'><strong>et</strong></span> <span class='ocrx_word' id='word_1_789' title='bbox 1306 5655 1510 5719; x_wconf 79' lang='lat' dir='ltr'><strong>Carolo</strong></span> <span class='ocrx_word' id='word_1_790' title='bbox 1557 5655 1730 5718; x_wconf 84' lang='lat' dir='ltr'><strong>Calvo</strong></span> <span class='ocrx_word' id='word_1_791' title='bbox 1779 5659 1903 5734; x_wconf 82' lang='lat' dir='ltr'><strong>regi</strong></span> <span class='ocrx_word' id='word_1_792' title='bbox 1949 5675 2020 5720; x_wconf 85' lang='lat' dir='ltr'><strong>ea</strong></span> 
     </span>
    </p>
   </div>
   <div class='ocr_carea' id='block_1_105' title="bbox 2122 4656 3749 4734">
    <p class='ocr_par' dir='ltr' id='par_1_105' title="bbox 2122 4656 3749 4734">
     <span class='ocr_line' id='line_1_105' title="bbox 2122 4656 3749 4734; baseline -0.006 -16"><span class='ocrx_word' id='word_1_793' title='bbox 2122 4662 2386 4734; x_wconf 87' lang='lat' dir='ltr'><strong>spiritum</strong></span> <span class='ocrx_word' id='word_1_794' title='bbox 2409 4667 2564 4714; x_wconf 88' lang='lat' dir='ltr'><strong>tuum</strong></span> <span class='ocrx_word' id='word_1_795' title='bbox 2589 4666 2640 4713; x_wconf 86' lang='lat' dir='ltr'><strong>et</strong></span> <span class='ocrx_word' id='word_1_796' title='bbox 2664 4657 3016 4722; x_wconf 78' lang='lat' dir='ltr'><strong>creabantur,</strong></span> <span class='ocrx_word' id='word_1_797' title='bbox 3045 4664 3098 4712; x_wconf 83' lang='lat' dir='ltr'><strong>et</strong></span> <span class='ocrx_word' id='word_1_798' title='bbox 3125 4656 3411 4712; x_wconf 80' lang='lat' dir='ltr'><strong>renovabis</strong></span> <span class='ocrx_word' id='word_1_799' title='bbox 3444 4657 3639 4728; x_wconf 75' lang='lat' dir='ltr'><strong>faciem</strong></span> <span class='ocrx_word' id='word_1_800' title='bbox 3660 4656 3749 4708; x_wconf 77' lang='lat' dir='ltr'><strong>ter-</strong></span> 
     </span>
    </p>
   </div>
   <div class='ocr_carea' id='block_1_106' title="bbox 2123 4741 3752 4820">
    <p class='ocr_par' dir='ltr' id='par_1_106' title="bbox 2123 4741 3752 4820">
     <span class='ocr_line' id='line_1_106' title="bbox 2123 4741 3752 4820; baseline -0.007 -15"><span class='ocrx_word' id='word_1_801' title='bbox 2123 4765 2206 4807; x_wconf 64' lang='lat' dir='ltr'><strong>rm</strong></span> <span class='ocrx_word' id='word_1_802' title='bbox 2239 4747 2406 4820; x_wconf 85' lang='lat' dir='ltr'><strong>(Psat.</strong></span> <span class='ocrx_word' id='word_1_803' title='bbox 2431 4763 2550 4812; x_wconf 89' lang='lat' dir='ltr'><strong>cm,</strong></span> <span class='ocrx_word' id='word_1_804' title='bbox 2571 4749 2627 4812; x_wconf 89' lang='lat'><strong>2,</strong></span> <span class='ocrx_word' id='word_1_805' title='bbox 2649 4744 2704 4812; x_wconf 88' lang='lat'><strong>9,</strong></span> <span class='ocrx_word' id='word_1_806' title='bbox 2728 4746 2842 4814; x_wconf 89' lang='lat'><strong>30).</strong></span> <span class='ocrx_word' id='word_1_807' title='bbox 2863 4744 3008 4800; x_wconf 84' lang='lat' dir='ltr'><strong>Hinc</strong></span> <span class='ocrx_word' id='word_1_808' title='bbox 3043 4743 3259 4800; x_wconf 85' lang='lat' dir='ltr'><strong>iterum</strong></span> <span class='ocrx_word' id='word_1_809' title='bbox 3291 4745 3450 4802; x_wconf 90' lang='lat' dir='ltr'><strong>idem</strong></span> <span class='ocrx_word' id='word_1_810' title='bbox 3492 4741 3752 4816; x_wconf 77' lang='lat' dir='ltr'><strong>Propheta</strong></span> 
     </span>
    </p>
   </div>
   <div class='ocr_carea' id='block_1_107' title="bbox 2123 4827 3753 4908">
    <p class='ocr_par' dir='ltr' id='par_1_107' title="bbox 2123 4827 3753 4908">
     <span class='ocr_line' id='line_1_107' title="bbox 2123 4827 3753 4908; baseline -0.006 -14"><span class='ocrx_word' id='word_1_811' title='bbox 2123 4839 2194 4894; x_wconf 90' lang='lat' dir='ltr'><strong>de</strong></span> <span class='ocrx_word' id='word_1_812' title='bbox 2218 4834 2573 4908; x_wconf 88' lang='lat' dir='ltr'><strong>quibusdam</strong></span> <span class='ocrx_word' id='word_1_813' title='bbox 2598 4833 2962 4906; x_wconf 87' lang='lat' dir='ltr'><strong>principibus</strong></span> <span class='ocrx_word' id='word_1_814' title='bbox 2986 4833 3045 4888; x_wconf 91' lang='lat' dir='ltr'><strong>in</strong></span> <span class='ocrx_word' id='word_1_815' title='bbox 3067 4833 3177 4890; x_wconf 89' lang='lat' dir='ltr'><strong>hac</strong></span> <span class='ocrx_word' id='word_1_816' title='bbox 3192 4835 3310 4890; x_wconf 88' lang='lat' dir='ltr'><strong>vita</strong></span> <span class='ocrx_word' id='word_1_817' title='bbox 3325 4827 3753 4908; x_wconf 85' lang='lat' dir='ltr'><strong>supervenienti-</strong></span> 
     </span>
    </p>
   </div>
   <div class='ocr_carea' id='block_1_108' title="bbox 2087 4923 3752 4994">
    <p class='ocr_par' dir='ltr' id='par_1_108' title="bbox 2087 4923 3752 4994">
     <span class='ocr_line' id='line_1_108' title="bbox 2087 4923 3752 4994; baseline -0.007 -10"><span class='ocrx_word' id='word_1_818' title='bbox 2087 4974 2094 4985; x_wconf 91' lang='lat'><strong>.</strong></span> <span class='ocrx_word' id='word_1_819' title='bbox 2125 4928 2236 4982; x_wconf 88' lang='lat' dir='ltr'><strong>bus</strong></span> <span class='ocrx_word' id='word_1_820' title='bbox 2267 4925 2348 4980; x_wconf 89' lang='lat' dir='ltr'><strong>ait</strong></span> <span class='ocrx_word' id='word_1_821' title='bbox 2373 4941 2386 4980; x_wconf 92' lang='lat'><strong>:</strong></span> <span class='ocrx_word' id='word_1_822' title='bbox 2412 4923 2602 4978; x_wconf 69' lang='lat' dir='ltr'><strong>Exibit</strong></span> <span class='ocrx_word' id='word_1_823' title='bbox 2641 4924 2868 4994; x_wconf 76' lang='lat' dir='ltr'><strong>spiritus</strong></span> <span class='ocrx_word' id='word_1_824' title='bbox 2896 4923 3034 4994; x_wconf 85' lang='lat' dir='ltr'><strong>ejus,</strong></span> <span class='ocrx_word' id='word_1_825' title='bbox 3057 4931 3108 4978; x_wconf 86' lang='lat' dir='ltr'><strong>et</strong></span> <span class='ocrx_word' id='word_1_826' title='bbox 3155 4931 3456 4980; x_wconf 79' lang='lat' dir='ltr'><strong>revertetur</strong></span> <span class='ocrx_word' id='word_1_827' title='bbox 3483 4925 3543 4978; x_wconf 82' lang='lat' dir='ltr'><strong>in</strong></span> <span class='ocrx_word' id='word_1_828' title='bbox 3571 4931 3752 4978; x_wconf 63' lang='lat' dir='ltr'><strong>terram</strong></span> 
     </span>
    </p>
   </div>
   <div class='ocr_carea' id='block_1_109' title="bbox 2122 5011 3751 5084">
    <p class='ocr_par' dir='ltr' id='par_1_109' title="bbox 2122 5011 3751 5084">
     <span class='ocr_line' id='line_1_109' title="bbox 2122 5011 3751 5084; baseline -0.007 -11"><span class='ocrx_word' id='word_1_829' title='bbox 2122 5032 2284 5074; x_wconf 85' lang='lat' dir='ltr'><strong>suam</strong></span> <span class='ocrx_word' id='word_1_830' title='bbox 2311 5013 2482 5084; x_wconf 83' lang='lat' dir='ltr'><strong>(Psal.</strong></span> <span class='ocrx_word' id='word_1_831' title='bbox 2507 5029 2668 5078; x_wconf 74' lang='lat' dir='ltr'><strong>cxw,</strong></span> <span class='ocrx_word' id='word_1_832' title='bbox 2693 5011 2767 5082; x_wconf 76' lang='grc'><strong>4).</strong></span> <span class='ocrx_word' id='word_1_833' title='bbox 2800 5011 2914 5066; x_wconf 88' lang='lat' dir='ltr'><strong>Nec</strong></span> <span class='ocrx_word' id='word_1_834' title='bbox 2943 5016 3180 5068; x_wconf 82' lang='lat' dir='ltr'><strong>.tamen&#39;</strong></span> <span class='ocrx_word' id='word_1_835' title='bbox 3211 5011 3466 5068; x_wconf 85' lang='lat' dir='ltr'><strong>dicimus</strong></span> <span class='ocrx_word' id='word_1_836' title='bbox 3515 5011 3751 5068; x_wconf 82' lang='lat' dir='ltr'><strong>animam</strong></span> 
     </span>
    </p>
   </div>
   <div class='ocr_carea' id='block_1_110' title="bbox 2125 5093 3751 5176">
    <p class='ocr_par' dir='ltr' id='par_1_110' title="bbox 2125 5093 3751 5176">
     <span class='ocr_line' id='line_1_110' title="bbox 2125 5093 3751 5176; baseline -0.006 -18"><span class='ocrx_word' id='word_1_837' title='bbox 2125 5102 2357 5176; x_wconf 90' lang='lat' dir='ltr'><strong>proprie</strong></span> <span class='ocrx_word' id='word_1_838' title='bbox 2381 5101 2654 5174; x_wconf 85' lang='lat' dir='ltr'><strong>spiritum</strong></span> <span class='ocrx_word' id='word_1_839' title='bbox 2677 5099 2988 5167; x_wconf 89' lang='lat' dir='ltr'><strong>nominari,</strong></span> <span class='ocrx_word' id='word_1_840' title='bbox 3013 5115 3147 5156; x_wconf 92' lang='lat' dir='ltr'><strong>cum</strong></span> <span class='ocrx_word' id='word_1_841' title='bbox 3171 5100 3324 5156; x_wconf 85' lang='lat' dir='ltr'><strong>Deus</strong></span> <span class='ocrx_word' id='word_1_842' title='bbox 3343 5099 3575 5156; x_wconf 89' lang='lat' dir='ltr'><strong>dicatur</strong></span> <span class='ocrx_word' id='word_1_843' title='bbox 3599 5093 3751 5170; x_wconf 71' lang='lat' dir='ltr'><strong>spiri-</strong></span> 
     </span>
    </p>
   </div>
   <div class='ocr_carea' id='block_1_111' title="bbox 2125 5187 3758 5261">
    <p class='ocr_par' dir='ltr' id='par_1_111' title="bbox 2125 5187 3758 5261">
     <span class='ocr_line' id='line_1_111' title="bbox 2125 5187 3758 5261; baseline -0.006 -13"><span class='ocrx_word' id='word_1_844' title='bbox 2125 5197 2242 5260; x_wconf 89' lang='lat' dir='ltr'><strong>tus,</strong></span> <span class='ocrx_word' id='word_1_845' title='bbox 2277 5191 2430 5248; x_wconf 91' lang='lat' dir='ltr'><strong>sicut</strong></span> <span class='ocrx_word' id='word_1_846' title='bbox 2483 5188 2545 5244; x_wconf 90' lang='lat' dir='ltr'><strong>in</strong></span> <span class='ocrx_word' id='word_1_847' title='bbox 2600 5187 2912 5261; x_wconf 87' lang='lat' dir='ltr'><strong>Evangelio</strong></span> <span class='ocrx_word' id='word_1_848' title='bbox 2967 5187 3150 5246; x_wconf 88' lang='lat' dir='ltr'><strong>habes</strong></span> <span class='ocrx_word' id='word_1_849' title='bbox 3183 5206 3196 5244; x_wconf 90' lang='lat'><strong>:</strong></span> <span class='ocrx_word' id='word_1_850' title='bbox 3231 5192 3384 5244; x_wconf 85' lang='lat' dir='ltr'><strong>Deus</strong></span> <span class='ocrx_word' id='word_1_851' title='bbox 3434 5189 3654 5261; x_wconf 76' lang='lat' dir='ltr'><strong>spiritus</strong></span> <span class='ocrx_word' id='word_1_852' title='bbox 3691 5188 3758 5238; x_wconf 72' lang='lat' dir='ltr'><strong>at</strong></span> 
     </span>
    </p>
   </div>
   <div class='ocr_carea' id='block_1_112' title="bbox 2125 5274 3752 5350">
    <p class='ocr_par' dir='ltr' id='par_1_112' title="bbox 2125 5274 3752 5350">
     <span class='ocr_line' id='line_1_112' title="bbox 2125 5274 3752 5350; baseline -0.009 -13"><span class='ocrx_word' id='word_1_853' title='bbox 2125 5283 2312 5350; x_wconf 84' lang='lat' dir='ltr'><strong>(Joan.</strong></span> <span class='ocrx_word' id='word_1_854' title='bbox 2338 5296 2414 5346; x_wconf 84' lang='lat' dir='ltr'><strong>IV,</strong></span> <span class='ocrx_word' id='word_1_855' title='bbox 2435 5279 2552 5346; x_wconf 85' lang='grc'><strong>24),</strong></span> <span class='ocrx_word' id='word_1_856' title='bbox 2573 5281 2632 5333; x_wconf 91' lang='lat' dir='ltr'><strong>et</strong></span> <span class='ocrx_word' id='word_1_857' title='bbox 2662 5275 2850 5332; x_wconf 87' lang='lat' dir='ltr'><strong>sancti</strong></span> <span class='ocrx_word' id='word_1_858' title='bbox 2881 5275 3071 5350; x_wconf 89' lang='lat' dir='ltr'><strong>angeli</strong></span> <span class='ocrx_word' id='word_1_859' title='bbox 3105 5275 3354 5350; x_wconf 90' lang='lat' dir='ltr'><strong>spiritus</strong></span> <span class='ocrx_word' id='word_1_860' title='bbox 3381 5281 3666 5341; x_wconf 88' lang='lat' dir='ltr'><strong>vocentur,</strong></span> <span class='ocrx_word' id='word_1_861' title='bbox 3695 5274 3752 5325; x_wconf 89' lang='lat' dir='ltr'><strong>ut</strong></span> 
     </span>
    </p>
   </div>
   <div class='ocr_carea' id='block_1_113' title="bbox 2125 5357 3746 5439">
    <p class='ocr_par' dir='ltr' id='par_1_113' title="bbox 2125 5357 3746 5439">
     <span class='ocr_line' id='line_1_113' title="bbox 2125 5357 3746 5439; baseline -0.008 -14"><span class='ocrx_word' id='word_1_862' title='bbox 2125 5372 2214 5425; x_wconf 89' lang='lat' dir='ltr'><strong>est</strong></span> <span class='ocrx_word' id='word_1_863' title='bbox 2245 5385 2258 5424; x_wconf 85' lang='lat'><strong>:</strong></span> <span class='ocrx_word' id='word_1_864' title='bbox 2294 5368 2400 5436; x_wconf 86' lang='lat' dir='ltr'><strong>Qui</strong></span> <span class='ocrx_word' id='word_1_865' title='bbox 2453 5368 2588 5438; x_wconf 89' lang='lat' dir='ltr'><strong>facit</strong></span> <span class='ocrx_word' id='word_1_866' title='bbox 2629 5367 2850 5438; x_wconf 83' lang='lat' dir='ltr'><strong>angelos</strong></span> <span class='ocrx_word' id='word_1_867' title='bbox 2887 5382 3015 5423; x_wconf 87' lang='lat' dir='ltr'><strong>suos</strong></span> <span class='ocrx_word' id='word_1_868' title='bbox 3057 5368 3288 5438; x_wconf 84' lang='lat' dir='ltr'><strong>spiritus</strong></span> <span class='ocrx_word' id='word_1_869' title='bbox 3337 5367 3506 5439; x_wconf 82' lang='lat' dir='ltr'><strong>(Psal.</strong></span> <span class='ocrx_word' id='word_1_870' title='bbox 3541 5378 3651 5430; x_wconf 80' lang='lat' dir='ltr'><strong>cui,</strong></span> <span class='ocrx_word' id='word_1_871' title='bbox 3678 5357 3746 5427; x_wconf 62' lang='grc' dir='ltr'><strong>ὅ).</strong></span> 
     </span>
    </p>
   </div>
   <div class='ocr_carea' id='block_1_114' title="bbox 2125 5448 3745 5531">
    <p class='ocr_par' dir='ltr' id='par_1_114' title="bbox 2125 5448 3745 5531">
     <span class='ocr_line' id='line_1_114' title="bbox 2125 5448 3745 5531; baseline -0.006 -18"><span class='ocrx_word' id='word_1_872' title='bbox 2125 5457 2288 5523; x_wconf 88' lang='lat' dir='ltr'><strong>Quod</strong></span> <span class='ocrx_word' id='word_1_873' title='bbox 2321 5471 2536 5512; x_wconf 90' lang='lat' dir='ltr'><strong>nomen</strong></span> <span class='ocrx_word' id='word_1_874' title='bbox 2567 5455 2742 5512; x_wconf 90' lang='lat' dir='ltr'><strong>etiam</strong></span> <span class='ocrx_word' id='word_1_875' title='bbox 2762 5448 3036 5528; x_wconf 84' lang='lat' dir='ltr'><strong>malignis</strong></span> <span class='ocrx_word' id='word_1_876' title='bbox 3065 5455 3255 5531; x_wconf 90' lang='lat' dir='ltr'><strong>aptari</strong></span> <span class='ocrx_word' id='word_1_877' title='bbox 3277 5453 3428 5511; x_wconf 88' lang='lat' dir='ltr'><strong>solet</strong></span> <span class='ocrx_word' id='word_1_878' title='bbox 3444 5449 3745 5531; x_wconf 58' lang='lat' dir='ltr'><strong>spiritibus.</strong></span> 
     </span>
    </p>
   </div>
   <div class='ocr_carea' id='block_1_115' title="bbox 2125 5584 3751 5721">
    <p class='ocr_par' dir='ltr' id='par_1_115' title="bbox 2125 5584 3751 5721">
     <span class='ocr_line' id='line_1_115' title="bbox 2125 5584 3751 5721; baseline -0.007 -74"><span class='ocrx_word' id='word_1_879' title='bbox 2125 5587 2235 5721; x_wconf 61' lang='lat' dir='ltr'><strong>goli</strong></span> <span class='ocrx_word' id='word_1_880' title='bbox 2287 5587 2658 5664; x_wconf 88' lang='lat' dir='ltr'><strong>conveniunt,</strong></span> <span class='ocrx_word' id='word_1_881' title='bbox 2701 5605 2828 5666; x_wconf 78' lang='lat' dir='ltr'><strong>quae</strong></span> <span class='ocrx_word' id='word_1_882' title='bbox 2877 5587 2939 5648; x_wconf 88' lang='lat' dir='ltr'><strong>in</strong></span> <span class='ocrx_word' id='word_1_883' title='bbox 2990 5586 3332 5648; x_wconf 83' lang='lat' dir='ltr'><strong>Praefatione</strong></span> <span class='ocrx_word' id='word_1_884' title='bbox 3379 5584 3751 5647; x_wconf 82' lang='lat' dir='ltr'><strong>continentur.</strong></span> 
     </span>
     <span class='ocr_line' id='line_1_116' title="bbox 2168 5676 2296 5721; baseline 0 -2"><span class='ocrx_word' id='word_1_885' title='bbox 2168 5676 2296 5721; x_wconf 75' lang='lat' dir='ltr'><strong>IRM.</strong></span> 
     </span>
    </p>
   </div>
   <div class='ocr_carea' id='block_1_116' title="bbox 2168 5676 2296 5722">
    <p class='ocr_par' dir='ltr' id='par_1_116' title="bbox 2168 5676 2296 5722">
     <span class='ocr_line' id='line_1_117' title="bbox 2168 5676 2296 5722; baseline 0 -3"><span class='ocrx_word' id='word_1_886' title='bbox 2168 5676 2296 5722; x_wconf 73' lang='lat' dir='ltr'><strong>IRM.</strong></span> 
     </span>
    </p>
   </div>
  </div>
