3934 6182
230 240 339 301 933

1315 238 1416 299 DE
1460 237 1801 301 DIVERSA
1845 236 2122 302 ΑΝΙΜιΕ
2165 238 2532 301 RATIONE.

3504 243 3623 304 934

231 371 479 427 Vocatur
503 368 680 425 etiam
711 368 911 425 anima
934 369 1179 442 spiritus
1208 369 1467 428 hominis
1498 388 1512 426 :
1547 372 1703 428 unde
1730 370 1868 428 dici-
1895 371 1951 438 Α
1980 370 2291 439 bernaculo,
2322 373 2731 444 iugemiscimus
2788 376 3023 442 gravati,
3055 390 3117 430 eo
3173 375 3313 447 quod
3368 376 3626 432 uolumus

231 466 323 517 tur
348 475 453 532 per
480 456 854 514 Salomonem
891 474 904 514 :
936 459 1112 515 Donec
1140 461 1443 516 revertatur
1466 462 1649 533 pulvis
1677 463 1737 516 in
1767 468 1874 517 ter-

234 567 363 606 ram.
389 564 550 604 suam
604 546 749 604 unde
805 555 1052 620 sumptus
1105 556 1201 616 est,
1231 557 1283 605 et
1321 551 1552 623 spiritus
1598 550 1781 607 redeat
1806 549 1878 606 ad

234 640 397 694 Deum
425 638 524 709 qni
551 636 698 692 dedit
717 637 878 693 illum
898 637 1091 708 (Eccle.
1114 655 1213 705 xu,
1242 640 1320 707 7).
1354 639 1466 694 Sed
1495 644 1554 695 et
1585 656 1683 695 aer
1712 656 1876 695 com-

1981 461 2301 533 exspoliari,
2332 460 2427 516 sed
2452 461 2820 532 supervestiri,
2853 468 2915 517 ut
2938 462 3289 519 absorbeatur
3312 465 3452 537 quod
3474 478 3650 521 τηαν-ν

1984 550 2098 606 tale
2125 558 2205 606 est
2232 568 2266 605 a
2298 551 2409 605 vita
2439 549 2622 621 (ibid.,
2657 551 2732 618 4).
2765 551 2836 605 Et
2892 555 3025 621 post
3072 569 3187 607 non
3236 553 3423 609 multa
3456 571 3469 609 :
3503 559 3626 610 Au-

1985 638 2189 694 demus
2205 647 2422 710 autem,
2445 644 2499 694 et
2524 638 2736 695 bonam
2764 640 3115 695 voluntatem
3145 641 3631 714 habemus,magis

236 731 428 784 motus
471 730 644 783 vento
694 725 936 799 spiritus
981 732 1375 799 nuncupatur,
1409 728 1563 784 sicut
1592 728 1875 802 scriptum
1979 729 2368 801 peregrinari
2394 745 2434 783 a
2464 745 2727 801 corpore,
2759 733 2814 783 et
2852 734 3163 800 prementes
3189 746 3306 787 esse
3335 732 3420 787 ad
3450 736 3631 787 Deum

237 819 317 871 est
352 833 365 871 :
400 814 644 888 Spiritus
695 817 1088 886 procellarum,
1122 832 1248 889 quae
1273 820 1489 889 faciunt
1512 818 1736 873 verbum
1763 820 1879 891 ejus

236 904 403 979 (Psal.
436 921 664 973 cxevnx,
697 906 775 974 8).
805 905 918 960 Sed
949 906 1153 960 eadem
1187 906 1521 962 substantia
1544 908 1769 980 corpori
1795 908 1878 963 vi-

234 992 518 1049 viﬁcaudo
541 997 717 1065 atque
738 994 991 1065 regendo
1014 993 1303 1050 Creatoris
1324 1011 1565 1051 munere
1576 996 1880 1066 attributa,

236 1083 434 1139 anima
454 1082 687 1156 proprie
708 1082 926 1138 dicitur
943 1083 1157 1151 vocari,
1181 1083 1349 1156 quasi
1380 1101 1623 1150 antema,
1648 1086 1705 1141 id
1728 1090 1817 1141 est
1849 1102 1883 1141 a

237 1170 521 1244 sanguine
550 1171 722 1244 longe
751 1170 1322 1228 disereta.Videlicet
1341 1174 1481 1246 quia
1501 1190 1616 1229 non
1639 1174 1793 1230 sicut
1820 1174 1882 1230 in

237 1259 459 1317 caeteris
489 1259 895 1316 animantibus
935 1260 1237 1317 deﬁciente
1286 1262 1572 1336 sanguine
1619 1263 1794 1320 etiam
1827 1267 1889 1321 et

239 1349 438 1405 anima
467 1349 683 1418 deﬁcit,
711 1348 866 1405 sicut
911 1349 1214 1423 Scriptura
1256 1351 1401 1407 dicit
1430 1369 1443 1408 :
1479 1352 1677 1408 Anima
1705 1355 1884 1410 omnis

236 1439 423 1495 cumis
451 1439 515 1493 ia
540 1440 812 1511 sanguine
838 1446 918 1495 est
949 1439 1361 1513 (Lev.xvu,11);
1389 1441 1489 1498 sed
1511 1442 1708 1514 potius
1729 1443 1884 1515 quod

237 1527 545 1583 deﬁciente
570 1544 832 1600 corpore,
866 1544 1148 1601 magnum
1192 1530 1364 1601 cujus
1416 1531 1885 1587 sustentaculum

237 1620 320 1672 cst
330 1615 807 1690 sanguis,anima
818 1633 1189 1690 nequaquam
1205 1618 1701 1675 intereat.Dieitur
1710 1621 1885 1675 etiam

238 1722 270 1760 a
290 1704 653 1778 quibusdam
682 1703 878 1760 anima
908 1705 982 1760 ah
1011 1721 1077 1761 eo
1108 1703 1431 1774 nominata,
1454 1707 1609 1778 quod
1641 1706 1884 1774 auimet,

238 1792 291 1848 id
313 1796 409 1849 est
428 1792 680 1849 viviﬁcet
708 1793 1102 1850 substantiam
1133 1794 1495 1868 corporis.Ut
1525 1800 1722 1851 autem
1744 1796 1885 1869 quid

235 1882 303 1938 de
323 1898 398 1938 ea
420 1880 748 1938 sentiamus
768 1881 998 1954 plenius
1020 1883 1373 1955 aperiamus,
1399 1900 1514 1940 non
1536 1885 1773 1954 nostris,
1798 1901 1890 1941 ve-

236 1987 371 2026 rum
402 1969 696 2026 Creatoris
723 1970 995 2027 credatur
1023 1971 1324 2044 dictis,qui
1355 1973 1614 2029 animam
1645 1975 1890 2046 spiritus

232 2058 524 2116 vocabulo
540 2077 574 2116 a
589 2076 828 2132 corpore
840 2061 921 2132 sej
932 2065 1452 2134 ungens,naturam
1465 2067 1523 2118 et
1543 2063 1888 2136 dignitatem

238 2152 711 2221 potestatemque
757 2148 886 2219 ejus
918 2166 952 2204 a
980 2166 1216 2222 corpore
1272 2149 1557 2218 distinxit,
1587 2167 1720 2206 cum
1762 2151 1844 2206 ait
1873 2169 1887 2207 :

237 2235 484 2309 Spiritus
529 2244 611 2293 est
661 2239 759 2309 qui
814 2239 1071 2309 viviﬁcat,
1102 2254 1228 2294 caro
1283 2248 1464 2295 autem
1519 2258 1630 2298 non
1675 2241 1893 2314 prodest

239 2324 553 2397 quidquam
596 2326 783 2397 (Joau.
813 2344 891 2397 v1,
922 2328 1036 2395 64).
1070 2328 1334 2401 Itemque
1368 2345 1381 2384 :
1417 2331 1566 2399 Quod
1595 2339 1789 2386 natum
1814 2340 1896 2388 est

238 2413 304 2470 de
331 2430 526 2481 eam,
554 2431 679 2472 caro
698 2423 777 2472 est
803 2434 823 2471 :
852 2423 904 2472 el
932 2415 1071 2489 quod
1121 2425 1313 2473 natum
1357 2435 1429 2475 ea:
1468 2421 1690 2491 spiritu,
1721 2422 1892 2493 spiri-

240 2512 328 2559 tus
360 2511 444 2560 est
477 2504 653 2577 (Joan.
688 2521 769 2572 III,
804 2506 881 2579 6).
915 2507 1261 2578 Quanquam
1310 2508 1420 2563 etsi
1452 2526 1567 2565 non
1598 2525 1733 2565 cum
1765 2526 1891 2565 cor-

239 2609 405 2664 pore,
440 2597 638 2648 tamen
667 2609 802 2649 cum
850 2593 1237 2651 similitudine
1286 2597 1543 2669 corporis
1591 2599 1776 2653 cernit
1805 2598 1892 2655 vel

238 2682 530 2750 cernitur,
548 2681 635 2738 vel
670 2698 804 2738 cum
836 2699 898 2739 se
923 2683 1163 2739 abducit
1185 2689 1243 2739 et
1274 2690 1529 2741 removet
1557 2702 1592 2741 a
1621 2687 1894 2744 sensibus

239 2769 532 2844 corporis,
548 2770 702 2844 quod
724 2770 791 2827 ﬁt
811 2770 870 2827 in
891 2771 1119 2828 somnis
1140 2789 1275 2828 cum
1299 2772 1725 2847 multiplicibus
1751 2776 1895 2832 visis

236 2864 587 2932 occupatur,
610 2858 699 2916 vel
720 2876 855 2915 cum
878 2877 982 2933 per
1000 2861 1247 2928 ectasin,
1271 2861 1326 2917 id
1351 2866 1441 2919 est
1461 2864 1677 2919 mentis
1696 2881 1894 2921 exces-

237 2963 401 3014 sum,
426 2948 489 3003 in
525 2947 753 3005 diversa
781 2948 1114 3016 abducitur,
1140 2967 1244 3006 seu
1274 2967 1411 3006 cum
1441 2955 1563 3007 tota
1593 2956 1899 3025 separatur

238 3053 274 3091 a
299 3051 572 3109 corpore,
595 3036 751 3108 quod
788 3037 856 3092 ﬁt
891 3036 951 3092 in
988 3042 1196 3105 morte,
1224 3042 1281 3094 et
1307 3038 1392 3095 vel
1425 3040 1497 3095 ad
1529 3056 1731 3112 prunas
1759 3058 1894 3114 per-

1985 818 2181 885 (ibib.,
2213 835 2265 873 v.
2297 817 2373 889 8).
2404 818 2547 873 Item
2574 818 2735 891 ipse:
2768 819 3054 874 Habemus
3082 819 3423 876 thesaurum
3455 823 3631 877 istum

1987 908 2052 962 iu
2076 908 2233 962 vasis
2249 906 2541 979 ﬁctilibus
2570 910 2651 977 (ιι
2680 912 2811 965 (lor.
2845 925 2920 976 IV,
2943 910 3019 978 7).
3053 908 3428 965 Demonstrat
3455 910 3632 966 etiam

1988 994 2342 1067 evangelista
2362 995 2568 1051 mortis
2588 999 2848 1068 tempore
2878 996 3137 1052 animam
3168 1013 3203 1053 a
3226 1014 3466 1070 corpore
3498 1015 3636 1071 pro-

1988 1082 2134 1152 dire,
2168 1099 2302 1137 cum
2333 1083 2406 1138 de
2436 1083 2682 1138 Domino
2715 1084 2893 1139 dicit:
2934 1086 3000 1140 Et
3027 1087 3292 1142 inclinato
3321 1089 3496 1159 capite
3521 1095 3635 1159 tra-

1989 1171 2131 1227 didit
2156 1174 2416 1244 spiritum
2439 1174 2646 1243 ((Joan.
2664 1174 2898 1243 xix,30).
2922 1175 3104 1241 Quem
3126 1174 3319 1231 locum
3341 1154 3637 1260 caponeps

1991 1264 2157 1334 pater
2174 1260 2536 1334 Augustinus
2574 1261 2718 1319 dicit
2742 1279 2755 1318 :
2798 1285 2826 1312 «
2850 1264 2974 1330 Quo
3003 1262 3331 1336 signiﬁcata
3359 1271 3449 1322 est
3479 1270 3637 1324 mors

1992 1349 2253 1422 corporis
2275 1348 2471 1406 anima
2491 1354 2754 1408 exeunte.
2783 1373 2811 1401 ››
2830 1351 2910 1408 De
2931 1369 3047 1425 qua
3068 1369 3129 1409 re
3149 1352 3360 1412 melius
3400 1354 3637 1412 Patrum

1994 1437 2348 1507 auctoritati,
2381 1454 2559 1511 quam
2594 1444 2802 1495 nostrae
2833 1442 3104 1497 credatur
3131 1443 3462 1500 assertioni.
3497 1445 3638 1500 Bea-

1994 1532 2090 1583 tus
2110 1526 2267 1583 enim
2305 1528 2651 1583 Ambrosius
2673 1529 2732 1583 in
2754 1527 2903 1584 libro
2935 1530 3293 1587 Hexameron
3325 1536 3532 1604 quarto
3559 1533 3641 1589 ita

1997 1615 2139 1671 dicit
2156 1620 2297 1688 (cap.
2320 1617 2414 1685 6):
2458 1639 2484 1665 α
2511 1617 2661 1683 Quid
2695 1617 2851 1673 enim
2873 1623 2963 1674 est
2983 1635 3118 1674 caro
3143 1619 3271 1676 sine
3294 1620 3501 1676 animae
3532 1637 3639 1694 gu-

1998 1704 2334 1771 bernaculo,
2362 1705 2577 1759 mentis
2597 1704 2791 1778 vigore
2806 1706 2834 1761 ‘l
2854 1706 2998 1763 Caro
3019 1707 3191 1765 hodie
3212 1710 3490 1779 sumitur,
3510 1726 3640 1766 eras

1997 1792 2308 1866 deponitur
2339 1809 2351 1848 :
2385 1809 2519 1848 caro
2550 1794 2910 1866 temporalis,
2942 1794 3139 1853 anima
3168 1797 3483 1855 diuturna:
3508 1815 3642 1855 caro

1998 1881 2251 1937 amictus
2273 1886 2363 1937 est
2383 1881 2613 1949 animae,
2636 1898 2764 1954 quae
2786 1899 2848 1939 se
2876 1882 3070 1941 induit
3096 1886 3352 1957 quodam
3383 1888 3641 1961 corporis

1996 1970 2363 2025 vestimento.
2388 1970 2513 2025 Non
2544 1969 2728 2042 igitur
2756 1975 2818 2026 tu
2846 1973 3263 2030 vestimentum
3293 1991 3376 2044 es,
3410 1976 3510 2032 sed
3542 1975 3643 2048 qui

1995 2058 2343 2113 vestimento
2365 2059 2567 2114 uteris.
2592 2081 2619 2108 ››
2653 2060 2796 2115 Item
2828 2060 2954 2132 ipse
2984 2061 3042 2115 in
3074 2062 3334 2135 Epistola
3365 2065 3436 2119 ad
3469 2064 3646 2119 Oron-

2000 2148 2226 2202 tianum
2257 2150 2440 2219 (epist.
2463 2149 2555 2216 31)
2585 2166 2598 2203 :
2634 2170 2661 2197 ‹‹
2694 2148 3067 2222 Unaquaeque
3096 2152 3312 2219 anima,
3345 2153 3550 2208 videns
3582 2168 3645 2208 se

1999 2252 2275 2309 corporeo
2296 2236 2406 2291 isto
2427 2235 2687 2291 clausam
2708 2253 2784 2310 gu
2794 2238 3170 2311 rgustio,quae
3192 2244 3387 2297 tamen
3403 2245 3646 2298 terrenas

2000 2325 2180 2398 htlJUS
2210 2324 2588 2380 habitationis
2614 2326 2905 2381 consortio
2935 2343 3051 2383 non
3081 2328 3644 2407 degenerarit,inge~

2001 2412 2198 2469 miscit
2226 2417 2476 2485 gravata.
2510 2413 2769 2486 corporis
2820 2414 3000 2486 hujus
3046 2417 3474 2490 conjunctione,
3507 2420 3648 2492 quia

2001 2501 2374 2574 corruptibile
2403 2517 2617 2573 corpus
2646 2507 2848 2574 gravat
2876 2503 3156 2574 animam,
3178 2511 3236 2562 et
3256 2506 3501 2564 inclinat
3527 2514 3647 2565 ter-

2002 2607 2208 2646 renum
2242 2588 2645 2645 habitaculum
2678 2597 2933 2646 mentem
2964 2592 3283 2650 multarum
3338 2597 3647 2669 cogitatio-

2002 2696 2167 2734 num.
2196 2699 2222 2726 »
2246 2677 2389 2732 Ecce
2418 2676 2612 2749 qualis
2636 2682 2694 2732 et
2724 2684 2980 2750 quantus
3013 2680 3101 2735 vir
3128 2683 3409 2740 amictum
3438 2685 3647 2740 anima:

2002 2784 2214 2841 corpus
2252 2765 2537 2833 nominat,
2569 2770 2628 2822 et
2674 2766 2827 2824 intra
2874 2784 3086 2840 corpus
3133 2772 3303 2843 quasi
3351 2768 3647 2845 quoddam

2002 2854 2377 2928 gurgustium
2410 2854 2673 2911 clausam
2705 2859 3236 2915 asseverat.Beatus
3258 2877 3429 2933 porro
3458 2862 3651 2934 Augu-

2004 2943 2218 3010 stinus,
2242 2943 2328 2998 vir
2350 2942 2727 3001 cautissimus
2751 2948 2928 3018 atque
2947 2945 3392 3016 disertissimus,
3417 2949 3478 3005 in
3500 2949 3649 3007 libro

2005 3032 2078 3087 de
2098 3032 2431 3098 Quantitate
2447 3032 2657 3088 animae
2677 3033 3075 3091 deﬁnitionem
3095 3037 3224 3109 ejus
3246 3036 3499 3095 mirabili
3528 3039 3652 3096 bre-

239 3106 479 3197 petuas,
501 3123 589 3181 vel
612 3106 692 3181 ad
724 3124 970 3198 gloriam
1002 3127 1351 3183 transfertur
1374 3106 1673 3185 (sternam.
1708 3106 1780 3185 In

2103 3125 2183 3175 ite
2210 3123 2269 3175 et
2296 3118 2534 3175 veritate
2563 3122 2867 3193 expressit,
2892 3124 3092 3181 dicens
3111 3106 3253 3199 (cap.
3283 3128 3405 3196 13):
3442 3151 3471 3179 «
3501 3129 3656 3201 Nam

239 3213 651 3286 namque,etsi
675 3231 789 3270 non
812 3231 1024 3287 corpus
1046 3216 1200 3288 quod
1224 3232 1340 3272 non
1360 3221 1450 3272 est
1470 3218 1599 3290 ipsa
1618 3218 1897 3287 cernitur,

237 3306 449 3359 tamen
475 3301 923 3360 similitudinem
954 3321 1293 3377 corpoream
1324 3305 1537 3362 habere
1565 3308 1844 3365 creditur.

908 3393 1141 3450 CAPUT
1181 3394 1250 3450 Il.

414 3482 610 3539 Utrum
637 3483 827 3540 anima
852 3482 1099 3539 localiter
1126 3490 1375 3540 teneatur
1404 3486 1461 3539 in
1492 3501 1732 3558 corpore.

316 3569 666 3626 Secundum
699 3569 1027 3643 capitulum
1058 3571 1399 3628 estzUtrum
1430 3572 1696 3629 localiter
1716 3579 1906 3631 tenea-

239 3663 346 3715 tur
365 3658 430 3714 in
463 3674 721 3732 corpore.
755 3658 1019 3715 Dicimus
1048 3659 1308 3731 quidem,
1331 3665 1389 3717 et
1414 3662 1661 3720 ﬁrmiter
1690 3664 1905 3720 retine-

242 3746 782 3820 mus,utsuperiori
802 3747 1057 3820 capitulo
1079 3749 1774 3822 respondimus,animam
1788 3770 1905 3809 non

239 3852 381 3892 esse
413 3851 631 3908 corpus
658 3836 759 3892 sed
790 3835 1088 3908 spiritum,
1111 3842 1169 3893 et
1187 3836 1461 3910 spiritum
1485 3856 1600 3895 non
1623 3839 1903 3910 localiter,

242 3930 314 3979 ut
335 3923 531 3980 moris
547 3929 636 3979 est
655 3924 1017 3997 corporibus,
1041 3925 1438 3996 determinari,
1464 3932 1528 3983 ut
1545 3927 1683 3984 alibi
1697 3930 1905 4000 major,

239 4014 397 4070 alibi
433 4012 512 4070 sit
541 4013 751 4068 minor.
780 4015 853 4068 At
880 4030 1013 4070 vero
1056 4014 1338 4083 animam,
1370 4032 1505 4072 cum
1537 4016 1615 4073 sit
1643 4016 1907 4089 spiritus,

239 4118 503 4175 corpore
526 4101 812 4158 contineri
856 4102 1114 4159 mirabili
1165 4108 1340 4176 atque
1387 4104 1666 4161 ineffabili
1713 4107 1907 4176 modo,

238 4190 698 4263 Scripturarum
757 4189 1025 4246 novimus
1082 4192 1427 4250 auctoritate
1484 4210 1804 4251 sacrarum.
1843 4194 1913 4251 Ut

237 4283 341 4336 est
379 4278 441 4335 in
471 4278 579 4335 Job
613 4296 627 4335 :
659 4279 789 4335 Ecce
836 4281 931 4352 qui
972 4282 1219 4336 serviunt
1262 4283 1316 4337 ei
1358 4298 1470 4338 non
1509 4290 1640 4339 sunt
1666 4283 1909 4352 stabiles,

236 4377 295 4426 et
329 4369 409 4425 iri
430 4368 640 4439 angelis
667 4369 785 4424 suis
814 4371 1015 4440 reperit
1038 4372 1384 4441 pravitatem.
1410 4375 1630 4444 Quanto
1657 4374 1834 4445 magis
1854 4372 1916 4428 hi

2008 3208 2155 3265 mihi
2194 3209 2424 3264 videtur
2471 3224 2619 3278 esse,
2670 3210 3025 3268 subauditur
3069 3213 3287 3284 anima,
3321 3218 3653 3274 substantia

2011 3298 2277 3372 quaedam
2298 3298 2540 3354 rationis
2557 3298 2868 3372 particeps,
2893 3303 3144 3374 regendo
3175 3304 3401 3377 corpori
3431 3322 3655 3362 accom-

2013 3388 2266 3444 modata.
2286 3410 2312 3436 ››
2342 3388 2412 3443 Et
2440 3390 2573 3460 post
2600 3404 2717 3444 non
2749 3388 2936 3445 multa
2968 3390 3105 3464 (cap.
3126 3393 3216 3462 14)
3248 3410 3261 3448 :
3297 3417 3324 3445 ‹‹
3359 3395 3506 3461 Quid
3539 3395 3646 3451 mi-

2011 3493 2166 3543 rum,
2202 3475 2249 3532 si
2283 3475 2480 3532 anima
2524 3493 2711 3549 neque
2755 3494 3029 3550 corporea
3057 3479 3155 3547 sit,
3188 3498 3378 3555 neque
3406 3482 3527 3540 ulla
3552 3489 3657 3541 aut

2011 3565 2381 3639 longitudine
2409 3570 2692 3637 porrecta,
2718 3570 2819 3621 aut
2847 3566 3157 3626 latitudine
3188 3571 3421 3643 diﬁ'usa,
3441 3579 3543 3630 aut
3574 3575 3657 3631 al-

2013 3655 2264 3711 titudine
2283 3654 2550 3723 solidata,
2566 3656 2622 3709 et
2642 3658 2838 3712 tamen
2859 3660 3090 3713 tantum
3105 3657 3295 3715 valeat
3315 3660 3374 3716 in
3396 3679 3656 3736 corpore,

2016 3750 2083 3801 ut
2115 3761 2291 3817 penes
2322 3759 2451 3799 eam
2483 3743 2740 3816 regimen
2769 3743 2846 3800 sit
2870 3746 3136 3803 omnium
3168 3750 3660 3819 membrorum,et

2016 3832 2184 3907 quasi
2214 3834 2388 3888 cardo
2418 3832 2658 3904 quidam
2682 3834 2739 3888 in
2764 3837 2990 3906 agendo
3019 3842 3365 3895 cunctarum
3398 3834 3661 3914 corpora-

2017 3921 2162 3978 lium
2184 3921 2587 3976 motionum?»
2604 3921 2886 3994 Superius
2906 3941 3098 3995 porro,
3123 3944 3259 3983 cum
3281 3928 3455 3986 sciret
3476 3930 3662 3989 Deum

2017 4009 2289 4066 omniain
2305 4013 2902 4067 mensuraetnumero
2922 4016 2979 4067 et
3000 4014 3253 4084 pondere
3274 4016 3659 4089 disposuisse,

2018 4099 2275 4172 spatium
2304 4100 2454 4170 ejus,
2485 4098 2639 4169 quod
2690 4099 2837 4154 Deus
2866 4116 3042 4171 penes
3072 4118 3135 4156 se
3165 4106 3369 4159 notum
3400 4104 3593 4174 habet,
3629 4124 3665 4165 a

2020 4186 2304 4261 corporali
2335 4186 2622 4254 distinxit,
2645 4203 2780 4241 cum
2804 4187 2885 4242 ait
2904 4189 3088 4258 (ibid)
3114 4205 3128 4244 :
3164 4212 3191 4240 ‹‹
3225 4191 3373 4247 Nam
3407 4193 3663 4265 profecto

2021 4277 2300 4351 quoniam
2322 4292 2534 4348 corpus
2556 4292 2671 4330 non
2693 4280 2782 4331 est
2800 4278 3014 4349 (neque
3051 4276 3206 4333 enim
3247 4277 3416 4336 aliter
3445 4280 3505 4338 in
3536 4298 3663 4338 cor-
3748 4320 3755 4328 ι

2022 4383 2160 4439 pore
2191 4364 2314 4421 ulla
2340 4382 2575 4421 cernere
2603 4364 2836 4434 valeret,
2864 4369 2928 4421 ut
2954 4365 3219 4439 superior
3248 4366 3394 4425 ratio
3423 4370 3663 4428 demon-

239 4460 352 4531 qui
387 4456 641 4513 habitant
657 4457 840 4513 dovws
872 4458 1064 4527 luteas,
1097 4460 1195 4531 qui
1240 4467 1517 4516 terrenum
1556 4461 1756 4517 habent
1782 4465 1915 4534 fun-
1947 4474 1993 4540 Ι)
2024 4455 2294 4524 strabat),
2318 4453 2518 4527 procul
2555 4454 2733 4510 dubio
2756 4458 2913 4510 caret
2933 4454 3121 4526 spatio
3141 4473 3258 4529 quo
3277 4473 3522 4532 corpora
3544 4476 3665 4517 me-

239 4547 607 4614 dameatum,
636 4554 1026 4602 consumentur
1070 4547 1215 4603 velut
1264 4566 1298 4603 a
1327 4550 1520 4606 tinea?
1549 4549 1664 4623 (Job
1694 4567 1768 4616 iv,
1802 4550 1916 4623 18.)

239 4636 532 4708 Itemque
561 4634 620 4690 in
646 4635 909 4691 oratione
932 4634 1067 4691 Elite
1103 4652 1116 4692 :
1145 4637 1372 4694 Domine
1416 4642 1583 4707 Deus,
1615 4646 1918 4696 revertatur

236 4741 350 4782 oro
381 4724 579 4779 anima
601 4726 767 4797 pueri
802 4724 967 4797 hujus
1016 4727 1077 4781 in
1108 4727 1320 4782 viscera
1346 4727 1465 4799 ejus
1496 4729 1595 4797 (III
1622 4729 1746 4800 Reg.
1776 4745 1913 4795 xvu,

234 4815 353 4884 21)
381 4831 397 4882 ;
432 4816 492 4869 et
520 4817 653 4886 post
681 4812 988 4886 paululum
1023 4832 1036 4870 :
1072 4815 1136 4871 Et
1164 4831 1380 4871 reversa
1407 4824 1486 4872 est
1523 4817 1714 4872 anima
1755 4819 1918 4889 pueri

238 4906 416 4959 intra
443 4919 590 4958 eum.
616 4910 668 4959 et
696 4918 769 4958 re.
791 4904 916 4958 issit.
934 4902 1151 4959 Paulus
1181 4921 1414 4978 quoque
1440 4905 1510 4961 de
1540 4922 1604 4962 se
1632 4909 1689 4961 et
1718 4904 1918 4962 simili-

234 4991 376 5048 bus
407 4989 525 5047 sibi
556 4989 851 5063 loquitur:
883 4990 988 5047 Sed
1018 4991 1142 5048 licet
1172 4994 1220 5049 is
1255 4997 1362 5065 ,qui
1415 4995 1554 5066 foris
1609 5002 1691 5050 est
1741 5001 1921 5050 uoster

233 5083 421 5138 homo
445 5081 838 5153 corrumpitur,
867 5088 1048 5137 tamen
1080 5083 1127 5136 is
1166 5083 1262 5154 qui
1303 5083 1452 5138 intus
1507 5090 1587 5139 est
1630 5089 1923 5138 renovatur

229 5171 313 5228 de
366 5170 461 5225 die
507 5171 563 5224 in
614 5169 761 5225 diem
790 5170 869 5243 (11
900 5170 1020 5227 Cor.
1054 5187 1128 5239 ιν,
1164 5170 1273 5243 16).
1332 5172 1401 5227 Et
1458 5171 1646 5227 item:
1706 5171 1919 5227 Scimus

231 5261 413 5317 enim
439 5259 702 5330 quoniam
736 5259 790 5315 si
835 5262 1108 5316 terrestris
1134 5259 1325 5317 domus
1354 5268 1539 5317 nostra
1567 5261 1730 5333 hujus
1760 5260 1919 5316 habi-

230 5349 494 5408 tationis
523 5346 872 5415 dissolvatur,
905 5348 1047 5420 quod
1074 5349 1498 5421 aediﬁcationem
1524 5367 1595 5406 ex
1621 5350 1727 5406 Deo
1757 5348 1917 5405 habe-

227 5455 409 5508 mus,
426 5436 664 5503 domum
689 5453 803 5494 non
831 5439 1221 5510 mana/actam,
1272 5447 1537 5496 aeternam
1583 5441 1643 5495 in
1672 5439 1823 5495 cazlis
1851 5436 1924 5511 (11

232 5527 456 5605 Conv,
489 5524 553 5600 ι).
588 5525 851 5603 Itemque
882 5544 896 5584 :
927 5527 1065 5586 Nam
1113 5535 1166 5587 et
1218 5532 1317 5605 qui
1368 5546 1556 5587 sumus
1614 5531 1674 5585 in
1716 5528 1819 5584 hoc
1847 5534 1923 5585 ta-

2025 4545 2334 4613 tiuntur,et
2353 4542 2461 4598 hoc
2483 4547 2633 4598 recte
2655 4542 2833 4613 credi,
2866 4547 2968 4598 aut
2995 4544 3260 4617 cogitari,
3284 4552 3387 4603 aut
3418 4547 3668 4625 intelligi

2023 4633 2161 4689 talis
2191 4634 2321 4705 ejus
2350 4631 2650 4704 quantitas
2682 4649 2796 4686 non
2828 4635 3075 4704 potest.»
3092 4635 3273 4699 Quem
3297 4652 3537 4694 sensum
3555 4638 3671 4711 ple-

2025 4722 2160 4777 nius
2184 4721 2244 4776 in
2276 4720 2423 4776 libro
2464 4724 2623 4775 sexto
2654 4720 2725 4775 de
2756 4718 3041 4776 Trinitate
3070 4720 3255 4779 isdem
3290 4724 3670 4783 doctissimus

2024 4812 2113 4866 vir
2159 4808 2344 4865 multo
2398 4808 2768 4864 manifestius
2819 4808 3046 4878 excolit,
3096 4810 3343 4868 dicendo
3393 4818 3530 4888 (cap.
3562 4817 3665 4888 6):

2028 4924 2055 4950 ‹‹
2090 4900 2222 4955 Ideo
2266 4896 2590 4970 simplicior
2640 4901 2730 4954 est
2784 4915 3041 4971 corpore,
3076 4902 3429 4958 subauditur
3451 4904 3668 4975 anima,

2028 4989 2168 5061 quia
2199 5004 2314 5042 non
2346 4985 2497 5042 mole
2527 4985 2879 5042 diffunditur
2909 5003 3014 5060 per
3036 4988 3293 5061 spatium
3325 4989 3456 5056 loci,
3476 4991 3577 5046 sed
3609 4991 3669 5046 in

2030 5091 2383 5149 unoquoque
2407 5091 2646 5147 corpore
2663 5080 2721 5130 et
2742 5076 2801 5131 in
2825 5080 2942 5132 toto
2965 5080 3085 5133 tota
3104 5083 3212 5145 est,
3237 5082 3294 5133 et
3322 5077 3381 5133 in
3413 5078 3671 5150 qualibet

2027 5168 2158 5238 ejus
2179 5169 2341 5238 parte
2362 5168 2482 5220 tota
2503 5169 2609 5220 est.
2636 5164 2706 5219 Et
2726 5165 2853 5221 ideo
2874 5180 3009 5220 cum
3034 5166 3099 5220 ﬁt
3118 5164 3339 5237 aliquid
3376 5166 3435 5220 in
3467 5165 3671 5238 quavis

2027 5255 2235 5328 exigua
2292 5253 2579 5328 particula
2623 5253 2905 5326 corporis,
2965 5255 3119 5325 quod
3180 5252 3396 5309 sentiat
3451 5252 3668 5325 anima,

2028 5344 2295 5417 quamvis
2352 5360 2468 5399 non
2511 5344 2614 5399 ﬁat
2660 5344 2720 5398 in
2750 5347 2871 5398 toto
2909 5358 3169 5413 corpore,
3200 5341 3302 5397 illa
3330 5345 3523 5399 tamen
3549 5348 3675 5402 tota

2030 5434 2229 5501 sentit,
2253 5433 2401 5505 quia
2424 5437 2605 5489 totam
2634 5450 2749 5488 non
2779 5431 2981 5487 latet.»
3004 5430 3146 5486 Item
3178 5430 3303 5503 ipse
3332 5430 3393 5487 in
3422 5432 3572 5490 libro
3602 5435 3675 5491 de

2029 5521 2270 5581 Civitate
2292 5522 2394 5597 Dei
2429 5522 2710 5598 vigesimo
2731 5519 2921 5595 primo
2942 5522 3084 5594 (cap.
3102 5519 3196 5594 3):
3239 5540 3260 5571 α
3294 5520 3675 5586 Ριιὶωαωοιέ
