  <div class='ocr_page' id='page_1' title='image "/cluster/home/n/w/nwhite01/storage/ocr_20150623/125/hvd.32044054759873/473.png"; bbox 0 0 3934 6182; ppageno 0'>
   <div class='ocr_carea' id='block_1_1' title="bbox 304 292 423 352">
    <p class='ocr_par' dir='ltr' id='par_1_1' title="bbox 304 292 423 352">
     <span class='ocr_line' id='line_1_1' title="bbox 304 292 423 352; baseline -0.008 0"><span class='ocrx_word' id='word_1_1' title='bbox 304 292 423 352; x_wconf 75' lang='lat'><strong>935</strong></span> 
     </span>
    </p>
   </div>
   <div class='ocr_carea' id='block_1_2' title="bbox 1083 278 2929 346">
    <p class='ocr_par' dir='ltr' id='par_1_2' title="bbox 1083 278 2929 346">
     <span class='ocr_line' id='line_1_2' title="bbox 1083 278 2929 346; baseline -0.004 -2"><span class='ocrx_word' id='word_1_2' title='bbox 1083 282 1464 346; x_wconf 80' lang='lat' dir='ltr'><strong>HINCMARI</strong></span> <span class='ocrx_word' id='word_1_3' title='bbox 1511 281 1754 342; x_wconf 76' lang='lat' dir='ltr'><strong>RHEM.</strong></span> <span class='ocrx_word' id='word_1_4' title='bbox 1803 279 2164 345; x_wconf 73' lang='lat' dir='ltr'><strong>ARCHIEP.</strong></span> <span class='ocrx_word' id='word_1_5' title='bbox 2212 278 2620 340; x_wconf 70' lang='lat' dir='ltr'><strong>OPUSCULA</strong></span> <span class='ocrx_word' id='word_1_6' title='bbox 2667 278 2929 339; x_wconf 81' lang='lat' dir='ltr'><strong>VARIA.</strong></span> 
     </span>
    </p>
   </div>
   <div class='ocr_carea' id='block_1_3' title="bbox 3585 280 3698 343">
    <p class='ocr_par' dir='ltr' id='par_1_3' title="bbox 3585 280 3698 343">
     <span class='ocr_line' id='line_1_3' title="bbox 3585 280 3698 343; baseline 0 -3"><span class='ocrx_word' id='word_1_7' title='bbox 3585 280 3698 343; x_wconf 75' lang='lat'><strong>936</strong></span> 
     </span>
    </p>
   </div>
   <div class='ocr_carea' id='block_1_4' title="bbox 304 409 3701 490">
    <p class='ocr_par' dir='ltr' id='par_1_4' title="bbox 304 409 3701 490">
     <span class='ocr_line' id='line_1_4' title="bbox 304 409 3701 490; baseline -0.002 -13"><span class='ocrx_word' id='word_1_8' title='bbox 304 421 563 479; x_wconf 76' lang='lat' dir='ltr'><strong>animum</strong></span> <span class='ocrx_word' id='word_1_9' title='bbox 593 418 885 475; x_wconf 76' lang='lat' dir='ltr'><strong>nolentem</strong></span> <span class='ocrx_word' id='word_1_10' title='bbox 915 414 1080 490; x_wconf 81' lang='lat' dir='ltr'><strong>pellit</strong></span> <span class='ocrx_word' id='word_1_11' title='bbox 1106 417 1178 473; x_wconf 88' lang='lat' dir='ltr'><strong>de</strong></span> <span class='ocrx_word' id='word_1_12' title='bbox 1209 430 1468 488; x_wconf 87' lang='lat' dir='ltr'><strong>corpore,</strong></span> <span class='ocrx_word' id='word_1_13' title='bbox 1497 414 1759 471; x_wconf 86' lang='lat' dir='ltr'><strong>secunda</strong></span> <span class='ocrx_word' id='word_1_14' title='bbox 1787 430 1947 469; x_wconf 89' lang='lat' dir='ltr'><strong>mors</strong></span> <span class='ocrx_word' id='word_1_15' title='bbox 1977 409 2035 476; x_wconf 76' lang='grc' dir='ltr'><strong>Α,</strong></span> <span class='ocrx_word' id='word_1_16' title='bbox 2060 415 2203 484; x_wconf 80' lang='lat' dir='ltr'><strong>(cap.</strong></span> <span class='ocrx_word' id='word_1_17' title='bbox 2233 410 2325 482; x_wconf 90' lang='lat'><strong>28)</strong></span> <span class='ocrx_word' id='word_1_18' title='bbox 2352 427 2365 467; x_wconf 91' lang='lat'><strong>:</strong></span> <span class='ocrx_word' id='word_1_19' title='bbox 2398 434 2426 461; x_wconf 87' lang='grc'><strong>‹‹</strong></span> <span class='ocrx_word' id='word_1_20' title='bbox 2456 411 2668 468; x_wconf 88' lang='lat' dir='ltr'><strong>Luteas</strong></span> <span class='ocrx_word' id='word_1_21' title='bbox 2697 410 2912 483; x_wconf 83' lang='lat' dir='ltr'><strong>quippe</strong></span> <span class='ocrx_word' id='word_1_22' title='bbox 2941 410 3147 467; x_wconf 84' lang='lat' dir='ltr'><strong>domos</strong></span> <span class='ocrx_word' id='word_1_23' title='bbox 3176 409 3537 479; x_wconf 81' lang='lat' dir='ltr'><strong>habitamus,</strong></span> <span class='ocrx_word' id='word_1_24' title='bbox 3565 413 3701 486; x_wconf 79' lang='lat' dir='ltr'><strong>quia</strong></span> 
     </span>
    </p>
   </div>
   <div class='ocr_carea' id='block_1_5' title="bbox 302 504 1946 579">
    <p class='ocr_par' dir='ltr' id='par_1_5' title="bbox 302 504 1946 579">
     <span class='ocr_line' id='line_1_5' title="bbox 302 504 1946 579; baseline -0.006 -11"><span class='ocrx_word' id='word_1_25' title='bbox 302 510 562 569; x_wconf 87' lang='lat' dir='ltr'><strong>animam</strong></span> <span class='ocrx_word' id='word_1_26' title='bbox 622 507 913 563; x_wconf 77' lang='lat' dir='ltr'><strong>nolentem</strong></span> <span class='ocrx_word' id='word_1_27' title='bbox 969 510 1130 579; x_wconf 84' lang='lat' dir='ltr'><strong>tenet</strong></span> <span class='ocrx_word' id='word_1_28' title='bbox 1185 505 1244 561; x_wconf 90' lang='lat' dir='ltr'><strong>in</strong></span> <span class='ocrx_word' id='word_1_29' title='bbox 1288 521 1548 577; x_wconf 87' lang='lat' dir='ltr'><strong>corpore.</strong></span> <span class='ocrx_word' id='word_1_30' title='bbox 1580 504 1664 558; x_wconf 88' lang='lat' dir='ltr'><strong>Ab</strong></span> <span class='ocrx_word' id='word_1_31' title='bbox 1698 506 1946 574; x_wconf 87' lang='lat' dir='ltr'><strong>utraque</strong></span> 
     </span>
    </p>
   </div>
   <div class='ocr_carea' id='block_1_6' title="bbox 301 590 1948 666">
    <p class='ocr_par' dir='ltr' id='par_1_6' title="bbox 301 590 1948 666">
     <span class='ocr_line' id='line_1_6' title="bbox 301 590 1948 666; baseline -0.007 -11"><span class='ocrx_word' id='word_1_32' title='bbox 301 602 490 655; x_wconf 88' lang='lat' dir='ltr'><strong>morte</strong></span> <span class='ocrx_word' id='word_1_33' title='bbox 545 595 937 654; x_wconf 82' lang='lat' dir='ltr'><strong>communiter</strong></span> <span class='ocrx_word' id='word_1_34' title='bbox 980 594 1039 649; x_wconf 91' lang='lat' dir='ltr'><strong>id</strong></span> <span class='ocrx_word' id='word_1_35' title='bbox 1085 593 1351 661; x_wconf 85' lang='lat' dir='ltr'><strong>habetur,</strong></span> <span class='ocrx_word' id='word_1_36' title='bbox 1386 598 1453 648; x_wconf 91' lang='lat' dir='ltr'><strong>ut</strong></span> <span class='ocrx_word' id='word_1_37' title='bbox 1491 592 1643 666; x_wconf 90' lang='lat' dir='ltr'><strong>quod</strong></span> <span class='ocrx_word' id='word_1_38' title='bbox 1677 607 1792 646; x_wconf 91' lang='lat' dir='ltr'><strong>non</strong></span> <span class='ocrx_word' id='word_1_39' title='bbox 1823 590 1948 645; x_wconf 89' lang='lat' dir='ltr'><strong>vult</strong></span> 
     </span>
    </p>
   </div>
   <div class='ocr_carea' id='block_1_7' title="bbox 303 680 1944 759">
    <p class='ocr_par' dir='ltr' id='par_1_7' title="bbox 303 680 1944 759">
     <span class='ocr_line' id='line_1_7' title="bbox 303 680 1944 759; baseline -0.007 -15"><span class='ocrx_word' id='word_1_40' title='bbox 303 687 520 759; x_wconf 87' lang='lat' dir='ltr'><strong>anima,</strong></span> <span class='ocrx_word' id='word_1_41' title='bbox 544 687 616 747; x_wconf 87' lang='lat' dir='ltr'><strong>de</strong></span> <span class='ocrx_word' id='word_1_42' title='bbox 635 702 740 742; x_wconf 89' lang='lat' dir='ltr'><strong>suo</strong></span> <span class='ocrx_word' id='word_1_43' title='bbox 776 701 1015 757; x_wconf 89' lang='lat' dir='ltr'><strong>corpore</strong></span> <span class='ocrx_word' id='word_1_44' title='bbox 1049 683 1323 756; x_wconf 87' lang='lat' dir='ltr'><strong>patiatur.</strong></span> <span class='ocrx_word' id='word_1_45' title='bbox 1350 707 1378 732; x_wconf 89' lang='grc'><strong>››</strong></span> <span class='ocrx_word' id='word_1_46' title='bbox 1413 682 1572 738; x_wconf 83' lang='lat' dir='ltr'><strong>Idem</strong></span> <span class='ocrx_word' id='word_1_47' title='bbox 1601 681 1728 753; x_wconf 90' lang='lat' dir='ltr'><strong>ipse</strong></span> <span class='ocrx_word' id='word_1_48' title='bbox 1758 680 1817 734; x_wconf 89' lang='lat' dir='ltr'><strong>in</strong></span> <span class='ocrx_word' id='word_1_49' title='bbox 1849 696 1944 734; x_wconf 91' lang='lat' dir='ltr'><strong>eo-</strong></span> 
     </span>
    </p>
   </div>
   <div class='ocr_carea' id='block_1_8' title="bbox 303 769 1946 845">
    <p class='ocr_par' dir='ltr' id='par_1_8' title="bbox 303 769 1946 845">
     <span class='ocr_line' id='line_1_8' title="bbox 303 769 1946 845; baseline -0.005 -13"><span class='ocrx_word' id='word_1_50' title='bbox 303 777 457 834; x_wconf 86' lang='lat' dir='ltr'><strong>dem.</strong></span> <span class='ocrx_word' id='word_1_51' title='bbox 486 799 513 827; x_wconf 73' lang='grc' dir='ltr'><strong>α</strong></span> <span class='ocrx_word' id='word_1_52' title='bbox 540 776 652 832; x_wconf 88' lang='lat' dir='ltr'><strong>Iste</strong></span> <span class='ocrx_word' id='word_1_53' title='bbox 683 773 835 830; x_wconf 89' lang='lat' dir='ltr'><strong>alius</strong></span> <span class='ocrx_word' id='word_1_54' title='bbox 863 774 1095 839; x_wconf 89' lang='lat' dir='ltr'><strong>modus,</strong></span> <span class='ocrx_word' id='word_1_55' title='bbox 1129 789 1244 845; x_wconf 87' lang='lat' dir='ltr'><strong>quo</strong></span> <span class='ocrx_word' id='word_1_56' title='bbox 1273 772 1617 844; x_wconf 81' lang='lat' dir='ltr'><strong>corporibus</strong></span> <span class='ocrx_word' id='word_1_57' title='bbox 1648 769 1946 825; x_wconf 65' lang='lat' dir='ltr'><strong>adhaerent</strong></span> 
     </span>
    </p>
   </div>
   <div class='ocr_carea' id='block_1_9' title="bbox 301 859 1944 940">
    <p class='ocr_par' dir='ltr' id='par_1_9' title="bbox 301 859 1944 940">
     <span class='ocr_line' id='line_1_9' title="bbox 301 859 1944 940; baseline -0.007 -17"><span class='ocrx_word' id='word_1_58' title='bbox 301 866 548 940; x_wconf 79' lang='lat' dir='ltr'><strong>spiritus</strong></span> <span class='ocrx_word' id='word_1_59' title='bbox 577 869 635 921; x_wconf 90' lang='lat' dir='ltr'><strong>et</strong></span> <span class='ocrx_word' id='word_1_60' title='bbox 663 862 940 919; x_wconf 80' lang='lat' dir='ltr'><strong>animalia</strong></span> <span class='ocrx_word' id='word_1_61' title='bbox 980 864 1150 933; x_wconf 83' lang='lat' dir='ltr'><strong>ﬁunt,</strong></span> <span class='ocrx_word' id='word_1_62' title='bbox 1180 860 1418 918; x_wconf 85' lang='lat' dir='ltr'><strong>omnino</strong></span> <span class='ocrx_word' id='word_1_63' title='bbox 1460 859 1648 915; x_wconf 90' lang='lat' dir='ltr'><strong>mirus</strong></span> <span class='ocrx_word' id='word_1_64' title='bbox 1692 863 1803 925; x_wconf 90' lang='lat' dir='ltr'><strong>est,</strong></span> <span class='ocrx_word' id='word_1_65' title='bbox 1837 870 1944 913; x_wconf 87' lang='lat' dir='ltr'><strong>nec</strong></span> 
     </span>
    </p>
   </div>
   <div class='ocr_carea' id='block_1_10' title="bbox 301 947 1942 1027">
    <p class='ocr_par' dir='ltr' id='par_1_10' title="bbox 301 947 1942 1027">
     <span class='ocr_line' id='line_1_10' title="bbox 301 947 1942 1027; baseline -0.005 -16"><span class='ocrx_word' id='word_1_66' title='bbox 301 952 717 1027; x_wconf 80' lang='lat' dir='ltr'><strong>comprehendi</strong></span> <span class='ocrx_word' id='word_1_67' title='bbox 746 952 819 1009; x_wconf 87' lang='lat' dir='ltr'><strong>ab</strong></span> <span class='ocrx_word' id='word_1_68' title='bbox 862 951 1097 1007; x_wconf 85' lang='lat' dir='ltr'><strong>homine</strong></span> <span class='ocrx_word' id='word_1_69' title='bbox 1147 954 1360 1023; x_wconf 87' lang='lat' dir='ltr'><strong>potest,</strong></span> <span class='ocrx_word' id='word_1_70' title='bbox 1390 953 1447 1005; x_wconf 89' lang='lat' dir='ltr'><strong>et</strong></span> <span class='ocrx_word' id='word_1_71' title='bbox 1476 948 1585 1005; x_wconf 81' lang='lat' dir='ltr'><strong>hoc</strong></span> <span class='ocrx_word' id='word_1_72' title='bbox 1614 947 1742 1020; x_wconf 87' lang='lat' dir='ltr'><strong>ipse</strong></span> <span class='ocrx_word' id='word_1_73' title='bbox 1768 947 1942 1003; x_wconf 89' lang='lat' dir='ltr'><strong>homo</strong></span> 
     </span>
    </p>
   </div>
   <div class='ocr_carea' id='block_1_11' title="bbox 301 1036 1941 1116">
    <p class='ocr_par' dir='ltr' id='par_1_11' title="bbox 301 1036 1941 1116">
     <span class='ocr_line' id='line_1_11' title="bbox 301 1036 1941 1116; baseline -0.005 -16"><span class='ocrx_word' id='word_1_74' title='bbox 301 1048 412 1100; x_wconf 89' lang='lat' dir='ltr'><strong>est.</strong></span> <span class='ocrx_word' id='word_1_75' title='bbox 437 1065 466 1094; x_wconf 85' lang='lat'><strong>»</strong></span> <span class='ocrx_word' id='word_1_76' title='bbox 490 1043 619 1116; x_wconf 87' lang='lat' dir='ltr'><strong>Ipse</strong></span> <span class='ocrx_word' id='word_1_77' title='bbox 645 1043 704 1098; x_wconf 89' lang='lat' dir='ltr'><strong>in</strong></span> <span class='ocrx_word' id='word_1_78' title='bbox 736 1040 883 1097; x_wconf 89' lang='lat' dir='ltr'><strong>libro</strong></span> <span class='ocrx_word' id='word_1_79' title='bbox 912 1039 1193 1113; x_wconf 88' lang='lat' dir='ltr'><strong>vigesimo</strong></span> <span class='ocrx_word' id='word_1_80' title='bbox 1224 1039 1481 1095; x_wconf 89' lang='lat' dir='ltr'><strong>secundo</strong></span> <span class='ocrx_word' id='word_1_81' title='bbox 1511 1041 1656 1109; x_wconf 79' lang='lat' dir='ltr'><strong>(cap.</strong></span> <span class='ocrx_word' id='word_1_82' title='bbox 1682 1038 1740 1105; x_wconf 89' lang='lat'>6)</span> <span class='ocrx_word' id='word_1_83' title='bbox 1771 1053 1785 1091; x_wconf 89' lang='lat'><strong>:</strong></span> <span class='ocrx_word' id='word_1_84' title='bbox 1820 1059 1849 1086; x_wconf 90' lang='grc'><strong>‹‹</strong></span> <span class='ocrx_word' id='word_1_85' title='bbox 1881 1036 1941 1092; x_wconf 88' lang='lat' dir='ltr'><strong>Si</strong></span> 
     </span>
    </p>
   </div>
   <div class='ocr_carea' id='block_1_12' title="bbox 300 1123 1942 1198">
    <p class='ocr_par' dir='ltr' id='par_1_12' title="bbox 300 1123 1942 1198">
     <span class='ocr_line' id='line_1_12' title="bbox 300 1123 1942 1198; baseline -0.005 -9"><span class='ocrx_word' id='word_1_86' title='bbox 300 1132 456 1189; x_wconf 86' lang='lat' dir='ltr'><strong>enim</strong></span> <span class='ocrx_word' id='word_1_87' title='bbox 487 1131 695 1188; x_wconf 80' lang='lat' dir='ltr'><strong>animae</strong></span> <span class='ocrx_word' id='word_1_88' title='bbox 725 1129 1132 1186; x_wconf 70' lang='lat' dir='ltr'><strong>tunmmmodo</strong></span> <span class='ocrx_word' id='word_1_89' title='bbox 1159 1142 1448 1198; x_wconf 80' lang='lat' dir='ltr'><strong>essemus,</strong></span> <span class='ocrx_word' id='word_1_90' title='bbox 1466 1127 1525 1183; x_wconf 92' lang='lat' dir='ltr'><strong>id</strong></span> <span class='ocrx_word' id='word_1_91' title='bbox 1555 1126 1793 1182; x_wconf 88' lang='lat' dir='ltr'><strong>estsine</strong></span> <span class='ocrx_word' id='word_1_92' title='bbox 1822 1123 1942 1181; x_wconf 87' lang='lat' dir='ltr'><strong>ullo</strong></span> 
     </span>
    </p>
   </div>
   <div class='ocr_carea' id='block_1_13' title="bbox 302 1213 1942 1294">
    <p class='ocr_par' dir='ltr' id='par_1_13' title="bbox 302 1213 1942 1294">
     <span class='ocr_line' id='line_1_13' title="bbox 302 1213 1942 1294; baseline -0.007 -16"><span class='ocrx_word' id='word_1_93' title='bbox 302 1237 541 1294; x_wconf 87' lang='lat' dir='ltr'><strong>corpore</strong></span> <span class='ocrx_word' id='word_1_94' title='bbox 579 1220 841 1292; x_wconf 81' lang='lat' dir='ltr'><strong>spiritus,</strong></span> <span class='ocrx_word' id='word_1_95' title='bbox 866 1223 922 1274; x_wconf 90' lang='lat' dir='ltr'><strong>et</strong></span> <span class='ocrx_word' id='word_1_96' title='bbox 942 1218 1001 1272; x_wconf 88' lang='lat' dir='ltr'><strong>in</strong></span> <span class='ocrx_word' id='word_1_97' title='bbox 1022 1216 1165 1274; x_wconf 71' lang='lat' dir='ltr'><strong>caelo</strong></span> <span class='ocrx_word' id='word_1_98' title='bbox 1194 1216 1527 1272; x_wconf 80' lang='lat' dir='ltr'><strong>habitantes</strong></span> <span class='ocrx_word' id='word_1_99' title='bbox 1558 1220 1787 1271; x_wconf 80' lang='lat' dir='ltr'><strong>terrena</strong></span> <span class='ocrx_word' id='word_1_100' title='bbox 1816 1213 1942 1269; x_wconf 83' lang='lat' dir='ltr'><strong>aui-</strong></span> 
     </span>
    </p>
   </div>
   <div class='ocr_carea' id='block_1_14' title="bbox 302 1304 1939 1380">
    <p class='ocr_par' dir='ltr' id='par_1_14' title="bbox 302 1304 1939 1380">
     <span class='ocr_line' id='line_1_14' title="bbox 302 1304 1939 1380; baseline -0.005 -14"><span class='ocrx_word' id='word_1_101' title='bbox 302 1309 480 1367; x_wconf 86' lang='lat' dir='ltr'><strong>malia</strong></span> <span class='ocrx_word' id='word_1_102' title='bbox 491 1308 869 1372; x_wconf 73' lang='lat' dir='ltr'><strong>nesciremus,</strong></span> <span class='ocrx_word' id='word_1_103' title='bbox 894 1306 1180 1380; x_wconf 80' lang='lat' dir='ltr'><strong>nobisque</strong></span> <span class='ocrx_word' id='word_1_104' title='bbox 1200 1308 1462 1361; x_wconf 72' lang='lat' dir='ltr'><strong>futurum</strong></span> <span class='ocrx_word' id='word_1_105' title='bbox 1482 1315 1611 1361; x_wconf 85' lang='lat' dir='ltr'><strong>esse</strong></span> <span class='ocrx_word' id='word_1_106' title='bbox 1630 1304 1939 1369; x_wconf 79' lang='lat' dir='ltr'><strong>diceretur,</strong></span> 
     </span>
    </p>
   </div>
   <div class='ocr_carea' id='block_1_15' title="bbox 303 1390 1941 1469">
    <p class='ocr_par' dir='ltr' id='par_1_15' title="bbox 303 1390 1941 1469">
     <span class='ocr_line' id='line_1_15' title="bbox 303 1390 1941 1469; baseline -0.005 -14"><span class='ocrx_word' id='word_1_107' title='bbox 303 1405 369 1456; x_wconf 91' lang='lat' dir='ltr'><strong>ut</strong></span> <span class='ocrx_word' id='word_1_108' title='bbox 397 1398 640 1455; x_wconf 81' lang='lat' dir='ltr'><strong>terrenis</strong></span> <span class='ocrx_word' id='word_1_109' title='bbox 668 1396 1011 1469; x_wconf 81' lang='lat' dir='ltr'><strong>corporibus</strong></span> <span class='ocrx_word' id='word_1_110' title='bbox 1058 1394 1391 1451; x_wconf 88' lang='lat' dir='ltr'><strong>animandis</strong></span> <span class='ocrx_word' id='word_1_111' title='bbox 1426 1395 1681 1467; x_wconf 82' lang='lat' dir='ltr'><strong>quodam</strong></span> <span class='ocrx_word' id='word_1_112' title='bbox 1709 1390 1941 1448; x_wconf 87' lang='lat' dir='ltr'><strong>vinculo</strong></span> 
     </span>
    </p>
   </div>
   <div class='ocr_carea' id='block_1_16' title="bbox 300 1484 1943 1553">
    <p class='ocr_par' dir='ltr' id='par_1_16' title="bbox 300 1484 1943 1553">
     <span class='ocr_line' id='line_1_16' title="bbox 300 1484 1943 1553; baseline -0.005 -10"><span class='ocrx_word' id='word_1_113' title='bbox 300 1486 554 1544; x_wconf 80' lang='lat' dir='ltr'><strong>mirabili</strong></span> <span class='ocrx_word' id='word_1_114' title='bbox 578 1490 963 1552; x_wconf 88' lang='lat' dir='ltr'><strong>necteremur,</strong></span> <span class='ocrx_word' id='word_1_115' title='bbox 985 1501 1177 1540; x_wconf 84' lang='lat' dir='ltr'><strong>nonne</strong></span> <span class='ocrx_word' id='word_1_116' title='bbox 1198 1484 1381 1540; x_wconf 89' lang='lat' dir='ltr'><strong>multo</strong></span> <span class='ocrx_word' id='word_1_117' title='bbox 1403 1484 1615 1540; x_wconf 82' lang='lat' dir='ltr'><strong>fortius</strong></span> <span class='ocrx_word' id='word_1_118' title='bbox 1635 1494 1943 1553; x_wconf 83' lang='lat' dir='ltr'><strong>argumen-</strong></span> 
     </span>
    </p>
   </div>
   <div class='ocr_carea' id='block_1_17' title="bbox 2053 500 3701 573">
    <p class='ocr_par' dir='ltr' id='par_1_17' title="bbox 2053 500 3701 573">
     <span class='ocr_line' id='line_1_17' title="bbox 2053 500 3701 573; baseline 0.001 -17"><span class='ocrx_word' id='word_1_119' title='bbox 2053 500 2113 556; x_wconf 92' lang='lat' dir='ltr'><strong>in</strong></span> <span class='ocrx_word' id='word_1_120' title='bbox 2133 500 2479 573; x_wconf 85' lang='lat' dir='ltr'><strong>corporibus</strong></span> <span class='ocrx_word' id='word_1_121' title='bbox 2498 500 2742 557; x_wconf 84' lang='lat' dir='ltr'><strong>terrenis</strong></span> <span class='ocrx_word' id='word_1_122' title='bbox 2762 500 3305 567; x_wconf 58' lang='lat' dir='ltr'><strong>subsistimusﬂua:</strong></span> <span class='ocrx_word' id='word_1_123' title='bbox 3324 501 3475 571; x_wconf 81' lang='lat' dir='ltr'><strong>bene</strong></span> <span class='ocrx_word' id='word_1_124' title='bbox 3486 502 3701 559; x_wconf 76' lang='lat' dir='ltr'><strong>Paulus</strong></span> 
     </span>
    </p>
   </div>
   <div class='ocr_carea' id='block_1_18' title="bbox 2055 590 3701 658">
    <p class='ocr_par' dir='ltr' id='par_1_18' title="bbox 2055 590 3701 658">
     <span class='ocr_line' id='line_1_18' title="bbox 2055 590 3701 658; baseline 0.001 -12"><span class='ocrx_word' id='word_1_125' title='bbox 2055 590 2456 658; x_wconf 79' lang='lat' dir='ltr'><strong>considerans,</strong></span> <span class='ocrx_word' id='word_1_126' title='bbox 2480 590 2598 646; x_wconf 86' lang='lat' dir='ltr'><strong>ait:</strong></span> <span class='ocrx_word' id='word_1_127' title='bbox 2632 590 2900 646; x_wconf 75' lang='lat' dir='ltr'><strong>Habemus</strong></span> <span class='ocrx_word' id='word_1_128' title='bbox 2927 591 3246 646; x_wconf 76' lang='lat' dir='ltr'><strong>thesaurum</strong></span> <span class='ocrx_word' id='word_1_129' title='bbox 3274 592 3442 646; x_wconf 61' lang='lat' dir='ltr'><strong>{sum</strong></span> <span class='ocrx_word' id='word_1_130' title='bbox 3469 593 3533 647; x_wconf 72' lang='lat' dir='ltr'><strong>in</strong></span> <span class='ocrx_word' id='word_1_131' title='bbox 3558 594 3701 648; x_wconf 70' lang='lat' dir='ltr'><strong>vasis</strong></span> 
     </span>
    </p>
   </div>
   <div class='ocr_carea' id='block_1_19' title="bbox 2053 678 3697 752">
    <p class='ocr_par' dir='ltr' id='par_1_19' title="bbox 2053 678 3697 752">
     <span class='ocr_line' id='line_1_19' title="bbox 2053 678 3697 752; baseline 0 -16"><span class='ocrx_word' id='word_1_132' title='bbox 2053 681 2314 751; x_wconf 77' lang='lat' dir='ltr'><strong>ﬁctilibus</strong></span> <span class='ocrx_word' id='word_1_133' title='bbox 2345 683 2425 747; x_wconf 89' lang='lat' dir='ltr'><strong>(ll</strong></span> <span class='ocrx_word' id='word_1_134' title='bbox 2454 679 2575 736; x_wconf 86' lang='lat' dir='ltr'><strong>Cor.</strong></span> <span class='ocrx_word' id='word_1_135' title='bbox 2606 696 2680 746; x_wconf 80' lang='lat' dir='ltr'><strong>1v,</strong></span> <span class='ocrx_word' id='word_1_136' title='bbox 2700 680 2816 751; x_wconf 83' lang='lat'><strong>7).»</strong></span> <span class='ocrx_word' id='word_1_137' title='bbox 2848 680 2919 735; x_wconf 89' lang='lat' dir='ltr'><strong>Et</strong></span> <span class='ocrx_word' id='word_1_138' title='bbox 2942 684 3073 751; x_wconf 90' lang='lat' dir='ltr'><strong>post</strong></span> <span class='ocrx_word' id='word_1_139' title='bbox 3103 692 3216 737; x_wconf 86' lang='lat' dir='ltr'><strong>non</strong></span> <span class='ocrx_word' id='word_1_140' title='bbox 3247 678 3436 735; x_wconf 85' lang='lat' dir='ltr'><strong>multa</strong></span> <span class='ocrx_word' id='word_1_141' title='bbox 3465 680 3656 752; x_wconf 70' lang='grc' dir='ltr'><strong>(ἰδία.)</strong></span> <span class='ocrx_word' id='word_1_142' title='bbox 3684 697 3697 736; x_wconf 93' lang='lat'>:</span> 
     </span>
    </p>
   </div>
   <div class='ocr_carea' id='block_1_20' title="bbox 2054 767 3699 836">
    <p class='ocr_par' dir='ltr' id='par_1_20' title="bbox 2054 767 3699 836">
     <span class='ocr_line' id='line_1_20' title="bbox 2054 767 3699 836; baseline 0.005 -17"><span class='ocrx_word' id='word_1_143' title='bbox 2054 792 2082 819; x_wconf 86' lang='grc'><strong>‹‹</strong></span> <span class='ocrx_word' id='word_1_144' title='bbox 2109 769 2290 825; x_wconf 87' lang='lat' dir='ltr'><strong>Tinea</strong></span> <span class='ocrx_word' id='word_1_145' title='bbox 2321 773 2516 825; x_wconf 87' lang='lat' dir='ltr'><strong>autem</strong></span> <span class='ocrx_word' id='word_1_146' title='bbox 2548 768 2619 824; x_wconf 90' lang='lat' dir='ltr'><strong>de</strong></span> <span class='ocrx_word' id='word_1_147' title='bbox 2647 773 2805 824; x_wconf 85' lang='lat' dir='ltr'><strong>veste</strong></span> <span class='ocrx_word' id='word_1_148' title='bbox 2835 767 3177 836; x_wconf 86' lang='lat' dir='ltr'><strong>nascitur,et</strong></span> <span class='ocrx_word' id='word_1_149' title='bbox 3193 768 3461 825; x_wconf 87' lang='lat' dir='ltr'><strong>eamdem</strong></span> <span class='ocrx_word' id='word_1_150' title='bbox 3476 774 3699 827; x_wconf 80' lang='lat' dir='ltr'><strong>vestem</strong></span> 
     </span>
    </p>
   </div>
   <div class='ocr_carea' id='block_1_21' title="bbox 2053 857 3700 931">
    <p class='ocr_par' dir='ltr' id='par_1_21' title="bbox 2053 857 3700 931">
     <span class='ocr_line' id='line_1_21' title="bbox 2053 857 3700 931; baseline 0 -18"><span class='ocrx_word' id='word_1_151' title='bbox 2053 858 2125 913; x_wconf 91' lang='lat' dir='ltr'><strong>de</strong></span> <span class='ocrx_word' id='word_1_152' title='bbox 2151 874 2268 930; x_wconf 87' lang='lat' dir='ltr'><strong>qua</strong></span> <span class='ocrx_word' id='word_1_153' title='bbox 2292 857 2501 924; x_wconf 86' lang='lat' dir='ltr'><strong>oritur,</strong></span> <span class='ocrx_word' id='word_1_154' title='bbox 2529 858 2768 914; x_wconf 85' lang='lat' dir='ltr'><strong>oriendo</strong></span> <span class='ocrx_word' id='word_1_155' title='bbox 2799 858 3141 930; x_wconf 86' lang='lat' dir='ltr'><strong>corrumpit.</strong></span> <span class='ocrx_word' id='word_1_156' title='bbox 3168 857 3345 923; x_wconf 82' lang='lat' dir='ltr'><strong>Quasi</strong></span> <span class='ocrx_word' id='word_1_157' title='bbox 3375 872 3515 914; x_wconf 81' lang='lat' dir='ltr'><strong>vero</strong></span> <span class='ocrx_word' id='word_1_158' title='bbox 3543 872 3700 931; x_wconf 64' lang='lat' dir='ltr'><strong>quae-</strong></span> 
     </span>
    </p>
   </div>
   <div class='ocr_carea' id='block_1_22' title="bbox 2052 946 3702 1005">
    <p class='ocr_par' dir='ltr' id='par_1_22' title="bbox 2052 946 3702 1005">
     <span class='ocr_line' id='line_1_22' title="bbox 2052 946 3702 1005; baseline 0.001 -3"><span class='ocrx_word' id='word_1_159' title='bbox 2052 947 2187 1002; x_wconf 88' lang='lat' dir='ltr'><strong>dam</strong></span> <span class='ocrx_word' id='word_1_160' title='bbox 2210 947 2388 1003; x_wconf 85' lang='lat' dir='ltr'><strong>vestis</strong></span> <span class='ocrx_word' id='word_1_161' title='bbox 2418 947 2627 1002; x_wconf 72' lang='lat' dir='ltr'><strong>anima:</strong></span> <span class='ocrx_word' id='word_1_162' title='bbox 2656 963 2790 1003; x_wconf 90' lang='lat' dir='ltr'><strong>caro</strong></span> <span class='ocrx_word' id='word_1_163' title='bbox 2816 947 3046 1002; x_wconf 87' lang='lat' dir='ltr'><strong>est.Sed</strong></span> <span class='ocrx_word' id='word_1_164' title='bbox 3075 946 3197 1002; x_wconf 58' lang='lat' dir='ltr'><strong>hac</strong></span> <span class='ocrx_word' id='word_1_165' title='bbox 3222 947 3507 1003; x_wconf 83' lang='lat' dir='ltr'><strong>nimirum</strong></span> <span class='ocrx_word' id='word_1_166' title='bbox 3521 948 3702 1005; x_wconf 81' lang='lat' dir='ltr'><strong>vestis</strong></span> 
     </span>
    </p>
   </div>
   <div class='ocr_carea' id='block_1_23' title="bbox 2052 1034 3699 1110">
    <p class='ocr_par' dir='ltr' id='par_1_23' title="bbox 2052 1034 3699 1110">
     <span class='ocr_line' id='line_1_23' title="bbox 2052 1034 3699 1110; baseline 0.002 -20"><span class='ocrx_word' id='word_1_167' title='bbox 2052 1035 2228 1092; x_wconf 89' lang='lat' dir='ltr'><strong>habet</strong></span> <span class='ocrx_word' id='word_1_168' title='bbox 2256 1036 2473 1092; x_wconf 82' lang='lat' dir='ltr'><strong>tineam</strong></span> <span class='ocrx_word' id='word_1_169' title='bbox 2505 1053 2698 1105; x_wconf 88' lang='lat' dir='ltr'><strong>suam,</strong></span> <span class='ocrx_word' id='word_1_170' title='bbox 2728 1034 2869 1108; x_wconf 82' lang='lat' dir='ltr'><strong>quia</strong></span> <span class='ocrx_word' id='word_1_171' title='bbox 2895 1036 2969 1092; x_wconf 87' lang='lat' dir='ltr'><strong>ab</strong></span> <span class='ocrx_word' id='word_1_172' title='bbox 2997 1034 3127 1110; x_wconf 85' lang='lat' dir='ltr'><strong>ipsa</strong></span> <span class='ocrx_word' id='word_1_173' title='bbox 3152 1036 3408 1093; x_wconf 79' lang='lat' dir='ltr'><strong>carnalis</strong></span> <span class='ocrx_word' id='word_1_174' title='bbox 3452 1037 3699 1094; x_wconf 67' lang='lat' dir='ltr'><strong>testatio</strong></span> 
     </span>
    </p>
   </div>
   <div class='ocr_carea' id='block_1_24' title="bbox 2050 1124 3701 1199">
    <p class='ocr_par' dir='ltr' id='par_1_24' title="bbox 2050 1124 3701 1199">
     <span class='ocr_line' id='line_1_24' title="bbox 2050 1124 3701 1199; baseline 0.001 -18"><span class='ocrx_word' id='word_1_175' title='bbox 2050 1124 2347 1193; x_wconf 71' lang='lat' dir='ltr'><strong>oritur,&#39;ex</strong></span> <span class='ocrx_word' id='word_1_176' title='bbox 2376 1142 2494 1199; x_wconf 89' lang='lat' dir='ltr'><strong>qua</strong></span> <span class='ocrx_word' id='word_1_177' title='bbox 2519 1124 2829 1181; x_wconf 86' lang='lat' dir='ltr'><strong>laceratur.</strong></span> <span class='ocrx_word' id='word_1_178' title='bbox 2856 1146 2883 1175; x_wconf 69' lang='grc' dir='ltr'><strong>η</strong></span> <span class='ocrx_word' id='word_1_179' title='bbox 2914 1125 3297 1182; x_wconf 84' lang='lat' dir='ltr'><strong>Cassiodorus</strong></span> <span class='ocrx_word' id='word_1_180' title='bbox 3327 1141 3582 1199; x_wconf 86' lang='lat' dir='ltr'><strong>quoque,</strong></span> <span class='ocrx_word' id='word_1_181' title='bbox 3613 1128 3701 1183; x_wconf 86' lang='lat' dir='ltr'><strong>vir</strong></span> 
     </span>
    </p>
   </div>
   <div class='ocr_carea' id='block_1_25' title="bbox 2052 1213 3699 1287">
    <p class='ocr_par' dir='ltr' id='par_1_25' title="bbox 2052 1213 3699 1287">
     <span class='ocr_line' id='line_1_25' title="bbox 2052 1213 3699 1287; baseline 0.001 -18"><span class='ocrx_word' id='word_1_182' title='bbox 2052 1214 2320 1271; x_wconf 88' lang='lat' dir='ltr'><strong>acerrimi</strong></span> <span class='ocrx_word' id='word_1_183' title='bbox 2370 1213 2589 1287; x_wconf 83' lang='lat' dir='ltr'><strong>ingenii</strong></span> <span class='ocrx_word' id='word_1_184' title='bbox 2639 1219 2714 1270; x_wconf 91' lang='lat' dir='ltr'><strong>et-</strong></span> <span class='ocrx_word' id='word_1_185' title='bbox 2755 1213 3009 1286; x_wconf 78' lang='lat' dir='ltr'><strong>insignis</strong></span> <span class='ocrx_word' id='word_1_186' title='bbox 3060 1213 3428 1282; x_wconf 84' lang='lat' dir='ltr'><strong>eruditionis,</strong></span> <span class='ocrx_word' id='word_1_187' title='bbox 3460 1215 3519 1271; x_wconf 90' lang='lat' dir='ltr'><strong>in</strong></span> <span class='ocrx_word' id='word_1_188' title='bbox 3550 1215 3699 1272; x_wconf 82' lang='lat' dir='ltr'><strong>libro</strong></span> 
     </span>
    </p>
   </div>
   <div class='ocr_carea' id='block_1_26' title="bbox 2051 1303 3699 1376">
    <p class='ocr_par' dir='ltr' id='par_1_26' title="bbox 2051 1303 3699 1376">
     <span class='ocr_line' id='line_1_26' title="bbox 2051 1303 3699 1376; baseline 0.001 -18"><span class='ocrx_word' id='word_1_189' title='bbox 2051 1319 2228 1375; x_wconf 88' lang='lat' dir='ltr'><strong>quem</strong></span> <span class='ocrx_word' id='word_1_190' title='bbox 2256 1303 2331 1359; x_wconf 84' lang='lat' dir='ltr'><strong>de</strong></span> <span class='ocrx_word' id='word_1_191' title='bbox 2359 1303 2569 1359; x_wconf 80' lang='lat' dir='ltr'><strong>Anima</strong></span> <span class='ocrx_word' id='word_1_192' title='bbox 2597 1303 2965 1376; x_wconf 77' lang='lat' dir='ltr'><strong>conscripsit,</strong></span> <span class='ocrx_word' id='word_1_193' title='bbox 2995 1304 3310 1376; x_wconf 77' lang='lat' dir='ltr'><strong>magistros</strong></span> <span class='ocrx_word' id='word_1_194' title='bbox 3340 1308 3557 1359; x_wconf 57' lang='lat' dir='ltr'><strong>sancta;</strong></span> <span class='ocrx_word' id='word_1_195' title='bbox 3586 1305 3699 1360; x_wconf 88' lang='lat' dir='ltr'><strong>Ec-</strong></span> 
     </span>
    </p>
   </div>
   <div class='ocr_carea' id='block_1_27' title="bbox 2050 1391 3697 1466">
    <p class='ocr_par' dir='ltr' id='par_1_27' title="bbox 2050 1391 3697 1466">
     <span class='ocr_line' id='line_1_27' title="bbox 2050 1391 3697 1466; baseline 0.002 -20"><span class='ocrx_word' id='word_1_196' title='bbox 2050 1391 2239 1449; x_wconf 81' lang='lat' dir='ltr'><strong>clesiae</strong></span> <span class='ocrx_word' id='word_1_197' title='bbox 2283 1392 2343 1448; x_wconf 93' lang='lat' dir='ltr'><strong>in</strong></span> <span class='ocrx_word' id='word_1_198' title='bbox 2394 1392 2503 1450; x_wconf 82' lang='lat' dir='ltr'><strong>hac</strong></span> <span class='ocrx_word' id='word_1_199' title='bbox 2552 1402 2634 1461; x_wconf 74' lang='lat' dir='ltr'><strong>ne,</strong></span> <span class='ocrx_word' id='word_1_200' title='bbox 2667 1392 2821 1449; x_wconf 81' lang='lat' dir='ltr'><strong>sicut</strong></span> <span class='ocrx_word' id='word_1_201' title='bbox 2848 1396 2906 1449; x_wconf 80' lang='lat' dir='ltr'><strong>et</strong></span> <span class='ocrx_word' id='word_1_202' title='bbox 2935 1392 2995 1448; x_wconf 91' lang='lat' dir='ltr'><strong>in</strong></span> <span class='ocrx_word' id='word_1_203' title='bbox 3028 1392 3179 1459; x_wconf 84' lang='lat' dir='ltr'><strong>aliis,</strong></span> <span class='ocrx_word' id='word_1_204' title='bbox 3210 1409 3273 1449; x_wconf 90' lang='lat' dir='ltr'><strong>se</strong></span> <span class='ocrx_word' id='word_1_205' title='bbox 3304 1392 3473 1466; x_wconf 85' lang='lat' dir='ltr'><strong>sequi</strong></span> <span class='ocrx_word' id='word_1_206' title='bbox 3502 1398 3697 1449; x_wconf 84' lang='lat' dir='ltr'><strong>osten-</strong></span> 
     </span>
    </p>
   </div>
   <div class='ocr_carea' id='block_1_28' title="bbox 2051 1481 3698 1565">
    <p class='ocr_par' dir='ltr' id='par_1_28' title="bbox 2051 1481 3698 1565">
     <span class='ocr_line' id='line_1_28' title="bbox 2051 1481 3698 1565; baseline 0.001 -29"><span class='ocrx_word' id='word_1_207' title='bbox 2051 1481 2157 1548; x_wconf 88' lang='lat' dir='ltr'><strong>dit,</strong></span> <span class='ocrx_word' id='word_1_208' title='bbox 2186 1498 2324 1537; x_wconf 88' lang='lat' dir='ltr'><strong>cum</strong></span> <span class='ocrx_word' id='word_1_209' title='bbox 2354 1481 2494 1537; x_wconf 87' lang='lat' dir='ltr'><strong>dicit</strong></span> <span class='ocrx_word' id='word_1_210' title='bbox 2522 1486 2655 1554; x_wconf 85' lang='lat' dir='ltr'><strong>post</strong></span> <span class='ocrx_word' id='word_1_211' title='bbox 2684 1482 2800 1538; x_wconf 89' lang='lat' dir='ltr'><strong>alia</strong></span> <span class='ocrx_word' id='word_1_212' title='bbox 2828 1482 3039 1554; x_wconf 53' lang='lat' dir='ltr'><strong>(capiti)</strong></span> <span class='ocrx_word' id='word_1_213' title='bbox 3070 1499 3083 1537; x_wconf 92' lang='lat'><strong>:</strong></span> <span class='ocrx_word' id='word_1_214' title='bbox 3114 1505 3140 1532; x_wconf 77' lang='grc' dir='ltr'><strong>ιι</strong></span> <span class='ocrx_word' id='word_1_215' title='bbox 3176 1481 3389 1565; x_wconf 68' lang='lat' dir='ltr'><strong>Mirum</strong></span> <span class='ocrx_word' id='word_1_216' title='bbox 3420 1487 3698 1554; x_wconf 69' lang='lat' dir='ltr'><strong>preterea</strong></span> 
     </span>
    </p>
   </div>
   <div class='ocr_carea' id='block_1_29' title="bbox 298 1568 3697 1663">
    <p class='ocr_par' dir='ltr' id='par_1_29' title="bbox 298 1568 3697 1663">
     <span class='ocr_line' id='line_1_29' title="bbox 298 1568 3697 1663; baseline -0.001 -31"><span class='ocrx_word' id='word_1_217' title='bbox 298 1581 560 1632; x_wconf 84' lang='lat' dir='ltr'><strong>taremur</strong></span> <span class='ocrx_word' id='word_1_218' title='bbox 588 1574 646 1630; x_wconf 89' lang='lat' dir='ltr'><strong>id</strong></span> <span class='ocrx_word' id='word_1_219' title='bbox 692 1574 924 1629; x_wconf 79' lang='lat' dir='ltr'><strong>credere</strong></span> <span class='ocrx_word' id='word_1_220' title='bbox 973 1576 1302 1638; x_wconf 85' lang='lat' dir='ltr'><strong>renuentes,</strong></span> <span class='ocrx_word' id='word_1_221' title='bbox 1335 1577 1394 1628; x_wconf 91' lang='lat' dir='ltr'><strong>et</strong></span> <span class='ocrx_word' id='word_1_222' title='bbox 1420 1571 1749 1627; x_wconf 88' lang='lat' dir='ltr'><strong>diceremus</strong></span> <span class='ocrx_word' id='word_1_223' title='bbox 1778 1573 1941 1624; x_wconf 87' lang='lat' dir='ltr'><strong>natu-</strong></span> <span class='ocrx_word' id='word_1_224' title='bbox 1971 1598 2019 1663; x_wconf 83' lang='lat' dir='ltr'><strong>B</strong></span> <span class='ocrx_word' id='word_1_225' title='bbox 2048 1569 2296 1638; x_wconf 89' lang='lat' dir='ltr'><strong>videtur,</strong></span> <span class='ocrx_word' id='word_1_226' title='bbox 2334 1587 2460 1628; x_wconf 90' lang='lat' dir='ltr'><strong>rem</strong></span> <span class='ocrx_word' id='word_1_227' title='bbox 2510 1572 2935 1645; x_wconf 72' lang='lat' dir='ltr'><strong>incorporeum,</strong></span> <span class='ocrx_word' id='word_1_228' title='bbox 2984 1572 3267 1627; x_wconf 84' lang='lat' dir='ltr'><strong>membris</strong></span> <span class='ocrx_word' id='word_1_229' title='bbox 3321 1568 3697 1628; x_wconf 83' lang='lat' dir='ltr'><strong>solidissimis</strong></span> 
     </span>
    </p>
   </div>
   <div class='ocr_carea' id='block_1_30' title="bbox 299 1660 1942 1735">
    <p class='ocr_par' dir='ltr' id='par_1_30' title="bbox 299 1660 1942 1735">
     <span class='ocr_line' id='line_1_30' title="bbox 299 1660 1942 1735; baseline -0.003 -17"><span class='ocrx_word' id='word_1_230' title='bbox 299 1678 425 1720; x_wconf 85' lang='lat' dir='ltr'><strong>ram</strong></span> <span class='ocrx_word' id='word_1_231' title='bbox 450 1678 566 1717; x_wconf 87' lang='lat' dir='ltr'><strong>non</strong></span> <span class='ocrx_word' id='word_1_232' title='bbox 585 1661 728 1735; x_wconf 88' lang='lat' dir='ltr'><strong>pati,</strong></span> <span class='ocrx_word' id='word_1_233' title='bbox 754 1665 819 1717; x_wconf 90' lang='lat' dir='ltr'><strong>ut</strong></span> <span class='ocrx_word' id='word_1_234' title='bbox 838 1678 929 1717; x_wconf 88' lang='lat' dir='ltr'><strong>res</strong></span> <span class='ocrx_word' id='word_1_235' title='bbox 952 1660 1292 1733; x_wconf 83' lang='lat' dir='ltr'><strong>incorporea</strong></span> <span class='ocrx_word' id='word_1_236' title='bbox 1318 1660 1636 1733; x_wconf 88' lang='lat' dir='ltr'><strong>ligamento</strong></span> <span class='ocrx_word' id='word_1_237' title='bbox 1668 1672 1942 1731; x_wconf 86' lang='lat' dir='ltr'><strong>corporeo</strong></span> 
     </span>
    </p>
   </div>
   <div class='ocr_carea' id='block_1_31' title="bbox 294 1746 1944 1822">
    <p class='ocr_par' dir='ltr' id='par_1_31' title="bbox 294 1746 1944 1822">
     <span class='ocr_line' id='line_1_31' title="bbox 294 1746 1944 1822; baseline -0.002 -15"><span class='ocrx_word' id='word_1_238' title='bbox 294 1750 659 1808; x_wconf 81' lang='lat' dir='ltr'><strong>vinciretur?</strong></span> <span class='ocrx_word' id='word_1_239' title='bbox 687 1751 756 1807; x_wconf 86' lang='lat' dir='ltr'><strong>Et</strong></span> <span class='ocrx_word' id='word_1_240' title='bbox 793 1754 990 1806; x_wconf 86' lang='lat' dir='ltr'><strong>tamen</strong></span> <span class='ocrx_word' id='word_1_241' title='bbox 1039 1749 1211 1822; x_wconf 84' lang='lat' dir='ltr'><strong>plena</strong></span> <span class='ocrx_word' id='word_1_242' title='bbox 1240 1754 1330 1805; x_wconf 84' lang='lat' dir='ltr'><strong>est</strong></span> <span class='ocrx_word' id='word_1_243' title='bbox 1360 1754 1513 1805; x_wconf 88' lang='lat' dir='ltr'><strong>terra</strong></span> <span class='ocrx_word' id='word_1_244' title='bbox 1540 1746 1944 1821; x_wconf 85' lang='lat' dir='ltr'><strong>vegetantibus</strong></span> 
     </span>
    </p>
   </div>
   <div class='ocr_carea' id='block_1_32' title="bbox 299 1837 1941 1910">
    <p class='ocr_par' dir='ltr' id='par_1_32' title="bbox 299 1837 1941 1910">
     <span class='ocr_line' id='line_1_32' title="bbox 299 1837 1941 1910; baseline -0.002 -14"><span class='ocrx_word' id='word_1_245' title='bbox 299 1839 515 1897; x_wconf 86' lang='lat' dir='ltr'><strong>animis</strong></span> <span class='ocrx_word' id='word_1_246' title='bbox 529 1839 654 1896; x_wconf 63' lang='lat' dir='ltr'><strong>haec</strong></span> <span class='ocrx_word' id='word_1_247' title='bbox 675 1840 1179 1895; x_wconf 87' lang='lat' dir='ltr'><strong>membraterrena</strong></span> <span class='ocrx_word' id='word_1_248' title='bbox 1195 1838 1344 1895; x_wconf 87' lang='lat' dir='ltr'><strong>miro</strong></span> <span class='ocrx_word' id='word_1_249' title='bbox 1360 1837 1471 1894; x_wconf 89' lang='lat' dir='ltr'><strong>sibi</strong></span> <span class='ocrx_word' id='word_1_250' title='bbox 1489 1838 1743 1910; x_wconf 85' lang='lat' dir='ltr'><strong>quodam</strong></span> <span class='ocrx_word' id='word_1_251' title='bbox 1769 1837 1941 1892; x_wconf 86' lang='lat' dir='ltr'><strong>modo</strong></span> 
     </span>
    </p>
   </div>
   <div class='ocr_carea' id='block_1_33' title="bbox 297 1925 1942 2000">
    <p class='ocr_par' dir='ltr' id='par_1_33' title="bbox 297 1925 1942 2000">
     <span class='ocr_line' id='line_1_33' title="bbox 297 1925 1942 2000; baseline -0.003 -15"><span class='ocrx_word' id='word_1_252' title='bbox 297 1946 557 1986; x_wconf 82' lang='lat' dir='ltr'><strong>connexa</strong></span> <span class='ocrx_word' id='word_1_253' title='bbox 585 1932 643 1984; x_wconf 92' lang='lat' dir='ltr'><strong>et</strong></span> <span class='ocrx_word' id='word_1_254' title='bbox 670 1926 975 2000; x_wconf 89' lang='lat' dir='ltr'><strong>implicita.</strong></span> <span class='ocrx_word' id='word_1_255' title='bbox 999 1945 1030 1980; x_wconf 72' lang='grc' dir='ltr'><strong>ιι</strong></span> <span class='ocrx_word' id='word_1_256' title='bbox 1066 1926 1224 1983; x_wconf 88' lang='lat' dir='ltr'><strong>Idem</strong></span> <span class='ocrx_word' id='word_1_257' title='bbox 1274 1927 1400 1999; x_wconf 89' lang='lat' dir='ltr'><strong>ipse</strong></span> <span class='ocrx_word' id='word_1_258' title='bbox 1447 1925 1507 1981; x_wconf 92' lang='lat' dir='ltr'><strong>in</strong></span> <span class='ocrx_word' id='word_1_259' title='bbox 1559 1926 1763 1981; x_wconf 88' lang='lat' dir='ltr'><strong>eodem</strong></span> <span class='ocrx_word' id='word_1_260' title='bbox 1793 1925 1942 1981; x_wconf 91' lang='lat' dir='ltr'><strong>libro</strong></span> 
     </span>
    </p>
   </div>
   <div class='ocr_carea' id='block_1_34' title="bbox 297 2012 1944 2091">
    <p class='ocr_par' dir='ltr' id='par_1_34' title="bbox 297 2012 1944 2091">
     <span class='ocr_line' id='line_1_34' title="bbox 297 2012 1944 2091; baseline -0.004 -17"><span class='ocrx_word' id='word_1_261' title='bbox 297 2021 438 2091; x_wconf 78' lang='lat' dir='ltr'><strong>(cap.</strong></span> <span class='ocrx_word' id='word_1_262' title='bbox 472 2014 608 2090; x_wconf 80' lang='lat' dir='ltr'><strong>il):</strong></span> <span class='ocrx_word' id='word_1_263' title='bbox 658 2017 782 2073; x_wconf 83' lang='lat' dir='ltr'><strong>«In</strong></span> <span class='ocrx_word' id='word_1_264' title='bbox 828 2022 1055 2076; x_wconf 87' lang='lat' dir='ltr'><strong>terreno</strong></span> <span class='ocrx_word' id='word_1_265' title='bbox 1098 2032 1236 2090; x_wconf 89' lang='lat' dir='ltr'><strong>ergo</strong></span> <span class='ocrx_word' id='word_1_266' title='bbox 1283 2015 1427 2087; x_wconf 88' lang='lat' dir='ltr'><strong>quid</strong></span> <span class='ocrx_word' id='word_1_267' title='bbox 1475 2015 1613 2070; x_wconf 87' lang='lat' dir='ltr'><strong>facit</strong></span> <span class='ocrx_word' id='word_1_268' title='bbox 1659 2012 1944 2087; x_wconf 80' lang='lat' dir='ltr'><strong>corpore?</strong></span> 
     </span>
    </p>
   </div>
   <div class='ocr_carea' id='block_1_35' title="bbox 297 2102 1944 2176">
    <p class='ocr_par' dir='ltr' id='par_1_35' title="bbox 297 2102 1944 2176">
     <span class='ocr_line' id='line_1_35' title="bbox 297 2102 1944 2176; baseline -0.004 -13"><span class='ocrx_word' id='word_1_269' title='bbox 297 2107 651 2163; x_wconf 83' lang='lat' dir='ltr'><strong>subauditur</strong></span> <span class='ocrx_word' id='word_1_270' title='bbox 678 2107 898 2173; x_wconf 86' lang='lat' dir='ltr'><strong>anima,</strong></span> <span class='ocrx_word' id='word_1_271' title='bbox 929 2106 988 2160; x_wconf 89' lang='lat' dir='ltr'><strong>in</strong></span> <span class='ocrx_word' id='word_1_272' title='bbox 1018 2104 1127 2161; x_wconf 88' lang='lat' dir='ltr'><strong>hac</strong></span> <span class='ocrx_word' id='word_1_273' title='bbox 1160 2104 1311 2161; x_wconf 88' lang='lat' dir='ltr'><strong>mole</strong></span> <span class='ocrx_word' id='word_1_274' title='bbox 1349 2103 1489 2176; x_wconf 90' lang='lat' dir='ltr'><strong>quid</strong></span> <span class='ocrx_word' id='word_1_275' title='bbox 1518 2103 1641 2176; x_wconf 88' lang='lat' dir='ltr'><strong>agit</strong></span> <span class='ocrx_word' id='word_1_276' title='bbox 1671 2102 1944 2159; x_wconf 84' lang='lat' dir='ltr'><strong>subtilior</strong></span> 
     </span>
    </p>
   </div>
   <div class='ocr_carea' id='block_1_36' title="bbox 296 2190 1944 2268">
    <p class='ocr_par' dir='ltr' id='par_1_36' title="bbox 296 2190 1944 2268">
     <span class='ocr_line' id='line_1_36' title="bbox 296 2190 1944 2268; baseline -0.004 -15"><span class='ocrx_word' id='word_1_277' title='bbox 296 2194 678 2253; x_wconf 85' lang='lat' dir='ltr'><strong>omnibus?in</strong></span> <span class='ocrx_word' id='word_1_278' title='bbox 693 2195 802 2252; x_wconf 90' lang='lat' dir='ltr'><strong>hoc</strong></span> <span class='ocrx_word' id='word_1_279' title='bbox 824 2195 1080 2268; x_wconf 91' lang='lat' dir='ltr'><strong>pondere</strong></span> <span class='ocrx_word' id='word_1_280' title='bbox 1096 2194 1236 2267; x_wconf 88' lang='lat' dir='ltr'><strong>quid</strong></span> <span class='ocrx_word' id='word_1_281' title='bbox 1268 2193 1390 2267; x_wconf 87' lang='lat' dir='ltr'><strong>agit</strong></span> <span class='ocrx_word' id='word_1_282' title='bbox 1418 2193 1597 2249; x_wconf 86' lang='lat' dir='ltr'><strong>levior</strong></span> <span class='ocrx_word' id='word_1_283' title='bbox 1621 2191 1898 2248; x_wconf 89' lang='lat' dir='ltr'><strong>omnibus</strong></span> <span class='ocrx_word' id='word_1_284' title='bbox 1915 2190 1944 2246; x_wconf 79' lang='lat' dir='ltr'><strong>‘l</strong></span> 
     </span>
    </p>
   </div>
   <div class='ocr_carea' id='block_1_37' title="bbox 296 2280 1942 2357">
    <p class='ocr_par' dir='ltr' id='par_1_37' title="bbox 296 2280 1942 2357">
     <span class='ocr_line' id='line_1_37' title="bbox 296 2280 1942 2357; baseline -0.004 -16"><span class='ocrx_word' id='word_1_285' title='bbox 296 2284 358 2343; x_wconf 90' lang='lat' dir='ltr'><strong>in</strong></span> <span class='ocrx_word' id='word_1_286' title='bbox 387 2285 496 2342; x_wconf 88' lang='lat' dir='ltr'><strong>hac</strong></span> <span class='ocrx_word' id='word_1_287' title='bbox 525 2285 799 2342; x_wconf 84' lang='lat' dir='ltr'><strong>tarditate</strong></span> <span class='ocrx_word' id='word_1_288' title='bbox 835 2284 980 2356; x_wconf 89' lang='lat' dir='ltr'><strong>quid</strong></span> <span class='ocrx_word' id='word_1_289' title='bbox 1009 2282 1131 2357; x_wconf 82' lang='lat' dir='ltr'><strong>agit</strong></span> <span class='ocrx_word' id='word_1_290' title='bbox 1158 2282 1398 2339; x_wconf 89' lang='lat' dir='ltr'><strong>celerior</strong></span> <span class='ocrx_word' id='word_1_291' title='bbox 1423 2281 1701 2339; x_wconf 86' lang='lat' dir='ltr'><strong>omnibus</strong></span> <span class='ocrx_word' id='word_1_292' title='bbox 1720 2281 1749 2337; x_wconf 76' lang='lat' dir='ltr'><strong>‘I</strong></span> <span class='ocrx_word' id='word_1_293' title='bbox 1782 2280 1942 2337; x_wconf 84' lang='lat' dir='ltr'><strong>Itane</strong></span> 
     </span>
    </p>
   </div>
   <div class='ocr_carea' id='block_1_38' title="bbox 297 2371 1943 2449">
    <p class='ocr_par' dir='ltr' id='par_1_38' title="bbox 297 2371 1943 2449">
     <span class='ocr_line' id='line_1_38' title="bbox 297 2371 1943 2449; baseline -0.003 -18"><span class='ocrx_word' id='word_1_294' title='bbox 297 2391 402 2449; x_wconf 89' lang='lat' dir='ltr'><strong>per</strong></span> <span class='ocrx_word' id='word_1_295' title='bbox 425 2375 605 2447; x_wconf 88' lang='lat' dir='ltr'><strong>hujus</strong></span> <span class='ocrx_word' id='word_1_296' title='bbox 636 2377 756 2429; x_wconf 89' lang='lat' dir='ltr'><strong>tam</strong></span> <span class='ocrx_word' id='word_1_297' title='bbox 786 2371 1118 2429; x_wconf 86' lang='lat' dir='ltr'><strong>excellentis</strong></span> <span class='ocrx_word' id='word_1_298' title='bbox 1149 2377 1369 2428; x_wconf 81' lang='lat' dir='ltr'><strong>naturae</strong></span> <span class='ocrx_word' id='word_1_299' title='bbox 1400 2371 1678 2427; x_wconf 88' lang='lat' dir='ltr'><strong>meritum</strong></span> <span class='ocrx_word' id='word_1_300' title='bbox 1710 2387 1825 2426; x_wconf 91' lang='lat' dir='ltr'><strong>non</strong></span> <span class='ocrx_word' id='word_1_301' title='bbox 1847 2386 1943 2442; x_wconf 87' lang='lat' dir='ltr'><strong>po-</strong></span> 
     </span>
    </p>
   </div>
   <div class='ocr_carea' id='block_1_39' title="bbox 296 2458 1940 2535">
    <p class='ocr_par' dir='ltr' id='par_1_39' title="bbox 296 2458 1940 2535">
     <span class='ocr_line' id='line_1_39' title="bbox 296 2458 1940 2535; baseline -0.004 -15"><span class='ocrx_word' id='word_1_302' title='bbox 296 2464 431 2520; x_wconf 88' lang='lat' dir='ltr'><strong>terit</strong></span> <span class='ocrx_word' id='word_1_303' title='bbox 448 2462 599 2520; x_wconf 77' lang='lat' dir='ltr'><strong>effici</strong></span> <span class='ocrx_word' id='word_1_304' title='bbox 623 2466 689 2518; x_wconf 92' lang='lat' dir='ltr'><strong>ut</strong></span> <span class='ocrx_word' id='word_1_305' title='bbox 713 2478 927 2535; x_wconf 88' lang='lat' dir='ltr'><strong>corpus</strong></span> <span class='ocrx_word' id='word_1_306' title='bbox 957 2462 1086 2533; x_wconf 77' lang='lat' dir='ltr'><strong>ejus</strong></span> <span class='ocrx_word' id='word_1_307' title='bbox 1117 2460 1338 2516; x_wconf 87' lang='lat' dir='ltr'><strong>levetur</strong></span> <span class='ocrx_word' id='word_1_308' title='bbox 1365 2458 1426 2517; x_wconf 91' lang='lat' dir='ltr'><strong>in</strong></span> <span class='ocrx_word' id='word_1_309' title='bbox 1454 2459 1709 2516; x_wconf 64' lang='lat' dir='ltr'><strong>caelum?</strong></span> <span class='ocrx_word' id='word_1_310' title='bbox 1728 2462 1940 2515; x_wconf 88' lang='lat' dir='ltr'><strong>etcum</strong></span> 
     </span>
    </p>
   </div>
   <div class='ocr_carea' id='block_1_40' title="bbox 294 2548 1941 2623">
    <p class='ocr_par' dir='ltr' id='par_1_40' title="bbox 294 2548 1941 2623">
     <span class='ocr_line' id='line_1_40' title="bbox 294 2548 1941 2623; baseline -0.004 -14"><span class='ocrx_word' id='word_1_311' title='bbox 294 2550 484 2609; x_wconf 87' lang='lat' dir='ltr'><strong>valeat</strong></span> <span class='ocrx_word' id='word_1_312' title='bbox 503 2567 660 2607; x_wconf 89' lang='lat' dir='ltr'><strong>nunc</strong></span> <span class='ocrx_word' id='word_1_313' title='bbox 682 2555 893 2607; x_wconf 85' lang='lat' dir='ltr'><strong>natura</strong></span> <span class='ocrx_word' id='word_1_314' title='bbox 911 2565 1222 2623; x_wconf 90' lang='lat' dir='ltr'><strong>corporum</strong></span> <span class='ocrx_word' id='word_1_315' title='bbox 1242 2554 1603 2605; x_wconf 83' lang='lat' dir='ltr'><strong>terrenorum</strong></span> <span class='ocrx_word' id='word_1_316' title='bbox 1617 2548 1941 2621; x_wconf 85' lang='lat' dir='ltr'><strong>deprimere</strong></span> 
     </span>
    </p>
   </div>
   <div class='ocr_carea' id='block_1_41' title="bbox 297 2636 1939 2711">
    <p class='ocr_par' dir='ltr' id='par_1_41' title="bbox 297 2636 1939 2711">
     <span class='ocr_line' id='line_1_41' title="bbox 297 2636 1939 2711; baseline -0.004 -14"><span class='ocrx_word' id='word_1_317' title='bbox 297 2641 526 2707; x_wconf 82' lang='lat' dir='ltr'><strong>animas</strong></span> <span class='ocrx_word' id='word_1_318' title='bbox 542 2638 1163 2711; x_wconf 86' lang='lat' dir='ltr'><strong>deorsum,aliquando</strong></span> <span class='ocrx_word' id='word_1_319' title='bbox 1183 2642 1241 2694; x_wconf 90' lang='lat' dir='ltr'><strong>et</strong></span> <span class='ocrx_word' id='word_1_320' title='bbox 1260 2637 1469 2694; x_wconf 69' lang='lat' dir='ltr'><strong>animos</strong></span> <span class='ocrx_word' id='word_1_321' title='bbox 1491 2636 1680 2693; x_wconf 88' lang='lat' dir='ltr'><strong>levare</strong></span> <span class='ocrx_word' id='word_1_322' title='bbox 1702 2653 1939 2692; x_wconf 85' lang='lat' dir='ltr'><strong>sursum</strong></span> 
     </span>
    </p>
   </div>
   <div class='ocr_carea' id='block_1_42' title="bbox 295 2725 1942 2801">
    <p class='ocr_par' dir='ltr' id='par_1_42' title="bbox 295 2725 1942 2801">
     <span class='ocr_line' id='line_1_42' title="bbox 295 2725 1942 2801; baseline -0.004 -15"><span class='ocrx_word' id='word_1_323' title='bbox 295 2735 527 2787; x_wconf 87' lang='lat' dir='ltr'><strong>terrena</strong></span> <span class='ocrx_word' id='word_1_324' title='bbox 546 2745 790 2801; x_wconf 87' lang='lat' dir='ltr'><strong>corpora</strong></span> <span class='ocrx_word' id='word_1_325' title='bbox 808 2744 925 2784; x_wconf 90' lang='lat' dir='ltr'><strong>non</strong></span> <span class='ocrx_word' id='word_1_326' title='bbox 948 2725 1264 2783; x_wconf 83' lang='lat' dir='ltr'><strong>valebunt?</strong></span> <span class='ocrx_word' id='word_1_327' title='bbox 1278 2745 1306 2776; x_wconf 86' lang='lat'>»</span> <span class='ocrx_word' id='word_1_328' title='bbox 1321 2726 1478 2783; x_wconf 86' lang='lat' dir='ltr'><strong>Idem</strong></span> <span class='ocrx_word' id='word_1_329' title='bbox 1499 2725 1560 2781; x_wconf 90' lang='lat' dir='ltr'><strong>in</strong></span> <span class='ocrx_word' id='word_1_330' title='bbox 1583 2725 1730 2782; x_wconf 90' lang='lat' dir='ltr'><strong>libro</strong></span> <span class='ocrx_word' id='word_1_331' title='bbox 1756 2725 1942 2798; x_wconf 73' lang='lat' dir='ltr'><strong>septi~</strong></span> 
     </span>
    </p>
   </div>
   <div class='ocr_carea' id='block_1_43' title="bbox 297 2815 1940 2889">
    <p class='ocr_par' dir='ltr' id='par_1_43' title="bbox 297 2815 1940 2889">
     <span class='ocr_line' id='line_1_43' title="bbox 297 2815 1940 2889; baseline -0.002 -16"><span class='ocrx_word' id='word_1_332' title='bbox 297 2833 393 2874; x_wconf 90' lang='lat' dir='ltr'><strong>mo</strong></span> <span class='ocrx_word' id='word_1_333' title='bbox 405 2816 697 2876; x_wconf 85' lang='lat' dir='ltr'><strong>deGenesi</strong></span> <span class='ocrx_word' id='word_1_334' title='bbox 715 2817 789 2873; x_wconf 88' lang='lat' dir='ltr'><strong>ad</strong></span> <span class='ocrx_word' id='word_1_335' title='bbox 810 2815 1062 2873; x_wconf 81' lang='lat' dir='ltr'><strong>litteram</strong></span> <span class='ocrx_word' id='word_1_336' title='bbox 1075 2820 1217 2889; x_wconf 71' lang='lat' dir='ltr'><strong>(cap.</strong></span> <span class='ocrx_word' id='word_1_337' title='bbox 1229 2816 1350 2888; x_wconf 65' lang='lat'><strong>211):</strong></span> <span class='ocrx_word' id='word_1_338' title='bbox 1383 2838 1412 2866; x_wconf 82' lang='grc'><strong>‹‹</strong></span> <span class='ocrx_word' id='word_1_339' title='bbox 1425 2815 1708 2871; x_wconf 81' lang='lat' dir='ltr'><strong>Credetur</strong></span> <span class='ocrx_word' id='word_1_340' title='bbox 1716 2830 1874 2887; x_wconf 89' lang='lat' dir='ltr'><strong>ergo,</strong></span> <span class='ocrx_word' id='word_1_341' title='bbox 1890 2815 1940 2870; x_wconf 89' lang='lat' dir='ltr'><strong>si</strong></span> 
     </span>
    </p>
   </div>
   <div class='ocr_carea' id='block_1_44' title="bbox 297 2903 1943 2987">
    <p class='ocr_par' dir='ltr' id='par_1_44' title="bbox 297 2903 1943 2987">
     <span class='ocr_line' id='line_1_44' title="bbox 297 2903 1943 2987; baseline -0.004 -23"><span class='ocrx_word' id='word_1_342' title='bbox 297 2907 458 2965; x_wconf 89' lang='lat' dir='ltr'><strong>nulla</strong></span> <span class='ocrx_word' id='word_1_343' title='bbox 470 2907 905 2987; x_wconf 76' lang='lat' dir='ltr'><strong>scripturarum</strong></span> <span class='ocrx_word' id='word_1_344' title='bbox 917 2905 1367 2974; x_wconf 88' lang='lat' dir='ltr'><strong>auctoritas,seu</strong></span> <span class='ocrx_word' id='word_1_345' title='bbox 1376 2903 1640 2960; x_wconf 86' lang='lat' dir='ltr'><strong>veritatis</strong></span> <span class='ocrx_word' id='word_1_346' title='bbox 1650 2904 1798 2960; x_wconf 86' lang='lat' dir='ltr'><strong>ratio</strong></span> <span class='ocrx_word' id='word_1_347' title='bbox 1811 2919 1943 2959; x_wconf 86' lang='lat' dir='ltr'><strong>con-</strong></span> 
     </span>
    </p>
   </div>
   <div class='ocr_carea' id='block_1_45' title="bbox 2050 1659 3696 1733">
    <p class='ocr_par' dir='ltr' id='par_1_45' title="bbox 2050 1659 3696 1733">
     <span class='ocr_line' id='line_1_45' title="bbox 2050 1659 3696 1733; baseline -0.001 -16"><span class='ocrx_word' id='word_1_348' title='bbox 2050 1659 2408 1733; x_wconf 88' lang='lat' dir='ltr'><strong>colligatam,</strong></span> <span class='ocrx_word' id='word_1_349' title='bbox 2439 1663 2494 1717; x_wconf 88' lang='lat' dir='ltr'><strong>et</strong></span> <span class='ocrx_word' id='word_1_350' title='bbox 2522 1660 2608 1717; x_wconf 87' lang='lat' dir='ltr'><strong>sic</strong></span> <span class='ocrx_word' id='word_1_351' title='bbox 2637 1661 2922 1717; x_wconf 83' lang='lat' dir='ltr'><strong>distantes</strong></span> <span class='ocrx_word' id='word_1_352' title='bbox 2979 1664 3221 1717; x_wconf 83' lang='lat' dir='ltr'><strong>naturas</strong></span> <span class='ocrx_word' id='word_1_353' title='bbox 3251 1660 3310 1715; x_wconf 90' lang='lat' dir='ltr'><strong>in</strong></span> <span class='ocrx_word' id='word_1_354' title='bbox 3342 1674 3524 1716; x_wconf 87' lang='lat' dir='ltr'><strong>unam</strong></span> <span class='ocrx_word' id='word_1_355' title='bbox 3551 1675 3696 1715; x_wconf 81' lang='lat' dir='ltr'><strong>con-</strong></span> 
     </span>
    </p>
   </div>
   <div class='ocr_carea' id='block_1_46' title="bbox 2048 1747 3697 1822">
    <p class='ocr_par' dir='ltr' id='par_1_46' title="bbox 2048 1747 3697 1822">
     <span class='ocr_line' id='line_1_46' title="bbox 2048 1747 3697 1822; baseline 0 -17"><span class='ocrx_word' id='word_1_356' title='bbox 2048 1749 2400 1806; x_wconf 87' lang='lat' dir='ltr'><strong>venientiam</strong></span> <span class='ocrx_word' id='word_1_357' title='bbox 2428 1748 2612 1805; x_wconf 82' lang='lat' dir='ltr'><strong>fuisse</strong></span> <span class='ocrx_word' id='word_1_358' title='bbox 2640 1749 2945 1819; x_wconf 86' lang='lat' dir='ltr'><strong>adductas,</strong></span> <span class='ocrx_word' id='word_1_359' title='bbox 2961 1750 3029 1804; x_wconf 91' lang='lat' dir='ltr'><strong>ut</strong></span> <span class='ocrx_word' id='word_1_360' title='bbox 3055 1764 3162 1804; x_wconf 87' lang='lat' dir='ltr'><strong>nec</strong></span> <span class='ocrx_word' id='word_1_361' title='bbox 3191 1747 3389 1805; x_wconf 86' lang='lat' dir='ltr'><strong>anima</strong></span> <span class='ocrx_word' id='word_1_362' title='bbox 3416 1762 3480 1805; x_wconf 81' lang='lat' dir='ltr'><strong>se</strong></span> <span class='ocrx_word' id='word_1_363' title='bbox 3509 1749 3697 1822; x_wconf 82' lang='lat' dir='ltr'><strong>possit</strong></span> 
     </span>
    </p>
   </div>
   <div class='ocr_carea' id='block_1_47' title="bbox 2052 1836 3693 1913">
    <p class='ocr_par' dir='ltr' id='par_1_47' title="bbox 2052 1836 3693 1913">
     <span class='ocr_line' id='line_1_47' title="bbox 2052 1836 3693 1913; baseline -0.001 -19"><span class='ocrx_word' id='word_1_364' title='bbox 2052 1852 2358 1913; x_wconf 86' lang='lat' dir='ltr'><strong>segregare</strong></span> <span class='ocrx_word' id='word_1_365' title='bbox 2386 1851 2519 1894; x_wconf 88' lang='lat' dir='ltr'><strong>cum</strong></span> <span class='ocrx_word' id='word_1_366' title='bbox 2563 1836 2721 1907; x_wconf 81' lang='lat' dir='ltr'><strong>velit,</strong></span> <span class='ocrx_word' id='word_1_367' title='bbox 2753 1855 2860 1894; x_wconf 84' lang='lat' dir='ltr'><strong>nec</strong></span> <span class='ocrx_word' id='word_1_368' title='bbox 2904 1837 3150 1894; x_wconf 88' lang='lat' dir='ltr'><strong>retinere</strong></span> <span class='ocrx_word' id='word_1_369' title='bbox 3195 1850 3329 1894; x_wconf 86' lang='lat' dir='ltr'><strong>cum</strong></span> <span class='ocrx_word' id='word_1_370' title='bbox 3360 1838 3693 1909; x_wconf 83' lang='lat' dir='ltr'><strong>jussionem</strong></span> 
     </span>
    </p>
   </div>
   <div class='ocr_carea' id='block_1_48' title="bbox 2051 1925 3693 2000">
    <p class='ocr_par' dir='ltr' id='par_1_48' title="bbox 2051 1925 3693 2000">
     <span class='ocr_line' id='line_1_48' title="bbox 2051 1925 3693 2000; baseline -0.001 -18"><span class='ocrx_word' id='word_1_371' title='bbox 2051 1928 2340 1983; x_wconf 84' lang='lat' dir='ltr'><strong>Creatoris</strong></span> <span class='ocrx_word' id='word_1_372' title='bbox 2387 1927 2704 2000; x_wconf 82' lang='lat' dir='ltr'><strong>agnoverit.</strong></span> <span class='ocrx_word' id='word_1_373' title='bbox 2738 1926 2948 1983; x_wconf 82' lang='lat' dir='ltr'><strong>Clausa</strong></span> <span class='ocrx_word' id='word_1_374' title='bbox 2975 1925 3057 1982; x_wconf 88' lang='lat' dir='ltr'><strong>illi</strong></span> <span class='ocrx_word' id='word_1_375' title='bbox 3089 1930 3230 1983; x_wconf 90' lang='lat' dir='ltr'><strong>sunt</strong></span> <span class='ocrx_word' id='word_1_376' title='bbox 3257 1927 3533 1983; x_wconf 76' lang='lat' dir='ltr'><strong>universa</strong></span> <span class='ocrx_word' id='word_1_377' title='bbox 3559 1942 3693 1983; x_wconf 88' lang='lat' dir='ltr'><strong>cum</strong></span> 
     </span>
    </p>
   </div>
   <div class='ocr_carea' id='block_1_49' title="bbox 2050 2015 3692 2089">
    <p class='ocr_par' dir='ltr' id='par_1_49' title="bbox 2050 2015 3692 2089">
     <span class='ocr_line' id='line_1_49' title="bbox 2050 2015 3692 2089; baseline -0.001 -16"><span class='ocrx_word' id='word_1_378' title='bbox 2050 2015 2385 2089; x_wconf 66' lang='lat' dir='ltr'><strong>praecipitur</strong></span> <span class='ocrx_word' id='word_1_379' title='bbox 2406 2016 2681 2083; x_wconf 82' lang='lat' dir='ltr'><strong>insidere,</strong></span> <span class='ocrx_word' id='word_1_380' title='bbox 2711 2021 2912 2088; x_wconf 84' lang='lat' dir='ltr'><strong>aperta</strong></span> <span class='ocrx_word' id='word_1_381' title='bbox 2940 2032 3176 2089; x_wconf 90' lang='lat' dir='ltr'><strong>quoque</strong></span> <span class='ocrx_word' id='word_1_382' title='bbox 3203 2016 3533 2072; x_wconf 72' lang='lat' dir='ltr'><strong>redduntur</strong></span> <span class='ocrx_word' id='word_1_383' title='bbox 3558 2026 3692 2071; x_wconf 77' lang='lat' dir='ltr'><strong>eum</strong></span> 
     </span>
    </p>
   </div>
   <div class='ocr_carea' id='block_1_50' title="bbox 2041 2104 3692 2179">
    <p class='ocr_par' dir='ltr' id='par_1_50' title="bbox 2041 2104 3692 2179">
     <span class='ocr_line' id='line_1_50' title="bbox 2041 2104 3692 2179; baseline -0.002 -16"><span class='ocrx_word' id='word_1_384' title='bbox 2041 2107 2288 2179; x_wconf 78' lang='lat' dir='ltr'><strong>jubetur</strong></span> <span class='ocrx_word' id='word_1_385' title='bbox 2314 2107 2487 2162; x_wconf 86' lang='lat' dir='ltr'><strong>exire.</strong></span> <span class='ocrx_word' id='word_1_386' title='bbox 2521 2107 2667 2162; x_wconf 84' lang='lat' dir='ltr'><strong>Nam</strong></span> <span class='ocrx_word' id='word_1_387' title='bbox 2709 2106 2755 2162; x_wconf 88' lang='lat' dir='ltr'><strong>si</strong></span> <span class='ocrx_word' id='word_1_388' title='bbox 2797 2106 3043 2162; x_wconf 87' lang='lat' dir='ltr'><strong>acerbus</strong></span> <span class='ocrx_word' id='word_1_389' title='bbox 3099 2105 3266 2162; x_wconf 85' lang='lat' dir='ltr'><strong>dolor</strong></span> <span class='ocrx_word' id='word_1_390' title='bbox 3317 2104 3579 2161; x_wconf 82' lang='lat' dir='ltr'><strong>vulneris</strong></span> <span class='ocrx_word' id='word_1_391' title='bbox 3605 2105 3692 2160; x_wconf 86' lang='lat' dir='ltr'><strong>in-</strong></span> 
     </span>
    </p>
   </div>
   <div class='ocr_carea' id='block_1_51' title="bbox 2051 2194 3693 2269">
    <p class='ocr_par' dir='ltr' id='par_1_51' title="bbox 2051 2194 3693 2269">
     <span class='ocr_line' id='line_1_51' title="bbox 2051 2194 3693 2269; baseline -0.001 -18"><span class='ocrx_word' id='word_1_392' title='bbox 2051 2196 2305 2269; x_wconf 83' lang='lat' dir='ltr'><strong>ﬂigatur,</strong></span> <span class='ocrx_word' id='word_1_393' title='bbox 2338 2195 2465 2251; x_wconf 88' lang='lat' dir='ltr'><strong>sine</strong></span> <span class='ocrx_word' id='word_1_394' title='bbox 2494 2195 2749 2251; x_wconf 86' lang='lat' dir='ltr'><strong>auctoris</strong></span> <span class='ocrx_word' id='word_1_395' title='bbox 2779 2194 3024 2268; x_wconf 80' lang='lat' dir='ltr'><strong>imperio</strong></span> <span class='ocrx_word' id='word_1_396' title='bbox 3052 2210 3171 2251; x_wconf 90' lang='lat' dir='ltr'><strong>nou</strong></span> <span class='ocrx_word' id='word_1_397' title='bbox 3201 2194 3511 2262; x_wconf 85' lang='lat' dir='ltr'><strong>amittitur,</strong></span> <span class='ocrx_word' id='word_1_398' title='bbox 3545 2194 3693 2250; x_wconf 83' lang='lat' dir='ltr'><strong>sicut</strong></span> 
     </span>
    </p>
   </div>
   <div class='ocr_carea' id='block_1_52' title="bbox 2050 2283 3692 2357">
    <p class='ocr_par' dir='ltr' id='par_1_52' title="bbox 2050 2283 3692 2357">
     <span class='ocr_line' id='line_1_52' title="bbox 2050 2283 3692 2357; baseline 0 -18"><span class='ocrx_word' id='word_1_399' title='bbox 2050 2301 2155 2340; x_wconf 88' lang='lat' dir='ltr'><strong>nec</strong></span> <span class='ocrx_word' id='word_1_400' title='bbox 2193 2283 2318 2341; x_wconf 90' lang='lat' dir='ltr'><strong>sine</strong></span> <span class='ocrx_word' id='word_1_401' title='bbox 2349 2284 2541 2357; x_wconf 86' lang='lat' dir='ltr'><strong>ipsius</strong></span> <span class='ocrx_word' id='word_1_402' title='bbox 2568 2298 2809 2340; x_wconf 88' lang='lat' dir='ltr'><strong>munere</strong></span> <span class='ocrx_word' id='word_1_403' title='bbox 2839 2284 3187 2341; x_wconf 82' lang='lat' dir='ltr'><strong>custoditur.</strong></span> <span class='ocrx_word' id='word_1_404' title='bbox 3221 2283 3369 2340; x_wconf 82' lang='lat' dir='ltr'><strong>Hinc</strong></span> <span class='ocrx_word' id='word_1_405' title='bbox 3419 2288 3510 2340; x_wconf 67' lang='lat' dir='ltr'><strong>cst</strong></span> <span class='ocrx_word' id='word_1_406' title='bbox 3538 2283 3692 2356; x_wconf 85' lang='lat' dir='ltr'><strong>quod</strong></span> 
     </span>
    </p>
   </div>
   <div class='ocr_carea' id='block_1_53' title="bbox 2050 2373 3693 2447">
    <p class='ocr_par' dir='ltr' id='par_1_53' title="bbox 2050 2373 3693 2447">
     <span class='ocr_line' id='line_1_53' title="bbox 2050 2373 3693 2447; baseline -0.001 -18"><span class='ocrx_word' id='word_1_407' title='bbox 2050 2374 2384 2446; x_wconf 85' lang='lat' dir='ltr'><strong>frequenter</strong></span> <span class='ocrx_word' id='word_1_408' title='bbox 2410 2374 2663 2447; x_wconf 78' lang='lat' dir='ltr'><strong>graviter</strong></span> <span class='ocrx_word' id='word_1_409' title='bbox 2688 2373 3022 2431; x_wconf 75' lang='lat' dir='ltr'><strong>minemine</strong></span> <span class='ocrx_word' id='word_1_410' title='bbox 3051 2373 3316 2429; x_wconf 83' lang='lat' dir='ltr'><strong>videmus</strong></span> <span class='ocrx_word' id='word_1_411' title='bbox 3344 2373 3608 2436; x_wconf 80' lang='lat' dir='ltr'><strong>evadere.</strong></span> <span class='ocrx_word' id='word_1_412' title='bbox 3638 2377 3693 2428; x_wconf 86' lang='lat' dir='ltr'><strong>et</strong></span> 
     </span>
    </p>
   </div>
   <div class='ocr_carea' id='block_1_54' title="bbox 2050 2462 3691 2535">
    <p class='ocr_par' dir='ltr' id='par_1_54' title="bbox 2050 2462 3691 2535">
     <span class='ocr_line' id='line_1_54' title="bbox 2050 2462 3691 2535; baseline -0.001 -16"><span class='ocrx_word' id='word_1_413' title='bbox 2050 2476 2255 2520; x_wconf 88' lang='lat' dir='ltr'><strong>rursus</strong></span> <span class='ocrx_word' id='word_1_414' title='bbox 2292 2462 2518 2520; x_wconf 85' lang='lat' dir='ltr'><strong>levibus</strong></span> <span class='ocrx_word' id='word_1_415' title='bbox 2571 2462 2979 2519; x_wconf 79' lang='lat' dir='ltr'><strong>occasionibus</strong></span> <span class='ocrx_word' id='word_1_416' title='bbox 3024 2463 3280 2518; x_wconf 83' lang='lat' dir='ltr'><strong>interire.</strong></span> <span class='ocrx_word' id='word_1_417' title='bbox 3316 2482 3338 2514; x_wconf 74' lang='grc' dir='ltr'><strong>ι</strong></span> <span class='ocrx_word' id='word_1_418' title='bbox 3376 2463 3522 2519; x_wconf 74' lang='lat' dir='ltr'><strong>Ecce</strong></span> <span class='ocrx_word' id='word_1_419' title='bbox 3551 2467 3691 2535; x_wconf 86' lang='lat' dir='ltr'><strong>quot</strong></span> 
     </span>
    </p>
   </div>
   <div class='ocr_carea' id='block_1_55' title="bbox 2049 2552 3692 2626">
    <p class='ocr_par' dir='ltr' id='par_1_55' title="bbox 2049 2552 3692 2626">
     <span class='ocr_line' id='line_1_55' title="bbox 2049 2552 3692 2626; baseline -0.001 -18"><span class='ocrx_word' id='word_1_420' title='bbox 2049 2556 2107 2609; x_wconf 87' lang='lat' dir='ltr'><strong>et</strong></span> <span class='ocrx_word' id='word_1_421' title='bbox 2127 2552 2404 2624; x_wconf 88' lang='lat' dir='ltr'><strong>qualibus</strong></span> <span class='ocrx_word' id='word_1_422' title='bbox 2435 2570 2551 2609; x_wconf 89' lang='lat' dir='ltr'><strong>non</strong></span> <span class='ocrx_word' id='word_1_423' title='bbox 2581 2554 2967 2626; x_wconf 82' lang='lat' dir='ltr'><strong>argumentis,</strong></span> <span class='ocrx_word' id='word_1_424' title='bbox 2989 2554 3089 2610; x_wconf 83' lang='lat' dir='ltr'><strong>sed</strong></span> <span class='ocrx_word' id='word_1_425' title='bbox 3112 2553 3485 2617; x_wconf 85' lang='lat' dir='ltr'><strong>documentis</strong></span> <span class='ocrx_word' id='word_1_426' title='bbox 3503 2556 3692 2609; x_wconf 85' lang='lat' dir='ltr'><strong>osten-</strong></span> 
     </span>
    </p>
   </div>
   <div class='ocr_carea' id='block_1_56' title="bbox 2050 2641 3691 2715">
    <p class='ocr_par' dir='ltr' id='par_1_56' title="bbox 2050 2641 3691 2715">
     <span class='ocr_line' id='line_1_56' title="bbox 2050 2641 3691 2715; baseline 0.001 -18"><span class='ocrx_word' id='word_1_427' title='bbox 2050 2642 2210 2698; x_wconf 88' lang='lat' dir='ltr'><strong>ditur</strong></span> <span class='ocrx_word' id='word_1_428' title='bbox 2238 2641 2407 2699; x_wconf 88' lang='lat' dir='ltr'><strong>nobis</strong></span> <span class='ocrx_word' id='word_1_429' title='bbox 2437 2641 2668 2698; x_wconf 88' lang='lat' dir='ltr'><strong>animas</strong></span> <span class='ocrx_word' id='word_1_430' title='bbox 2697 2642 3041 2715; x_wconf 89' lang='lat' dir='ltr'><strong>corporibus</strong></span> <span class='ocrx_word' id='word_1_431' title='bbox 3060 2642 3146 2699; x_wconf 87' lang='lat' dir='ltr'><strong>vel</strong></span> <span class='ocrx_word' id='word_1_432' title='bbox 3176 2642 3438 2707; x_wconf 83' lang='lat' dir='ltr'><strong>indutas,</strong></span> <span class='ocrx_word' id='word_1_433' title='bbox 3458 2642 3551 2698; x_wconf 83' lang='lat' dir='ltr'><strong>vel</strong></span> <span class='ocrx_word' id='word_1_434' title='bbox 3582 2641 3691 2698; x_wconf 88' lang='lat' dir='ltr'><strong>col-</strong></span> 
     </span>
    </p>
   </div>
   <div class='ocr_carea' id='block_1_57' title="bbox 2049 2728 3686 2803">
    <p class='ocr_par' dir='ltr' id='par_1_57' title="bbox 2049 2728 3686 2803">
     <span class='ocr_line' id='line_1_57' title="bbox 2049 2728 3686 2803; baseline -0.001 -17"><span class='ocrx_word' id='word_1_435' title='bbox 2049 2730 2281 2803; x_wconf 72' lang='lat' dir='ltr'><strong>ligatus,</strong></span> <span class='ocrx_word' id='word_1_436' title='bbox 2301 2729 2390 2786; x_wconf 88' lang='lat' dir='ltr'><strong>vel</strong></span> <span class='ocrx_word' id='word_1_437' title='bbox 2410 2729 2654 2785; x_wconf 87' lang='lat' dir='ltr'><strong>vinctas.</strong></span> <span class='ocrx_word' id='word_1_438' title='bbox 2667 2731 2927 2796; x_wconf 78' lang='lat' dir='ltr'><strong>Quorum</strong></span> <span class='ocrx_word' id='word_1_439' title='bbox 2944 2728 3270 2786; x_wconf 83' lang='lat' dir='ltr'><strong>auctoritati</strong></span> <span class='ocrx_word' id='word_1_440' title='bbox 3292 2728 3686 2803; x_wconf 79' lang='lat' dir='ltr'><strong>periculosum</strong></span> 
     </span>
    </p>
   </div>
   <div class='ocr_carea' id='block_1_58' title="bbox 2047 2816 3687 2891">
    <p class='ocr_par' dir='ltr' id='par_1_58' title="bbox 2047 2816 3687 2891">
     <span class='ocr_line' id='line_1_58' title="bbox 2047 2816 3687 2891; baseline -0.001 -16"><span class='ocrx_word' id='word_1_441' title='bbox 2047 2819 2276 2875; x_wconf 84' lang='lat' dir='ltr'><strong>videtur</strong></span> <span class='ocrx_word' id='word_1_442' title='bbox 2332 2817 2501 2875; x_wconf 87' lang='lat' dir='ltr'><strong>nobis</strong></span> <span class='ocrx_word' id='word_1_443' title='bbox 2558 2818 2858 2891; x_wconf 66' lang='lat' dir='ltr'><strong>infregeri.</strong></span> <span class='ocrx_word' id='word_1_444' title='bbox 2891 2816 3092 2875; x_wconf 78' lang='lat' dir='ltr'><strong>Restat</strong></span> <span class='ocrx_word' id='word_1_445' title='bbox 3146 2832 3303 2891; x_wconf 87' lang='lat' dir='ltr'><strong>ergo,</strong></span> <span class='ocrx_word' id='word_1_446' title='bbox 3336 2820 3385 2875; x_wconf 91' lang='lat' dir='ltr'><strong>si</strong></span> <span class='ocrx_word' id='word_1_447' title='bbox 3434 2818 3528 2874; x_wconf 85' lang='lat' dir='ltr'><strong>his</strong></span> <span class='ocrx_word' id='word_1_448' title='bbox 3576 2834 3687 2874; x_wconf 83' lang='lat' dir='ltr'><strong>non</strong></span> 
     </span>
    </p>
   </div>
   <div class='ocr_carea' id='block_1_59' title="bbox 2050 2907 3687 2981">
    <p class='ocr_par' dir='ltr' id='par_1_59' title="bbox 2050 2907 3687 2981">
     <span class='ocr_line' id='line_1_59' title="bbox 2050 2907 3687 2981; baseline 0 -18"><span class='ocrx_word' id='word_1_449' title='bbox 2050 2908 2328 2976; x_wconf 89' lang='lat' dir='ltr'><strong>creditur,</strong></span> <span class='ocrx_word' id='word_1_450' title='bbox 2352 2907 2539 2963; x_wconf 87' lang='lat' dir='ltr'><strong>multa</strong></span> <span class='ocrx_word' id='word_1_451' title='bbox 2556 2908 2629 2963; x_wconf 90' lang='lat' dir='ltr'><strong>de</strong></span> <span class='ocrx_word' id='word_1_452' title='bbox 2648 2907 2862 2963; x_wconf 85' lang='lat' dir='ltr'><strong>divinis</strong></span> <span class='ocrx_word' id='word_1_453' title='bbox 2881 2908 3049 2964; x_wconf 88' lang='lat' dir='ltr'><strong>libris</strong></span> <span class='ocrx_word' id='word_1_454' title='bbox 3069 2907 3294 2976; x_wconf 86' lang='lat' dir='ltr'><strong>abradi,</strong></span> <span class='ocrx_word' id='word_1_455' title='bbox 3313 2910 3369 2963; x_wconf 82' lang='lat' dir='ltr'><strong>et</strong></span> <span class='ocrx_word' id='word_1_456' title='bbox 3389 2916 3523 2963; x_wconf 87' lang='lat' dir='ltr'><strong>cum</strong></span> <span class='ocrx_word' id='word_1_457' title='bbox 3546 2907 3687 2981; x_wconf 81' lang='lat' dir='ltr'><strong>ipsis</strong></span> 
     </span>
    </p>
   </div>
   <div class='ocr_carea' id='block_1_60' title="bbox 295 2969 3682 3064">
    <p class='ocr_par' dir='ltr' id='par_1_60' title="bbox 295 2969 3682 3064">
     <span class='ocr_line' id='line_1_60' title="bbox 295 2969 3682 3064; baseline -0.001 -12"><span class='ocrx_word' id='word_1_458' title='bbox 295 2977 548 3064; x_wconf 78' lang='lat' dir='ltr'><strong>tradicit,</strong></span> <span class='ocrx_word' id='word_1_459' title='bbox 580 2969 881 3051; x_wconf 70' lang='lat' dir='ltr'><strong>hominem</strong></span> <span class='ocrx_word' id='word_1_460' title='bbox 906 2994 990 3051; x_wconf 88' lang='lat' dir='ltr'><strong>ita</strong></span> <span class='ocrx_word' id='word_1_461' title='bbox 1011 2969 1424 3051; x_wconf 35' lang='lat' dir='ltr'><strong>t’actum&#39;sexto</strong></span> <span class='ocrx_word' id='word_1_462' title='bbox 1450 2993 1565 3061; x_wconf 89' lang='lat' dir='ltr'><strong>die,</strong></span> <span class='ocrx_word' id='word_1_463' title='bbox 1590 2998 1655 3048; x_wconf 89' lang='lat' dir='ltr'><strong>ut</strong></span> <span class='ocrx_word' id='word_1_464' title='bbox 1682 2990 1942 3064; x_wconf 86' lang='lat' dir='ltr'><strong>corporis</strong></span> <span class='ocrx_word' id='word_1_465' title='bbox 1979 2969 2022 3034; x_wconf 68' lang='grc' dir='ltr'><strong>θ</strong></span> <span class='ocrx_word' id='word_1_466' title='bbox 2051 2969 2327 3053; x_wconf 83' lang='lat' dir='ltr'><strong>mulcatis</strong></span> <span class='ocrx_word' id='word_1_467' title='bbox 2356 3001 2654 3053; x_wconf 85' lang='lat' dir='ltr'><strong>tantorum</strong></span> <span class='ocrx_word' id='word_1_468' title='bbox 2681 2997 2941 3052; x_wconf 88' lang='lat' dir='ltr'><strong>virorum</strong></span> <span class='ocrx_word' id='word_1_469' title='bbox 2972 2969 3299 3052; x_wconf 76' lang='lat' dir='ltr'><strong>doctrinam</strong></span> <span class='ocrx_word' id='word_1_470' title='bbox 3329 2969 3682 3063; x_wconf 68' lang='lat' dir='ltr'><strong>labefactari,</strong></span> 
     </span>
    </p>
   </div>
   <div class='ocr_carea' id='block_1_61' title="bbox 296 3081 1937 3159">
    <p class='ocr_par' dir='ltr' id='par_1_61' title="bbox 296 3081 1937 3159">
     <span class='ocr_line' id='line_1_61' title="bbox 296 3081 1937 3159; baseline -0.004 -17"><span class='ocrx_word' id='word_1_471' title='bbox 296 3086 537 3159; x_wconf 87' lang='lat' dir='ltr'><strong>quidem</strong></span> <span class='ocrx_word' id='word_1_472' title='bbox 567 3084 811 3140; x_wconf 84' lang='lat' dir='ltr'><strong>humani</strong></span> <span class='ocrx_word' id='word_1_473' title='bbox 841 3083 990 3139; x_wconf 87' lang='lat' dir='ltr'><strong>ratio</strong></span> <span class='ocrx_word' id='word_1_474' title='bbox 1007 3083 1261 3139; x_wconf 86' lang='lat' dir='ltr'><strong>causalis</strong></span> <span class='ocrx_word' id='word_1_475' title='bbox 1289 3082 1349 3138; x_wconf 88' lang='lat' dir='ltr'><strong>in</strong></span> <span class='ocrx_word' id='word_1_476' title='bbox 1378 3081 1682 3138; x_wconf 88' lang='lat' dir='ltr'><strong>elementis</strong></span> <span class='ocrx_word' id='word_1_477' title='bbox 1708 3081 1937 3147; x_wconf 89' lang='lat' dir='ltr'><strong>mundi,</strong></span> 
     </span>
    </p>
   </div>
   <div class='ocr_carea' id='block_1_62' title="bbox 297 3169 1937 3245">
    <p class='ocr_par' dir='ltr' id='par_1_62' title="bbox 297 3169 1937 3245">
     <span class='ocr_line' id='line_1_62' title="bbox 297 3169 1937 3245; baseline -0.004 -14"><span class='ocrx_word' id='word_1_478' title='bbox 297 3175 495 3232; x_wconf 89' lang='lat' dir='ltr'><strong>anima</strong></span> <span class='ocrx_word' id='word_1_479' title='bbox 526 3189 659 3229; x_wconf 87' lang='lat' dir='ltr'><strong>vero</strong></span> <span class='ocrx_word' id='word_1_480' title='bbox 681 3173 809 3245; x_wconf 84' lang='lat' dir='ltr'><strong>jam</strong></span> <span class='ocrx_word' id='word_1_481' title='bbox 839 3170 969 3243; x_wconf 89' lang='lat' dir='ltr'><strong>ipsa</strong></span> <span class='ocrx_word' id='word_1_482' title='bbox 997 3176 1291 3227; x_wconf 78' lang='lat' dir='ltr'><strong>emeretur</strong></span> <span class='ocrx_word' id='word_1_483' title='bbox 1318 3171 1472 3226; x_wconf 89' lang='lat' dir='ltr'><strong>sicut</strong></span> <span class='ocrx_word' id='word_1_484' title='bbox 1500 3169 1774 3242; x_wconf 86' lang='lat' dir='ltr'><strong>primitus</strong></span> <span class='ocrx_word' id='word_1_485' title='bbox 1800 3184 1937 3225; x_wconf 88' lang='lat' dir='ltr'><strong>con-</strong></span> 
     </span>
    </p>
   </div>
   <div class='ocr_carea' id='block_1_63' title="bbox 296 3257 1936 3330">
    <p class='ocr_par' dir='ltr' id='par_1_63' title="bbox 296 3257 1936 3330">
     <span class='ocr_line' id='line_1_63' title="bbox 296 3257 1936 3330; baseline -0.004 -10"><span class='ocrx_word' id='word_1_486' title='bbox 296 3263 457 3319; x_wconf 84' lang='lat' dir='ltr'><strong>ditus</strong></span> <span class='ocrx_word' id='word_1_487' title='bbox 487 3267 577 3318; x_wconf 90' lang='lat' dir='ltr'><strong>est</strong></span> <span class='ocrx_word' id='word_1_488' title='bbox 605 3260 751 3330; x_wconf 90' lang='lat' dir='ltr'><strong>dies,</strong></span> <span class='ocrx_word' id='word_1_489' title='bbox 782 3264 841 3316; x_wconf 86' lang='lat' dir='ltr'><strong>et</strong></span> <span class='ocrx_word' id='word_1_490' title='bbox 887 3266 1083 3315; x_wconf 86' lang='lat' dir='ltr'><strong>creata</strong></span> <span class='ocrx_word' id='word_1_491' title='bbox 1134 3259 1342 3315; x_wconf 85' lang='lat' dir='ltr'><strong>lateret</strong></span> <span class='ocrx_word' id='word_1_492' title='bbox 1386 3258 1447 3314; x_wconf 91' lang='lat' dir='ltr'><strong>in</strong></span> <span class='ocrx_word' id='word_1_493' title='bbox 1494 3257 1770 3329; x_wconf 69' lang='lat' dir='ltr'><strong>operibtts</strong></span> <span class='ocrx_word' id='word_1_494' title='bbox 1815 3258 1936 3325; x_wconf 85' lang='lat' dir='ltr'><strong>Dei,</strong></span> 
     </span>
    </p>
   </div>
   <div class='ocr_carea' id='block_1_64' title="bbox 294 3346 1938 3420">
    <p class='ocr_par' dir='ltr' id='par_1_64' title="bbox 294 3346 1938 3420">
     <span class='ocr_line' id='line_1_64' title="bbox 294 3346 1938 3420; baseline -0.004 -12"><span class='ocrx_word' id='word_1_495' title='bbox 294 3353 479 3408; x_wconf 88' lang='lat' dir='ltr'><strong>donec</strong></span> <span class='ocrx_word' id='word_1_496' title='bbox 509 3365 639 3405; x_wconf 88' lang='lat' dir='ltr'><strong>eam</strong></span> <span class='ocrx_word' id='word_1_497' title='bbox 670 3365 777 3404; x_wconf 88' lang='lat' dir='ltr'><strong>suo</strong></span> <span class='ocrx_word' id='word_1_498' title='bbox 825 3351 1087 3420; x_wconf 87' lang='lat' dir='ltr'><strong>tempore</strong></span> <span class='ocrx_word' id='word_1_499' title='bbox 1133 3347 1461 3414; x_wconf 79' lang='lat' dir='ltr'><strong>sufﬂando;</strong></span> <span class='ocrx_word' id='word_1_500' title='bbox 1492 3346 1604 3403; x_wconf 92' lang='lat' dir='ltr'><strong>hoc</strong></span> <span class='ocrx_word' id='word_1_501' title='bbox 1632 3350 1725 3403; x_wconf 86' lang='lat' dir='ltr'><strong>est</strong></span> <span class='ocrx_word' id='word_1_502' title='bbox 1753 3347 1938 3419; x_wconf 84' lang='lat' dir='ltr'><strong>inspi-</strong></span> 
     </span>
    </p>
   </div>
   <div class='ocr_carea' id='block_1_65' title="bbox 294 3431 1942 3509">
    <p class='ocr_par' dir='ltr' id='par_1_65' title="bbox 294 3431 1942 3509">
     <span class='ocr_line' id='line_1_65' title="bbox 294 3431 1942 3509; baseline -0.001 -15"><span class='ocrx_word' id='word_1_503' title='bbox 294 3439 499 3505; x_wconf 89' lang='lat' dir='ltr'><strong>rando,</strong></span> <span class='ocrx_word' id='word_1_504' title='bbox 532 3437 781 3493; x_wconf 78' lang='lat' dir='ltr'><strong>formato</strong></span> <span class='ocrx_word' id='word_1_505' title='bbox 808 3452 879 3491; x_wconf 85' lang='lat' dir='ltr'><strong>ex</strong></span> <span class='ocrx_word' id='word_1_506' title='bbox 908 3435 1049 3492; x_wconf 86' lang='lat' dir='ltr'><strong>limo</strong></span> <span class='ocrx_word' id='word_1_507' title='bbox 1076 3436 1306 3509; x_wconf 86' lang='lat' dir='ltr'><strong>corpori</strong></span> <span class='ocrx_word' id='word_1_508' title='bbox 1349 3431 1657 3492; x_wconf 62' lang='lat' dir='ltr'><strong>insereret:</strong></span> <span class='ocrx_word' id='word_1_509' title='bbox 1682 3458 1710 3486; x_wconf 73' lang='grc' dir='ltr'><strong>υ</strong></span> <span class='ocrx_word' id='word_1_510' title='bbox 1741 3436 1852 3493; x_wconf 85' lang='lat' dir='ltr'><strong>Sed</strong></span> <span class='ocrx_word' id='word_1_511' title='bbox 1882 3440 1942 3493; x_wconf 87' lang='lat' dir='ltr'><strong>et</strong></span> 
     </span>
    </p>
   </div>
   <div class='ocr_carea' id='block_1_66' title="bbox 292 3524 1937 3598">
    <p class='ocr_par' dir='ltr' id='par_1_66' title="bbox 292 3524 1937 3598">
     <span class='ocr_line' id='line_1_66' title="bbox 292 3524 1937 3598; baseline 0 -16"><span class='ocrx_word' id='word_1_512' title='bbox 292 3526 382 3583; x_wconf 92' lang='lat' dir='ltr'><strong>vir</strong></span> <span class='ocrx_word' id='word_1_513' title='bbox 402 3524 667 3582; x_wconf 64' lang='lat' dir='ltr'><strong>maxima</strong></span> <span class='ocrx_word' id='word_1_514' title='bbox 693 3524 1060 3582; x_wconf 86' lang='lat' dir='ltr'><strong>auctoritatis</strong></span> <span class='ocrx_word' id='word_1_515' title='bbox 1087 3525 1471 3598; x_wconf 75' lang='lat' dir='ltr'><strong>Hieronymus</strong></span> <span class='ocrx_word' id='word_1_516' title='bbox 1500 3525 1560 3581; x_wconf 91' lang='lat' dir='ltr'><strong>in</strong></span> <span class='ocrx_word' id='word_1_517' title='bbox 1590 3525 1837 3597; x_wconf 88' lang='lat' dir='ltr'><strong>epistola</strong></span> <span class='ocrx_word' id='word_1_518' title='bbox 1865 3527 1937 3582; x_wconf 87' lang='lat' dir='ltr'><strong>ad</strong></span> 
     </span>
    </p>
   </div>
   <div class='ocr_carea' id='block_1_67' title="bbox 295 3613 1941 3687">
    <p class='ocr_par' dir='ltr' id='par_1_67' title="bbox 295 3613 1941 3687">
     <span class='ocr_line' id='line_1_67' title="bbox 295 3613 1941 3687; baseline -0.001 -14"><span class='ocrx_word' id='word_1_519' title='bbox 295 3613 536 3681; x_wconf 83' lang='lat' dir='ltr'><strong>Paulam</strong></span> <span class='ocrx_word' id='word_1_520' title='bbox 589 3613 979 3672; x_wconf 79' lang='lat' dir='ltr'><strong>consolatorie</strong></span> <span class='ocrx_word' id='word_1_521' title='bbox 1032 3614 1116 3671; x_wconf 88' lang='lat' dir='ltr'><strong>ita</strong></span> <span class='ocrx_word' id='word_1_522' title='bbox 1173 3615 1338 3686; x_wconf 88' lang='lat' dir='ltr'><strong>ponit</strong></span> <span class='ocrx_word' id='word_1_523' title='bbox 1382 3615 1562 3687; x_wconf 73' lang='lat' dir='ltr'><strong>(epist.</strong></span> <span class='ocrx_word' id='word_1_524' title='bbox 1594 3615 1668 3671; x_wconf 73' lang='lat'><strong>25</strong></span> <span class='ocrx_word' id='word_1_525' title='bbox 1692 3614 1759 3670; x_wconf 81' lang='lat' dir='ltr'><strong>de</strong></span> <span class='ocrx_word' id='word_1_526' title='bbox 1789 3615 1941 3672; x_wconf 80' lang='lat' dir='ltr'><strong>obitu</strong></span> 
     </span>
    </p>
   </div>
   <div class='ocr_carea' id='block_1_68' title="bbox 294 3703 1941 3776">
    <p class='ocr_par' dir='ltr' id='par_1_68' title="bbox 294 3703 1941 3776">
     <span class='ocr_line' id='line_1_68' title="bbox 294 3703 1941 3776; baseline 0 -16"><span class='ocrx_word' id='word_1_527' title='bbox 294 3705 581 3774; x_wconf 61' lang='lat' dir='ltr'><strong>Blimina?)</strong></span> <span class='ocrx_word' id='word_1_528' title='bbox 606 3722 618 3761; x_wconf 94' lang='lat'><strong>:</strong></span> <span class='ocrx_word' id='word_1_529' title='bbox 645 3725 671 3755; x_wconf 77' lang='grc' dir='ltr'>α</span> <span class='ocrx_word' id='word_1_530' title='bbox 698 3704 1013 3776; x_wconf 87' lang='lat' dir='ltr'><strong>Postquam</strong></span> <span class='ocrx_word' id='word_1_531' title='bbox 1035 3709 1230 3759; x_wconf 85' lang='lat' dir='ltr'><strong>autem</strong></span> <span class='ocrx_word' id='word_1_532' title='bbox 1253 3703 1481 3760; x_wconf 83' lang='lat' dir='ltr'><strong>sarcina</strong></span> <span class='ocrx_word' id='word_1_533' title='bbox 1502 3704 1696 3760; x_wconf 88' lang='lat' dir='ltr'><strong>carnis</strong></span> <span class='ocrx_word' id='word_1_534' title='bbox 1713 3705 1941 3776; x_wconf 51' lang='lat' dir='ltr'><strong>abiecta</strong></span> 
     </span>
    </p>
   </div>
   <div class='ocr_carea' id='block_1_69' title="bbox 297 3790 1938 3865">
    <p class='ocr_par' dir='ltr' id='par_1_69' title="bbox 297 3790 1938 3865">
     <span class='ocr_line' id='line_1_69' title="bbox 297 3790 1938 3865; baseline -0.001 -15"><span class='ocrx_word' id='word_1_535' title='bbox 297 3794 371 3851; x_wconf 90' lang='lat' dir='ltr'><strong>ad</strong></span> <span class='ocrx_word' id='word_1_536' title='bbox 392 3810 566 3849; x_wconf 87' lang='lat' dir='ltr'><strong>suum</strong></span> <span class='ocrx_word' id='word_1_537' title='bbox 598 3792 796 3848; x_wconf 74' lang='lat' dir='ltr'><strong>anima</strong></span> <span class='ocrx_word' id='word_1_538' title='bbox 828 3790 1101 3847; x_wconf 88' lang='lat' dir='ltr'><strong>revolavit</strong></span> <span class='ocrx_word' id='word_1_539' title='bbox 1128 3796 1520 3862; x_wconf 79' lang='lat' dir='ltr'><strong>unctorem,et</strong></span> <span class='ocrx_word' id='word_1_540' title='bbox 1543 3792 1603 3847; x_wconf 88' lang='lat' dir='ltr'><strong>in</strong></span> <span class='ocrx_word' id='word_1_541' title='bbox 1635 3793 1938 3865; x_wconf 86' lang='lat' dir='ltr'><strong>antiquam</strong></span> 
     </span>
    </p>
   </div>
   <div class='ocr_carea' id='block_1_70' title="bbox 294 3879 1942 3955">
    <p class='ocr_par' dir='ltr' id='par_1_70' title="bbox 294 3879 1942 3955">
     <span class='ocr_line' id='line_1_70' title="bbox 294 3879 1942 3955; baseline 0 -17"><span class='ocrx_word' id='word_1_542' title='bbox 294 3880 731 3955; x_wconf 87' lang='lat' dir='ltr'><strong>possessionem</strong></span> <span class='ocrx_word' id='word_1_543' title='bbox 757 3880 857 3935; x_wconf 90' lang='lat' dir='ltr'><strong>diu</strong></span> <span class='ocrx_word' id='word_1_544' title='bbox 889 3879 1258 3953; x_wconf 80' lang='lat' dir='ltr'><strong>peregrinata</strong></span> <span class='ocrx_word' id='word_1_545' title='bbox 1295 3881 1657 3952; x_wconf 87' lang='lat' dir='ltr'><strong>conscendit,</strong></span> <span class='ocrx_word' id='word_1_546' title='bbox 1687 3898 1755 3937; x_wconf 86' lang='lat' dir='ltr'><strong>ex</strong></span> <span class='ocrx_word' id='word_1_547' title='bbox 1780 3898 1942 3938; x_wconf 89' lang='lat' dir='ltr'><strong>more</strong></span> 
     </span>
    </p>
   </div>
   <div class='ocr_carea' id='block_1_71' title="bbox 295 3968 1938 4047">
    <p class='ocr_par' dir='ltr' id='par_1_71' title="bbox 295 3968 1938 4047">
     <span class='ocr_line' id='line_1_71' title="bbox 295 3968 1938 4047; baseline 0.001 -22"><span class='ocrx_word' id='word_1_548' title='bbox 295 3972 583 4042; x_wconf 87' lang='lat' dir='ltr'><strong>parantur</strong></span> <span class='ocrx_word' id='word_1_549' title='bbox 612 3969 920 4042; x_wconf 65' lang='lat' dir='ltr'><strong>exsequiae.</strong></span> <span class='ocrx_word' id='word_1_550' title='bbox 955 3991 984 4018; x_wconf 79' lang='grc' dir='ltr'><strong><em>υ</em></strong></span> <span class='ocrx_word' id='word_1_551' title='bbox 1016 3969 1175 4025; x_wconf 77' lang='lat' dir='ltr'><strong>idem</strong></span> <span class='ocrx_word' id='word_1_552' title='bbox 1221 3968 1346 4047; x_wconf 79' lang='lat' dir='ltr'><strong>ipse</strong></span> <span class='ocrx_word' id='word_1_553' title='bbox 1386 3969 1445 4024; x_wconf 91' lang='lat' dir='ltr'><strong>in</strong></span> <span class='ocrx_word' id='word_1_554' title='bbox 1487 3969 1794 4043; x_wconf 85' lang='lat' dir='ltr'><strong>Epitaphio</strong></span> <span class='ocrx_word' id='word_1_555' title='bbox 1824 3971 1938 4027; x_wconf 72' lang='grc' dir='ltr'><strong>Νοο-</strong></span> 
     </span>
    </p>
   </div>
   <div class='ocr_carea' id='block_1_72' title="bbox 295 4056 1942 4132">
    <p class='ocr_par' dir='ltr' id='par_1_72' title="bbox 295 4056 1942 4132">
     <span class='ocr_line' id='line_1_72' title="bbox 295 4056 1942 4132; baseline 0.002 -19"><span class='ocrx_word' id='word_1_556' title='bbox 295 4056 518 4130; x_wconf 90' lang='lat' dir='ltr'><strong>potiani</strong></span> <span class='ocrx_word' id='word_1_557' title='bbox 551 4058 727 4132; x_wconf 71' lang='lat' dir='ltr'><strong>(epist.</strong></span> <span class='ocrx_word' id='word_1_558' title='bbox 752 4058 788 4114; x_wconf 92' lang='lat'><strong>3</strong></span> <span class='ocrx_word' id='word_1_559' title='bbox 809 4057 882 4113; x_wconf 82' lang='lat' dir='ltr'><strong>ad</strong></span> <span class='ocrx_word' id='word_1_560' title='bbox 909 4057 1146 4128; x_wconf 77' lang='lat' dir='ltr'><strong>Heliod.)</strong></span> <span class='ocrx_word' id='word_1_561' title='bbox 1170 4075 1183 4114; x_wconf 89' lang='lat'>:</span> <span class='ocrx_word' id='word_1_562' title='bbox 1216 4081 1246 4109; x_wconf 84' lang='lat'><strong>«</strong></span> <span class='ocrx_word' id='word_1_563' title='bbox 1281 4057 1387 4115; x_wconf 87' lang='lat' dir='ltr'><strong>Ubi</strong></span> <span class='ocrx_word' id='word_1_564' title='bbox 1417 4076 1573 4115; x_wconf 91' lang='lat' dir='ltr'><strong>nunc</strong></span> <span class='ocrx_word' id='word_1_565' title='bbox 1603 4059 1812 4116; x_wconf 87' lang='lat' dir='ltr'><strong>decora</strong></span> <span class='ocrx_word' id='word_1_566' title='bbox 1841 4059 1942 4116; x_wconf 90' lang='lat' dir='ltr'><strong>illa</strong></span> 
     </span>
    </p>
   </div>
   <div class='ocr_carea' id='block_1_73' title="bbox 294 4146 1944 4221">
    <p class='ocr_par' dir='ltr' id='par_1_73' title="bbox 294 4146 1944 4221">
     <span class='ocr_line' id='line_1_73' title="bbox 294 4146 1944 4221; baseline 0.001 -19"><span class='ocrx_word' id='word_1_567' title='bbox 294 4146 514 4204; x_wconf 80' lang='lat' dir='ltr'><strong>facies?</strong></span> <span class='ocrx_word' id='word_1_568' title='bbox 535 4146 636 4203; x_wconf 88' lang='lat' dir='ltr'><strong>ubi</strong></span> <span class='ocrx_word' id='word_1_569' title='bbox 666 4146 847 4203; x_wconf 89' lang='lat' dir='ltr'><strong>totius</strong></span> <span class='ocrx_word' id='word_1_570' title='bbox 870 4146 1130 4219; x_wconf 89' lang='lat' dir='ltr'><strong>corporis</strong></span> <span class='ocrx_word' id='word_1_571' title='bbox 1159 4146 1438 4221; x_wconf 84' lang='lat' dir='ltr'><strong>dignitas,</strong></span> <span class='ocrx_word' id='word_1_572' title='bbox 1470 4164 1585 4219; x_wconf 89' lang='lat' dir='ltr'><strong>quo</strong></span> <span class='ocrx_word' id='word_1_573' title='bbox 1610 4148 1785 4205; x_wconf 86' lang='lat' dir='ltr'><strong>veluti</strong></span> <span class='ocrx_word' id='word_1_574' title='bbox 1818 4148 1944 4221; x_wconf 80' lang='lat' dir='ltr'><strong>pul-</strong></span> 
     </span>
    </p>
   </div>
   <div class='ocr_carea' id='block_1_74' title="bbox 294 4222 1943 4317">
    <p class='ocr_par' dir='ltr' id='par_1_74' title="bbox 294 4222 1943 4317">
     <span class='ocr_line' id='line_1_74' title="bbox 294 4222 1943 4317; baseline 0.001 -24"><span class='ocrx_word' id='word_1_575' title='bbox 294 4222 434 4317; x_wconf 74' lang='lat' dir='ltr'><strong>chro</strong></span> <span class='ocrx_word' id='word_1_576' title='bbox 476 4236 821 4293; x_wconf 83' lang='lat' dir='ltr'><strong>indumento</strong></span> <span class='ocrx_word' id='word_1_577' title='bbox 867 4235 1244 4308; x_wconf 86' lang='lat' dir='ltr'><strong>pulchritudo</strong></span> <span class='ocrx_word' id='word_1_578' title='bbox 1291 4237 1498 4293; x_wconf 69' lang='lat' dir='ltr'><strong>animae</strong></span> <span class='ocrx_word' id='word_1_579' title='bbox 1543 4238 1943 4295; x_wconf 84' lang='lat' dir='ltr'><strong>vestiebatur?</strong></span> 
     </span>
    </p>
   </div>
   <div class='ocr_carea' id='block_1_75' title="bbox 2046 3084 3684 3160">
    <p class='ocr_par' dir='ltr' id='par_1_75' title="bbox 2046 3084 3684 3160">
     <span class='ocr_line' id='line_1_75' title="bbox 2046 3084 3684 3160; baseline -0.002 -18"><span class='ocrx_word' id='word_1_580' title='bbox 2046 3090 2149 3143; x_wconf 89' lang='lat' dir='ltr'><strong>aut</strong></span> <span class='ocrx_word' id='word_1_581' title='bbox 2174 3086 2334 3160; x_wconf 87' lang='lat' dir='ltr'><strong>quod</strong></span> <span class='ocrx_word' id='word_1_582' title='bbox 2361 3090 2452 3142; x_wconf 90' lang='lat' dir='ltr'><strong>est</strong></span> <span class='ocrx_word' id='word_1_583' title='bbox 2477 3085 2681 3154; x_wconf 85' lang='lat' dir='ltr'><strong>ratius,</strong></span> <span class='ocrx_word' id='word_1_584' title='bbox 2713 3086 3198 3142; x_wconf 86' lang='lat' dir='ltr'><strong>contradictorem</strong></span> <span class='ocrx_word' id='word_1_585' title='bbox 3242 3084 3452 3141; x_wconf 84' lang='lat' dir='ltr'><strong>horum</strong></span> <span class='ocrx_word' id='word_1_586' title='bbox 3482 3084 3557 3140; x_wconf 84' lang='lat' dir='ltr'><strong>ab</strong></span> <span class='ocrx_word' id='word_1_587' title='bbox 3586 3084 3684 3139; x_wconf 80' lang='lat' dir='ltr'><strong>Ec-</strong></span> 
     </span>
    </p>
   </div>
   <div class='ocr_carea' id='block_1_76' title="bbox 2044 3174 2812 3232">
    <p class='ocr_par' dir='ltr' id='par_1_76' title="bbox 2044 3174 2812 3232">
     <span class='ocr_line' id='line_1_76' title="bbox 2044 3174 2812 3232; baseline -0.003 -1"><span class='ocrx_word' id='word_1_588' title='bbox 2044 3174 2233 3232; x_wconf 68' lang='lat' dir='ltr'><strong>clesiae</strong></span> <span class='ocrx_word' id='word_1_589' title='bbox 2262 3175 2539 3232; x_wconf 89' lang='lat' dir='ltr'><strong>societate</strong></span> <span class='ocrx_word' id='word_1_590' title='bbox 2567 3174 2812 3231; x_wconf 81' lang='lat' dir='ltr'><strong>secerni.</strong></span> 
     </span>
    </p>
   </div>
   <div class='ocr_carea' id='block_1_77' title="bbox 2682 3262 3049 3321">
    <p class='ocr_par' dir='ltr' id='par_1_77' title="bbox 2682 3262 3049 3321">
     <span class='ocr_line' id='line_1_77' title="bbox 2682 3262 3049 3321; baseline 0 -2"><span class='ocrx_word' id='word_1_591' title='bbox 2682 3262 2914 3320; x_wconf 74' lang='lat' dir='ltr'><strong>CAPUT</strong></span> <span class='ocrx_word' id='word_1_592' title='bbox 2954 3264 3049 3321; x_wconf 87' lang='lat' dir='ltr'><strong>Ill.</strong></span> 
     </span>
    </p>
   </div>
   <div class='ocr_carea' id='block_1_78' title="bbox 2193 3347 3579 3427">
    <p class='ocr_par' dir='ltr' id='par_1_78' title="bbox 2193 3347 3579 3427">
     <span class='ocr_line' id='line_1_78' title="bbox 2193 3347 3579 3427; baseline 0.001 -18"><span class='ocrx_word' id='word_1_593' title='bbox 2193 3354 2384 3410; x_wconf 73' lang='lat' dir='ltr'><strong>Utrum</strong></span> <span class='ocrx_word' id='word_1_594' title='bbox 2410 3355 2599 3409; x_wconf 82' lang='lat' dir='ltr'><strong>anima</strong></span> <span class='ocrx_word' id='word_1_595' title='bbox 2627 3368 2754 3408; x_wconf 81' lang='lat' dir='ltr'><strong>cum</strong></span> <span class='ocrx_word' id='word_1_596' title='bbox 2779 3369 3000 3426; x_wconf 80' lang='lat' dir='ltr'><strong>corpore</strong></span> <span class='ocrx_word' id='word_1_597' title='bbox 3022 3347 3306 3411; x_wconf 64' lang='lat' dir='ltr'><strong>&quot;iuventur</strong></span> <span class='ocrx_word' id='word_1_598' title='bbox 3327 3370 3427 3427; x_wconf 78' lang='lat' dir='ltr'><strong>per</strong></span> <span class='ocrx_word' id='word_1_599' title='bbox 3444 3355 3579 3411; x_wconf 77' lang='lat' dir='ltr'><strong>loca.</strong></span> 
     </span>
    </p>
   </div>
   <div class='ocr_carea' id='block_1_79' title="bbox 2118 3438 3684 3514">
    <p class='ocr_par' dir='ltr' id='par_1_79' title="bbox 2118 3438 3684 3514">
     <span class='ocr_line' id='line_1_79' title="bbox 2118 3438 3684 3514; baseline 0.001 -17"><span class='ocrx_word' id='word_1_600' title='bbox 2118 3441 2380 3498; x_wconf 88' lang='lat' dir='ltr'><strong>Tertium</strong></span> <span class='ocrx_word' id='word_1_601' title='bbox 2428 3441 2750 3514; x_wconf 86' lang='lat' dir='ltr'><strong>capitulum</strong></span> <span class='ocrx_word' id='word_1_602' title='bbox 2778 3444 2868 3499; x_wconf 76' lang='lat' dir='ltr'><strong>est</strong></span> <span class='ocrx_word' id='word_1_603' title='bbox 2896 3459 2909 3499; x_wconf 88' lang='lat'>:</span> <span class='ocrx_word' id='word_1_604' title='bbox 2944 3438 3150 3499; x_wconf 81' lang='lat' dir='ltr'><strong>Utrum</strong></span> <span class='ocrx_word' id='word_1_605' title='bbox 3181 3444 3380 3500; x_wconf 90' lang='lat' dir='ltr'><strong>anima</strong></span> <span class='ocrx_word' id='word_1_606' title='bbox 3406 3460 3539 3500; x_wconf 90' lang='lat' dir='ltr'><strong>cum</strong></span> <span class='ocrx_word' id='word_1_607' title='bbox 3569 3460 3684 3500; x_wconf 86' lang='lat' dir='ltr'><strong>cor-</strong></span> 
     </span>
    </p>
   </div>
   <div class='ocr_carea' id='block_1_80' title="bbox 2047 3528 3682 3605">
    <p class='ocr_par' dir='ltr' id='par_1_80' title="bbox 2047 3528 3682 3605">
     <span class='ocr_line' id='line_1_80' title="bbox 2047 3528 3682 3605; baseline 0 -19"><span class='ocrx_word' id='word_1_608' title='bbox 2047 3548 2185 3603; x_wconf 87' lang='lat' dir='ltr'><strong>pore</strong></span> <span class='ocrx_word' id='word_1_609' title='bbox 2241 3535 2541 3588; x_wconf 87' lang='lat' dir='ltr'><strong>moveatur</strong></span> <span class='ocrx_word' id='word_1_610' title='bbox 2597 3540 2700 3605; x_wconf 81' lang='lat' dir='ltr'><strong>per</strong></span> <span class='ocrx_word' id='word_1_611' title='bbox 2754 3531 2901 3589; x_wconf 89' lang='lat' dir='ltr'><strong>loca.</strong></span> <span class='ocrx_word' id='word_1_612' title='bbox 2934 3528 3051 3588; x_wconf 74' lang='lat' dir='ltr'><strong>[loc</strong></span> <span class='ocrx_word' id='word_1_613' title='bbox 3093 3532 3417 3605; x_wconf 83' lang='lat' dir='ltr'><strong>capitulum</strong></span> <span class='ocrx_word' id='word_1_614' title='bbox 3458 3532 3682 3589; x_wconf 79' lang='lat' dir='ltr'><strong>videtur</strong></span> 
     </span>
    </p>
   </div>
   <div class='ocr_carea' id='block_1_81' title="bbox 2046 3620 3677 3694">
    <p class='ocr_par' dir='ltr' id='par_1_81' title="bbox 2046 3620 3677 3694">
     <span class='ocr_line' id='line_1_81' title="bbox 2046 3620 3677 3694; baseline 0.001 -19"><span class='ocrx_word' id='word_1_615' title='bbox 2046 3636 2175 3676; x_wconf 85' lang='lat' dir='ltr'><strong>esse</strong></span> <span class='ocrx_word' id='word_1_616' title='bbox 2204 3620 2658 3688; x_wconf 73' lang='lat' dir='ltr'><strong>subobscuram,</strong></span> <span class='ocrx_word' id='word_1_617' title='bbox 2688 3621 2966 3694; x_wconf 86' lang='lat' dir='ltr'><strong>quoniam</strong></span> <span class='ocrx_word' id='word_1_618' title='bbox 3017 3636 3133 3677; x_wconf 80' lang='lat' dir='ltr'><strong>non</strong></span> <span class='ocrx_word' id='word_1_619' title='bbox 3176 3626 3372 3694; x_wconf 83' lang='lat' dir='ltr'><strong>aperte</strong></span> <span class='ocrx_word' id='word_1_620' title='bbox 3406 3622 3677 3689; x_wconf 83' lang='lat' dir='ltr'><strong>ostendit,</strong></span> 
     </span>
    </p>
   </div>
   <div class='ocr_carea' id='block_1_82' title="bbox 2048 3709 3680 3785">
    <p class='ocr_par' dir='ltr' id='par_1_82' title="bbox 2048 3709 3680 3785">
     <span class='ocr_line' id='line_1_82' title="bbox 2048 3709 3680 3785; baseline 0.001 -22"><span class='ocrx_word' id='word_1_621' title='bbox 2048 3713 2248 3764; x_wconf 86' lang='lat' dir='ltr'><strong>utrum</strong></span> <span class='ocrx_word' id='word_1_622' title='bbox 2270 3709 2591 3781; x_wconf 85' lang='lat' dir='ltr'><strong>perquirat,</strong></span> <span class='ocrx_word' id='word_1_623' title='bbox 2610 3710 2659 3766; x_wconf 89' lang='lat' dir='ltr'><strong>si</strong></span> <span class='ocrx_word' id='word_1_624' title='bbox 2681 3711 2881 3766; x_wconf 85' lang='lat' dir='ltr'><strong>anima</strong></span> <span class='ocrx_word' id='word_1_625' title='bbox 2901 3726 3034 3768; x_wconf 87' lang='lat' dir='ltr'><strong>cum</strong></span> <span class='ocrx_word' id='word_1_626' title='bbox 3054 3710 3250 3784; x_wconf 84' lang='lat' dir='ltr'><strong>aliquo</strong></span> <span class='ocrx_word' id='word_1_627' title='bbox 3268 3720 3508 3785; x_wconf 76' lang='lat' dir='ltr'><strong>corpore</strong></span> <span class='ocrx_word' id='word_1_628' title='bbox 3527 3710 3680 3767; x_wconf 83' lang='lat' dir='ltr'><strong>exeat</strong></span> 
     </span>
    </p>
   </div>
   <div class='ocr_carea' id='block_1_83' title="bbox 2048 3796 3678 3874">
    <p class='ocr_par' dir='ltr' id='par_1_83' title="bbox 2048 3796 3678 3874">
     <span class='ocr_line' id='line_1_83' title="bbox 2048 3796 3678 3874; baseline 0.001 -22"><span class='ocrx_word' id='word_1_629' title='bbox 2048 3814 2117 3853; x_wconf 76' lang='lat' dir='ltr'><strong>ex</strong></span> <span class='ocrx_word' id='word_1_630' title='bbox 2143 3796 2253 3853; x_wconf 88' lang='lat' dir='ltr'><strong>hoc</strong></span> <span class='ocrx_word' id='word_1_631' title='bbox 2281 3798 2436 3869; x_wconf 91' lang='lat' dir='ltr'><strong>quod</strong></span> <span class='ocrx_word' id='word_1_632' title='bbox 2467 3796 2659 3871; x_wconf 85' lang='lat' dir='ltr'><strong>gestat</strong></span> <span class='ocrx_word' id='word_1_633' title='bbox 2687 3812 2946 3872; x_wconf 89' lang='lat' dir='ltr'><strong>corpore,</strong></span> <span class='ocrx_word' id='word_1_634' title='bbox 2979 3812 3053 3855; x_wconf 87' lang='lat' dir='ltr'><strong>an</strong></span> <span class='ocrx_word' id='word_1_635' title='bbox 3100 3814 3235 3856; x_wconf 87' lang='lat' dir='ltr'><strong>cum</strong></span> <span class='ocrx_word' id='word_1_636' title='bbox 3284 3800 3418 3868; x_wconf 88' lang='lat' dir='ltr'><strong>isto,</strong></span> <span class='ocrx_word' id='word_1_637' title='bbox 3449 3800 3599 3874; x_wconf 87' lang='lat' dir='ltr'><strong>quod</strong></span> <span class='ocrx_word' id='word_1_638' title='bbox 3622 3798 3678 3854; x_wconf 83' lang='lat' dir='ltr'><strong>ei</strong></span> 
     </span>
    </p>
   </div>
   <div class='ocr_carea' id='block_1_84' title="bbox 2048 3885 3678 3963">
    <p class='ocr_par' dir='ltr' id='par_1_84' title="bbox 2048 3885 3678 3963">
     <span class='ocr_line' id='line_1_84' title="bbox 2048 3885 3678 3963; baseline 0.002 -21"><span class='ocrx_word' id='word_1_639' title='bbox 2048 3885 2325 3942; x_wconf 87' lang='lat' dir='ltr'><strong>divinitus</strong></span> <span class='ocrx_word' id='word_1_640' title='bbox 2355 3886 2759 3958; x_wconf 78' lang='lat' dir='ltr'><strong>adiudicatum</strong></span> <span class='ocrx_word' id='word_1_641' title='bbox 2789 3892 2897 3958; x_wconf 88' lang='lat' dir='ltr'><strong>est,</strong></span> <span class='ocrx_word' id='word_1_642' title='bbox 2926 3894 3226 3945; x_wconf 85' lang='lat' dir='ltr'><strong>moveatur</strong></span> <span class='ocrx_word' id='word_1_643' title='bbox 3266 3906 3371 3963; x_wconf 90' lang='lat' dir='ltr'><strong>per</strong></span> <span class='ocrx_word' id='word_1_644' title='bbox 3397 3888 3542 3946; x_wconf 86' lang='lat' dir='ltr'><strong>loca.</strong></span> <span class='ocrx_word' id='word_1_645' title='bbox 3571 3886 3678 3945; x_wconf 81' lang='lat' dir='ltr'><strong>Sed</strong></span> 
     </span>
    </p>
   </div>
   <div class='ocr_carea' id='block_1_85' title="bbox 2048 3974 3656 4052">
    <p class='ocr_par' dir='ltr' id='par_1_85' title="bbox 2048 3974 3656 4052">
     <span class='ocr_line' id='line_1_85' title="bbox 2048 3974 3656 4052; baseline 0.001 -22"><span class='ocrx_word' id='word_1_646' title='bbox 2048 3974 2098 4031; x_wconf 90' lang='lat' dir='ltr'><strong>si</strong></span> <span class='ocrx_word' id='word_1_647' title='bbox 2119 3976 2440 4048; x_wconf 85' lang='lat' dir='ltr'><strong>requiritur</strong></span> <span class='ocrx_word' id='word_1_648' title='bbox 2458 3978 2661 4032; x_wconf 85' lang='lat' dir='ltr'><strong>utrum</strong></span> <span class='ocrx_word' id='word_1_649' title='bbox 2683 3977 2881 4033; x_wconf 87' lang='lat' dir='ltr'><strong>anima</strong></span> <span class='ocrx_word' id='word_1_650' title='bbox 2900 3995 3036 4034; x_wconf 86' lang='lat' dir='ltr'><strong>cum</strong></span> <span class='ocrx_word' id='word_1_651' title='bbox 3057 3977 3253 4052; x_wconf 85' lang='lat' dir='ltr'><strong>aliquo</strong></span> <span class='ocrx_word' id='word_1_652' title='bbox 3272 3992 3511 4052; x_wconf 84' lang='lat' dir='ltr'><strong>corpore</strong></span> <span class='ocrx_word' id='word_1_653' title='bbox 3527 3994 3656 4034; x_wconf 70' lang='lat' dir='ltr'><strong>eaea</strong></span> 
     </span>
    </p>
   </div>
   <div class='ocr_carea' id='block_1_86' title="bbox 2049 4064 3679 4141">
    <p class='ocr_par' dir='ltr' id='par_1_86' title="bbox 2049 4064 3679 4141">
     <span class='ocr_line' id='line_1_86' title="bbox 2049 4064 3679 4141; baseline 0 -22"><span class='ocrx_word' id='word_1_654' title='bbox 2049 4080 2080 4119; x_wconf 89' lang='lat' dir='ltr'><strong>e</strong></span> <span class='ocrx_word' id='word_1_655' title='bbox 2105 4068 2370 4137; x_wconf 65' lang='lat' dir='ltr'><strong>corpore,</strong></span> <span class='ocrx_word' id='word_1_656' title='bbox 2402 4064 2610 4121; x_wconf 83' lang='lat' dir='ltr'><strong>beatus</strong></span> <span class='ocrx_word' id='word_1_657' title='bbox 2654 4066 3020 4140; x_wconf 79' lang='lat' dir='ltr'><strong>Augustinus</strong></span> <span class='ocrx_word' id='word_1_658' title='bbox 3050 4068 3122 4123; x_wconf 86' lang='lat' dir='ltr'><strong>ad</strong></span> <span class='ocrx_word' id='word_1_659' title='bbox 3154 4068 3262 4124; x_wconf 84' lang='lat' dir='ltr'><strong>hoc</strong></span> <span class='ocrx_word' id='word_1_660' title='bbox 3293 4068 3596 4141; x_wconf 82' lang='lat' dir='ltr'><strong>respondet</strong></span> <span class='ocrx_word' id='word_1_661' title='bbox 3618 4068 3679 4120; x_wconf 90' lang='lat' dir='ltr'><strong>in</strong></span> 
     </span>
    </p>
   </div>
   <div class='ocr_carea' id='block_1_87' title="bbox 2050 4152 3679 4229">
    <p class='ocr_par' dir='ltr' id='par_1_87' title="bbox 2050 4152 3679 4229">
     <span class='ocr_line' id='line_1_87' title="bbox 2050 4152 3679 4229; baseline 0.007 -21"><span class='ocrx_word' id='word_1_662' title='bbox 2050 4153 2298 4225; x_wconf 89' lang='lat' dir='ltr'><strong>epistola</strong></span> <span class='ocrx_word' id='word_1_663' title='bbox 2326 4154 2397 4209; x_wconf 88' lang='lat' dir='ltr'><strong>ad</strong></span> <span class='ocrx_word' id='word_1_664' title='bbox 2431 4152 2711 4210; x_wconf 85' lang='lat' dir='ltr'><strong>Evodinm</strong></span> <span class='ocrx_word' id='word_1_665' title='bbox 2744 4157 3076 4229; x_wconf 68' lang='lat' dir='ltr'><strong>(epistJOO):</strong></span> <span class='ocrx_word' id='word_1_666' title='bbox 3115 4156 3214 4213; x_wconf 65' lang='lat' dir='ltr'><strong>uSi</strong></span> <span class='ocrx_word' id='word_1_667' title='bbox 3244 4154 3679 4229; x_wconf 67' lang='lat' dir='ltr'><strong>autem,inquit.</strong></span> 
     </span>
    </p>
   </div>
   <div class='ocr_carea' id='block_1_88' title="bbox 2050 4241 3679 4317">
    <p class='ocr_par' dir='ltr' id='par_1_88' title="bbox 2050 4241 3679 4317">
     <span class='ocr_line' id='line_1_88' title="bbox 2050 4241 3679 4317; baseline 0.002 -21"><span class='ocrx_word' id='word_1_668' title='bbox 2050 4241 2303 4297; x_wconf 81' lang='lat' dir='ltr'><strong>breviter</strong></span> <span class='ocrx_word' id='word_1_669' title='bbox 2328 4243 2417 4298; x_wconf 89' lang='lat' dir='ltr'><strong>vis</strong></span> <span class='ocrx_word' id='word_1_670' title='bbox 2446 4243 2669 4313; x_wconf 84' lang='lat' dir='ltr'><strong>audire,</strong></span> <span class='ocrx_word' id='word_1_671' title='bbox 2690 4244 2829 4317; x_wconf 88' lang='lat' dir='ltr'><strong>quid</strong></span> <span class='ocrx_word' id='word_1_672' title='bbox 2861 4245 3004 4301; x_wconf 88' lang='lat' dir='ltr'><strong>mihi</strong></span> <span class='ocrx_word' id='word_1_673' title='bbox 3035 4245 3492 4314; x_wconf 68' lang='lat' dir='ltr'><strong>videaturmullo</strong></span> <span class='ocrx_word' id='word_1_674' title='bbox 3519 4242 3679 4302; x_wconf 83' lang='lat' dir='ltr'><strong>modo</strong></span> 
     </span>
    </p>
   </div>
   <div class='ocr_carea' id='block_1_89' title="bbox 296 4320 3681 4408">
    <p class='ocr_par' dir='ltr' id='par_1_89' title="bbox 296 4320 3681 4408">
     <span class='ocr_line' id='line_1_89' title="bbox 296 4320 3681 4408; baseline 0.002 -27"><span class='ocrx_word' id='word_1_675' title='bbox 296 4320 611 4395; x_wconf 84' lang='lat' dir='ltr'><strong>Marcebat,</strong></span> <span class='ocrx_word' id='word_1_676' title='bbox 665 4324 814 4398; x_wconf 87' lang='lat' dir='ltr'><strong>proh</strong></span> <span class='ocrx_word' id='word_1_677' title='bbox 872 4324 1075 4381; x_wconf 90' lang='lat' dir='ltr'><strong>dolorl</strong></span> <span class='ocrx_word' id='word_1_678' title='bbox 1130 4325 1307 4381; x_wconf 83' lang='lat' dir='ltr'><strong>ﬂante</strong></span> <span class='ocrx_word' id='word_1_679' title='bbox 1364 4330 1564 4383; x_wconf 85' lang='lat' dir='ltr'><strong>austro</strong></span> <span class='ocrx_word' id='word_1_680' title='bbox 1619 4326 1834 4395; x_wconf 89' lang='lat' dir='ltr'><strong>lilium,</strong></span> <span class='ocrx_word' id='word_1_681' title='bbox 1890 4332 1950 4384; x_wconf 85' lang='lat' dir='ltr'><strong>et</strong></span> <span class='ocrx_word' id='word_1_682' title='bbox 1978 4332 2025 4396; x_wconf 89' lang='lat' dir='ltr'><strong>D</strong></span> <span class='ocrx_word' id='word_1_683' title='bbox 2057 4330 2307 4387; x_wconf 80' lang='lat' dir='ltr'><strong>arbitror</strong></span> <span class='ocrx_word' id='word_1_684' title='bbox 2333 4332 2593 4388; x_wconf 86' lang='lat' dir='ltr'><strong>animam</strong></span> <span class='ocrx_word' id='word_1_685' title='bbox 2620 4348 2654 4388; x_wconf 87' lang='lat' dir='ltr'><strong>e</strong></span> <span class='ocrx_word' id='word_1_686' title='bbox 2682 4338 2924 4406; x_wconf 73' lang='lat' dir='ltr'><strong>corpore</strong></span> <span class='ocrx_word' id='word_1_687' title='bbox 2965 4334 3119 4391; x_wconf 80' lang='lat' dir='ltr'><strong>exire</strong></span> <span class='ocrx_word' id='word_1_688' title='bbox 3165 4342 3302 4391; x_wconf 84' lang='lat' dir='ltr'><strong>cum</strong></span> <span class='ocrx_word' id='word_1_689' title='bbox 3344 4344 3598 4408; x_wconf 77' lang='lat' dir='ltr'><strong>corpore,</strong></span> <span class='ocrx_word' id='word_1_690' title='bbox 3626 4336 3681 4388; x_wconf 81' lang='lat' dir='ltr'><strong>et</strong></span> 
     </span>
    </p>
   </div>
   <div class='ocr_carea' id='block_1_90' title="bbox 295 4413 1945 4488">
    <p class='ocr_par' dir='ltr' id='par_1_90' title="bbox 295 4413 1945 4488">
     <span class='ocr_line' id='line_1_90' title="bbox 295 4413 1945 4488; baseline 0.001 -17"><span class='ocrx_word' id='word_1_691' title='bbox 295 4431 559 4486; x_wconf 87' lang='lat' dir='ltr'><strong>purpura</strong></span> <span class='ocrx_word' id='word_1_692' title='bbox 575 4413 810 4471; x_wconf 67' lang='lat' dir='ltr'><strong>violaein</strong></span> <span class='ocrx_word' id='word_1_693' title='bbox 830 4413 1112 4486; x_wconf 85' lang='lat' dir='ltr'><strong>pallorem</strong></span> <span class='ocrx_word' id='word_1_694' title='bbox 1135 4414 1355 4471; x_wconf 85' lang='lat' dir='ltr'><strong>sensim</strong></span> <span class='ocrx_word' id='word_1_695' title='bbox 1375 4415 1721 4488; x_wconf 83' lang='lat' dir='ltr'><strong>migrabat.»</strong></span> <span class='ocrx_word' id='word_1_696' title='bbox 1734 4416 1945 4473; x_wconf 86' lang='lat' dir='ltr'><strong>Beatus</strong></span> 
     </span>
    </p>
   </div>
   <div class='ocr_carea' id='block_1_91' title="bbox 297 4496 1946 4577">
    <p class='ocr_par' dir='ltr' id='par_1_91' title="bbox 297 4496 1946 4577">
     <span class='ocr_line' id='line_1_91' title="bbox 297 4496 1946 4577; baseline 0.002 -19"><span class='ocrx_word' id='word_1_697' title='bbox 297 4519 533 4575; x_wconf 89' lang='lat' dir='ltr'><strong>quoque</strong></span> <span class='ocrx_word' id='word_1_698' title='bbox 577 4503 892 4577; x_wconf 84' lang='lat' dir='ltr'><strong>Gregorius</strong></span> <span class='ocrx_word' id='word_1_699' title='bbox 941 4496 1002 4559; x_wconf 87' lang='lat' dir='ltr'><strong>in</strong></span> <span class='ocrx_word' id='word_1_700' title='bbox 1060 4502 1208 4560; x_wconf 87' lang='lat' dir='ltr'><strong>libro</strong></span> <span class='ocrx_word' id='word_1_701' title='bbox 1266 4503 1473 4576; x_wconf 86' lang='lat' dir='ltr'><strong>quinto</strong></span> <span class='ocrx_word' id='word_1_702' title='bbox 1526 4503 1834 4561; x_wconf 82' lang='lat' dir='ltr'><strong>Moralium</strong></span> <span class='ocrx_word' id='word_1_703' title='bbox 1863 4504 1946 4561; x_wconf 86' lang='lat' dir='ltr'><strong>ita</strong></span> 
     </span>
    </p>
   </div>
   <div class='ocr_carea' id='block_1_92' title="bbox 297 4589 1943 4667">
    <p class='ocr_par' dir='ltr' id='par_1_92' title="bbox 297 4589 1943 4667">
     <span class='ocr_line' id='line_1_92' title="bbox 297 4589 1943 4667; baseline 0.004 -23"><span class='ocrx_word' id='word_1_704' title='bbox 297 4589 443 4645; x_wconf 85' lang='lat' dir='ltr'><strong>dicit</strong></span> <span class='ocrx_word' id='word_1_705' title='bbox 473 4591 612 4664; x_wconf 82' lang='lat' dir='ltr'><strong>(cap.</strong></span> <span class='ocrx_word' id='word_1_706' title='bbox 640 4593 735 4665; x_wconf 87' lang='lat'><strong>25)</strong></span> <span class='ocrx_word' id='word_1_707' title='bbox 770 4611 784 4649; x_wconf 88' lang='lat'><strong>:</strong></span> <span class='ocrx_word' id='word_1_708' title='bbox 817 4616 846 4643; x_wconf 84' lang='lat'><strong>«</strong></span> <span class='ocrx_word' id='word_1_709' title='bbox 876 4596 1020 4649; x_wconf 82' lang='lat' dir='ltr'><strong>Cum</strong></span> <span class='ocrx_word' id='word_1_710' title='bbox 1073 4593 1231 4649; x_wconf 83' lang='lat' dir='ltr'><strong>enim</strong></span> <span class='ocrx_word' id='word_1_711' title='bbox 1287 4609 1596 4666; x_wconf 83' lang='lat' dir='ltr'><strong>corporeae</strong></span> <span class='ocrx_word' id='word_1_712' title='bbox 1654 4594 1943 4667; x_wconf 86' lang='lat' dir='ltr'><strong>imagines</strong></span> 
     </span>
    </p>
   </div>
   <div class='ocr_carea' id='block_1_93' title="bbox 296 4678 1943 4754">
    <p class='ocr_par' dir='ltr' id='par_1_93' title="bbox 296 4678 1943 4754">
     <span class='ocr_line' id='line_1_93' title="bbox 296 4678 1943 4754; baseline 0.004 -21"><span class='ocrx_word' id='word_1_713' title='bbox 296 4678 536 4747; x_wconf 86' lang='lat' dir='ltr'><strong>deserit,</strong></span> <span class='ocrx_word' id='word_1_714' title='bbox 560 4678 619 4735; x_wconf 92' lang='lat' dir='ltr'><strong>in</strong></span> <span class='ocrx_word' id='word_1_715' title='bbox 641 4680 1021 4754; x_wconf 88' lang='lat' dir='ltr'><strong>semetipsam</strong></span> <span class='ocrx_word' id='word_1_716' title='bbox 1043 4699 1210 4739; x_wconf 87' lang='lat' dir='ltr'><strong>mens</strong></span> <span class='ocrx_word' id='word_1_717' title='bbox 1230 4682 1466 4739; x_wconf 86' lang='lat' dir='ltr'><strong>veniens</strong></span> <span class='ocrx_word' id='word_1_718' title='bbox 1496 4699 1613 4739; x_wconf 86' lang='lat' dir='ltr'><strong>non</strong></span> <span class='ocrx_word' id='word_1_719' title='bbox 1644 4683 1943 4740; x_wconf 87' lang='lat' dir='ltr'><strong>modicum</strong></span> 
     </span>
    </p>
   </div>
   <div class='ocr_carea' id='block_1_94' title="bbox 297 4766 1947 4846">
    <p class='ocr_par' dir='ltr' id='par_1_94' title="bbox 297 4766 1947 4846">
     <span class='ocr_line' id='line_1_94' title="bbox 297 4766 1947 4846; baseline 0.003 -22"><span class='ocrx_word' id='word_1_720' title='bbox 297 4766 586 4826; x_wconf 86' lang='lat' dir='ltr'><strong>ascendit.</strong></span> <span class='ocrx_word' id='word_1_721' title='bbox 626 4769 739 4826; x_wconf 86' lang='lat' dir='ltr'><strong>Sed</strong></span> <span class='ocrx_word' id='word_1_722' title='bbox 781 4772 1050 4842; x_wconf 87' lang='lat' dir='ltr'><strong>quamvis</strong></span> <span class='ocrx_word' id='word_1_723' title='bbox 1079 4772 1419 4845; x_wconf 86' lang='lat' dir='ltr'><strong>incorporea</strong></span> <span class='ocrx_word' id='word_1_724' title='bbox 1447 4772 1528 4829; x_wconf 89' lang='lat' dir='ltr'><strong>sit</strong></span> <span class='ocrx_word' id='word_1_725' title='bbox 1557 4773 1776 4844; x_wconf 88' lang='lat' dir='ltr'><strong>anima,</strong></span> <span class='ocrx_word' id='word_1_726' title='bbox 1806 4773 1947 4846; x_wconf 87' lang='lat' dir='ltr'><strong>quia</strong></span> 
     </span>
    </p>
   </div>
   <div class='ocr_carea' id='block_1_95' title="bbox 297 4857 1946 4934">
    <p class='ocr_par' dir='ltr' id='par_1_95' title="bbox 297 4857 1946 4934">
     <span class='ocr_line' id='line_1_95' title="bbox 297 4857 1946 4934; baseline 0.004 -22"><span class='ocrx_word' id='word_1_727' title='bbox 297 4860 495 4913; x_wconf 88' lang='lat' dir='ltr'><strong>tamen</strong></span> <span class='ocrx_word' id='word_1_728' title='bbox 515 4857 749 4931; x_wconf 76' lang='lat' dir='ltr'><strong>corpori</strong></span> <span class='ocrx_word' id='word_1_729' title='bbox 775 4858 1038 4927; x_wconf 67' lang='lat' dir='ltr'><strong>inhaeret,</strong></span> <span class='ocrx_word' id='word_1_730' title='bbox 1062 4877 1130 4916; x_wconf 88' lang='lat' dir='ltr'><strong>ex</strong></span> <span class='ocrx_word' id='word_1_731' title='bbox 1149 4860 1277 4932; x_wconf 91' lang='lat' dir='ltr'><strong>ipsa</strong></span> <span class='ocrx_word' id='word_1_732' title='bbox 1306 4861 1399 4917; x_wconf 89' lang='lat' dir='ltr'><strong>sui</strong></span> <span class='ocrx_word' id='word_1_733' title='bbox 1431 4862 1716 4934; x_wconf 79' lang='lat' dir='ltr'><strong>qualitate</strong></span> <span class='ocrx_word' id='word_1_734' title='bbox 1744 4862 1946 4919; x_wconf 90' lang='lat' dir='ltr'><strong>localis</strong></span> 
     </span>
    </p>
   </div>
   <div class='ocr_carea' id='block_1_96' title="bbox 297 4945 1945 5019">
    <p class='ocr_par' dir='ltr' id='par_1_96' title="bbox 297 4945 1945 5019">
     <span class='ocr_line' id='line_1_96' title="bbox 297 4945 1945 5019; baseline 0.004 -17"><span class='ocrx_word' id='word_1_735' title='bbox 297 4945 794 5019; x_wconf 74' lang='lat' dir='ltr'><strong>agnoscitur,qusa</strong></span> <span class='ocrx_word' id='word_1_736' title='bbox 806 4947 1142 5005; x_wconf 87' lang='lat' dir='ltr'><strong>carnalibus</strong></span> <span class='ocrx_word' id='word_1_737' title='bbox 1162 4948 1305 5006; x_wconf 91' lang='lat' dir='ltr'><strong>locis</strong></span> <span class='ocrx_word' id='word_1_738' title='bbox 1325 4950 1779 5018; x_wconf 71' lang='lat' dir='ltr'><strong>detinetur.0uae</strong></span> <span class='ocrx_word' id='word_1_739' title='bbox 1800 4954 1945 5009; x_wconf 90' lang='lat' dir='ltr'><strong>dum</strong></span> 
     </span>
    </p>
   </div>
   <div class='ocr_carea' id='block_1_97' title="bbox 296 5031 1948 5113">
    <p class='ocr_par' dir='ltr' id='par_1_97' title="bbox 296 5031 1948 5113">
     <span class='ocr_line' id='line_1_97' title="bbox 296 5031 1948 5113; baseline 0.004 -22"><span class='ocrx_word' id='word_1_740' title='bbox 296 5031 663 5113; x_wconf 83' lang='lat' dir='ltr'><strong>obliviscitur</strong></span> <span class='ocrx_word' id='word_1_741' title='bbox 719 5034 887 5105; x_wconf 84' lang='lat' dir='ltr'><strong>scita,</strong></span> <span class='ocrx_word' id='word_1_742' title='bbox 947 5038 1250 5111; x_wconf 88' lang='lat' dir='ltr'><strong>cognoscit</strong></span> <span class='ocrx_word' id='word_1_743' title='bbox 1305 5039 1623 5113; x_wconf 85' lang='lat' dir='ltr'><strong>incognita,</strong></span> <span class='ocrx_word' id='word_1_744' title='bbox 1677 5042 1948 5098; x_wconf 86' lang='lat' dir='ltr'><strong>meminit</strong></span> 
     </span>
    </p>
   </div>
   <div class='ocr_carea' id='block_1_98' title="bbox 295 5121 1945 5201">
    <p class='ocr_par' dir='ltr' id='par_1_98' title="bbox 295 5121 1945 5201">
     <span class='ocr_line' id='line_1_98' title="bbox 295 5121 1945 5201; baseline 0.006 -22"><span class='ocrx_word' id='word_1_745' title='bbox 295 5121 572 5180; x_wconf 88' lang='lat' dir='ltr'><strong>oblivioni</strong></span> <span class='ocrx_word' id='word_1_746' title='bbox 621 5124 918 5196; x_wconf 87' lang='lat' dir='ltr'><strong>mandata,</strong></span> <span class='ocrx_word' id='word_1_747' title='bbox 951 5125 1250 5184; x_wconf 86' lang='lat' dir='ltr'><strong>hilarescit</strong></span> <span class='ocrx_word' id='word_1_748' title='bbox 1294 5133 1428 5201; x_wconf 84' lang='lat' dir='ltr'><strong>post</strong></span> <span class='ocrx_word' id='word_1_749' title='bbox 1483 5129 1808 5199; x_wconf 86' lang='lat' dir='ltr'><strong>tristitiam,</strong></span> <span class='ocrx_word' id='word_1_750' title='bbox 1841 5132 1945 5189; x_wconf 84' lang='lat' dir='ltr'><strong>ad-</strong></span> 
     </span>
    </p>
   </div>
   <div class='ocr_carea' id='block_1_99' title="bbox 295 5213 1946 5290">
    <p class='ocr_par' dir='ltr' id='par_1_99' title="bbox 295 5213 1946 5290">
     <span class='ocr_line' id='line_1_99' title="bbox 295 5213 1946 5290; baseline 0.005 -21"><span class='ocrx_word' id='word_1_751' title='bbox 295 5213 514 5270; x_wconf 90' lang='lat' dir='ltr'><strong>dicitur</strong></span> <span class='ocrx_word' id='word_1_752' title='bbox 542 5219 675 5287; x_wconf 87' lang='lat' dir='ltr'><strong>post</strong></span> <span class='ocrx_word' id='word_1_753' title='bbox 703 5214 987 5285; x_wconf 66' lang='lat' dir='ltr'><strong>laetitiam,</strong></span> <span class='ocrx_word' id='word_1_754' title='bbox 1019 5216 1151 5290; x_wconf 85' lang='lat' dir='ltr'><strong>ipsa</strong></span> <span class='ocrx_word' id='word_1_755' title='bbox 1196 5218 1289 5273; x_wconf 85' lang='lat' dir='ltr'><strong>sui</strong></span> <span class='ocrx_word' id='word_1_756' title='bbox 1335 5217 1669 5276; x_wconf 87' lang='lat' dir='ltr'><strong>diversitate</strong></span> <span class='ocrx_word' id='word_1_757' title='bbox 1723 5220 1946 5278; x_wconf 86' lang='lat' dir='ltr'><strong>indicat</strong></span> 
     </span>
    </p>
   </div>
   <div class='ocr_carea' id='block_1_100' title="bbox 296 5304 1945 5375">
    <p class='ocr_par' dir='ltr' id='par_1_100' title="bbox 296 5304 1945 5375">
     <span class='ocr_line' id='line_1_100' title="bbox 296 5304 1945 5375; baseline 0.006 -18"><span class='ocrx_word' id='word_1_758' title='bbox 296 5307 586 5375; x_wconf 87' lang='lat' dir='ltr'><strong>quantum</strong></span> <span class='ocrx_word' id='word_1_759' title='bbox 617 5320 653 5361; x_wconf 92' lang='lat' dir='ltr'><strong>a</strong></span> <span class='ocrx_word' id='word_1_760' title='bbox 680 5304 1014 5364; x_wconf 86' lang='lat' dir='ltr'><strong>substantia</strong></span> <span class='ocrx_word' id='word_1_761' title='bbox 1069 5310 1296 5363; x_wconf 69' lang='lat' dir='ltr'><strong>aeterne</strong></span> <span class='ocrx_word' id='word_1_762' title='bbox 1340 5313 1399 5364; x_wconf 88' lang='lat' dir='ltr'><strong>et</strong></span> <span class='ocrx_word' id='word_1_763' title='bbox 1444 5308 1945 5367; x_wconf 87' lang='lat' dir='ltr'><strong>incommutabilis</strong></span> 
     </span>
    </p>
   </div>
   <div class='ocr_carea' id='block_1_101' title="bbox 296 5391 1946 5472">
    <p class='ocr_par' dir='ltr' id='par_1_101' title="bbox 296 5391 1946 5472">
     <span class='ocr_line' id='line_1_101' title="bbox 296 5391 1946 5472; baseline 0.006 -26"><span class='ocrx_word' id='word_1_764' title='bbox 296 5394 517 5447; x_wconf 65' lang='lat' dir='ltr'><strong>natura:</strong></span> <span class='ocrx_word' id='word_1_765' title='bbox 548 5391 753 5465; x_wconf 85' lang='lat' dir='ltr'><strong>distat,</strong></span> <span class='ocrx_word' id='word_1_766' title='bbox 775 5409 905 5467; x_wconf 77' lang='lat' dir='ltr'><strong>quae</strong></span> <span class='ocrx_word' id='word_1_767' title='bbox 935 5411 1168 5468; x_wconf 87' lang='lat' dir='ltr'><strong>semper</strong></span> <span class='ocrx_word' id='word_1_768' title='bbox 1197 5400 1262 5452; x_wconf 89' lang='lat' dir='ltr'><strong>ut</strong></span> <span class='ocrx_word' id='word_1_769' title='bbox 1289 5401 1379 5453; x_wconf 89' lang='lat' dir='ltr'><strong>est</strong></span> <span class='ocrx_word' id='word_1_770' title='bbox 1408 5395 1565 5453; x_wconf 89' lang='lat' dir='ltr'><strong>idem</strong></span> <span class='ocrx_word' id='word_1_771' title='bbox 1594 5402 1703 5468; x_wconf 89' lang='lat' dir='ltr'><strong>est,</strong></span> <span class='ocrx_word' id='word_1_772' title='bbox 1728 5399 1946 5472; x_wconf 84' lang='lat' dir='ltr'><strong>ubique</strong></span> 
     </span>
    </p>
   </div>
   <div class='ocr_carea' id='block_1_102' title="bbox 296 5482 1944 5562">
    <p class='ocr_par' dir='ltr' id='par_1_102' title="bbox 296 5482 1944 5562">
     <span class='ocr_line' id='line_1_102' title="bbox 296 5482 1944 5562; baseline 0.005 -27"><span class='ocrx_word' id='word_1_773' title='bbox 296 5496 575 5552; x_wconf 68' lang='lat' dir='ltr'><strong>praesens,</strong></span> <span class='ocrx_word' id='word_1_774' title='bbox 619 5482 835 5556; x_wconf 82' lang='lat' dir='ltr'><strong>ubique</strong></span> <span class='ocrx_word' id='word_1_775' title='bbox 885 5483 1221 5553; x_wconf 87' lang='lat' dir='ltr'><strong>invisibilis,</strong></span> <span class='ocrx_word' id='word_1_776' title='bbox 1271 5484 1489 5559; x_wconf 86' lang='lat' dir='ltr'><strong>ubique</strong></span> <span class='ocrx_word' id='word_1_777' title='bbox 1541 5490 1683 5554; x_wconf 84' lang='lat' dir='ltr'><strong>tota,</strong></span> <span class='ocrx_word' id='word_1_778' title='bbox 1722 5489 1944 5562; x_wconf 83' lang='lat' dir='ltr'><strong>ubique</strong></span> 
     </span>
    </p>
   </div>
   <div class='ocr_carea' id='block_1_103' title="bbox 295 5567 1944 5654">
    <p class='ocr_par' dir='ltr' id='par_1_103' title="bbox 295 5567 1944 5654">
     <span class='ocr_line' id='line_1_103' title="bbox 295 5567 1944 5654; baseline 0.009 -29"><span class='ocrx_word' id='word_1_779' title='bbox 295 5567 975 5648; x_wconf 82' lang='lat' dir='ltr'><strong>incomprehensibilis.»</strong></span> <span class='ocrx_word' id='word_1_780' title='bbox 1008 5575 1169 5634; x_wconf 82' lang='lat' dir='ltr'><strong>Idem</strong></span> <span class='ocrx_word' id='word_1_781' title='bbox 1200 5575 1326 5652; x_wconf 82' lang='lat' dir='ltr'><strong>ipse</strong></span> <span class='ocrx_word' id='word_1_782' title='bbox 1354 5575 1415 5634; x_wconf 91' lang='lat' dir='ltr'><strong>in</strong></span> <span class='ocrx_word' id='word_1_783' title='bbox 1446 5577 1944 5654; x_wconf 83' lang='lat' dir='ltr'><strong>consequentibus</strong></span> 
     </span>
    </p>
   </div>
   <div class='ocr_carea' id='block_1_104' title="bbox 2054 4421 3675 4495">
    <p class='ocr_par' dir='ltr' id='par_1_104' title="bbox 2054 4421 3675 4495">
     <span class='ocr_line' id='line_1_104' title="bbox 2054 4421 3675 4495; baseline 0.002 -21"><span class='ocrx_word' id='word_1_784' title='bbox 2054 4423 2259 4476; x_wconf 60' lang='lat' dir='ltr'><strong>cetera</strong></span> <span class='ocrx_word' id='word_1_785' title='bbox 2286 4437 2415 4493; x_wconf 69' lang='lat' dir='ltr'><strong>quae</strong></span> <span class='ocrx_word' id='word_1_786' title='bbox 2444 4421 2506 4477; x_wconf 85' lang='lat' dir='ltr'><strong>in</strong></span> <span class='ocrx_word' id='word_1_787' title='bbox 2524 4423 2730 4478; x_wconf 83' lang='lat' dir='ltr'><strong>eadem</strong></span> <span class='ocrx_word' id='word_1_788' title='bbox 2761 4422 3010 4495; x_wconf 79' lang='lat' dir='ltr'><strong>epistola</strong></span> <span class='ocrx_word' id='word_1_789' title='bbox 3036 4422 3472 4480; x_wconf 69' lang='lat' dir='ltr'><strong>continentur.»</strong></span> <span class='ocrx_word' id='word_1_790' title='bbox 3496 4423 3557 4480; x_wconf 82' lang='lat' dir='ltr'><strong>Si</strong></span> <span class='ocrx_word' id='word_1_791' title='bbox 3584 4432 3675 4477; x_wconf 80' lang='lat' dir='ltr'><strong>an-</strong></span> 
     </span>
    </p>
   </div>
   <div class='ocr_carea' id='block_1_105' title="bbox 2051 4508 3674 4587">
    <p class='ocr_par' dir='ltr' id='par_1_105' title="bbox 2051 4508 3674 4587">
     <span class='ocr_line' id='line_1_105' title="bbox 2051 4508 3674 4587; baseline 0.002 -24"><span class='ocrx_word' id='word_1_792' title='bbox 2051 4513 2169 4564; x_wconf 87' lang='lat' dir='ltr'><strong>tem</strong></span> <span class='ocrx_word' id='word_1_793' title='bbox 2192 4509 2473 4581; x_wconf 75' lang='lat' dir='ltr'><strong>quaeritur</strong></span> <span class='ocrx_word' id='word_1_794' title='bbox 2499 4510 2548 4566; x_wconf 84' lang='lat' dir='ltr'><strong>si</strong></span> <span class='ocrx_word' id='word_1_795' title='bbox 2578 4524 2714 4566; x_wconf 87' lang='lat' dir='ltr'><strong>cum</strong></span> <span class='ocrx_word' id='word_1_796' title='bbox 2742 4522 2986 4584; x_wconf 81' lang='lat' dir='ltr'><strong>corpore</strong></span> <span class='ocrx_word' id='word_1_797' title='bbox 3016 4516 3318 4570; x_wconf 78' lang='lat' dir='ltr'><strong>moveatur</strong></span> <span class='ocrx_word' id='word_1_798' title='bbox 3344 4529 3452 4587; x_wconf 84' lang='lat' dir='ltr'><strong>per</strong></span> <span class='ocrx_word' id='word_1_799' title='bbox 3476 4508 3674 4580; x_wconf 79' lang='lat' dir='ltr'><strong>loca,id</strong></span> 
     </span>
    </p>
   </div>
   <div class='ocr_carea' id='block_1_106' title="bbox 2051 4598 3674 4678">
    <p class='ocr_par' dir='ltr' id='par_1_106' title="bbox 2051 4598 3674 4678">
     <span class='ocr_line' id='line_1_106' title="bbox 2051 4598 3674 4678; baseline 0.001 -24"><span class='ocrx_word' id='word_1_800' title='bbox 2051 4603 2140 4654; x_wconf 89' lang='lat' dir='ltr'><strong>est</strong></span> <span class='ocrx_word' id='word_1_801' title='bbox 2168 4614 2304 4654; x_wconf 86' lang='lat' dir='ltr'><strong>cum</strong></span> <span class='ocrx_word' id='word_1_802' title='bbox 2336 4598 2446 4655; x_wconf 85' lang='lat' dir='ltr'><strong>isto</strong></span> <span class='ocrx_word' id='word_1_803' title='bbox 2477 4610 2717 4672; x_wconf 82' lang='lat' dir='ltr'><strong>corpore</strong></span> <span class='ocrx_word' id='word_1_804' title='bbox 2736 4601 2893 4673; x_wconf 82' lang='lat' dir='ltr'><strong>quod</strong></span> <span class='ocrx_word' id='word_1_805' title='bbox 2918 4605 3130 4675; x_wconf 84' lang='lat' dir='ltr'><strong>gestat,</strong></span> <span class='ocrx_word' id='word_1_806' title='bbox 3155 4602 3372 4659; x_wconf 77' lang='lat' dir='ltr'><strong>mirum</strong></span> <span class='ocrx_word' id='word_1_807' title='bbox 3402 4599 3674 4678; x_wconf 77' lang='lat' dir='ltr'><strong>quomndo</strong></span> 
     </span>
    </p>
   </div>
   <div class='ocr_carea' id='block_1_107' title="bbox 2054 4685 3673 4764">
    <p class='ocr_par' dir='ltr' id='par_1_107' title="bbox 2054 4685 3673 4764">
     <span class='ocr_line' id='line_1_107' title="bbox 2054 4685 3673 4764; baseline 0.002 -22"><span class='ocrx_word' id='word_1_808' title='bbox 2054 4686 2283 4744; x_wconf 85' lang='lat' dir='ltr'><strong>dicatur</strong></span> <span class='ocrx_word' id='word_1_809' title='bbox 2310 4689 2549 4757; x_wconf 86' lang='lat' dir='ltr'><strong>moveri,</strong></span> <span class='ocrx_word' id='word_1_810' title='bbox 2581 4701 2717 4746; x_wconf 88' lang='lat' dir='ltr'><strong>cum</strong></span> <span class='ocrx_word' id='word_1_811' title='bbox 2747 4700 2862 4747; x_wconf 81' lang='lat' dir='ltr'><strong>non</strong></span> <span class='ocrx_word' id='word_1_812' title='bbox 2913 4695 3215 4747; x_wconf 85' lang='lat' dir='ltr'><strong>moveatur</strong></span> <span class='ocrx_word' id='word_1_813' title='bbox 3237 4706 3270 4747; x_wconf 81' lang='lat' dir='ltr'><strong>a</strong></span> <span class='ocrx_word' id='word_1_814' title='bbox 3296 4698 3559 4764; x_wconf 75' lang='lat' dir='ltr'><strong>corpore,</strong></span> <span class='ocrx_word' id='word_1_815' title='bbox 3582 4685 3673 4746; x_wconf 77' lang='lat' dir='ltr'><strong>sed</strong></span> 
     </span>
    </p>
   </div>
   <div class='ocr_carea' id='block_1_108' title="bbox 2054 4774 3673 4855">
    <p class='ocr_par' dir='ltr' id='par_1_108' title="bbox 2054 4774 3673 4855">
     <span class='ocr_line' id='line_1_108' title="bbox 2054 4774 3673 4855; baseline 0.001 -24"><span class='ocrx_word' id='word_1_816' title='bbox 2054 4776 2184 4849; x_wconf 85' lang='lat' dir='ltr'><strong>ipsa</strong></span> <span class='ocrx_word' id='word_1_817' title='bbox 2212 4783 2439 4835; x_wconf 81' lang='lat' dir='ltr'><strong>moveat</strong></span> <span class='ocrx_word' id='word_1_818' title='bbox 2468 4792 2702 4852; x_wconf 82' lang='lat' dir='ltr'><strong>corpus.</strong></span> <span class='ocrx_word' id='word_1_819' title='bbox 2737 4781 2884 4837; x_wconf 84' lang='lat' dir='ltr'><strong>Nam</strong></span> <span class='ocrx_word' id='word_1_820' title='bbox 2928 4779 3056 4837; x_wconf 84' lang='lat' dir='ltr'><strong>sine</strong></span> <span class='ocrx_word' id='word_1_821' title='bbox 3098 4783 3226 4853; x_wconf 86' lang='lat' dir='ltr'><strong>ejus</strong></span> <span class='ocrx_word' id='word_1_822' title='bbox 3271 4782 3578 4855; x_wconf 64' lang='lat' dir='ltr'><strong>praesentia</strong></span> <span class='ocrx_word' id='word_1_823' title='bbox 3602 4774 3673 4833; x_wconf 87' lang='lat' dir='ltr'><strong>vel</strong></span> 
     </span>
    </p>
   </div>
   <div class='ocr_carea' id='block_1_109' title="bbox 2054 4867 3675 4943">
    <p class='ocr_par' dir='ltr' id='par_1_109' title="bbox 2054 4867 3675 4943">
     <span class='ocr_line' id='line_1_109' title="bbox 2054 4867 3675 4943; baseline 0 -21"><span class='ocrx_word' id='word_1_824' title='bbox 2054 4872 2201 4923; x_wconf 90' lang='lat' dir='ltr'><strong>nutu</strong></span> <span class='ocrx_word' id='word_1_825' title='bbox 2230 4867 2569 4924; x_wconf 87' lang='lat' dir='ltr'><strong>nullatenus</strong></span> <span class='ocrx_word' id='word_1_826' title='bbox 2596 4882 2839 4943; x_wconf 85' lang='lat' dir='ltr'><strong>corpOra</strong></span> <span class='ocrx_word' id='word_1_827' title='bbox 2867 4870 3104 4938; x_wconf 86' lang='lat' dir='ltr'><strong>moveri,</strong></span> <span class='ocrx_word' id='word_1_828' title='bbox 3138 4869 3241 4943; x_wconf 86' lang='lat' dir='ltr'><strong>qui</strong></span> <span class='ocrx_word' id='word_1_829' title='bbox 3266 4869 3571 4943; x_wconf 82' lang='lat' dir='ltr'><strong>superiora</strong></span> <span class='ocrx_word' id='word_1_830' title='bbox 3592 4867 3675 4922; x_wconf 84' lang='lat' dir='ltr'><strong>ia-</strong></span> 
     </span>
    </p>
   </div>
   <div class='ocr_carea' id='block_1_110' title="bbox 2052 4946 3673 5032">
    <p class='ocr_par' dir='ltr' id='par_1_110' title="bbox 2052 4946 3673 5032">
     <span class='ocr_line' id='line_1_110' title="bbox 2052 4946 3673 5032; baseline 0.001 -21"><span class='ocrx_word' id='word_1_831' title='bbox 2052 4954 2573 5026; x_wconf 78' lang='lat' dir='ltr'><strong>tendit,manlt’este</strong></span> <span class='ocrx_word' id='word_1_832' title='bbox 2603 4959 3114 5032; x_wconf 78' lang='lat' dir='ltr'><strong>cognoscit.Quam</strong></span> <span class='ocrx_word' id='word_1_833' title='bbox 3146 4946 3195 5016; x_wconf 86' lang='lat' dir='ltr'><strong>si</strong></span> <span class='ocrx_word' id='word_1_834' title='bbox 3226 4959 3535 5017; x_wconf 81' lang='lat' dir='ltr'><strong>abscedere</strong></span> <span class='ocrx_word' id='word_1_835' title='bbox 3561 4970 3673 5013; x_wconf 81' lang='lat' dir='ltr'><strong>eon-</strong></span> 
     </span>
    </p>
   </div>
   <div class='ocr_carea' id='block_1_111' title="bbox 2052 5045 3674 5121">
    <p class='ocr_par' dir='ltr' id='par_1_111' title="bbox 2052 5045 3674 5121">
     <span class='ocr_line' id='line_1_111' title="bbox 2052 5045 3674 5121; baseline -0.001 -20"><span class='ocrx_word' id='word_1_836' title='bbox 2052 5045 2268 5117; x_wconf 86' lang='lat' dir='ltr'><strong>tigerit,</strong></span> <span class='ocrx_word' id='word_1_837' title='bbox 2301 5047 2401 5102; x_wconf 85' lang='lat' dir='ltr'><strong>ﬁet</strong></span> <span class='ocrx_word' id='word_1_838' title='bbox 2431 5048 2586 5120; x_wconf 87' lang='lat' dir='ltr'><strong>quod</strong></span> <span class='ocrx_word' id='word_1_839' title='bbox 2618 5048 2903 5121; x_wconf 87' lang='lat' dir='ltr'><strong>scriptum</strong></span> <span class='ocrx_word' id='word_1_840' title='bbox 2927 5054 3018 5105; x_wconf 86' lang='lat' dir='ltr'><strong>est</strong></span> <span class='ocrx_word' id='word_1_841' title='bbox 3048 5065 3062 5105; x_wconf 90' lang='lat'><strong>:</strong></span> <span class='ocrx_word' id='word_1_842' title='bbox 3099 5049 3163 5107; x_wconf 77' lang='lat' dir='ltr'><strong>Ut</strong></span> <span class='ocrx_word' id='word_1_843' title='bbox 3189 5057 3492 5107; x_wconf 75' lang='lat' dir='ltr'><strong>revertatur</strong></span> <span class='ocrx_word' id='word_1_844' title='bbox 3511 5047 3674 5120; x_wconf 68' lang='lat' dir='ltr'><strong>pulsi:</strong></span> 
     </span>
    </p>
   </div>
   <div class='ocr_carea' id='block_1_112' title="bbox 2053 5130 3670 5213">
    <p class='ocr_par' dir='ltr' id='par_1_112' title="bbox 2053 5130 3670 5213">
     <span class='ocr_line' id='line_1_112' title="bbox 2053 5130 3670 5213; baseline 0.002 -23"><span class='ocrx_word' id='word_1_845' title='bbox 2053 5136 2114 5190; x_wconf 80' lang='lat' dir='ltr'><strong>in</strong></span> <span class='ocrx_word' id='word_1_846' title='bbox 2141 5143 2346 5191; x_wconf 74' lang='lat' dir='ltr'><strong>terram</strong></span> <span class='ocrx_word' id='word_1_847' title='bbox 2373 5148 2548 5203; x_wconf 82' lang='lat' dir='ltr'><strong>suam,</strong></span> <span class='ocrx_word' id='word_1_848' title='bbox 2581 5146 2633 5193; x_wconf 80' lang='lat' dir='ltr'><strong>et</strong></span> <span class='ocrx_word' id='word_1_849' title='bbox 2661 5130 2892 5211; x_wconf 71' lang='lat' dir='ltr'><strong>spiritus</strong></span> <span class='ocrx_word' id='word_1_850' title='bbox 2919 5139 3104 5195; x_wconf 74' lang='lat' dir='ltr'><strong>redeat</strong></span> <span class='ocrx_word' id='word_1_851' title='bbox 3122 5138 3197 5195; x_wconf 81' lang='lat' dir='ltr'><strong>ad</strong></span> <span class='ocrx_word' id='word_1_852' title='bbox 3225 5138 3396 5195; x_wconf 75' lang='lat' dir='ltr'><strong>Deum</strong></span> <span class='ocrx_word' id='word_1_853' title='bbox 3424 5140 3521 5213; x_wconf 70' lang='lat' dir='ltr'><strong>Qui</strong></span> <span class='ocrx_word' id='word_1_854' title='bbox 3543 5132 3670 5193; x_wconf 66' lang='lat' dir='ltr'><strong>dedit</strong></span> 
     </span>
    </p>
   </div>
   <div class='ocr_carea' id='block_1_113' title="bbox 2051 5222 3666 5300">
    <p class='ocr_par' dir='ltr' id='par_1_113' title="bbox 2051 5222 3666 5300">
     <span class='ocr_line' id='line_1_113' title="bbox 2051 5222 3666 5300; baseline 0.004 -21"><span class='ocrx_word' id='word_1_855' title='bbox 2051 5222 2420 5294; x_wconf 63' lang='lat' dir='ltr'><strong>illumwccte.</strong></span> <span class='ocrx_word' id='word_1_856' title='bbox 2443 5225 2628 5299; x_wconf 81' lang='lat' dir='ltr'><strong>xn,7).</strong></span> <span class='ocrx_word' id='word_1_857' title='bbox 2650 5228 2921 5284; x_wconf 83' lang='lat' dir='ltr'><strong>Attamen</strong></span> <span class='ocrx_word' id='word_1_858' title='bbox 2951 5226 3105 5284; x_wconf 86' lang='lat' dir='ltr'><strong>sicut</strong></span> <span class='ocrx_word' id='word_1_859' title='bbox 3132 5229 3261 5300; x_wconf 80' lang='lat' dir='ltr'><strong>ejus</strong></span> <span class='ocrx_word' id='word_1_860' title='bbox 3288 5242 3429 5285; x_wconf 88' lang='lat' dir='ltr'><strong>cum</strong></span> <span class='ocrx_word' id='word_1_861' title='bbox 3457 5238 3666 5300; x_wconf 67' lang='lat' dir='ltr'><strong>corpora</strong></span> 
     </span>
    </p>
   </div>
   <div class='ocr_carea' id='block_1_114' title="bbox 2051 5306 3661 5388">
    <p class='ocr_par' dir='ltr' id='par_1_114' title="bbox 2051 5306 3661 5388">
     <span class='ocr_line' id='line_1_114' title="bbox 2051 5306 3661 5388; baseline 0.004 -21"><span class='ocrx_word' id='word_1_862' title='bbox 2051 5312 2320 5385; x_wconf 87' lang='lat' dir='ltr'><strong>copulam</strong></span> <span class='ocrx_word' id='word_1_863' title='bbox 2379 5306 3031 5388; x_wconf 80' lang='lat' dir='ltr'><strong>incomprehensibilem</strong></span> <span class='ocrx_word' id='word_1_864' title='bbox 3087 5316 3364 5385; x_wconf 84' lang='lat' dir='ltr'><strong>dicimus,</strong></span> <span class='ocrx_word' id='word_1_865' title='bbox 3392 5317 3474 5375; x_wconf 86' lang='lat' dir='ltr'><strong>ita</strong></span> <span class='ocrx_word' id='word_1_866' title='bbox 3508 5316 3661 5373; x_wconf 74' lang='lat' dir='ltr'><strong>etiam</strong></span> 
     </span>
    </p>
   </div>
   <div class='ocr_carea' id='block_1_115' title="bbox 2050 5402 3659 5480">
    <p class='ocr_par' dir='ltr' id='par_1_115' title="bbox 2050 5402 3659 5480">
     <span class='ocr_line' id='line_1_115' title="bbox 2050 5402 3659 5480; baseline 0.002 -21"><span class='ocrx_word' id='word_1_867' title='bbox 2050 5403 2396 5475; x_wconf 77' lang='lat' dir='ltr'><strong>potestatem</strong></span> <span class='ocrx_word' id='word_1_868' title='bbox 2424 5408 2485 5459; x_wconf 85' lang='lat' dir='ltr'><strong>et</strong></span> <span class='ocrx_word' id='word_1_869' title='bbox 2513 5408 2724 5461; x_wconf 84' lang='lat' dir='ltr'><strong>nutum</strong></span> <span class='ocrx_word' id='word_1_870' title='bbox 2754 5402 2936 5472; x_wconf 88' lang='lat' dir='ltr'><strong>illius,</strong></span> <span class='ocrx_word' id='word_1_871' title='bbox 2962 5420 3080 5479; x_wconf 84' lang='lat' dir='ltr'><strong>quo</strong></span> <span class='ocrx_word' id='word_1_872' title='bbox 3109 5422 3322 5480; x_wconf 86' lang='lat' dir='ltr'><strong>corpus</strong></span> <span class='ocrx_word' id='word_1_873' title='bbox 3349 5402 3659 5464; x_wconf 76' lang='lat' dir='ltr'><strong>vivificatnr.</strong></span> 
     </span>
    </p>
   </div>
   <div class='ocr_carea' id='block_1_116' title="bbox 2048 5490 3659 5569">
    <p class='ocr_par' dir='ltr' id='par_1_116' title="bbox 2048 5490 3659 5569">
     <span class='ocr_line' id='line_1_116' title="bbox 2048 5490 3659 5569; baseline 0.002 -23"><span class='ocrx_word' id='word_1_874' title='bbox 2048 5496 2370 5564; x_wconf 75' lang='lat' dir='ltr'><strong>vegetatur,</strong></span> <span class='ocrx_word' id='word_1_875' title='bbox 2401 5498 2459 5548; x_wconf 85' lang='lat' dir='ltr'><strong>et</strong></span> <span class='ocrx_word' id='word_1_876' title='bbox 2488 5494 2729 5567; x_wconf 88' lang='lat' dir='ltr'><strong>regitur,</strong></span> <span class='ocrx_word' id='word_1_877' title='bbox 2763 5494 3085 5569; x_wconf 72' lang='lat' dir='ltr'><strong>spiritalem</strong></span> <span class='ocrx_word' id='word_1_878' title='bbox 3116 5498 3175 5554; x_wconf 85' lang='lat' dir='ltr'><strong>et</strong></span> <span class='ocrx_word' id='word_1_879' title='bbox 3210 5496 3288 5554; x_wconf 77' lang='lat' dir='ltr'><strong>ob</strong></span> <span class='ocrx_word' id='word_1_880' title='bbox 3313 5496 3372 5555; x_wconf 80' lang='lat' dir='ltr'><strong>id</strong></span> <span class='ocrx_word' id='word_1_881' title='bbox 3404 5494 3564 5555; x_wconf 84' lang='lat' dir='ltr'><strong>nobis</strong></span> <span class='ocrx_word' id='word_1_882' title='bbox 3589 5490 3659 5550; x_wconf 87' lang='lat' dir='ltr'><strong>in-</strong></span> 
     </span>
    </p>
   </div>
   <div class='ocr_carea' id='block_1_117' title="bbox 2050 5578 3659 5663">
    <p class='ocr_par' dir='ltr' id='par_1_117' title="bbox 2050 5578 3659 5663">
     <span class='ocr_line' id='line_1_117' title="bbox 2050 5578 3659 5663; baseline 0 -21"><span class='ocrx_word' id='word_1_883' title='bbox 2050 5581 2637 5658; x_wconf 77' lang='lat' dir='ltr'><strong>comprehensibilem</strong></span> <span class='ocrx_word' id='word_1_884' title='bbox 2668 5580 2941 5645; x_wconf 84' lang='lat' dir='ltr'><strong>dicimus.</strong></span> <span class='ocrx_word' id='word_1_885' title='bbox 2973 5585 3197 5647; x_wconf 82' lang='lat' dir='ltr'><strong>Viderit</strong></span> <span class='ocrx_word' id='word_1_886' title='bbox 3223 5588 3424 5648; x_wconf 80' lang='lat' dir='ltr'><strong>tamen</strong></span> <span class='ocrx_word' id='word_1_887' title='bbox 3453 5578 3659 5663; x_wconf 76' lang='lat' dir='ltr'><strong>aliquis,</strong></span> 
     </span>
    </p>
   </div>
  </div>
