3934 6182
220 308 331 369 937

1316 310 1415 367 illi}
1461 308 1802 367 DlVEItSA
1850 306 2125 367 ΛΝΙΜᾹΞ
2174 309 2533 370 ΙῖΛΊῚΟΝΕ.

3511 306 3628 379 9'38

233 456 360 495 cum
392 439 660 496 alicunde
692 439 1041 512 digreditur,
1074 444 1130 495 et
1160 440 1272 495 alio
1307 444 1644 512 perventum
1678 441 1869 505 fuerit,
1901 440 1953 506 Α
1983 441 2111 495 Jam
2130 440 2365 513 quidem
2387 443 2443 496 in
2472 446 2871 515 superioribus
2893 449 3036 504 satis
3059 457 3441 523 superque,ut
3467 459 3630 524 puta-

226 533 415 584 utrum
440 527 699 582 animam
725 546 785 583 se
807 532 1170 599 vegetantem
1195 534 1249 581 et
1276 529 1868 599 vivificantemaliquo

232 616 543 687 reliquerit,
564 615 689 671 sine
721 619 993 687 cujus,ut
1026 617 1246 671 dictum
1276 622 1383 680 rst,
1409 617 1715 688 prmsentia
1745 635 1866 671 mo-

219 706 354 760 verit
376 722 589 776 corpus
616 705 965 776 nequiverit.
993 708 1175 770 Quam
1210 705 1709 775 circun'iscriptain
1742 725 1868 760 esse

222 794 556 849 auctoritate
593 795 823 849 Patrum
852 799 1101 861 constat,
1134 793 1287 847 sicut
1319 799 1375 846 et
1407 796 1700 861 angelicas
1743 796 1864 865 spi-

223 884 385 937 ritus.
419 883 522 947 Qui
560 883 761 953 utique
794 883 1034 953 majoris
1068 902 1220 938 nunc
1271 889 1409 937 sunt
1457 884 1778 953 dignitatis,
1813 889 1869 935 et

223 973 416 1027 crebro
465 973 535 1027 ad
586 971 915 1028 ministeria
964 973 1279 1027 mittuntur
1326 972 1605 1037 humana,
1641 973 1867 1026 dicente

224 1060 395 1116 Paulo
428 1078 440 1115 :
476 1062 663 1116 Nonne
692 1078 872 1117 omnes
902 1071 1027 1116 sunt
1056 1063 1522 1117 administrulorii
1549 1063 1777 1132 spiritus
1810 1063 1865 1116 in

224 1153 589 1206 ministerium
621 1153 777 1205 missi
793 1160 1008 1222 propter
1026 1169 1111 1207 eos
1131 1155 1227 1223 qui
1247 1152 1615 1207 li.'m'c.'zlitatmn
1645 1154 1870 1222 rapiunt

223 1242 451 1295 salutis?
480 1242 659 1311 (Hebr.
695 1242 859 1310 1,14.)
886 1240 1046 1296 Unde
1072 1246 1126 1295 01
1150 1242 1354 1295 beatus
1388 1258 1537 1312 papa
1556 1241 1867 1311 Gregorius

226 1330 275 1384 in
305 1328 456 1384 libro
505 1330 762 1384 secundo
810 1328 1118 1384 Moralium
1170 1330 1249 1383 ita
1281 1330 1423 1382 dicit.
1457 1332 1672 1401 (011).?)
1702 1347 1711 1383 :
1743 1352 1769 1380 (ί
1804 1330 1866 1383 Ιο

223 1419 322 1474 1100
346 1420 543 1490 itaque
565 1422 654 1474 est
677 1436 829 1474 nunc
852 1424 1059 1476 natura
1078 1420 1339 1491 angelica
1358 1439 1390 1475 a
1412 1425 1631 1475 natura:
1656 1424 1865 1475 nostrae

224 1508 548 1565 conditione
578 1508 1045 1583 distincta,quod
1081 1528 1185 1565 nos
1207 1511 1408 1589 etloco
1442 1510 1865 1565 circumscribi-

223 1615 366 1667 Innr,
384 1602 444 1653 et
464 1599 739 1654 caecitatis
763 1599 1091 1671 ignorantia
1108 1604 1500 1666 coarctamur;
1527 1599 1865 1669 {lngt'ltll‘llnl

221 1703 346 1742 vero
376 1686 620 1759 spiritus
654 1687 777 1741 loco
808 1688 1045 1759 quidem
1095 1688 1519 1758 circumscripti
1571 1692 1728 1750 sunt,
1767 1687 1863 1739 sed

224 1780 413 1831 tamen
439 1793 641 1831 eorum
670 1777 1099 1849 scientialonge
1122 1795 1298 1848 super
1320 1795 1422 1830 nos
1449 1776 1869 1846 inemnparuhi-
1898 1815 1945 1877 Β

224 1864 344 1920 liter
365 1864 702 1921 dilatatur.»
729 1866 841 1921 Nec
859 1865 1199 1938 ignoramus
1224 1868 1455 1921 beatum
1478 1865 1867 1935 Augustinum

220 1955 578 2025 quibusdam
610 1955 1219 2027 argumentationibus
1249 1958 1317 2010 ad
1357 1956 1464 2011 1100
1498 1973 1639 2026 pene
1673 1972 1865 2025 perve-

221 2040 395 2106 nisse,
434 2045 496 2096 ut
527 2042 742 2097 diceret
794 2042 1022 2097 animas
1074 2044 1282 2097 moveri
1338 2048 1613 2113 tenuiore,
1648 2048 1704 2097 et
1753 2060 1865 2096 non

220 2128 360 2185 loco.
398 2133 474 2184 At
504 2148 657 2197 vero,
694 2136 757 2186 ut
805 2132 973 2187 nobis
1012 2131 1651 2197 videtur,considerans
1684 2130 1868 2185 multa

219 2218 324 2274 sibi
357 2219 535 2290 objici
570 2237 900 2292 posse,qua3
928 2220 1021 2275 isti
1050 2220 1384 2275 viderentur
1413 2222 1715 2276 00010011ςο
1738 2238 1870 2274 con-

218 2308 411 2376 traire,
440 2326 600 2364 more
623 2326 728 2364 suo
763 2310 917 2381 quod
952 2328 1209 2365 asserere
1239 2311 1400 2365 visus
1431 2317 1536 2377 est,
1573 2311 1867 2373 moderate

218 2398 447 2453 studuit
479 2399 1072 2470 temperare,dicendo
1094 2399 1152 2453 in
1178 2400 1324 2454 libro
1348 2401 1418 2453 dc
1436 2399 1641 2454 Genesi
1668 2404 1865 2453 octavo

215 2490 353 2559 (cap-
379 2491 477 2555 22)
503 2505 515 2541 :
541 2512 567 2536 «
597 2488 666 2542 Ut
704 2488 912 2555 dicere,
942 2488 1151 2559 inquit,
1173 2486 1545 2559 cmperam,si
1580 2489 1648 2541 de
1673 2488 1869 2541 anima

219 2576 470 2649 quisque
497 2576 603 2630 hoc
636 2594 750 2631 non
781 2576 903 2631 vult
934 2578 1186 2645 credere,
1212 2595 1324 2632 non
1362 2577 1537 2631 nimis
1571 2577 1866 2647 urgendus

218 2670 361 2721 est.»
398 2666 577 2720 Porro
609 2670 803 2720 autem
838 2666 974 2737 quid
1005 2666 1201 2721 anima
1224 2667 1280 2719 in
1306 2666 1577 2721 sensibus
1600 2671 1869 2735 operetur

218 2754 502 2826 corporis,
535 2758 591 2809 et
621 2754 760 2825 quia
792 2754 942 2809 inter
988 2760 1192 2810 caetera
1224 2754 1397 2809 etiam
1426 2758 1583 2809 motu
1623 2753 1865 2808 delecto-

216 2847 332 2908 tur,
370 2844 527 2899 idem
558 2843 762 2898 beatus
798 2844 1162 2915 Augustinus
1191 2848 1502 2898 attestatur
1533 2843 1591 2897 in
1622 2842 1765 2897 libro
1798 2843 1868 2897 de

216 2931 553 2997 Quantitate
576 2932 783 2987 animae
816 2933 956 3003 (cap.
999 2934 1087 3004 33)
1123 2949 1135 2987 :
1170 2933 1384 2987 «Nunc
1414 2933 1567 3003 quod
1601 2932 1866 2987 institue-

215 3036 339 3076 ram
376 3007 637 3088 intende,
670 3038 797 3092 quae
830 3021 879 3076 si
908 3022 995 3076 vis
1027 3021 1232 3077 anima:
1267 3022 1322 3075 in
1373 3022 1666 3088 sensibus,
1696 3026 1870 3092 atque

214 3110 271 3164 in
291 3109 425 3181 ipso
450 3113 613 3166 motu
637 3110 1051 3167 manifestioris
1072 3110 1409 3175 animantis,
1430 3128 1678 3183 quorum
1701 3110 1869 3165 nobis

1982 532 2211 597 bamus,
2246 536 2544 586 ostensum
2578 536 2684 598 est,
2718 550 2821 587 nec
2868 536 3050 590 Deum
3098 556 3224 593 esse
3256 558 3622 613 corporeum,

1980 636 2166 689 neque
2199 621 2521 690 angelicam
2555 622 2917 693 dignitatem,
2953 627 3053 679 sed
3088 645 3190 681 nec
3233 629 3623 685 humanarum

1980 709 2370 761 substantiam
2389 711 2717 764 animarum
2738 730 2748 765 :
2772 712 3167 769 maximeenm
3185 716 3363 770 Filius
3380 719 3476 772 Dei
3504 720 3626 790 ipse

1980 796 2132 849 licus
2164 798 2317 850 dicat
2348 800 2419 852 de
2450 800 2564 851 Deo
2594 805 2648 853 et
2687 802 2844 854 Patre
2878 819 2953 854 ac
2975 803 3191 872 Spiritu
3222 810 3421 859 sancto
3454 823 3466 859 :
3502 808 3623 878 Spi-

1978 888 2118 940 ritus
2147 896 2223 939 (ιςι
2254 889 2412 954 Deus,
2445 898 2493 942 (Ἰ
2523 906 2607 941 eos
2637 893 2734 959 qui
2780 891 3011 945 miorunt
3041 909 3184 960 eum,
3221 895 3275 947 in
3324 897 3521 966 spiritu
3575 906 3624 951 et

1980 977 2203 1029 ueritate
2232 982 2438 1046 oportet
2466 978 2694 1032 altorare
2724 980 2907 1051 (Joun.
2943 999 3017 1049 ιν,
3056 982 3163 1053 11),
3196 981 3249 1036 id
3284 987 3372 1037 est
3404 1001 3516 1037 non
3566 985 3622 1038 in

1979 1064 2217 1135 templo,
2255 1082 2440 1136 neque
2472 1066 2526 1120 in
2564 1073 2777 1135 monte,
2812 1088 2936 1140 qua)
2969 1075 3109 1123 sunt
3139 1088 3399 1143 corpora,
3433 1074 3532 1127 sed
3568 1073 3623 1127 in

1978 1154 2184 1223 spiritu
2211 1159 2266 1207 et
2303 1156 2635 1221 veritate,id
2670 1158 2841 1213 estin
2878 1163 3163 1229 mente,et
3192 1179 3304 1215 non
3338 1161 3396 1215 in
3430 1161 3626 1233 aliqua

1976 1242 2414 1313 imaginatione,
2442 1262 2616 1316 quam
2652 1246 2762 1300 sibi
2797 1247 3093 1304 humanus
3126 1250 3358 1304 animus
3390 1250 3460 1305 de
3511 1251 3626 1305 Deo

1978 1330 2121 1383 solet
2153 1334 2679 1400 contingereQuod
2715 1341 2907 1389 autem
2943 1338 3127 1391 sancti
3162 1338 3349 1409 angeli
3383 1339 3625 1409 spiritus

1978 1420 2114 1484 sint,
2152 1426 2206 1473 et
2242 1439 2351 1474 non
2387 1439 2647 1492 corpora.
2683 1424 2936 1495 Spiritus
2969 1429 3209 1481 sanctus
3240 1444 3342 1497 per
3382 1428 3624 1483 Psalmi-

1978 1515 2128 1562 stam
2156 1508 2431 1579 loquitur,
2452 1512 2520 1564 de
2547 1512 2658 1565 Dan
2690 1513 2889 1567 dicens
2916 1530 2927 1566 :
2954 1515 3059 1580 Qui
3084 1516 3219 1585 facit
3248 1516 3472 1588 angelos
3499 1533 3625 1573 suos

1974 1600 2202 1668 spiritus
2234 1599 2401 1669 (l’s‘tli.
2436 1617 2553 1667 om,
2582 1601 2653 1667 1).
2680 1600 2959 1653 Videlicet.
2990 1604 3305 1657 ostendens
3345 1604 3483 1674 quia
3502 1621 3620 1671 eos,

1978 1705 2123 1756 quos
2160 1689 2309 1741 Deus
2342 1687 2397 1740 in
2434 1688 2756 1742 ministerio
2780 1706 2884 1743 suo
2913 1708 3142 1762 semper
3163 1691 3403 1763 spiritus
3428 1692 3622 1759 habet,

1978 1777 2258 1831 mittendo
2290 1776 2528 1850 angelos
2556 1778 2611 1831 id
2647 1784 2733 1833 est
2764 1780 3003 1835 nuntios
3038 1780 3190 1835 facit.
3216 1783 3435 1837 Nomen
3467 1782 3623 1837 enim

1980 1864 2317 1932 angelorum
2352 1864 2608 1918 ot'iicium
2644 1870 2751 1933 est,
2784 1884 2897 1921 non
2932 1873 3161 1923 natura.
3197 1870 3307 1924 Sed
3341 1870 3628 1925 01110100-

1979 1969 2186 2005 narum
2223 1953 2551 2007 animarum
2586 1954 2974 2009 substantiam
3002 1973 3114 2010 non
3137 1974 3265 2012 esse
3287 1960 3625 2030 corpus,sed

1978 2042 2275 2111 Spiritum,
2300 2046 2546 2096 testatur
2569 2043 2781 2097 Paulus
2814 2044 2911 2116 qui
2937 2044 3110 2100 dicit:
3139 2046 3270 2113 Quis
3289 2049 3439 2101 enim
3460 2048 3632 2102 homi-

1976 2148 2109 2183 num
2137 2134 2236 2185 scit
2269 2148 2391 2202 qui?
2416 2140 2542 2186 sunt
2574 2134 2831 2199 hominis,
2862 2137 2977 2187 nisi
3006 2136 3232 2204 spiritus
3264 2137 3505 2190 hominis
3536 2138 3634 2207 qui

1981 2219 2033 2269 in
2069 2219 2184 2286 ipso
2215 2222 2333 2271 est?
2364 2218 2412 2287 (I
2440 2220 2559 2272 Cor.
2594 2236 2654 2283 n,
2690 2221 2799 2291 11.)
2828 2222 3025 2291 Itaque
3052 2225 3109 2274 et
3140 2221 3415 2289 Deum,et
3453 2238 3628 2295 ange-

1978 2305 2165 2359 lorum
2192 2306 2641 2379 animarumque
2672 2307 3067 2363 humanarum
3091 2309 3631 2381 substantiam,non

1977 2412 2189 2465 corpus
2220 2396 2492 2459 dicimus,
2525 2397 2622 2450 sed
2653 2397 2948 2468 spiritum.
2982 2399 3091 2453 Sed
3126 2398 3409 2470 Spiritum
3441 2400 3625 2455 Deum

1977 2489 2254 2555 tanquam
2271 2489 2596 2539 Creatorem
2622 2502 2635 2539 :
2657 2486 2895 2556 angelos
2919 2492 3113 2542 autem
3139 2493 3195 2543 et
3213 2488 3439 2544 animas
3453 2488 3624 2562 spiri-

1976 2577 2071 2625 tus
2094 2572 2350 2643 quidem,
2377 2574 2475 2627 sed
2512 2578 2790 2645 tanquam
2813 2593 2846 2628 a
2876 2575 2992 2629 Deo
3011 2578 3379 2632 creatos.Sed
3416 2578 3623 2633 merito

1980 2667 2168 2715 movet
2190 2664 2481 2732 quomodo
2512 2662 2715 2716 beatus
2742 2664 2952 2718 Paulus
2975 2665 3274 2735 apostolus
3297 2667 3481 2721 Deum
3506 2667 3624 2721 lau-

1978 2749 2553 2816 dans,immortalem
2578 2755 2631 2803 et
2654 2750 3004 2805 invisibilem
3046 2753 3237 2807 solum
3268 2759 3449 2809 Deum
3481 2754 3624 2809 dicit

1977 2856 2111 2893 cum
2141 2839 2256 2892 ait:
2287 2840 2415 2909 [tegi
2432 2846 2611 2893 autem
2630 2841 2959 2905 seculorum
2982 2842 3300 2907 immortali,
3324 2843 3620 2909 invisibili,

1975 2930 2081 2983 soli
2108 2929 2213 2982 Dco
2243 2929 2413 2983 honor
2436 2935 2487 2982 et
2513 2928 2689 2998 gloria
2722 2930 2783 2982 in
2811 2930 3017 2984 saecula
3059 2930 3413 2997 .sa’culorum,
3456 2931 3624 2985 Amen

1977 3020 2025 3087 (Ι
2047 3020 2180 3071 Tim.
2210 3035 2248 3084 1,
2285 3017 2392 3088 17),
2426 3034 2559 3071 cum
2592 3021 2816 3073 constet
2861 3022 2917 3072 et
2961 3017 3199 3090 angelos
3240 3017 3622 3086 immortales,

1978 3107 2323 3178 animasque
2354 3106 2662 3172 humanas,
2684 3110 2860 3177 atque
2884 3102 3225 3175 invisibiles,
3243 3110 3529 3179 quantum
3552 3107 3623 3162 ad

214 3215 347 3254 cum
382 3198 479 3253 his
511 3216 637 3270 qua:
678 3200 973 3255 radicibus
1017 3201 1132 3254 fixa
1162 3204 1300 3254 sunt
1331 3200 1491 3253 nulla
1522 3203 1711 3271 potest
1739 3216 1866 3253 esse
1897 3182 1939 3246 C
1981 3199 2246 3249 naturam
2281 3199 2524 3263 spectat,
2558 3194 2841 3249 conditas.
2878 3194 3138 3266 Itemque
3179 3195 3238 3250 in
3270 3197 3474 3252 eadem
3498 3196 3625 3268 epi-

215 3287 580 3342 eommunio.
596 3287 851 3342 Intendit
867 3305 927 3343 se
951 3288 1147 3342 anima
1167 3288 1225 3341 in
1251 3292 1558 3355 tactum,et
1574 3305 1638 3342 eo
1661 3287 1867 3354 calida,

217 3374 451 3447 frigida,
486 3392 711 3446 aspera,
745 3376 922 3442 lenia,
973 3377 1140 3442 dura,
1191 3376 1410 3443 mollia,
1464 3377 1627 3443 levia,
1675 3376 1871 3448 gravia

216 3466 403 3521 sentit
433 3469 609 3537 atque
633 3465 927 3520 discernit.
966 3465 1183 3519 Deinde
1216 3464 1675 3520 innumerabiles
1707 3464 1870 3519 diffe-

218 3554 442 3609 rentias
503 3570 799 3625 saporum,
852 3554 1119 3619 odorum,
1175 3571 1476 3618 sonorum,
1527 3555 1870 3619 formarum,

216 3643 540 3714 gustando,
571 3642 913 3711 olfaciendo,
939 3642 1629 3714 audiendo,videndoque
1655 3641 1869 3713 dijudi-

216 3734 540 3804 cat.Atque
572 3731 629 3787 in
662 3731 756 3787 his
788 3732 1066 3789 omnibus
1097 3750 1165 3789 ea
1196 3751 1322 3806 quae
1354 3733 1678 3790 secundum
1712 3736 1874 3788 natu-

214 3836 341 3874 ram
366 3818 466 3873 sui
498 3819 755 3891 corporis
788 3824 927 3876 sunt
948 3821 1183 3876 asciscit
1214 3826 1385 3893 atque
1417 3822 1660 3894 appetit,
1686 3822 1873 3891 rejicit

214 3907 489 3980 fugitque
510 3908 817 3963 contraria.
835 3909 1112 3964 Removet
1136 3927 1196 3964 se
1219 3912 1289 3964 ab
1315 3910 1405 3965 his
1428 3910 1699 3965 sensibus
1718 3914 1871 3964 certo

212 3996 526 4052 intervallo
576 4001 927 4069 temporum,
962 4002 1019 4053 et
1065 4015 1266 4054 eorum
1320 4002 1514 4053 motus
1566 3999 1732 4070 quasi
1774 4015 1875 4068 per

214 4086 513 4155 quasdam
536 4085 708 4142 ferias
728 4102 1026 4159 reparans,
1048 4086 1332 4160 imagines
1354 4103 1572 4158 rerum,
1595 4103 1741 4156 quas
1772 4102 1875 4157 per

211 4190 310 4230 eos
330 4173 763 4239 hausit,secum
788 4176 1128 4231 catervatim
1151 4180 1207 4232 01
1237 4176 1639 4248 multipliciter
1660 4178 1869 4230 νο1001.

212 4263 281 4317 Et
330 4263 449 4317 hoc
500 4265 686 4317 totum
736 4267 825 4319 est
864 4280 1108 4319 somnus
1138 4268 1196 4319 01
1225 4265 1471 4320 somnia.
1507 4266 1667 4335 Saepe
1697 4264 1872 4317 etiam

210 4352 531 4422 gestiendo
553 4370 618 4407 ac
638 4353 903 4425 vagando
924 4352 1201 4408 facilitate
1224 4358 1417 4409 motus
1451 4352 1790 4417 delectatur,
1819 4356 1876 4405 et

214 4440 346 4495 sine
380 4438 583 4496 labore
616 4442 848 4496 ordinat
897 4443 1293 4497 membrorum
1343 4442 1733 4497 concordiam.
1770 4442 1876 4495 Pro

214 4527 599 4601 copulatione
629 4548 801 4586 sexus
832 4530 953 4603 agit
974 4531 1127 4602 quod
1152 4534 1363 4602 potest,
1380 4536 1552 4601 atque
1576 4530 1634 4583 in
1659 4530 1876 4601 duplici

213 4620 441 4674 natura
475 4619 751 4674 societate
784 4624 957 4691 atque
988 4636 1185 4674 amore
1207 4619 1447 4673 molitur
1478 4636 1683 4673 unum.
1718 4619 1778 4673 In
1811 4619 1883 4673 fe-

218 4707 387 4762 tibus
421 4724 539 4761 non
589 4709 718 4778 jam
770 4708 1079 4780 gignendis
1110 4709 1539 4773 tantummodo,
1574 4709 1670 4761 sed
1706 4709 1880 4762 etiam

218 4795 514 4859 fovendis,
549 4794 893 4867 alendisque
942 4796 1257 4867 conspirat.
1310 4797 1505 4850 Rebus
1556 4788 1708 4850 inter
1737 4812 1883 4866 quas

216 4900 444 4955 corpus
479 4884 619 4954 agit,
653 4888 709 4938 et
737 4884 953 4955 quibus
984 4902 1194 4956 corpus
1227 4889 1535 4951 sustentat,
1570 4890 1883 4939 consuetu—

213 4971 358 5027 dine
392 4964 524 5027 sese
556 4972 817 5039 innectit,
851 4976 909 5027 et
939 4974 1010 5027 ab
1058 4974 1141 5028 eis
1192 4975 1358 5045 quasi
1414 4974 1692 5027 membris
1736 4990 1884 5043 argre

215 5064 560 5132 separatur.
598 5084 624 5109 υ

879 5185 1112 5251 CAPUT
1138 5186 1243 5242 ‘IV.

302 5305 502 5361 Utrum
531 5306 709 5359 omnis
738 5312 989 5386 creatura
1017 5320 1270 5375 corporea
1307 5308 1398 5370 sit,
1429 5313 1479 5358 et
1506 5306 1651 5359 solus
1680 5306 1819 5359 Deus

882 5391 1251 5445 incorporeus.

296 5511 598 5575 Quartum
631 5506 825 5562 locum
859 5511 1016 5565 tenet
1046 5507 1422 5581 percontatio,
1459 5513 1652 5562 utrum
1702 5508 1893 5564 omnis

218 5600 512 5656 creatura
560 5611 837 5669 corporea
869 5596 963 5665 sit,
990 5602 1047 5653 et
1076 5597 1237 5654 solus
1290 5597 1443 5653 Deus
1486 5597 1891 5669 incorporeus.

570 5723 839 5785 PATBOL.
887 5722 1109 5788 CXXV.

1980 3284 2125 3338 stola
2160 3286 2229 3337 ad
2265 3283 2638 3337 Timotheum
2663 3287 2712 3352 (Ι
2739 3285 2871 3339 Tim.
2904 3302 2977 3351 v1,
3006 3285 3095 3352 15)
3123 3301 3135 3339 :
3168 3286 3333 3353 Quem
3351 3287 3469 3340 suis
3500 3293 3629 3340 tem-

1976 3375 2202 3444 poribus
2231 3372 2469 3427 ostendet
2517 3372 2697 3427 beatus
2743 3380 2792 3427 et
2841 3374 2986 3426 solus
3032 3382 3239 3443 potens,
3272 3376 3385 3429 Rex
3414 3390 3624 3444 regum,

1980 3471 2029 3515 et
2058 3463 2319 3514 Dmninus
2351 3460 2886 3531 dominantium,qui
2913 3462 3059 3516 solus
3091 3462 3249 3518 habet
3298 3464 3627 3518 immortali-

1982 3557 2161 3620 tatem,
2193 3551 2365 3604 lucem
2397 3551 2649 3605 habitans
2682 3552 3445 3616 inuaressibilem.Quomodo
3468 3550 3627 3606 enim

1982 3637 2142 3693 solus
2173 3638 2376 3692 beatus
2408 3638 2523 3709 illc,
2550 3656 2682 3693 cum
2708 3640 2936 3695 dicatur
2966 3644 3022 3694 et
3055 3641 3249 3695 [Iratus
3282 3644 3366 3695 vir
3394 3643 3491 3711 qui
3518 3656 3625 3694 non

1982 3731 2119 3785 abiit
2154 3729 2209 3785 in
2236 3730 2467 3785 comitio
2501 3732 2797 3801 impiorum
2825 3731 2998 3797 (Psal.
3031 3746 3069 3797 1,
3106 3730 3180 3798 1),
3203 3734 3312 3785 010.
3355 3730 3424 3785 Ε1
3448 3746 3461 3786 :
3489 3730 3629 3785 Bea-

1982 3830 2071 3875 tur
2118 3832 2197 3874 est
2236 3823 2320 3874 rir
2364 3821 2458 3891 qui
2506 3822 2656 3874 timet
2706 3820 2997 3874 Dominum
3045 3820 3216 3891 (Psal.
3270 3837 3353 3887 m,
3402 3821 3476 3888 1).
3510 3820 3627 3874 Ε1;

1982 3910 2174 3963 Beatus
2209 3909 2302 3963 ille
2330 3925 2535 3977 servus,
2561 3925 2717 3979 quem
2747 3926 2871 3962 cum
2898 3911 3103 3964 venerit
3132 3909 3383 3964 dominus
3403 3909 3520 3980 ejus
3552 3910 3635 3963 in-

1985 3999 2188 4051 venerit
2232 3998 2587 4065 vigilantem?
2617 3997 2820 4065 (Matth.
2856 4016 3005 4065 xxrv,
3041 3997 3152 4067 46.)
3192 3999 3492 4063 Quomodo
3541 4014 3633 4053 so-

1984 4085 2075 4141 lus
2109 4090 2331 4157 potens,
2367 4085 2411 4139 si
2446 4088 2600 4139 Beati
2649 4088 2758 4140 viri
2802 4104 2984 4141 semen
3028 4095 3217 4156 potens
3263 4089 3367 4141 erit
3400 4088 3455 4139 in
3489 4094 3636 4140 terra

1984 4175 2148 4246 (l’sat.
2186 4191 2266 4241 10,
2300 4174 2374 4245 2.),
2428 4191 2603 4244 quam
2648 4173 3034 4245 intelligimus
3087 4172 3445 4228 viventium?
3484 4175 3635 4238 Quo-

1985 4263 2156 4321 modo
2188 4263 2350 4316 solus
2385 4262 2561 4316 habet
2590 4261 3114 4329 immortalitatem,
3148 4278 3283 4315 cum
3316 4279 3418 4316 000
3444 4260 3635 4334 angeli

1986 4352 2129 4407 mori
2164 4351 2492 4423 possint,et
2541 4350 2748 4405 0010101
2800 4350 3068 4405 humana:
3111 4349 3471 4405 immortales
3519 4350 3638 4405 sint

1985 4442 2233 4496 creatur?
2263 4441 2371 4496 Sed
2402 4440 2803 4513 intelligimus,
2829 4444 3112 4510 quantum
3146 4438 3383 4511 quidem
3416 4437 3488 4494 ad
3535 4455 3635 4493 na-

1914 4552 1956 4614 Ι)
1992 4536 2183 4585 turam
2218 4530 2729 4600 substantiamque
2760 4545 2962 4583 carum
3006 4528 3233 4599 attinet,
3262 4527 3639 4584 inferiorum-

1992 4637 2105 4691 que
2139 4625 2534 4673 creaturarum
2560 4636 2685 4689 qua)
2718 4622 2858 4672 sunt
2887 4616 3089 4689 utique
3110 4615 3563 4689 corporales,e’as
3584 4621 3642 4672 et
3670 4648 3675 4651 -

1994 4708 2313 4763 invisibiles
2342 4712 2515 4779 atque
2547 4706 2857 4778 sapientes,
2888 4723 3110 4761 necnon
3133 4710 3190 4761 et
3211 4706 3411 4762 beatas
3440 4710 3497 4762 01
3538 4723 3638 4778 p0-

1996 4802 2183 4851 tentes
2232 4802 2288 4851 et
2335 4796 2697 4851 immortales
2746 4812 2987 4850 munere
3039 4795 3365 4851 Creatoris:
3403 4795 3642 4851 collatas

1994 4890 2185 4939 tamen
2211 4885 2484 4945 Creatori,
2505 4889 2737 4955 propter
2768 4883 3143 4939 excellentem
3176 4876 3640 4957 magnitudinem

1996 4974 2136 5027 nihil
2172 4975 2380 5027 horum
2416 4974 2649 5027 habere.
2678 4974 2804 5044 Ipse
2836 4972 2991 5027 enim
3020 4974 3139 5029 haec
3173 4979 3450 5045 tanquam
3482 4970 3641 5025 solus

1994 5063 2301 5133 habet,qui
2336 5081 2367 5115 0
2399 5063 2557 5116 nullo
2588 5064 2809 5134 accepit
2840 5067 2905 5117 ut
2928 5063 3187 5119 haberet.
3222 5063 3393 5117 Porro
3424 5062 3639 5126 autem,

1997 5151 2115 5206 sive
2146 5150 2389 5223 angelici
2424 5151 2688 5222 spiritus,
2719 5153 2837 5207 sive
2858 5153 3129 5209 humanae
3163 5151 3392 5215 animae,
3414 5166 3482 5203 ex
3515 5148 3643 5219 ejus

2001 5241 2157 5295 fonte
2182 5246 2459 5312 tanquam
2494 5240 2667 5295 rivuli
2690 5246 3055 5313 acceperunt,
3072 5244 3136 5294 ut
3158 5240 3214 5293 in
3237 5255 3335 5294 eos
3357 5238 3479 5293 11th
3499 5253 3646 5292 vena

2001 5329 2306 5400 dignitatis
2338 5335 2654 5385 emanaret.
2692 5330 2864 5385 Porro
2898 5332 2955 5383 in
2981 5328 3224 5400 epistola
3254 5328 3325 5382 ad
3376 5326 3647 5382 Hebraeos

2001 5417 2080 5471 ita
2108 5418 2282 5472 etiam
2316 5418 2455 5472 dicit
2489 5436 2500 5472 :
2541 5421 2699 5475 Virus
2729 5427 2804 5474 est
2832 5420 2980 5473 enim
3007 5419 3104 5472 Dei
3130 5433 3304 5470 sermo
3333 5425 3382 5471 et
3419 5415 3643 5490 efﬁcax,

2002 5515 2054 5561 et
2077 5509 2475 5578 penetrabilior
2523 5510 2675 5563 omni
2721 5506 2903 5575 gladio
2949 5506 3196 5576 ancipiti,
3243 5513 3294 5561 et
3330 5507 3647 5578 pertingens

2004 5613 2174 5672 usque
2205 5595 2275 5652 ad
2320 5596 2642 5654 divisionem
2691 5597 2897 5653 anima?
2941 5611 3003 5652 ac
3048 5595 3297 5669 spiritus,
3329 5611 3650 5671 compagum

3251 5723 3330 5787 30
