3934 6182
302 335 421 395 940

1102 324 1487 386 HINCMARI
1537 326 1778 386 llHEM.
1827 323 2192 388 ABCHIEP.
2239 325 2643 388 OPUSCULA
2688 327 2948 387 VARIA.

3603 325 3708 389 940

305 480 512 539 quoque
557 469 608 517 el
643 460 1032 527 medullarum,
1064 467 1116 513 et
1161 458 1422 514 discretor
1465 459 1854 525 cogitationum
1899 466 1951 513 et
1979 461 2034 526 Α
2067 462 2336 530 spectare
2367 459 2669 527 videnlur,
2693 463 2748 514 et
2778 475 2913 514 cum
2944 457 3062 514 illis
3093 458 3309 514 versari
3337 458 3623 526 videmur,
3637 477 3706 532 qu

307 553 671 610 intentionum
699 549 964 611 cordis,“
989 565 1100 602 non.
1130 555 1206 602 es!
1237 548 1350 602 ulla
1381 556 1633 601 creatura
1655 547 1952 601 invisibilis

307 645 368 697 in
396 647 680 712 conspectu
702 639 836 709 ejus,
867 637 1053 692 omnia
1084 645 1264 707 autem
1309 636 1459 691 nuda
1505 644 1634 690 sunt
1668 644 1719 689 et
1766 643 1955 707 aperta

305 731 479 786 oculis
509 731 625 788 eius
655 727 840 797 (Hebr.
867 744 948 797 iv,
986 726 1093 798 12).
1119 729 1252 791 Quae
1278 723 1613 780 testimonia
1632 722 1841 779 collata
1861 741 1953 777 no-

309 821 452 874 dum
483 815 822 890 quzestionis
852 815 1158 888 proposita:
1191 815 1438 886 perfecte
1468 802 1794 881 absolvunt,
1816 813 1957 884 quia

309 907 411 980 qui
443 905 606 962 solus
631 909 720 962 est
749 903 1079 968 invisibilis,
1114 909 1172 958 et
1225 901 1386 958 solus
1434 901 1624 958 lucem
1663 902 1956 957 inhabitat

311 993 798 1061 inaccessibilem,
830 997 888 1048 et
919 1009 1094 1064 quem
1125 991 1268 1047 vidit
1287 990 1594 1046 hominum
1629 1008 1820 1055 nemo,
1853 989 1952 1045 sed

309 1101 418 1140 nec
448 1083 644 1140 videre
675 1085 864 1155 potest
894 1083 942 1149 (I
966 1083 1122 1136 Joan.
1159 1082 1254 1148 ιν),
1290 1084 1346 1134 et
1376 1081 1476 1151 qui
1507 1085 1814 1152 exsuperat
1832 1095 1956 1132 om-

314 1189 448 1229 nem
499 1188 740 1229 sensum
789 1169 1016 1242 (Philip.
1051 1172 1152 1236 ιν),
1179 1169 1249 1223 de
1295 1169 1500 1223 eodem
1549 1168 1690 1224 item
1722 1168 1954 1234 dicitur,

313 1262 468 1334 quod
499 1279 612 1315 ncn
639 1261 718 1315 sit
742 1259 864 1314 ulla
894 1261 1160 1312 creatura
1189 1256 1500 1312 invisibilis
1552 1257 1608 1311 in
1641 1260 1958 1328 conspectu

314 1351 465 1422 ejus,
479 1353 537 1410 et
567 1349 763 1404 omnia
793 1348 952 1401 nuda
981 1351 1121 1400 sunt
1147 1351 1202 1401 et
1223 1350 1424 1417 aperta
1441 1345 1627 1401 oculis
1649 1346 1959 1416 ejus.(}um

313 1455 472 1511 ergo,
503 1442 568 1494 ut
587 1439 713 1510 jam
741 1435 962 1491 dictum
993 1439 1102 1499 est,
1136 1433 1258 1506 ipse
1285 1435 1514 1489 dicatur
1542 1433 1875 1504 invisibilis,
1905 1439 1964 1489 et

315 1526 628 1584 invisibilia
649 1525 850 1580 omnia
872 1525 1029 1579 nuda
1049 1529 1107 1578 et
1137 1527 1336 1596 aperta
1367 1523 1485 1578 sint
1515 1523 1700 1579 oculis
1730 1524 1877 1595 ejus,
1903 1523 1960 1578 id

314 1620 404 1672 est
433 1614 570 1688 quia
593 1615 716 1688 ipse
736 1613 973 1687 quidem
995 1612 1192 1668 omnia
1207 1617 1489 1684 tanquam
1515 1614 1672 1667 nuda
1694 1612 1960 1684 aspiciat,

315 1722 349 1761 a
377 1703 540 1760 nulla
571 1709 764 1758 autem
797 1707 1084 1770 creatura,
1112 1700 1223 1756 nisi
1245 1707 1533 1772 quantum
1565 1701 1690 1772 ipse
1708 1700 1964 1774 gratuito

315 1811 560 1850 munere
583 1792 889 1866 permittit,
903 1791 1420 1856 videatur,certum
1446 1795 1535 1846 est
1555 1792 1710 1863 quod
1736 1807 1804 1846 ea
1829 1808 1962 1862 quoe

317 1887 529 1938 natura
549 1887 688 1938 sunt
707 1881 1067 1953 incorporea,
1083 1881 1516 1952 comparatione
1537 1879 1694 1935 illius
1716 1880 1966 1934 habean-

315 1977 414 2027 tur
441 1972 611 2044 quasi
641 1988 935 2042 corporea.
968 1971 1133 2026 Unde
1164 1971 1370 2025 beatus
1401 1987 1552 2042 papa
1573 1970 1886 2042 Gregorius
1907 1969 1967 2024 in

317 2061 467 2117 libro
492 2059 802 2116 Moralium
833 2060 1112 2128 secundo,
1139 2061 1278 2114 dum
1306 2059 1376 2114 de
1407 2059 1500 2114 his
1532 2059 1871 2130 loqueretur
1891 2058 1970 2114 ait

317 2151 455 2222 (cap.
487 2151 542 2222 2)
577 2166 590 2206 :
623 2171 652 2199 ‹‹
677 2147 1029 2221 Angelorum
1050 2148 1247 2220 itaque
1269 2147 1513 2202 scientia
1537 2148 1971 2219 comparatione

321 2242 530 2294 nostra:
560 2237 817 2294 scientia}
862 2237 1028 2292 valde
1058 2236 1297 2291 dilatata
1329 2241 1434 2302 est,
1452 2237 1553 2291 sed
1586 2241 1776 2291 tamen
1811 2253 1966 2290 com-

319 2327 618 2400 paratione
647 2327 854 2382 divinae
878 2325 1120 2380 scientia
1149 2329 1414 2397 angusta.
1435 2325 1600 2380 Sicut
1627 2330 1684 2380 et
1715 2325 1823 2396 ipsi
1851 2324 1973 2378 illo-

323 2433 452 2472 rum
485 2415 728 2488 spiritus
758 2415 1191 2487 comparatione
1209 2415 1444 2486 quidem
1479 2419 1812 2469 nostrorum
1843 2431 1968 2469 cor-

323 2523 533 2578 porum
565 2505 808 2578 spiritus
839 2510 998 2572 sunt,
1033 2505 1132 2558 sed
1167 2505 1600 2575 comparatione
1649 2504 1865 2559 summi
1914 2508 1972 2558 et

325 2594 814 2667 incircumscripti
839 2593 1080 2666 spiritus
1104 2610 1331 2664 corpus.
1349 2595 1419 2648 Et
1438 2593 1751 2648 mittuntur
1770 2593 1967 2664 igitur,

324 2684 682 2740 etassistunt
705 2700 717 2737 :
743 2683 882 2754 quia
901 2687 958 2738 et
981 2699 1082 2754 per
1105 2682 1210 2736 hoc
1223 2683 1378 2752 quod
1391 2681 1974 2753 circumscriptisunt

326 2777 561 2841 exeunt,
595 2776 651 2828 et
698 2789 800 2844 per
847 2771 956 2826 hoc
1007 2771 1161 2842 quod
1202 2770 1362 2826 intus
1393 2787 1626 2842 quoque
1656 2775 1970 2843 praesentes

324 2865 484 2928 sunt,
503 2875 806 2932 nunquam
851 2859 1149 2914 recedunt.
1187 2881 1214 2907 ι)
1255 2859 1594 2914 Poteramus
1640 2859 1875 2931 quidem
1916 2861 1974 2914 et

323 2949 494 3023 plura
515 2947 782 3020 exempla
801 2948 1104 3021 ponere,in
1123 2948 1340 3020 quibus
1362 2947 1549 3004 sancti
1574 2948 1763 3003 Patrts
1783 2947 1973 3004 solent

321 3039 660 3112 angelorum
684 3037 927 3110 spiritus
944 3054 1186 3108 corpora
1211 3037 1512 3092 nominare
1539 3053 1550 3090 :
1577 3037 1676 3092 sed
1701 3034 1970 3090 brevitati

321 3129 623 3184 studentes
653 3128 725 3182 de
755 3127 850 3182 his
881 3127 1219 3182 studuimus
1250 3127 1507 3196 rejicere,
1531 3127 1672 3180 dum
1697 3125 1816 3180 hzec
1849 3123 1972 3180 sola

321 3219 600 3289 putamus
631 3215 918 3270 sufﬁcere.
1852 3217 1869 3230 ‘

983 3346 1215 3403 CAPUT
1261 3349 1324 3400 V.

363 3477 552 3534 Utrum
579 3481 784 3530 natura
813 3474 1023 3529 anima?
1051 3473 1314 3527 terminos
1354 3470 1658 3542 corporales
1704 3469 1942 3525 excedat.

396 3599 616 3656 Deinde
645 3598 849 3654 ordine
873 3615 980 3653 suo
1003 3597 1246 3668 ponitur
1268 3595 1627 3668 capitulum:
1655 3595 1861 3650 Utrum
1888 3612 1984 3650 na-

325 3696 458 3746 tura
479 3690 686 3746 animae
707 3687 989 3743 terminos
1011 3685 1340 3757 corporales
1374 3685 1633 3740 excedat.
1669 3684 1732 3738 In
1777 3701 1894 3756 qua
1922 3701 1982 3740 re

324 3798 538 3854 anceps
559 3783 758 3835 noster
784 3775 1026 3831 flu'ctuat
1044 3773 1398 3842 intellectus,
1422 3789 1570 3844 quos
1594 3772 1876 3828 terminos
1899 3772 1983 3827 di-

323 3887 451 3926 cere
470 3868 605 3925 velit
633 3864 962 3938 corporales
985 3880 998 3919 :
1027 3866 1296 3918 utrumve
1318 3861 1459 3915 istos
1481 3861 1698 3933 quibus
1730 3861 1979 3916 circum-

323 3959 461 4013 data
487 3953 893 4024 est,membris
929 3950 1151 4008 scilicet
1172 3948 1526 4018 carnalibus,
1544 3967 1614 4004 an
1639 3951 1835 4005 omnia
1855 3968 1978 4007 cor-

321 4064 484 4120 pora,
523 4048 589 4101 ut
609 4047 748 4102 sunt
773 4041 1007 4110 coelum,
1048 4044 1105 4094 et
1125 4043 1298 4108 terra,
1329 4044 1386 4093 et
1413 4055 1540 4109 quae
1563 4037 1656 4094 his
1677 4039 1980 4095 continen-

329 4137 522 4202 Lur.Sc
547 4134 658 4191 dad
674 4137 991 4202 utrumque
1010 4128 1430 4200 respondemus
1451 4144 1554 4200 pro
1568 4133 1741 4200 captu
1757 4133 1977 4184 nostro.

323 4228 542 4284 Anima
564 4238 822 4294 namque
851 4217 1136 4275 terminos
1159 4215 1418 4288 corporis
1444 4217 1534 4271 sui
1567 4217 1809 4284 excedit,
1842 4217 1984 4272 dum

325 4315 564 4388 longius
597 4328 700 4386 per
729 4309 932 4367 oculos
963 4305 1224 4380 corporis
1253 4305 1430 4374 videt,
1445 4322 1622 4377 quam
1646 4305 1842 4378 ipsum
1864 4323 1984 4362 cor-

321 4423 432 4480 pus
465 4401 774 4478 spatiatur,
806 4397 1041 4471 longius
1087 4395 1275 4460 audit,
1306 4392 1548 4466 longius
1597 4395 1894 4462 odoratur,
1927 4399 1984 4452 et

319 4499 482 4550 extra
510 4509 571 4549 se
601 4493 821 4545 tactum
845 4484 1276 4558 porrigit.Dum
1301 4497 1441 4554 ergo
1464 4481 1572 4538 hos
1596 4499 1807 4538 sensus
1827 4483 1982 4539 ultra

319 4596 532 4652 corpus
560 4575 835 4642 extendit,
850 4579 907 4631 et
935 4574 1030 4630 his
1052 4571 1369 4644 aliquando
1393 4574 1496 4626 aut
1517 4570 1841 4626 delectatur
1857 4571 1977 4644 pla-
2002 4585 2049 4648 D

319 4669 474 4736 citis,
503 4671 604 4722 aut
654 4669 960 4738 asperatur
1005 4659 1274 4734 ingratis,
1308 4659 1688 4715 manifestum
1719 4663 1809 4715 est
1838 4675 1964 4716 eam

317 4760 426 4815 hos
452 4755 728 4812 terminos
750 4751 1082 4824 corporales
1103 4749 1396 4805 excedere.
1421 4749 1482 4803 Si
1505 4753 1698 4804 autem
1721 4750 1792 4804 de
1807 4750 1967 4806 omni

319 4862 558 4918 corpore
589 4843 888 4916 quaeritur,
923 4846 1122 4896 utrum
1157 4839 1378 4893 scilicet
1408 4837 1607 4893 omnia
1645 4839 1968 4910 corporalia

315 4936 572 5004 excedat,
598 4931 975 4988 manifestum
997 4933 1085 4984 est
1108 4928 1226 4982 haec
1247 4945 1362 4981 non
1384 4943 1486 4998 per
1519 4943 1728 4982 sensus
1757 4945 1965 5000 corpo-

314 5027 396 5083 ris
425 5023 538 5082 sibi
565 5019 998 5094 subjectos,sed
1027 5034 1128 5088 per
1149 5033 1287 5072 suos
1312 5031 1482 5087 agere
1506 5016 1796 5087 proprios,
1819 5017 1968 5088 cogi-

313 5115 532 5172 Latione
563 5105 1104 5175 scilicet,memoria
1133 5107 1190 5160 et
1217 5105 1574 5174 conjectura.
1592 5103 1735 5159 Hinc
1759 5103 1967 5160 beatus

311 5201 658 5260 Ambrosius
689 5197 770 5255 ait
812 5195 938 5264 (lib.
970 5211 1026 5250 v1
1057 5194 1342 5249 "amanter.
1376 5208 1426 5246 c.
1461 5194 1515 5260 8)
1549 5208 1562 5246 :
1598 5215 1625 5242 ‹‹
1662 5193 1787 5247 Non
1828 5209 1964 5266 ergo

312 5311 447 5352 caro
477 5294 670 5365 potest
689 5304 818 5344 esse
849 5287 920 5341 ad
955 5283 1272 5357 imaginem
1295 5281 1526 5348 Dei,sed
1548 5281 1744 5337 anima
1764 5285 1966 5337 nostra

312 5401 440 5456 quae
471 5381 656 5438 libera
683 5379 866 5446 cst,et
897 5372 1126 5429 diffusis
1149 5369 1603 5443 cogitationibus
1624 5374 1798 5442 atque
1827 5387 1962 5426 con-

311 5471 462 5528 siliis
498 5471 615 5526 huc
663 5471 840 5540 atque
882 5463 1020 5520 illuc
1068 5464 1331 5534 vagatur,
1363 5475 1491 5530 quae
1539 5457 1962 5514 considerando

313 5563 539 5631 spectat
567 5557 786 5615 omnia.
813 5555 959 5610 Ecce
988 5567 1146 5607 nunc
1177 5565 1388 5605 sumus
1417 5546 1478 5600 in
1514 5545 1700 5614 Italia,
1729 5550 1786 5602 et
1813 5545 1962 5620 cogi-

311 5651 510 5708 tamus
540 5663 667 5722 quae
695 5645 768 5702 ad
817 5639 1140 5702 Orientales
1191 5642 1293 5698 aut
1343 5633 1739 5695 Occidentales
1768 5638 1961 5708 partes

2059 546 2118 600 in
2155 547 2386 602 Perside
2436 551 2578 601 sunt
2609 547 2933 614 constituti,
2968 552 3026 602 et
3080 547 3210 602 illos
3256 547 3527 603 videmus
3575 550 3702 620 quid

2063 639 2239 707 agant
2269 635 2324 690 in
2357 635 2647 690 Africa.Si
2680 652 2828 707 quos
2858 635 3122 708 cognitos
3154 635 3323 692 bonis
3359 636 3416 690 in
3451 640 3608 690 terra
3624 654 3708 692 su-

2061 723 2328 795 sceperit,
2364 723 2670 796 sequimur
2699 725 3152 795 proﬁciscentes,
3170 723 3526 780 inhaeremus
3556 741 3706 796 pere-

2062 813 2454 886 grinantibus,
2486 812 2833 884 copulamur
2861 813 3225 882 absentibus,
3251 812 3616 886 alloquimur
3632 831 3704 870 se-

2065 904 2318 974 paratos.
2353 901 2667 956 Defunctos
2694 919 2924 974 quoque
2955 903 3026 957 ad
3059 901 3417 974 colloquium
3462 903 3705 958 suscita-

2066 1007 2220 1056 mus,
2239 1007 2453 1062 eosque
2485 994 2551 1046 ut
2578 991 2834 1046 viventes
2865 989 3310 1063 complectimur
3335 995 3393 1046 et
3421 996 3707 1059 tenemus,

2065 1084 2123 1134 et
2152 1080 2281 1134 vita:
2301 1079 2605 1134 ofﬁciahis
2629 1095 2924 1150 usumque
2941 1079 3286 1135 deferimus.
3304 1081 3385 1135 Ea
3421 1079 3604 1152 igitur
3639 1086 3715 1137 est

2067 1169 2138 1223 ad
2171 1167 2488 1240 imaginem
2511 1169 2775 1240 Dci,quze
2807 1185 2923 1224 non
2955 1185 3244 1240 corporea
3273 1169 3713 1240 aestimatur,sed

2068 1257 2283 1313 mentis
2301 1256 2496 1329 vigore
2519 1275 2644 1329 qum
2678 1258 2950 1313 absentes
2979 1257 3156 1325 videt,
3177 1258 3572 1314 transmarina
3597 1259 3714 1314 visu

2069 1345 2209 1414 obit,
2243 1347 2524 1417 percurrit
2557 1352 2816 1418 aspectu,
2841 1351 3140 1402 scrutatur
3159 1347 3379 1413 abdita,
3405 1347 3522 1402 huc
3551 1353 3714 1420 atque

2067 1435 2213 1491 illud
2239 1453 2354 1492 uno
2377 1441 2676 1492 momento
2689 1453 2901 1492 sensus
2923 1451 3064 1491 suos
3084 1452 3188 1508 per
3200 1435 3380 1492 totius
3399 1437 3557 1493 orbis
3579 1438 3712 1494 ﬁnes

2071 1529 2126 1580 et
2157 1525 2364 1580 mundi
2411 1530 2636 1580 secreta
2681 1525 3038 1580 circumfert.
3076 1527 3208 1592 Qua:
3260 1525 3406 1588 Deo_
3419 1526 3710 1600 jungitur,

2073 1613 2302 1669 Christo
2353 1613 2692 1670 adhaereret.
2723 1613 3035 1670 Descendit
3091 1615 3151 1669 in
3199 1614 3520 1686 infernum,
3552 1620 3711 1688 atque

2075 1703 2356 1771 ascendit,
2391 1703 2573 1759 libera
2591 1708 2858 1760 versatur
2885 1703 2944 1758 in
2977 1701 3141 1759 cmlo.
3175 1703 3438 1775 Denique
3472 1704 3608 1759 audi
3637 1703 3710 1760 di-

2075 1797 2302 1848 centem
2329 1809 2340 1846 :
2367 1793 2561 1848 Nostra
2587 1801 2767 1848 autem
2787 1795 3120 1849 conversatio
3143 1795 3201 1848 in
3216 1793 3366 1848 caelis
3395 1801 3476 1849 est
3491 1795 3708 1866 (Philip.

2083 1899 2166 1949 ιιι,
2189 1883 2339 1950 20).»
2359 1881 2728 1953 Augustinus
2758 1881 2819 1936 in
2851 1881 3096 1954 epistola
3127 1882 3200 1937 ad
3233 1881 3517 1938 Evodium
3549 1882 3709 1955 (epist.

2082 1971 2206 2038 100)
2237 1987 2249 2025 :
2286 1991 2313 2019 ‹‹
2345 1970 2612 2026 Visiones
2643 1975 2839 2026 autem
2875 1968 3006 2036 illis,
3039 1969 3491 2042 futurorumque
3517 1971 3712 2043 prsidi-

2077 2059 2300 2115 ctiones
2329 2059 2621 2132 quomodo
2656 2059 2820 2126 ﬁant,
2837 2057 2932 2114 ille
2969 2059 3097 2130 jam
3129 2057 3415 2131 explicare
3462 2064 3708 2127 conetur,

2078 2149 2179 2220 qui
2196 2148 2354 2203 novit
2373 2165 2490 2220 qua
2507 2147 2556 2203 vi
2581 2147 2912 2203 efﬁciantur
2930 2147 2990 2202 in
3015 2164 3368 2220 unoquoque
3389 2147 3586 2204 animo
3606 2152 3712 2202 tau-

2079 2243 2139 2292 ta
2169 2255 2304 2292 cum
2336 2237 2570 2310 cogitat.
2587 2237 2870 2292 Videmus
2895 2236 3072 2303 enim,
3095 2235 3385 2309 planeque
3406 2238 3706 2304 cernimus,

2080 2327 2138 2381 in
2170 2343 2238 2381 eo
2261 2327 2381 2380 ﬁeri
2407 2325 2728 2381 multarum
2751 2343 2945 2380 rerum
2966 2325 3376 2394 visibilium,et
3397 2327 3470 2382 ad
3491 2331 3710 2384 caterua

2078 2415 2336 2488 corporis
2354 2433 2564 2470 sensus
2586 2415 3025 2488 pertinentium,
3044 2414 3506 2472 innumerabiles
3526 2414 3712 2488 imagi-

2082 2523 2183 2560 nes
2200 2523 2212 2559 :
2229 2523 2356 2577 qua:
2371 2523 2482 2560 non
2501 2505 2740 2560 interest
2753 2521 2930 2576 quam
2943 2504 3206 2560 ordinate
3219 2505 3306 2560 vel
3320 2504 3549 2561 turbide
3563 2505 3707 2572 ﬁant,

2079 2594 2177 2650 sed
2213 2597 2438 2648 tantum
2471 2593 2610 2666 quia
2631 2593 2970 2665 ﬁunt,quod
2993 2593 3372 2649 manifestum
3403 2599 3638 2668 est,qua
3659 2593 3707 2648 vi

2077 2688 2134 2737 et
2164 2683 2455 2754 quomodo
2477 2683 2642 2749 ﬁant,
2673 2681 2944 2754 quisquis
2969 2683 3221 2754 potuerit
3251 2683 3560 2756 explicem,
3594 2700 3708 2755 qua

2079 2771 2277 2826 omnia
2296 2775 2447 2827 certe
2465 2771 2810 2843 quotidiana
2834 2775 2976 2827 sunt
2993 2775 3170 2843 atque
3199 2771 3499 2841 continua,
3518 2773 3709 2828 audeat

2079 2877 2429 2932 prazsumere
2458 2859 2680 2932 aliquid
2702 2876 2768 2914 ac
2799 2859 3243 2926 deﬁnire,etiam
3265 2861 3338 2916 de
3359 2859 3476 2917 illis
3497 2859 3705 2916 rarissi-

2080 2949 2192 3005 mis
2211 2950 2372 3005 visis.
2399 2950 2517 3022 Ego
2539 2954 2737 3005 autem
2764 2953 2927 3004 tanto
2944 2947 3140 3004 minus
3163 2948 3272 3004 hoc
3293 2949 3705 3022 audeo,quanto

2081 3038 2277 3093 minus
2307 3037 2362 3092 id
2386 3053 2619 3110 quoque
2639 3036 2698 3090 in
2725 3035 2916 3102 nobis,
2935 3035 3090 3107 quod
3127 3035 3244 3090 vita
3275 3035 3552 3092 continua
3577 3035 3706 3108 vigi-

2079 3127 2266 3182 lantes
2296 3126 2770 3198 dormientesque
2799 3124 3152 3197 experimur,
3166 3141 3281 3196 quo
3311 3128 3482 3197 pacto
3515 3125 3612 3180 ﬁat
3632 3139 3710 3178 ex-

2001 3205 2045 3271 C
2083 3216 2296 3289 plicare
2327 3215 2574 3272 sufﬁcio.
2593 3215 2739 3270 Nam
2769 3231 2905 3270 cum
2936 3213 3009 3269 ad
3041 3217 3105 3269 te
3125 3212 3406 3270 dictarem
3439 3213 3585 3270 hanc
3603 3211 3710 3285 epi-

2093 3303 2389 3373 stolam,te
2409 3305 2603 3378 ipsum
2625 3303 2820 3360 animo
2842 3301 3241 3370 contuebar,te
3261 3302 3464 3374 utique
3493 3301 3710 3357 absente

2092 3398 2266 3466 atque
2293 3393 2604 3462 nesciente,
2619 3397 2678 3448 et
2707 3391 2998 3465 quomodo
3027 3389 3220 3462 possis
3249 3390 3343 3447 his
3384 3389 3572 3446 verbis
3601 3405 3708 3444 mo-

2089 3483 2562 3553 veri,secundum
2579 3481 2845 3538 notitiam
2869 3497 2996 3552 qua:
3019 3477 3164 3534 mihi
3185 3479 3257 3534 de
3277 3483 3332 3535 te
3355 3478 3510 3534 inest
3529 3476 3711 3550 imagi-

2093 3573 2275 3628 nabar
2300 3589 2313 3628 ε
2339 3577 2513 3644 atque
2533 3571 2590 3626 id
2613 3586 2871 3643 quonam
2892 3567 3064 3624 modo
3085 3568 3146 3623 in
3166 3568 3364 3622 animo
3401 3583 3526 3622 meo
3550 3565 3706 3632 ﬁeret,

2089 3678 2294 3734 capere
2343 3679 2408 3716 ac
2457 3659 2804 3732 investigare
2837 3675 2952 3713 non
2983 3659 3266 3730 poteram,
3299 3660 3494 3712 certus
3539 3658 3706 3710 tamen

2091 3768 2205 3805 non
2240 3751 2362 3806 ﬁeri
2396 3747 2688 3822 corporeis
2719 3745 2993 3816 molibus,
3031 3761 3136 3802 nec
3165 3744 3461 3817 corporeis
3489 3740 3706 3816 qualita-

2088 3839 2268 3904 tibus,
2311 3856 2446 3894 cum
2477 3837 2703 3910 corpori
2734 3835 3106 3892 simillimum
3157 3834 3279 3890 ﬁat.
3313 3855 3343 3884 »
3377 3833 3458 3888 Ex
3495 3831 3705 3886 librae:

2089 3927 2333 3984 Civitate
2364 3927 2467 3982 Dei
2498 3927 2725 3982 decimo
2757 3924 2961 3997 quinto
2993 3941 3006 3978 :
3045 3945 3074 3973 (ι
3107 3921 3252 3978 Fieri
3284 3921 3402 3978 ista
3427 3921 3485 3976 in
3516 3918 3702 3986 animo,

2086 4016 2174 4072 vel
2209 4017 2280 4073 ab
2313 4016 2508 4072 animo
2541 4017 2739 4071 nostro
2771 4013 3060 4080 novimus,
3083 4015 3142 4067 et
3169 4009 3483 4066 certissimi
3503 4022 3702 4066 sumus.

2089 4105 2389 4172 Quomodo
2419 4109 2615 4162 autem
2649 4103 3056 4173 ﬁant,quanto
3077 4097 3361 4156 attentius
3377 4097 3705 4154 valuerimus

2089 4195 2582 4261 advertere,tanto
2615 4191 2802 4264 magis
2834 4193 3036 4246 noster
3067 4193 3126 4244 et
3156 4204 3350 4244 sermo
3382 4180 3706 4248 succumbit,

2088 4287 2145 4338 ct
2164 4282 2294 4355 ipsa
2312 4299 2426 4338 non
2448 4261 3006 4354 perdurat—intentio,
3025 4280 3090 4333 ut
3109 4277 3180 4332 ad
3202 4274 3496 4347 liquidum
3513 4267 3704 4344 aliquid

2089 4377 2290 4428 nostra
2317 4369 2704 4444 intelligentia
2731 4367 2841 4426 etsi
2885 4383 3001 4423 non
3051 4365 3254 4438 lingua
3304 4361 3709 4438 perveniatzet

2088 4465 2366 4534 putamus
2399 4477 2525 4530 nos,
2547 4463 2747 4515 utrum
2768 4457 2870 4513 Dei
2897 4454 3257 4529 providentia
3276 4454 3482 4510 eadem
3513 4451 3707 4522 sitque

2089 4549 2390 4617 memoria,
2405 4553 2463 4604 et
2492 4544 3008 4621 intelligentia,qui
3031 4559 3150 4598 non
3171 4541 3411 4616 singula
3431 4535 3710 4615 cogitando

2080 4639 2415 4712 aspicit,sed
2440 4655 2560 4694 una
2587 4641 2646 4693 et
2673 4633 2976 4701 teternaﬁn
2999 4630 3358 4688 immutabili
3391 4635 3564 4704 atque
3590 4622 3710 4682 inaf-

2077 4729 2238 4784 fabili
2269 4727 2490 4784 visione
2521 4723 2928 4798 complectitur
2957 4724 3168 4778 cuncta
3197 4736 3326 4792 qua
3358 4717 3538 4784 novit,
3566 4715 3706 4772 tanta

2077 4819 2290 4876 mentis
2337 4815 2676 4872 inﬁrmitate
2730 4829 2902 4886 posse
2947 4807 3493 4883 comprehendere?
3522 4807 3580 4862 In
3615 4803 3706 4856 hac

2075 4907 2255 4982 igitur
2283 4904 2630 4962 difﬁcultate
2661 4907 2717 4958 et
2763 4899 3056 4974 angustiis
3110 4897 3252 4953 libet
3289 4895 3607 4952 exclamem
3641 4886 3702 4944 ad

2077 4998 2262 5052 Deum
2293 4996 2489 5052 vivum
2523 5010 2538 5048 :
2571 4993 2862 5063 Miriﬁcata
2891 4997 2974 5046 est
2999 4989 3232 5044 scicntia
3252 4994 3346 5040 tua
3369 5002 3438 5040 ea:
3464 4982 3706 5050 medum-

2077 5087 2182 5141 luit
2205 5094 2257 5141 et
2283 5101 2394 5141 non
2419 5091 2602 5156 potero
2633 5081 2702 5136 ad
2735 5081 2894 5136 illam
2923 5072 3479 5150 (Psal.cxxxvm,6).
3502 5071 3576 5126 Ex
3589 5080 3700 5156 imo.

2073 5174 2282 5248 inquit,
2303 5155 2562 5245 intelligo
2591 5185 2768 5243 quam
2791 5168 2868 5223 sit
2890 5164 3185 5222 mirabilis
3212 5166 3269 5218 et
3293 5155 3701 5231 incomprehen-

2074 5263 2264 5320 sibilis
2296 5261 2538 5318 scientia
2567 5265 2669 5315 tua
2697 5275 2816 5330 qua
2845 5273 2938 5312 me
2970 5253 3183 5322 fecisti,
3209 5249 3444 5325 quando
3473 5261 3571 5302 nec
3597 5255 3702 5298 me-

2073 5355 2270 5426 ipsum
2292 5348 2783 5424 comprehendere
2801 5345 2962 5402 valeo
2983 5358 3162 5416 quem
3196 5339 3385 5396 fecisti
3411 5355 3424 5394 :
3449 5340 3504 5392 et
3527 5338 3702 5390 tamen

2071 5443 2130 5498 in
2189 5439 2567 5498 meditatione
2624 5453 2755 5493 mea
2783 5432 3107 5492 exardescit
3134 5427 3318 5504 ignis,
3349 5431 3415 5484 ut
3469 5429 3701 5499 quaram

2072 5532 2280 5590 faciem
2307 5534 2470 5588 tuam
2503 5543 2751 5601 semper.
2785 5547 2814 5578 »
