3934 6182
309 331 429 409 943'

1087 343 1474 405 HINCMAHI
1524 342 1762 404 RHEM.
1812 341 2178 402 ARCHIEP.
2226 342 2636 404 OPUSCULA
2687 341 2948 401 VARIA.

3593 340 3700 401 9M

301 480 431 551 ejus
461 477 868 551 inquietudine
897 475 1298 531 molestiarum
1322 474 1491 546 quasi
1517 490 1793 530 conversa
1814 472 1952 528 allo-
1979 475 2032 539 Α
2063 466 2457 544 promittendo
2493 472 2608 527 illis
2644 489 2656 528 :
2691 473 2798 542 Qui
2835 473 3024 540 diligit
3066 488 3156 526 me
3201 471 3466 540 diligetur
3495 487 3528 527 a
3553 473 3702 529 Patre

303 569 506 641 quitur
535 585 549 623 :
586 568 794 634 Lauda,
817 569 1012 621 anima
1041 582 1181 631 mea,
1209 564 1668 636 Dominum,quid
1691 567 1780 618 est
1800 563 1953 634 quod

307 653 378 713 de
408 657 540 713 aliis
569 657 744 712 rebus
789 654 1050 727 satagis?
1081 653 1220 725 quid
1267 659 1356 708 est
1403 653 1557 726 quod
1607 657 1664 707 te
1712 656 1958 724 occupat

308 763 450 802 cura
479 761 674 802 rerum
705 747 1066 799 terrenarum
1100 745 1276 814 atque
1309 741 1650 798 mortalium
1671 741 1700 796 ?
1722 742 1824 796 Sta
1845 758 1960 796 me-

311 834 648 900 cum,lauda
677 831 1090 887 Dominum.Et
1117 830 1288 902 quasi
1319 831 1448 902 ipsa
1481 831 1678 886 anima
1709 846 1958 902 praegra-

311 926 461 989 vata,
495 927 553 976 et
581 937 696 976 non
725 919 927 975 valens
957 921 1039 974 ita
1087 919 1406 976 consistere
1457 923 1521 974 ut
1567 919 1812 991 dignum
1848 922 1957 985 est,

313 1009 625 1082 respondet
651 1008 832 1064 menti
858 1025 871 1062 :
899 1008 1078 1063 Laudo
1110 1009 1401 1063 Dominum
1430 1009 1490 1063 in
1521 1009 1633 1063 vita
1661 1006 1959 1073 mea.Quid

313 1103 404 1154 est
431 1097 489 1154 in
518 1098 639 1153 vita
682 1096 854 1153 mea?
881 1097 1020 1169 quia
1069 1097 1242 1152 modo
1291 1097 1350 1151 in
1399 1101 1586 1153 morte
1632 1113 1763 1151 mea
1803 1113 1958 1150 sum.

315 1188 464 1260 Ergo
489 1185 652 1258 prius
683 1185 987 1242 exhortare
1017 1191 1094 1251 te,
1127 1188 1185 1240 et
1211 1185 1342 1240 dic:
1373 1186 1572 1254 Lauda,
1607 1188 1792 1241 anima
1821 1201 1960 1256 mea,

317 1275 976 1350 DominumJlespondet
1006 1274 1111 1330 tibi
1141 1275 1340 1330 anima
1371 1279 1469 1330 tua
1500 1293 1512 1330 :
1549 1277 1746 1332 Laudo
1777 1293 1962 1348 quan-

317 1368 444 1418 tum
496 1380 759 1435 possum,
791 1362 1064 1430 tenuiter,
1099 1362 1340 1428 exiliter,
1373 1363 1701 1420 infirmiter.
1735 1363 1966 1430 Quare?

315 1451 455 1523 quia
503 1451 764 1524 quandiu
815 1469 1023 1507 sumus
1071 1451 1130 1506 in
1173 1469 1430 1524 corpore,
1465 1452 1970 1525 peregrinamura

317 1540 586 1596 Domino.
619 1543 806 1608 Quare
837 1540 920 1596 sic
951 1541 1158 1597 laudas
1193 1540 1525 1610 Dominum,
1547 1559 1660 1598 non
1695 1543 1964 1616 perfecte,

2066 577 2202 629 meo,
2235 568 2286 618 et
2311 577 2407 630 ego
2439 561 2672 630 diligam
2703 579 2847 628 eum,
2877 569 2930 616 et
2955 560 3318 632 manifesta-bo
3349 562 3606 631 meipsum
3626 562 3706 616 illi

2069 649 2251 720 (Joan.
2287 669 2399 717 xlv,
2432 651 2544 720 21).
2580 651 2649 705 Et
2681 667 2792 704 non
2827 649 3019 704 solum
3052 667 3135 716 se,
3156 650 3255 704 sed
3287 650 3464 704 etiam
3499 648 3702 704 Patrem

2067 742 2124 793 et
2154 737 2436 810 Spiritum
2471 744 2760 807 sanctum,
2785 737 3233 810 inseparabilem
3259 737 3484 792 scilicet
3505 737 3704 792 trinum

2068 827 2275 889 Deum,
2313 827 2691 884 dilectoribus
2723 828 2847 882 suis
2878 827 3168 899 promittit
3197 827 3566 892 adfuturum,
3587 843 3704 881 cum

2069 916 2250 971 dicit:
2279 918 2386 985 Qui
2423 917 2610 989 diligit
2657 935 2760 986 me,
2809 933 3114 973 sermonem
3156 933 3340 972 meum
3386 917 3639 982 servabit,
3667 925 3710 972 et

2070 1006 2236 1061 Pater
2261 1023 2412 1062 meus
2439 1007 2632 1078 diliget
2659 1024 2804 1072 cum,
2835 1012 2888 1062 ct
2911 1009 2980 1062 ad
3009 1024 3133 1062 eum
3163 1008 3461 1072 veniemus,
3491 1014 3548 1061 et
3574 1023 3709 1062 man-

2069 1096 2278 1150 sionem
2309 1095 2454 1168 apud
2483 1113 2606 1152 eum
2635 1099 2901 1168 faciemus
2934 1095 3116 1168 (ibid.,
3149 1096 3262 1168 23).
3296 1095 3408 1152 Sed
3435 1099 3493 1150 et
3517 1095 3586 1151 de
3605 1093 3712 1168 Spi-

2073 1183 2188 1240 ritu
2232 1189 2433 1241 sancto
2484 1184 2774 1256 promittit
2822 1185 2977 1257 quod
3027 1185 3181 1256 apud
3233 1201 3332 1240 eos
3380 1187 3632 1248 maneat,
3661 1187 3710 1239 et

2073 1276 2132 1332 in
2163 1273 2247 1330 eis
2275 1275 2370 1330 sit.
2405 1274 2513 1329 Sed
2547 1273 2668 1328 haec
2698 1272 2840 1328 visio
2875 1277 3070 1328 utrum
3117 1290 3218 1346 per
3265 1273 3466 1329 oculos
3520 1289 3710 1344 corpo-

2074 1380 2204 1420 reos
2231 1364 2352 1430 ﬁat,
2383 1379 2456 1417 an
2489 1361 2880 1434 incorporeos,
2915 1362 3099 1418 multo
3131 1363 3377 1435 quiesitu
3413 1361 3709 1436 investiga-

2075 1457 2202 1508 tum
2234 1456 2406 1520 est,et
2435 1468 2468 1506 a
2497 1451 2716 1506 sanctis
2749 1450 3020 1508 Patribus
3049 1468 3142 1508 res
3167 1457 3431 1520 tanta,eo
3464 1453 3619 1524 quod
3647 1451 3710 1507 sit

2076 1541 2517 1610 obscurissima,
2551 1541 2810 1596 maxima
2837 1541 3232 1613 disputatione
3263 1540 3714 1614 pulsata.Dicen-

319 1645 434 1684 non
481 1627 810 1684 stabiliter?
860 1629 1159 1703 Interroga
1205 1629 1587 1702 Scripturam,
1627 1631 1726 1702 qui
1777 1647 1970 1703 corpus
2079 1631 2238 1686 tibus
2269 1629 2421 1696 aliis,
2455 1631 2610 1702 quod
2642 1629 2796 1686 Deus
2826 1629 3137 1686 invisibilis
3167 1647 3281 1686 non
3315 1633 3515 1702 posset
3549 1629 3710 1685 videri

319 1717 460 1790 quod
484 1711 856 1790 corrumpitur
883 1727 1148 1790 aggravat
1181 1721 1446 1788 animam,
1479 1728 1530 1774 et
1555 1719 1815 1792 deprimit
1861 1729 1970 1776 ter—

2081 1736 2182 1792 per
2239 1723 2569 1774 creaturam
2625 1719 2917 1775 visibilem
2978 1723 3154 1792 atque
3209 1717 3712 1791 corporeamzsed

319 1821 454 1862 rena
518 1807 846 1862 inhabitatio
910 1823 1132 1862 sensum
1194 1809 1371 1862 multa
1435 1811 1763 1877 cogitantem
1818 1809 1966 1883 (Sap.
1999 1844 2048 1910 Β
2081 1809 2233 1880 quod
2263 1807 2576 1880 Apostolus
2609 1808 2751 1864 dicit
2781 1825 2794 1862 :
2827 1808 2984 1890 Nunc
3007 1824 3107 1880 per
3150 1809 3432 1880 speculum
3462 1811 3524 1864 in
3555 1811 3712 1879 anig-

321 1910 398 1962 Ix,
434 1895 542 1965 15).
577 1893 738 1950 Tolle
768 1893 911 1950 mihi
943 1911 1156 1968 corpus
1181 1895 1334 1966 quod
1367 1901 1645 1972 aggravet
1687 1899 1970 1965 animam,

321 1987 380 2039 et
409 1982 583 2040 laudo
617 1984 952 2041 Dominum.
978 1984 1138 2041 Tolle
1168 1985 1316 2040 mihi
1347 1989 1640 2042 terrenam
1670 1986 1975 2043 habitatio-

323 2089 457 2128 nem
489 2073 912 2145 deprimentem
959 2090 1200 2130 sensum
1233 2073 1420 2130 multa
1449 2075 1826 2148 cogitantem,
1855 2081 1911 2132 et
1940 2094 1972 2133 a

324 2159 528 2216 multis
557 2161 616 2215 in
659 2178 843 2216 unum
892 2163 1184 2218 conﬂuam
1235 2165 1299 2216 ut
1349 2162 1584 2220 laudem
1634 2165 1971 2220 Dominum.

325 2247 615 2314 Quamdiu
647 2254 843 2305 autem
875 2251 956 2306 ita
987 2267 1142 2322 sum,
1175 2268 1290 2306 non
1329 2269 1591 2323 possum,
1626 2269 1972 2325 prmgravor.

325 2336 475 2402 Quid
494 2337 685 2426 ergo?
721 2337 942 2407 silebis,
973 2343 1030 2394 et
1059 2357 1174 2396 non
1206 2339 1475 2396 laudabis
1507 2341 1760 2426 perfecte
1778 2343 1974 2398 Domi-

327 2425 515 2481 num?
547 2427 796 2482 Laubabo
824 2429 1113 2484 Dominum
1146 2431 1207 2483 in
1229 2429 1340 2484 vita
1365 2445 1504 2485 mea.
1539 2452 1566 2481 »

943 2562 1175 2619 CAPUT
1212 2563 1360 2620 VIII.

332 2669 522 2725 Utrum
549 2669 856 2724 substantia
883 2669 1193 2748 divinitatis
1221 2674 1600 2748 corporalibus
1642 2677 1815 2731 oculis
1860 2686 1977 2748 post

623 2744 1074 2796 resurrectionem
1099 2759 1388 2814 corporum
1411 2745 1682 2800 videatur.

405 2873 686 2930 Octavum
716 2874 1060 2948 capitulum,
1093 2877 1249 2948 quod
1283 2882 1340 2934 et
1371 2878 1644 2934 ultimum
1677 2882 1980 2955 est,requi-

331 2959 427 3030 rit,
457 2965 655 3018 utrum
684 2964 1014 3020 substantia
1033 2963 1353 3022 divinitatis
1373 2967 1774 3040 corporalibus
1793 2970 1978 3026 oculis

329 3055 462 3122 post
481 3052 964 3110 resurrectionem
985 3041 1294 3127 corporum
1314 3054 1840 3115 videatur.Scimus
1855 3059 1980 3132 qui-

330 3141 464 3196 dem
497 3146 833 3198 sanctorum
865 3143 1153 3200 desideria
1182 3144 1243 3198 in
1275 3143 1382 3198 hac
1410 3144 1529 3200 vita
1558 3147 1882 3218 positorum
1905 3151 1976 3206 ad

330 3227 440 3284 hoc
452 3229 825 3302 potissimum
840 3231 1400 3299 anhelare,utDeum
1414 3239 1748 3291 mereantur
1761 3236 1973 3296 videre.
2013 3211 2058 3280 α

327 3316 400 3372 Et
428 3317 538 3373 hoc
567 3322 755 3374 totum
797 3324 905 3388 est,
935 3324 1170 3392 propter
1214 3322 1369 3392 quod
1421 3321 1514 3376 hic
1561 3340 1796 3380 carnem
1845 3344 1976 3384 ma-

329 3409 530 3460 cerant
549 3406 795 3478 jejuniis
825 3410 882 3462 et
911 3407 1146 3480 vigiliis,
1179 3407 1428 3482 aliisque
1465 3410 1850 3470 afﬂictionum
1876 3433 1974 3490 ge-

329 3493 750 3564 neribus,sicut
762 3495 978 3553 Paulus
997 3497 1297 3570 apostolus
1317 3497 1486 3567 dicit;
1505 3505 1743 3574 propter
1753 3505 1906 3576 quod
1919 3510 1976 3562 et

327 3581 724 3640 emolumenta
753 3589 964 3642 cuncta
993 3591 1374 3644 contemnant
1405 3590 1768 3663 temporalia,
1789 3611 1973 3667 quan-

329 3674 456 3726 tum
489 3671 612 3728 fieri
641 3679 869 3745 potest:
894 3679 950 3730 et
979 3675 1028 3730 si
1061 3674 1378 3732 necessitas
1407 3679 1681 3751 exegerit,
1713 3681 1887 3738 etiam
1917 3687 1974 3740 et

329 3775 542 3833 corpus
573 3779 748 3817 suum
777 3761 1135 3819 multimoda:
1161 3765 1402 3819 tradunt
1431 3767 1710 3837 passioni.
1741 3770 1810 3824 Et
1836 3771 1973 3843 quia

327 3847 424 3902 hic
449 3849 644 3920 positi,
679 3849 736 3904 id
767 3855 858 3906 est
885 3851 1080 3906 carnis
1109 3868 1282 3907 onere
1326 3856 1692 3925 przegravati,
1722 3873 1857 3914 eum
1887 3859 1968 3916 vi-

326 3935 462 3992 dere
491 3942 808 4009 nequeunt,
832 3937 986 3994 sicut
1014 3938 1298 3997 Dominus
1329 3941 1510 4015 Moysi
1543 3945 1661 4001 ait:
1684 3947 1802 4002 Non
1821 3952 1972 4007 enim

323 4024 528 4112 videbit
553 4042 640 4082 me
667 4027 844 4100 homo,
877 4036 928 4084 et
954 4031 1096 4084 vivet
1121 4029 1512 4100 (Exodxxxm,
1545 4033 1657 4104 30),
1691 4041 1969 4112 satagunt

323 4111 420 4172 hic
439 4117 616 4173 corda
637 4118 921 4174 mundare
941 4121 998 4174 et
1017 4123 1303 4192 quantum
1325 4137 1496 4192 posse
1509 4125 1598 4178 est
1609 4124 1680 4179 ad
1694 4123 1802 4181 hoc
1814 4111 1970 4198 puri-

321 4203 516 4274 ﬁcare,
549 4210 615 4262 ut
644 4207 716 4262 ad
748 4206 934 4278 ipsius
953 4206 1236 4264 visionem
1259 4215 1597 4266 mereantur
1616 4213 1964 4288 pertingere,

320 4292 415 4350 hic
444 4294 680 4352 interim
705 4313 810 4368 per
838 4296 1142 4370 speculum
1166 4298 1224 4354 in
1247 4299 1650 4373 aenigmate,et
1669 4307 1800 4375 post
1821 4305 1965 4362 facie

318 4383 388 4440 ad
421 4383 649 4453 faciem,
673 4385 932 4442 dicentes
963 4392 1073 4442 Deo
1103 4387 1330 4444 intimis
1360 4389 1632 4462 suspiriis
1668 4409 1680 4446 :
1715 4394 1962 4465 Domine,

316 4472 492 4529 dilexi
517 4474 761 4531 decorem
791 4475 980 4531 domus
1009 4485 1141 4545 tum,
1170 4478 1348 4532 locum
1386 4478 1739 4536 habitationis
1767 4483 1966 4551 gloriae

2083 1905 2244 1966 male,
2295 1905 2424 1952 tunc
2470 1907 2653 1954 autem
2696 1899 2839 1968 facie
2885 1897 2956 1952 ad
3002 1899 3200 1969 faciem
3240 1898 3290 1968 (I
3312 1898 3434 1954 Cor.
3463 1915 3592 1962 xm,
3622 1897 3710 1968 12).

2041 2015 2057 2023 ι
2083 1985 2192 2041 hoc
2224 1985 2301 2042 sit
2330 1987 2484 2059 quod
2517 1987 2600 2042 ait
2632 2005 2645 2042 :
2678 1987 2835 2042 Nunc
2859 2002 3118 2056 cognosco
3156 2003 3226 2043 ea:
3267 1996 3446 2059 parte,
3474 1995 3608 2043 tunc
3628 2003 3714 2042 au-

2083 2083 2188 2131 tem
2211 2091 2524 2145 cognoscam
2553 2077 2695 2132 sicut
2721 2084 2774 2132 et
2797 2077 3044 2144 cognitus
3071 2093 3194 2132 sum
3223 2076 3426 2148 (ibid.).
3459 2076 3571 2132 Alii
3602 2092 3714 2132 vero

2084 2169 2355 2220 asserunt
2385 2181 2660 2237 congrue,
2687 2169 2752 2220 ut
2780 2165 3005 2238 corpori
3031 2165 3277 2238 spiritali
3296 2165 3356 2220 id
3379 2165 3714 2221 attribuatur

2085 2254 2449 2324 muneris,ut
2478 2254 2746 2326 quamvis
2769 2271 2980 2326 corpus
3005 2253 3244 2327 sit,quia
3265 2253 3514 2327 spiritali
3538 2259 3713 2310 tamen

2084 2343 2392 2416 praeditum
2452 2347 2542 2399 est
2586 2343 2890 2416 dignitate,
2940 2343 3126 2415 ipsam
3187 2343 3594 2416 Redemptoris
3635 2341 3713 2398 sui

2085 2436 2378 2488 mereatur
2397 2430 2644 2506 gloriam
2669 2431 3065 2504 contueri,pro
3086 2431 3256 2503 cujus
3278 2447 3476 2487 amore
3495 2448 3609 2486 non
3629 2431 3718 2484 du-

2085 2521 2290 2576 bitavit
2305 2522 2363 2576 in
2382 2522 2492 2577 hoc
2509 2519 2720 2578 sa-culo
2737 2520 2981 2577 diversis
3003 2519 3361 2577 cruciatibus
3384 2524 3560 2592 atque
3579 2518 3718 2576 labo-

2087 2609 2250 2665 ribus
2279 2610 2454 2666 al‘ﬁci.
2479 2610 2558 2666 De
2589 2627 2706 2683 qua
2735 2626 2795 2666 re
2813 2609 2990 2665 unius
3010 2609 3120 2665 hoc
3141 2614 3230 2665 est
3249 2608 3405 2666 beati
3420 2607 3713 2684 Augustini

2085 2701 2242 2756 dicta
2263 2699 2556 2772 ponimus,
2583 2699 2682 2772 qui
2705 2715 3125 2772 praecessorum
3147 2716 3389 2756 suorum
3413 2715 3620 2755 sensus
3638 2713 3715 2753 re-

2085 2789 2284 2863 legens
2315 2789 2455 2862 quid
2489 2790 2560 2844 de
2588 2789 2700 2845 hoc
2721 2789 2968 2845 senserit
2986 2789 3348 2845 videamus.«
3373 2789 3717 2860 Quapmpter

2085 2895 2220 2935 cum
2240 2895 2308 2934 ex
2327 2877 2639 2950 me,inquit
2657 2879 2900 2948 (lib.xxn
2916 2878 2982 2933 de
3002 2878 3162 2934 Civil.
3179 2879 3298 2943 Dei,
3326 2894 3448 2949 cap.
3469 2876 3545 2944 9),
3571 2891 3715 2948 quae—

2087 2967 2238 3024 ritur
2257 2965 2398 3040 quid
2422 2966 2608 3023 acturi
2637 2967 2756 3023 sint
2776 2966 2963 3022 sancti
2987 2966 3047 3022 in
3067 2965 3166 3022 illo
3187 2981 3428 3038 corpore
3460 2963 3712 3037 spiritali,

2087 3074 2203 3113 non
2231 3057 2359 3113 dico
2390 3055 2546 3128 quod
2571 3057 2697 3128 jam
2729 3055 2916 3126 video,
2947 3055 3048 3110 sed
3082 3053 3210 3110 dico
3239 3054 3396 3126 quod
3425 3053 3612 3122 credo,
3635 3068 3715 3108 se-

2085 3147 2345 3202 cundum
2377 3144 2520 3200 illud
2553 3145 2709 3217 quod
2740 3143 2800 3199 in
2832 3143 3062 3200 Psalmo
3087 3142 3216 3217 lego
3240 3159 3253 3198 :
3281 3141 3504 3198 Credidi
3516 3151 3717 3215 prcpter

2084 3234 2225 3308 quod
2256 3236 2463 3291 locutus
2499 3251 2622 3290 sum
2669 3235 2842 3307 (Psal.
2875 3250 3002 3300 cxv,
3038 3234 3110 3304 1).
3145 3231 3280 3288 Dico
3329 3231 3527 3304 itaque
3571 3228 3716 3303 quod

2083 3323 2264 3380 visuri
2295 3327 2434 3380 sunt
2457 3323 2643 3380 Deum
2674 3322 2734 3378 in
2765 3321 2892 3395 ipso
2922 3337 3182 3394 corpore.
3215 3321 3326 3377 Sed
3381 3325 3573 3383 utrum
3620 3334 3716 3390 per

2085 3412 2462 3486 ipsum,sieut
2492 3429 2594 3486 per
2623 3429 2835 3484 corpus
2885 3427 3043 3467 nunc
3090 3409 3358 3466 videmus
3405 3407 3713 3475 solem,lu-

2085 3519 2243 3572 nam,
2277 3501 2497 3571 stellas,
2530 3519 2711 3571 mare,
2743 3519 2811 3557 ac
2837 3505 3074 3568 terram,
3105 3503 3163 3555 et
3202 3515 3330 3572 qua;
3383 3503 3520 3555 sunt
3548 3497 3600 3553 in
3625 3513 3710 3566 ea,

2085 3610 2200 3648 non
2231 3609 2406 3666 parva
2426 3592 2668 3666 quaestio
2689 3595 2795 3647 est.
2820 3589 3046 3646 Durum
3066 3592 3157 3646 est
3178 3589 3335 3644 enim
3361 3584 3711 3658 dicere,quod

2084 3681 2267 3737 sancti
2298 3681 2438 3736 talia
2467 3697 2710 3753 corpora
2737 3683 2876 3734 tunc
2907 3678 3226 3746 habebunt,
3261 3681 3328 3732 ut
3357 3693 3472 3732 non
3503 3673 3712 3748 possint

2081 3770 2282 3826 oculos
2313 3769 2582 3826 claudere
2618 3774 2793 3842 atque
2823 3767 3047 3841 aperire
3079 3783 3210 3822 cum
3242 3765 3446 3822 volunt
3477 3783 3489 3822 :
3523 3761 3707 3820 durius

2079 3859 2462 3931 autem,quod
2491 3857 2570 3914 ibi
2595 3859 2781 3914 Deum
2803 3857 3073 3930 quisquis
3094 3855 3293 3911 oculos
3313 3853 3580 3912 clauserit
3597 3869 3700 3908 non

2077 3948 2380 4005 videbit.Si
2401 3949 2557 4004 enim
2572 3945 3106 4020 prophetaElisaius
3118 3961 3368 4019 puerum
3382 3961 3554 4001 suum
3565 3939 3700 3998 Giezi

2079 4038 2292 4094 absens
2313 4053 2550 4108 corpore
2569 4035 2711 4092 vidit
2731 4034 3110 4108 accipientem
3135 4049 3534 4106 munera,quae
3561 4027 3700 4088 dedit

2078 4127 2128 4182 ei
2144 4127 2402 4183 Naaman
2425 4127 2806 4198 Syrus,quem
2829 4125 3114 4198 prepheta
3133 4120 3694 4192 memoratusaleprai

2077 4215 2442 4272 deformitate
2455 4213 3022 4285 mundaverat,quod
3035 4229 3237 4269 servus
3261 4227 3513 4283 nequam
3535 4206 3696 4266 domi-

2076 4321 2151 4362 no
2173 4321 2279 4360 suo
2302 4321 2417 4359 non
2446 4301 2677 4357 vidente
2707 4301 2954 4357 latenter
2979 4317 3040 4356 se
3069 4300 3274 4357 fecisse
3307 4303 3604 4372 putaverat
3623 4295 3700 4370 (IV

2076 4395 2509 4468 Reg.v),quanto
2525 4390 2712 4464 magis
2725 4391 2782 4445 in
2799 4388 2898 4446 illo
2916 4407 3155 4462 corpore
3171 4389 3423 4462 spiritali
3445 4388 3696 4445 videbunt

2075 4485 2260 4540 sancti
2292 4483 2634 4549 omnia,non
2665 4478 2854 4536 solum
2888 4478 2938 4534 si
2969 4476 3170 4534 oculos
3201 4475 3502 4550 claudant,
3523 4489 3695 4534 verum

320 4570 434 4620 tum
460 4565 632 4633 (Psal.
664 4583 794 4634 xxv,
826 4568 901 4635 8).
927 4567 1187 4640 Itemque
1221 4585 1234 4623 :
1274 4569 1393 4624 Tibi
1437 4569 1582 4626 dixit
1624 4587 1716 4627 cor
1759 4589 1964 4644 meum,
1991 4581 2042 4648 Β
2068 4575 2244 4633 etiam
2260 4573 2812 4641 undesuntcorpore
2826 4567 3296 4625 absentes?Tunc
3310 4567 3470 4623 enim
3485 4564 3700 4636 eritper-

319 4653 616 4724 acquisivit
647 4661 697 4710 te
722 4655 892 4726 facies
917 4672 1058 4723 mea,
1087 4659 1290 4729 faciem
1314 4665 1483 4726 tuam,
1518 4662 1769 4730 Domine,
1783 4667 1968 4736 requi-

321 4758 462 4796 ram.
512 4741 588 4797 Ne
633 4751 842 4799 avertas
885 4746 1084 4816 faciem
1129 4754 1278 4802 tuam
1308 4765 1340 4804 a
1369 4764 1472 4815 me,
1512 4765 1582 4804 ne
1624 4748 1860 4807 declines
1907 4755 1969 4808 in

321 4834 409 4887 ira
440 4849 474 4886 a
501 4849 654 4888 servo
683 4841 776 4888 tuo
806 4834 977 4902 (Psal.
1009 4853 1160 4904 xxvr,
1193 4835 1268 4909 8).
1301 4836 1410 4891 Sed
1453 4839 1509 4892 et
1555 4837 1700 4893 illud
1734 4856 1749 4894 :
1782 4840 1971 4899 Sitivit

319 4923 507 4977 anima
535 4939 655 4976 mea
683 4921 753 4976 ad
781 4921 949 4976 Deum
983 4924 1184 4990 vivum,
1217 4925 1433 4994 quando
1466 4928 1679 4982 veniam
1717 4936 1768 4984 et
1796 4946 1965 5004 appa-

318 5012 442 5068 rebo
473 5020 599 5067 ante
633 5013 835 5083 faciem
877 5013 975 5066 Dei
1000 5014 1146 5067 mei?
1168 5015 1338 5084 (Psal.
1371 5032 1486 5080 xm,
1515 5017 1596 5084 3.)
1630 5017 1964 5076 Certissima

315 5101 471 5158 enim
505 5101 719 5171 sciunt,
753 5100 892 5172 quia
920 5103 1313 5158 remuneratio
1345 5102 1612 5160 laborum
1641 5122 1842 5161 eorum
1875 5112 1966 5164 est

312 5189 460 5246 visio
490 5190 819 5245 Conditoris
849 5190 962 5244 sui.
997 5191 1160 5256 Quod
1191 5192 1445 5248 ostendit
1476 5193 1786 5251 Psalmista
1831 5214 1966 5254 cum

313 5277 456 5334 dicit
485 5277 732 5334 Domino
764 5295 778 5334 :
811 5279 1075 5334 Satiabor
1119 5280 1250 5336 dum
1295 5283 1739 5354 manifestabitur
1781 5288 1967 5360 gloria

312 5374 412 5422 tua
439 5366 607 5439 (Psal.
641 5385 754 5436 xw,
790 5367 896 5439 15).
931 5369 1093 5434 Quod
1127 5370 1304 5425 etiam
1350 5371 1474 5442 ipse
1528 5373 1830 5444 Dominus,
1862 5376 1962 5448 qui

315 5472 612 5512 summam
637 5455 1020 5514 beatitudinis
1042 5463 1308 5514 constare
1329 5459 1782 5529 demonstrat,in
1804 5480 1965 5537 aspe-

317 5547 414 5598 ctu
443 5543 760 5600 Dominicis
791 5545 1054 5616 visionis,
1079 5547 1322 5603 dicendo
1349 5564 1360 5602 :
1387 5549 1540 5603 Beati
1555 5550 1758 5606 mundo
1782 5553 1958 5620 corde,

2078 4665 2292 4720 fectum
2324 4659 2470 4716 illud
2505 4659 2574 4714 de
2611 4675 2726 4730 quo
2775 4657 3023 4730 loquens
3069 4655 3386 4729 Apostolus
3419 4673 3433 4710 :
3465 4657 3548 4714 Ex
3569 4658 3698 4728 parte

2074 4754 2222 4810 enim
2241 4751 2630 4820 cognoscimus,
2664 4747 2877 4819 inquit,
2907 4754 2961 4804 et
3003 4763 3072 4802 ex
3115 4753 3272 4819 parte
3318 4747 3692 4818 prophetamus.

2075 4843 2211 4899 Cum
2236 4849 2418 4896 autem
2445 4839 2652 4894 venerit
2681 4835 2821 4908 quod
2845 4838 3148 4907 perfectum
3171 4843 3271 4904 est,
3305 4833 3449 4908 quod
3471 4851 3539 4891 ex
3561 4837 3696 4906 parte

2070 4939 2150 4988 est
2175 4928 2528 4986 evacuabitur
2556 4929 2610 4994 (Ι
2633 4925 2753 4981 Cor.
2788 4941 2911 4993 xm,
2943 4925 3020 4994 9).
3052 4925 3273 4981 Deinde
3325 4928 3392 4980 ut
3429 4918 3692 4996 quomodo

2071 5023 2268 5092 posset
2299 5016 2497 5088 aliqua
2525 5011 2911 5070 similitudine
2941 5014 3288 5084 ostenderet,
3325 5017 3601 5086 quantum
3631 5004 3692 5062 ab

2072 5108 2174 5164 illa
2206 5126 2333 5180 qua:
2363 5107 2558 5162 lutura
2589 5107 2677 5160 est
2707 5103 2886 5160 distet
2917 5102 3038 5159 huic
3085 5101 3225 5168 vita,
3259 5119 3378 5157 non
3429 5099 3692 5174 qualium-

2073 5214 2304 5268 cunque
2334 5195 2664 5265 hominum,
2693 5209 2897 5248 verum
2929 5191 3106 5248 etiam
3155 5190 3258 5264 qui
3305 5189 3590 5263 przecipua
3615 5181 3692 5238 hic

2073 5284 2380 5340 sanctitate
2411 5287 2550 5339 sunt
2577 5281 2802 5356 praediti
2837 5297 2850 5336 :
2883 5281 3017 5338 Cum
3053 5297 3242 5349 essem,
3275 5275 3489 5352 inquit,
3516 5287 3695 5350 pamu-

2073 5374 2179 5441 lus,
2213 5375 2374 5445 quasi
2396 5372 2664 5444 parvulus
2691 5371 2988 5443 sapiebam,
3023 5371 3183 5444 quasi
3223 5369 3492 5442 parvulus
3535 5365 3697 5434 loque-

2072 5461 2190 5532 bar,
2220 5463 2380 5533 quasi
2432 5461 2696 5533 parvulus
2752 5463 3077 5530 cogitabam.
3127 5461 3262 5516 Cum
3312 5465 3494 5513 autem
3540 5455 3698 5525 facta:

2068 5568 2190 5606 sum
2218 5553 2324 5619 vir,
2354 5551 2614 5606 evacuavi
2641 5564 2767 5621 qua:
2793 5551 3018 5622 parvuli
3057 5556 3233 5605 erant.
3273 5547 3521 5603 Videmus
3563 5551 3698 5596 πυηε

321 5633 582 5705 quoniam
609 5635 719 5708 ipsi
745 5634 916 5693 Deum
963 5635 1218 5693 videbunt
1262 5635 1466 5712 (Matth.
1499 5654 1556 5706 ν,
1590 5637 1665 5713 8).
1701 5638 1962 5714 Itemque
2063 5657 2163 5715 per
2190 5639 2468 5716 speculum
2521 5640 2580 5695 in
2627 5639 2938 5714 amigmate,
2971 5647 3098 5697 tunc
3143 5647 3327 5696 autem
3363 5636 3503 5712 facie
3527 5629 3592 5689 ad
3614 5628 3695 5701 [α-
