3934 6182
251 375 371 438 945

1355 375 1456 436 DE
1503 373 1836 437 DIVERSA
1889 375 2164 438 ΑΝῘΜᾸΕ
2209 375 2581 440 RATIONE.

3447 382 3668 470 ,946

247 513 408 566 ciem.
436 508 594 565 Nunc
620 523 880 578 cognosco
909 523 980 565 ea:
1003 515 1182 580 parte,
1215 514 1342 565 tunc
1371 517 1552 565 autem
1581 525 1906 582 cognoscam
1931 516 1989 583 Α
2013 507 2195 566 videri
2245 509 2428 567 Deum
2479 528 2613 568 cum
2659 512 2969 583 videbitur,
2998 513 3366 574 Christianus
3417 517 3667 594 ambigit

245 601 397 656 sicut
423 605 476 654 et
506 599 752 669 cognitus
782 614 905 653 sum
934 599 984 666 (Ι
1011 597 1114 653 Cor
1143 615 1262 663 sm,
1297 597 1404 670 11).
1439 596 1500 672 Si
1541 613 1678 670 ergo
1707 596 1768 652 in
1800 597 1910 654 hac

247 687 499 763 vita,ub_i
530 685 840 742 hominum
875 685 1234 741 mirabilium
1253 685 1560 758 prophetia
1581 687 1662 742 ita
1681 703 1912 758 compa-

248 777 441 833 randa
469 779 559 832 est
588 774 671 829 illi
702 774 832 830 vitae
864 774 1034 848 quasi
1065 773 1292 847 parvuli
1319 775 1390 830 ad
1433 775 1734 846 juvenem,
1764 774 1912 830 vidit

245 870 450 922 tamen
499 864 743 920 Eliszeus
787 863 1170 934 accipientem
1219 864 1332 920 sibi
1380 851 1627 918 munera
1674 880 1907 919 servum

245 972 426 1012 suum
458 953 538 1010 ibi
569 955 701 1026 ipse
729 970 844 1009 non
875 952 1181 1021 erat,itane
1203 969 1336 1024 cum
1357 952 1580 1007 venerit
1610 953 1766 1024 quod
1787 968 1910 1023 per-

243 1045 465 1100 fectum
498 1047 606 1112 est,
636 1059 740 1098 nec
765 1043 892 1114 jam
923 1059 1138 1114 corpus
1169 1041 1547 1113 corruptibile
1569 1040 1910 1114 aggravabit

242 1133 638 1202 animam,sed
673 1131 1116 1204 incorruptibile
1139 1131 1284 1186 nihil
1311 1129 1700 1203 impediet,illi
1719 1128 1905 1185 sancti

241 1223 314 1278 ad
349 1239 419 1278 ea
448 1239 576 1294 quae
607 1221 862 1276 videnda
912 1225 1052 1275 sunt
1101 1219 1289 1276 oculis
1339 1219 1652 1292 corporeis,
1688 1219 1908 1292 quibus

244 1311 492 1367 Elisaaus
513 1310 727 1366 absens
743 1309 814 1364 ad
835 1325 1065 1364 servum
1089 1325 1262 1364 suum
1282 1309 1598 1364 videndum
1623 1325 1736 1363 non
1755 1306 1902 1362 indi-

235 1397 790 1475 guit.indigebunt?
799 1397 946 1454 Nam
970 1398 1296 1454 secundum
1318 1397 1664 1470 interpretes
1681 1402 1909 1470 septua-

237 1487 555 1562 ginta,ista
587 1491 728 1546 sunt
757 1488 829 1544 ad
861 1486 1018 1544 Giezi
1055 1489 1231 1544 verba
1253 1487 1584 1561 prophetae:
1607 1487 1796 1543 Nonne
1815 1501 1907 1544 cor

234 1593 424 1634 meum
453 1578 523 1633 iit
551 1585 749 1642 tecum,
781 1577 996 1648 quando
1027 1593 1316 1633 conversus
1339 1585 1416 1633 est
1451 1579 1539 1632 vir
1566 1576 1631 1632 de
1649 1593 1815 1632 curru
1845 1577 1906 1631 in

231 1668 459 1723 obviam
489 1667 614 1732 tibi,
647 1674 698 1722 et
725 1668 984 1737 accepisti
1006 1668 1346 1737 pecuniam?
1373 1669 1508 1732 etc.;
1534 1665 1687 1721 sicut
1705 1668 1904 1720 autem

239 1771 312 1812 ex
344 1754 586 1810 Hebrzeo
617 1754 1034 1826 interpretatus
1055 1759 1144 1810 est
1164 1755 1466 1826 presbyter
1495 1753 1900 1826 Hieronymus:

2020 615 2212 666 nemo,
2235 599 2335 672 qui
2367 600 2618 656 ﬁdeliter
2646 600 2856 675 accipit
2884 604 3040 674 quod
3071 603 3155 660 ait
3176 605 3330 662 Deus
3350 603 3449 662 ille
3480 605 3668 681 magi-

2017 692 2138 744 ster
2167 705 2183 754 ;
2215 691 2370 746 Beati
2396 692 2594 748 mundi
2620 691 2798 760 corde,
2829 693 3092 762 quoniam
3139 695 3248 764 ipsi
3297 699 3478 751 Deum
3525 695 3670 754 vide-

2018 777 2152 834 bunt
2184 778 2386 849 (Matth.
2420 797 2476 851 v,
2510 783 2586 848 8).
2632 781 2742 836 Sed
2793 784 2993 836 utrum
3044 781 3220 836 etiam
3267 783 3667 856 corporalibus

2016 863 2097 919 ibi
2129 866 2316 922 oculis
2344 867 2821 936 videatur,hocin
2851 869 2967 925 ista
2987 869 3306 942 quaastione
3337 889 3662 930 versamus.

2019 953 2167 1010 Illud
2200 955 2352 1011 enim
2379 959 2534 1028 quod
2568 958 2854 1030 scriptum
2879 962 3000 1014 est:
3025 959 3090 1014 Et
3114 959 3316 1014 videbit
3339 963 3517 1016 omnis
3535 977 3664 1018 caro

2014 1045 2257 1100 salutare
2284 1046 2383 1101 Dei
2407 1046 2554 1118 (Luc.
2589 1047 2911 1116 111,6),sine
2943 1046 3120 1104 ullius
3152 1048 3324 1104 modo
3355 1047 3664 1106 difficulta-

2014 1132 2090 1188 tis
2121 1133 2205 1188 sic
2226 1133 2468 1206 intelligi
2503 1138 2712 1207 potest,
2739 1153 2803 1190 ac
2835 1135 2884 1190 si
2915 1136 3136 1192 dictum
3171 1137 3426 1205 fuerit,et
3445 1137 3664 1194 videbit

2015 1221 2208 1278 omnis
2239 1221 2413 1278 homo
2445 1223 2743 1280 Christum
2774 1223 2897 1292 Dei,
2933 1223 3032 1297 qui
3083 1224 3283 1298 utique
3331 1227 3392 1281 in
3423 1243 3663 1299 corpore

2012 1310 2174 1368 visus
2199 1315 2308 1380 est,
2341 1316 2398 1368 et
2427 1313 2484 1367 in
2515 1331 2754 1385 corpore
2798 1313 3091 1370 videbitur
3137 1315 3372 1387 quando
3416 1315 3575 1372 vivos
3606 1319 3663 1370 et

2015 1402 2277 1456 mortuos
2307 1400 2620 1472 judicabit.
2653 1404 2813 1470 Quod
2865 1406 3060 1458 autem
3104 1403 3231 1476 ipse
3278 1403 3358 1459 sit
3405 1403 3662 1460 salutare

2015 1489 2135 1558 Dei,
2169 1489 2354 1546 multa
2383 1495 2522 1546 sunt
2567 1495 2624 1546 et
2667 1491 2782 1546 alia
2823 1491 3159 1548 testimonia
3199 1491 3657 1564 Scripturarum,

2013 1579 2117 1634 sed
2147 1579 2470 1636 evidentius
2489 1581 2804 1637 venerandi
2820 1581 2980 1639 illius
3001 1581 3159 1638 senis
3179 1581 3469 1638 Simeonis
3484 1581 3658 1637 verba

2013 1667 2328 1737 declarant,
2364 1670 2465 1741 qui
2497 1687 2631 1725 cum
2681 1671 2964 1727 infantem
2993 1671 3287 1730 Christum
3337 1669 3658 1742 accepisset

2011 1755 2072 1811 in
2104 1774 2314 1814 manus
2347 1775 2484 1814 suas
2505 1775 2518 1812 :
2539 1760 2714 1827 Nunc,
2736 1759 2950 1832 inquit,
2971 1760 3203 1816 dimittis
3232 1775 3450 1815 servum
3477 1766 3652 1822 tuum,

240 1844 437 1900 Nonne
479 1859 570 1899 cor
615 1859 814 1914 meum,
847 1843 1059 1916 inquit,
1104 1846 1158 1899 in
1201 1845 1468 1915 prazsenti
1513 1851 1650 1910 erat,
1684 1843 1899 1914 quando
1927 1884 1974 1952 Β
2010 1847 2254 1915 Domine,
2286 1847 2582 1903 secundum
2625 1850 2851 1904 verbum
2899 1856 3052 1906 tuum
3102 1851 3158 1904 in
3200 1864 3349 1920 pace.
3385 1848 3655 1916 Quoniam

233 1949 491 1990 reversus
537 1939 618 1989 est
679 1933 837 1988 homo
885 1933 948 1988 de
986 1944 1167 1988 "cursu
1219 1949 1314 1988 suo
1364 1934 1428 1988 in
1475 1949 1760 1990 occursum
1813 1934 1897 1989 tui
1927 1933 1974 1952 "
2005 1935 2258 1992 viderunt
2297 1938 2443 1992 oculi
2465 1939 2576 1993 mei
2601 1938 2842 1993 salutare
2870 1945 3026 1993 tuum
3055 1941 3208 2006 (Luc.
3243 1955 3328 2004 ιιι,
3355 1937 3468 2004 29).
3504 1935 3650 1992 Illud

233 2021 332 2092 (ιν
359 2023 488 2091 Reg.
519 2039 575 2089 ν,
625 2023 738 2090 26).
770 2021 953 2077 Corde
1001 2038 1108 2078 suo
1155 2037 1291 2094 ergo
1341 2038 1404 2077 se
1447 2021 1594 2076 dixit
1649 2020 1760 2076 hoc
1810 2020 1893 2075 vi-

233 2111 401 2167 disse
431 2109 943 2183 propheta,adjuto
975 2110 1212 2183 quidem
1242 2109 1590 2166 mirabiliter
1610 2108 1770 2164 nullo
1794 2110 1895 2165 du-

231 2199 464 2258 bitante
496 2199 795 2256 divinitus.
821 2199 933 2255 Sed
966 2199 1200 2272 quando
1233 2199 1491 2271 amplius
1512 2203 1655 2254 tunc
1687 2215 1893 2255 omnes

235 2305 487 2346 munere
517 2288 632 2344 isto
663 2287 1070 2355 abundabunt,
1103 2304 1238 2343 cum
1271 2287 1424 2344 Deus
1455 2288 1566 2342 erit
1603 2287 1803 2342 omnia
1831 2287 1891 2342 in

233 2376 564 2434 omnibus?
599 2377 912 2433 Habebunt
959 2381 1159 2432 tamen
1208 2377 1384 2432 etiam
1437 2375 1521 2431 illi
1570 2375 1722 2432 oculi
1766 2393 1890 2433 cor-

235 2465 400 2539 porei
476 2465 736 2521 officium
813 2482 1010 2533 suum,
1071 2469 1128 2522 et
1210 2465 1269 2520 in
1323 2465 1448 2522 loco
1523 2483 1629 2522 suo
1697 2470 1890 2532 erunt,

235 2559 557 2626 uteturque
635 2553 752 2609 illis
828 2553 1073 2626 spiritus
1143 2571 1248 2626 per
1317 2553 1579 2626 spiritale
1653 2571 1888 2626 corpus.

234 2643 442 2716 Neque
517 2641 674 2699 enim
747 2645 804 2698 et
878 2641 974 2699 ille
1048 2643 1351 2716 propheta,
1419 2641 1560 2715 quia
1625 2660 1739 2698 non
1805 2642 1892 2698 eis

233 2729 496 2804 indiguit
551 2735 619 2788 ut
673 2731 894 2788 videret
943 2733 1264 2798 absentem,
1301 2749 1415 2786 non
1471 2732 1555 2786 eis
1607 2748 1751 2786 usus
1803 2733 1894 2785 est

235 2820 311 2876 ad
340 2819 594 2876 videnda
625 2821 952 2893 praesentia,
985 2838 1113 2892 quae
1164 2824 1358 2876 tamen
1410 2819 1653 2892 spiritus
1695 2819 1892 2874 videre

234 2912 458 2980 posset,
490 2908 722 2964 etiamsi
763 2909 898 2966 illos
927 2908 1245 2976 clauderet,
1271 2909 1424 2964 sicut
1453 2907 1599 2962 vidit
1624 2907 1894 2963 absentia

236 2997 341 3054 ubi
372 3014 512 3054 cum
545 2997 626 3054 eis
656 2997 784 3070 ipse
816 3015 930 3052 non
961 3003 1104 3054 erat.
1138 2997 1306 3052 Absit
1352 3014 1488 3070 ergo
1521 3000 1586 3051 ut
1624 2995 1891 3051 dicamus

235 3086 374 3142 illos
406 3089 642 3142 sanctos
669 3085 730 3142 in
762 3086 864 3142 illa
891 3087 1010 3142 vita
1055 3087 1240 3142 Deum
1289 3085 1506 3142 clausis
1537 3084 1724 3140 oculis
1773 3100 1889 3139 non

231 3168 492 3243 visuros,
526 3191 700 3247 quem
731 3175 943 3249 spiritu
975 3191 1206 3247 semper
1231 3175 1529 3230 videbunt.
1546 3174 1656 3229 Sed
1690 3178 1890 3228 utrum

2004 2022 2181 2078 etiam
2213 2025 2370 2096 quod
2393 2028 2474 2080 ait
2495 2043 2675 2098 supra
2696 2029 3054 2082 memoratus
3073 2026 3364 2094 Job,sicut
3385 2025 3442 2080 in
3466 2041 3653 2081 exem-

2004 2111 2267 2184 plaribus
2297 2131 2424 2185 quae
2456 2113 2513 2168 in
2551 2115 2784 2170 llebrmo
2815 2119 2954 2170 sunt
2981 2116 3296 2180 invenitur,
3326 2117 3459 2170 etin
3487 2130 3653 2169 came

1999 2217 2118 2256 mea
2177 2201 2366 2258 videbo
2415 2208 2589 2259 Deum
2647 2204 2768 2274 (Job
2824 2221 2938 2270 XIX,
2991 2205 3105 2272 26),
3165 2201 3650 2258 resurrectionem

2003 2289 2238 2361 quidem
2273 2290 2469 2346 carnis
2499 2291 2624 2347 sine
2668 2291 2847 2346 dubio
2877 2291 3262 2364 prophetavit,
3296 2307 3411 2346 non
3454 2293 3651 2346 tamen

2003 2377 2166 2446 dixit,
2202 2379 2308 2434 Per
2335 2397 2570 2435 carnem
2603 2397 2816 2436 meam.
2841 2381 3002 2448 Quod
3035 2380 3271 2452 quidem
3304 2379 3355 2434 si
3385 2378 3650 2446 dixisset,

2001 2471 2202 2538 posset
2241 2468 2395 2523 Deus
2447 2466 2716 2525 Christus
2756 2467 3022 2541 intelligi,
3057 2469 3155 2541 qui
3194 2480 3296 2541 per
3325 2484 3561 2524 carnem
3591 2465 3652 2523 in

2001 2571 2175 2610 carne
2206 2555 2518 2612 videbitur.
2553 2557 2720 2612 Nunc
2751 2575 2882 2612 vero
2911 2561 3102 2630 potest
3139 2561 3197 2613 et
3225 2556 3309 2612 sic
3349 2555 3553 2628 accipi,
3592 2557 3648 2612 in

1998 2659 2165 2698 carne
2191 2661 2312 2698 mea
2343 2645 2528 2700 videbo
2557 2647 2745 2711 Deum,
2770 2662 2836 2700 ac
2865 2643 2915 2700 si
2945 2645 3208 2711 dixisset,
3234 2645 3296 2700 In
3328 2663 3500 2700 carne
3521 2661 3652 2700 mea

1999 2749 2098 2786 ero
2119 2748 2252 2786 cum
2285 2731 2491 2788 videbo
2514 2733 2806 2788 Deum.Et
2837 2732 2978 2788 illud
3015 2733 3169 2804 quod
3203 2731 3285 2787 ait
3313 2732 3647 2805 Apostolus,

1997 2821 2142 2891 facie
2171 2819 2240 2874 ad
2267 2822 2469 2890 faciem
2497 2822 2546 2890 (ι
2578 2823 2708 2878 Cor.
2738 2839 2860 2888 xm,
2899 2821 3004 2891 11),
3040 2838 3154 2876 non
3187 2819 3342 2892 cogit
3372 2824 3436 2875 ut
3468 2821 3648 2874 Deum

2001 2925 2104 2979 per
2133 2907 2340 2963 faciem
2374 2909 2523 2964 hanc
2554 2911 2934 2981 corporalem,
2962 2909 3061 2964 ubi
3096 2912 3237 2964 sunt
3265 2907 3420 2962 oculi
3453 2923 3650 2979 corpo-

2001 2995 2298 3068 rales,non
2319 2997 2548 3054 visuros
2575 3015 2702 3054 esse
2735 2999 3255 3070 credamus,quem
3287 2996 3499 3070 spiritu
3523 2996 3650 3053 sine

1998 3084 2433 3142 intermissione
2457 3087 2807 3143 videbimus.
2841 3087 2960 3142 Nisi
2985 3087 3142 3143 enim
3173 3090 3328 3142 esset
3355 3084 3532 3142 etiam
3558 3083 3646 3140 in-

1998 3174 2229 3232 terioris
2258 3175 2520 3231 hominis
2551 3177 2873 3244 facies,non
2897 3175 3113 3232 diceret
3135 3175 3290 3232 idem
3310 3175 3644 3248 Apostolus:

231 3265 526 3321 videbunt
551 3263 727 3321 etiam
749 3280 852 3335 per
874 3262 1075 3319 oculos
1096 3262 1516 3336 corporis,cum
1538 3279 1636 3318 eos
1659 3266 1890 3334 apertos
1923 3253 1966 3320 C
2004 3265 2108 3320 Nos
2137 3271 2318 3320 autem
2363 3265 2598 3320 revelata
2643 3266 2787 3336 facie
2830 3265 3068 3334 gloriam
3098 3265 3318 3320 Domini
3363 3263 3649 3334 speculan-

232 3354 563 3419 habebunt,
595 3353 731 3408 inde
761 3353 1004 3424 quaistio
1033 3356 1144 3407 est.
1177 3352 1236 3407 Si
1268 3351 1424 3406 enim
1466 3355 1695 3406 tantum
1728 3354 1889 3423 pote-

233 3445 380 3496 runt
407 3440 471 3496 in
505 3457 746 3512 corpore
765 3439 1109 3512 spiritali,eo
1142 3439 1314 3494 modo
1347 3441 1548 3510 utique
1569 3439 1747 3494 etiam
1775 3437 1890 3510 ipsi

231 3530 390 3587 oculi
424 3528 740 3602 spiritales,
773 3532 1062 3600 quantum
1096 3531 1345 3600 possunt
1375 3527 1471 3583 isti
1503 3527 1704 3599 quales
1735 3544 1891 3582 nunc

231 3615 765 3690 habemus,procul
798 3616 978 3672 dubio
1010 3633 1112 3688 per
1141 3633 1239 3672 eos
1269 3616 1424 3672 Deus
1454 3614 1635 3670 videri
1658 3632 1770 3669 non
1797 3633 1892 3688 po-

229 3706 396 3764 terit.
421 3707 618 3779 Longe
646 3705 846 3777 itaque
877 3704 1116 3762 alterius
1163 3707 1336 3760 erunt
1366 3703 1658 3774 potentias,
1690 3704 1738 3760 si
1791 3721 1893 3776 per

231 3812 338 3852 eos
367 3794 666 3850 videbitur
694 3793 1035 3866 incorporea
1064 3793 1164 3848 illa
1195 3797 1423 3861 natura,
1457 3809 1584 3864 qua:
1606 3809 1722 3848 non
1754 3809 1891 3848 con-

231 3883 466 3940 tinetur
504 3882 650 3949 loco,
679 3883 778 3940 sed
829 3882 1047 3955 ubique
1089 3885 1210 3938 tota
1259 3887 1366 3938 est.
1399 3882 1524 3937 Non
1565 3881 1722 3938 enim
1753 3881 1894 3954 quia

231 3973 503 4030 dicimus
533 3972 720 4028 Deum
752 3971 883 4026 etin
905 3969 1048 4027 ccelo
1070 3988 1198 4027 esse
1217 3975 1274 4027 et
1293 3971 1354 4026 in
1387 3971 1692 4042 terra,ipse
1723 3970 1892 4042 quip-

231 4079 310 4134 pe
341 4061 430 4117 ait
459 4077 562 4133 per
589 4060 932 4132 prophetam
969 4077 981 4114 :
1019 4060 1222 4116 Cretum
1259 4069 1310 4116 et
1339 4067 1543 4116 terram
1572 4075 1668 4127 ego
1698 4059 1894 4130 impleo

231 4151 382 4224 (Jer.
417 4165 576 4215 xxm,
607 4149 910 4218 24),aliam
943 4153 1168 4221 partem
1201 4147 1411 4204 dicturi
1443 4163 1652 4203 sumus
1677 4163 1812 4203 eum
1835 4147 1894 4201 in

231 4239 390 4296 caelo
413 4238 658 4315 habere,
693 4238 750 4292 et
793 4237 854 4292 in
895 4241 1051 4292 terra
1088 4236 1264 4292 aliam
1299 4253 1314 4292 :
1348 4236 1450 4291 sed
1469 4239 1630 4291 totus
1662 4235 1720 4290 in
1753 4233 1896 4290 caelo

232 4333 353 4397 est,
391 4330 555 4383 totus
599 4325 659 4380 in
703 4330 874 4392 terra,
909 4342 1026 4382 non
1074 4323 1316 4381 alternis
1364 4324 1748 4396 temporibus,
1793 4324 1896 4380 sed

231 4421 570 4486 utrumque
601 4413 801 4481 simul,
835 4414 990 4486 quod
1017 4413 1180 4468 nulla
1208 4417 1419 4468 natura
1445 4411 1764 4484 corporalis
1795 4429 1896 4485 po-

229 4502 493 4560 test.Vis
511 4501 706 4574 itaque
726 4499 1158 4573 praepollentior
1177 4499 1476 4554 oculorum
1509 4500 1620 4556 erit
1639 4499 1894 4566 illorum,

1997 3359 2093 3420 tes,
2122 3354 2182 3407 in
2210 3353 2453 3408 eamdem
2484 3355 2782 3422 imaginem
2807 3354 3268 3424 transformamur
3289 3350 3354 3406 de
3372 3351 3554 3420 gloria
3573 3350 3647 3406 ad

1997 3442 2254 3512 gloriam,
2287 3449 2548 3513 tanquam
2585 3459 2620 3496 a
2646 3443 2868 3498 Domini
2910 3443 3115 3513 spiritu
3155 3441 3228 3508 (II
3262 3439 3382 3496 Cor.
3417 3455 3502 3502 ιιι,
3538 3438 3647 3509 18).

1999 3529 2114 3584 Nec
2144 3529 2312 3584 aliter
2341 3529 2726 3602 intelligimus
2757 3535 2814 3584 et
2839 3530 2993 3600 quod
3027 3529 3084 3582 in
3119 3527 3346 3600 psalmo
3376 3527 3644 3582 canitur:

1999 3619 2242 3675 Accedite
2267 3619 2339 3674 ad
2367 3627 2566 3688 eum,et
2597 3620 3020 3684 illuminamini,
3033 3627 3083 3673 et
3111 3619 3280 3688 facies
3310 3623 3510 3672 nostra:
3536 3632 3648 3670 non

1998 3707 2309 3764 erubescant
2355 3708 2524 3778 (Psal.
2557 3725 2752 3772 xxxm,
2784 3707 2860 3779 6).
2913 3707 3043 3762 Fide
3092 3705 3309 3779 quippe
3353 3701 3650 3761 acceditur

2001 3799 2072 3854 ad
2105 3802 2305 3864 Deum,
2340 3814 2518 3869 quam
2552 3797 2745 3852 cordis
2778 3799 3006 3852 constat
3033 3811 3183 3866 esse,
3208 3811 3323 3849 non
3364 3789 3644 3864 corporis.

2002 3887 2113 3942 Sed
2136 3885 2275 3957 quia
2293 3884 2555 3956 spiritale
2577 3901 2790 3956 corpus
2820 3885 3115 3941 nescimus
3137 3886 3388 3957 quantos
3409 3878 3649 3938 habebit

2001 3991 2296 4043 accessus,
2327 3973 2398 4028 de
2429 3991 2488 4028 re
2519 3973 2734 4046 quippe
2762 3973 3062 4045 inexperta
3091 3970 3516 4044 loquimur,ubi
3540 3968 3656 4025 ali-.

2003 4079 2140 4134 qua,
2173 4079 2299 4134 qum
2334 4061 2502 4116 aliter
2527 4060 2775 4134 intelligi
2809 4065 3122 4133 nequeant,
3148 4059 3476 4115 divinarum
3499 4056 3650 4114 Scri-

2003 4153 2310 4222 pturarum
2344 4165 2458 4202 non
2490 4147 2744 4201 occurrit
2773 4149 2830 4202 et
2859 4145 3150 4200 succurrit
3180 4143 3521 4207 auctoritas,
3550 4159 3648 4197 ne-

2003 4254 2165 4292 cesse
2195 4239 2286 4292 est
2306 4240 2370 4290 ut
2395 4233 2698 4307 contingat
2727 4233 2785 4287 in
2810 4233 3159 4305 nobis,quod
3183 4231 3398 4304 legitur
3417 4229 3477 4284 in
3499 4227 3648 4284 libro

2004 4325 2313 4399 Sapientia:
2349 4341 2362 4380 :
2397 4325 2756 4394 Cogitationes
2815 4323 3132 4378 mortalium
3187 4321 3402 4378 timida:
3457 4326 3508 4374 et
3553 4318 3647 4372 in-

2003 4425 2168 4472 certa:
2194 4415 2556 4488 providentia?
2583 4421 2786 4470 nostra:
2814 4413 2966 4484 (Sap.
2981 4429 3058 4478 1x,
3079 4411 3188 4482 14).
3223 4405 3650 4464 Ratiocin'antio

2007 4504 2223 4577 quippe
2252 4503 2352 4558 illa
2396 4501 2902 4576 philosophorum,
2934 4517 3053 4572 qua
3097 4499 3402 4572 disputant
3438 4494 3654 4551 mentis

231 4609 364 4648 non
399 4594 470 4646 ut
499 4589 690 4646 aerius
721 4588 974 4660 videant,
1007 4605 1184 4661 quam
1218 4588 1484 4661 quaedam
1519 4588 1900 4661 perhibentur
1928 4623 1974 4686 Ι)
2014 4597 2252 4666 aspectu
2285 4589 2676 4664 intelligibilia
2705 4587 2968 4656 videri,et
2987 4605 3165 4644 sensu
3187 4585 3446 4660 corporis
3467 4585 3653 4642 sensi—

229 4681 447 4736 videre
475 4681 774 4750 serpentes
803 4681 859 4734 et
889 4677 1097 4750 aquilae
1127 4677 1512 4750 (quantalibet
1553 4676 1711 4733 enim
1751 4677 1898 4733 acri-

233 4768 456 4825 monia
484 4765 760 4822 cernendi
781 4767 983 4822 eadem
1008 4783 1240 4838 quoque
1271 4765 1722 4836 animalia,nihil
1744 4767 1904 4822 aliud

235 4859 510 4930 possunt
541 4854 733 4911 videre
763 4872 940 4927 quam
974 4856 1366 4928 corpora),sed
1401 4859 1466 4910 ut
1495 4854 1725 4910 videant
1745 4859 1803 4910 et
1823 4855 1906 4910 in-

234 4943 603 5018 corporalia.
633 4945 701 4999 Et
731 4944 978 5000 fortasse
1010 4943 1122 5000 ista
1151 4943 1337 4998 virtus
1369 4961 1582 5016 magna
1629 4945 1905 5000 cernendi

235 5035 391 5092 data
419 5031 598 5090 fuerit
627 5033 701 5090 ad
730 5032 958 5103 horam,
979 5032 1156 5089 etiam
1177 5033 1236 5086 in
1260 5033 1372 5088 isto
1394 5031 1623 5088 mortali
1643 5049 1903 5105 corpore,

235 5123 446 5184 oculis
493 5123 680 5179 sancti
730 5123 838 5178 viri
888 5122 1020 5190 Job,
1053 5121 1289 5193 quando
1339 5121 1422 5177 ait
1459 5122 1531 5176 ad
1576 5121 1760 5178 Deum
1797 5139 1810 5177 :
1844 5122 1908 5178 In

233 5213 524 5272 obauditu
553 5213 710 5267 auris
737 5211 1031 5266 audiebam
1060 5219 1109 5266 te
1134 5213 1312 5282 prius,
1333 5227 1483 5288 nunc
1514 5220 1693 5266 autem
1723 5213 1908 5267 oculus

232 5319 408 5358 meus
470 5301 615 5356 videt
671 5309 741 5356 te.
791 5302 1085 5372 Propterea
1138 5300 1362 5372 despexi
1415 5301 1809 5372 memetipsum,
1860 5308 1912 5356 et

234 5392 524 5457 distabui,
557 5395 609 5446 et
659 5391 978 5445 existimavi
1022 5405 1108 5443 me
1155 5397 1360 5443 terram
1407 5397 1457 5444 et
1503 5389 1742 5444 cinerem
1797 5389 1911 5461 (Job

232 5497 393 5546 XLII,
426 5481 505 5545 5).
527 5477 804 5544 Quamvis
835 5477 982 5534 nihil
1010 5477 1106 5532 hic
1129 5477 1435 5549 prohibeat
1463 5476 1698 5533 oculum
1721 5479 1914 5534 cordis

234 5566 614 5639 intelligi,de
645 5565 863 5640 quibus
894 5565 1082 5622 oculis
1104 5566 1186 5620 ait
1203 5565 1543 5637 Apostolus:
1567 5567 1914 5623 llluminatos

234 5657 442 5716 oculos
471 5654 669 5712 habere
697 5655 874 5712 cordis
908 5655 1068 5711 vestri
1091 5653 1305 5724 (Ephes.
1337 5671 1373 5717 ι,
1411 5655 1516 5724 18).
1570 5653 1686 5725 Ipis
1717 5660 1915 5712 autem

2015 4680 2238 4748 bilia,id
2269 4685 2360 4736 est
2389 4677 2806 4752 corporalia,ut
2838 4695 2944 4734 nec
2974 4675 3370 4750 intelligibilia
3397 4691 3498 4748 per
3526 4690 3656 4730 cor-

2012 4754 2143 4843 pus,
2169 4786 2273 4824 nec
2305 4767 2628 4841 corporalia
2658 4784 2759 4840 per
2787 4767 2866 4822 sei
2876 4784 2983 4839 psa
3011 4783 3179 4822 mens
3209 4765 3397 4822 valeat
3415 4761 3656 4831 intueri,

2013 4859 2062 4915 si
2094 4863 2292 4932 posset
2319 4856 2489 4914 nobis
2520 4874 2647 4912 esse
2669 4855 3016 4922 certissima,
3047 4857 3300 4928 profecto
3329 4857 3551 4909 certum
3574 4867 3659 4906 es-

2014 4953 2103 5005 set
2129 4965 2232 5020 per
2261 4947 2461 5004 oculos
2492 4945 2954 5018 corporis,etiam
2976 4941 3454 5017 spiritales,nullo
3485 4937 3659 4994 modo

2014 5055 2185 5110 posse
2232 5036 2411 5092 videri
2463 5037 2670 5092 Deum.
2705 5036 2816 5091 Sed
2865 5034 3041 5091 istam
3073 5031 3572 5089 ratiocinationem
3603 5028 3662 5080 et

2011 5143 2148 5183 vera
2199 5126 2364 5193 ratio,
2397 5129 2456 5182 et
2501 5125 2843 5197 prophetica
2898 5124 3100 5180 irridet
3149 5117 3486 5176 auctoritas.
3519 5112 3660 5179 Quis

2018 5216 2174 5270 enim
2208 5215 2288 5270 ita
2318 5215 2395 5270 sit
2426 5231 2664 5269 aversus
2697 5231 2731 5269 a
2757 5217 2982 5282 vero,ut
3011 5212 3200 5266 dicere
3232 5206 3444 5262 audeat
3473 5203 3660 5259 Deum

2021 5303 2344 5376 corporalia
2365 5303 2478 5358 ista
2499 5303 2752 5359 nescire?
2775 5301 3050 5372 Nunquid
3075 5314 3210 5369 ergo
3232 5310 3443 5366 corpus
3462 5291 3660 5358 habet,

2022 5411 2124 5466 per
2153 5393 2324 5463 cujus
2347 5391 2546 5448 oculos
2577 5407 2645 5446 ea
2675 5390 2860 5463 possit
2888 5383 3232 5442 addiscere?
3262 5381 3481 5438 Deinde
3507 5379 3662 5452 quod

2023 5482 2094 5537 de
2119 5481 2404 5554 propheta
2424 5480 2628 5536 Elisaia
2649 5477 2820 5550 paulo
2852 5479 2984 5530 ante
3016 5473 3492 5540 diximus,nonne
3522 5467 3666 5526 satis

2025 5570 2246 5626 indicat
2274 5570 2450 5626 etiam
2501 5569 2732 5642 spiritu,
2767 5582 2881 5620 non
2931 5579 3032 5634 per
3078 5577 3316 5632 corpus,
3346 5556 3669 5632 corporalia

2025 5677 2196 5733 posse
2227 5661 2382 5716 cerni
2405 5665 2428 5716 ἱ)
2447 5656 2687 5725 Quando
2709 5653 2864 5710 enim
2898 5668 3100 5708 servus
3129 5649 3225 5706 ille
3247 5665 3493 5707 munera
3513 5663 3671 5706 acce-
