3934 6182
211 387 330 448 953

1208 384 1310 443 DE
1354 384 1842 445 COERCENDIS
1891 383 2222 446 ltllLl'l‘UM
2269 383 2608 444 RAPINIS.

3489 383 3612 447 954

1836 681 1992 746 ιν.

457 831 601 914 DE
673 829 1374 917 COERCENDIS
1453 830 1956 917 MlLl'l‘UM
2033 831 2494 938 ItAPIMS,
2577 831 2717 914 AD
2795 827 3365 916 CABOLUM

1613 981 1793 1035 CALV
1803 980 1840 1035 U
1853 981 1904 1034 M
1947 981 2193 1069 REGEM
2203 1023 2216 1034 .

606 1106 751 1170 Cum
781 1105 840 1164 in
863 1107 1181 1185 provincia
1214 1105 1360 1166 belli
1381 1119 1519 1165 esset
1548 1115 1608 1165 ut
1635 1105 1927 1166 Ludovici
1949 1105 2166 1184 fratris
2199 1107 2476 1186 impetum
2509 1105 2858 1176 retunderet,
2888 1125 3044 1166 anno
3065 1107 3204 1166 839.

1093 1239 1280 1310 (Apud
1312 1240 1608 1306 eumdem,
1644 1256 1710 1293 ex
1741 1239 1938 1293 co‘dice
1968 1238 2026 1293 S.
2064 1238 2307 1310 Remigii
2336 1238 2727 1309 Rbcmensis.)

271 1497 518 1552 Domino
544 1496 795 1568 glorioso
829 1496 990 1552 salus
1021 1501 1078 1552 et
1105 1497 1251 1552 vita.

272 1584 404 1641 Scio
431 1602 536 1640 vos
565 1585 760 1641 dolere
787 1587 859 1640 de
893 1585 1022 1642 istis
1053 1586 1245 1652 malis,
1280 1605 1406 1659 quae
1439 1605 1554 1642 non
1593 1588 1784 1643 solum
1819 1607 1851 1644 δ.

201 1676 577 1748 paganis,scd
601 1677 756 1748 quod
777 1676 963 1748 magis
982 1677 1307 1732 timendum
1329 1678 1714 1734 etdolendnm
1739 1684 1847 1749 est,

199 1782 234 1820 a
260 1763 618 1821 Christianis
647 1764 706 1819 in
739 1782 917 1837 regno
965 1769 1155 1822 vestro
1203 1769 1372 1833 fiunt,
1405 1771 1462 1822 et
1509 1769 1667 1839 quod
1723 1768 1851 1824 sine

197 1853 634 1925 comparatione
654 1853 786 1925 plus
807 1854 1163 1910 horrendum
1178 1856 1544 1911 etdetestand
1559 1874 1652 1911 um
1677 1861 1849 1928 atque

197 1941 746 2013 reprehendendum
777 1947 885 2011 est,
902 1942 962 1998 in
985 1943 1200 2015 palatio
1222 1947 1595 2016 vestro,qnod
1617 1963 1849 2001 sacrum

198 2029 480 2102 appellari
514 2035 569 2086 et
599 2049 726 2087 esse
757 2031 946 2099 debet,
981 2037 1038 2086 et
1067 2033 1126 2086 in
1159 2032 1304 2089 locis
1344 2033 1444 2088 ubi
1466 2051 1567 2090 vos
1598 2035 1758 2101 estis,
1793 2039 1850 2091 et

201 2135 304 2191 per
333 2136 465 2190 quae
497 2119 835 2192 ambulatis.
869 2121 993 2175 Non
1026 2121 1184 2176 enim
1213 2122 1340 2177 sine
1370 2139 1580 2194 pavore
1611 2140 1710 2179 cor
1756 2141 1846 2179 ve-

199 2210 360 2263 trum
413 2209 662 2264 transire
710 2214 899 2280 potest
949 2211 1102 2282 quod
1155 2211 1438 2267 Dominus
1488 2229 1589 2284 per
1637 2213 1847 2268 Isaiam

199 2295 344 2352 dicit
377 2314 392 2352 :
426 2299 638 2370 Rapina
663 2315 922 2370 pauperis
971 2301 1032 2353 in
1061 2299 1216 2354 domo
1253 2308 1430 2355 vestra
1463 2301 1587 2371 (Isu.
1622 2319 1704 2366 ιιι,
1739 2302 1846 2373 14).

199 2386 269 2440 Et
304 2403 317 2440 :
352 2387 536 2442 Causa
562 2387 746 2444 vid-ua?
785 2404 896 2442 non
942 2388 1252 2456 ingreditur
1285 2390 1356 2444 ad
1383 2406 1472 2446 eos
1504 2393 1629 2456 (Ιδα.
1664 2409 1702 2456 ι,
1733 2393 1846 2461 23).

197 2474 268 2528 Et
303 2492 316 2530 :
349 2476 391 2529 Α
420 2477 615 2546 planta
641 2476 793 2547 pedis
819 2493 987 2548 usque
1014 2478 1084 2532 ad
1121 2481 1374 2534 verticem
1419 2495 1528 2534 non
1573 2488 1650 2535 est
1678 2481 1739 2535 in
1766 2497 1846 2547 eo,

199 2561 256 2617 id
285 2567 380 2618 est
413 2565 473 2618 in
525 2581 701 2636 regno
749 2566 883 2629 isto,
929 2569 1143 2622 sanitas
1183 2568 1310 2638 (Iso.
1345 2586 1383 2634 1,
1417 2570 1491 2635 6).
1545 2571 1613 2624 Et
1661 2569 1796 2624 item
1833 2587 1846 2624 :

199 2651 549 2708 Adulterium
578 2661 628 2708 et
651 2653 1010 2709 homicidium
1035 2663 1086 2710 et
1117 2659 1334 2728 rapinw
1364 2659 1852 2726 inuudaver-unt,et

195 2743 430 2810 sanguis
460 2745 786 2813 sanguinem
813 2745 990 2812 tetigit
1018 2743 1158 2814 (Ose.
1195 2762 1270 2811 ιν,
1301 2745 1377 2815 2),
1413 2745 1468 2800 id
1501 2751 1592 2800 est
1630 2747 1849 2801 crimen

1883 1501 1936 1568 Α
1967 1499 2134 1572 plebe
2166 1499 2275 1556 sibi
2317 1500 2636 1556 commissa
2683 1497 2953 1566 crassari,
2991 1503 3048 1554 et
3089 1499 3161 1555 ab
3211 1500 3610 1558 admonitione

1961 1590 2212 1646 reticuit.
2249 1590 2578 1661 Propterea,
2617 1589 2882 1652 Domine,
2915 1589 3072 1661 quod
3131 1587 3323 1644 solum
3383 1607 3452 1646 ex
3499 1590 3610 1647 hoc

1957 1679 2121 1735 valeo
2161 1678 2330 1745 facio,
2362 1679 2418 1732 id
2452 1681 2544 1734 est
2574 1678 2676 1734 Dei
2708 1677 3170 1734 misericordiam
3201 1677 3338 1734 inde
3368 1667 3521 1751 peto,
3554 1683 3613 1735 et

1958 1786 2059 1824 vos
2089 1767 2293 1824 exinde
2323 1784 2686 1838 commoneo,
2712 1771 2771 1823 et
2800 1784 2903 1840 per
2926 1765 3116 1832 villas,
3151 1767 3208 1821 in
3241 1767 3460 1840 quibus
3492 1785 3608 1824 non

1959 1857 2149 1913 solum
2181 1857 2452 1912 homines
2481 1856 2805 1923 caballarii,
2839 1857 2938 1912 sed
2971 1857 3149 1912 etiam
3181 1855 3293 1928 ipsi
3310 1855 3609 1913 cocciones

1959 1946 2195 2018 rapinas
2251 1945 2492 2013 faciunt,
2529 1945 2958 2002 admonitiones
2991 1945 3344 2018 presbyteris
3391 1948 3458 2000 ut
3509 1962 3609 2002 eas

1959 2035 2293 2106 raptoribus
2314 2035 2572 2106 relegant
2593 2035 2781 2108 dirigo
2807 2051 2820 2088 ε
2848 2051 3098 2106 quarum
3122 2033 3610 2106 exemplardomi—

1958 2123 2179 2178 nationi
2207 2128 2409 2178 vestrm
2438 2123 2796 2190 transmitte,
2822 2126 2886 2178 ut
2915 2126 3136 2178 secrete
3166 2139 3302 2178 eum
3335 2123 3605 2189 teneatis,

1957 2216 2015 2268 et
2045 2215 2114 2268 ad
2147 2213 2402 2284 aliquem
2433 2210 2586 2267 diem
2611 2213 2872 2283 jubeatis
2901 2211 3098 2268 venire
3133 2210 3332 2266 ﬁdeles
3359 2215 3606 2279 vestros,

1957 2300 2218 2355 dicentes
2267 2299 2406 2371 quia
2449 2300 2533 2354 eis
2582 2298 2954 2370 adcognitare
2994 2297 3174 2354 vultis
3219 2299 3610 2370 undecunque

1956 2387 2122 2442 vobis
2153 2387 2342 2460 placet
2372 2388 2584 2454 dicere,
2617 2391 2672 2443 et
2701 2392 3017 2459 antequam
3051 2389 3123 2443 de
3153 2376 3492 2460 peramento
3514 2404 3608 2443 ve-

1958 2479 2078 2530 stro
2110 2477 2180 2532 ad
2212 2476 2548 2532 mansiones
2579 2477 2835 2542 redeant,
2871 2481 3235 2532 commonete
3265 2493 3364 2533 eos
3393 2491 3608 2533 secun-

1959 2567 2101 2620 dum
2135 2565 2481 2637 sapientiam
2513 2565 2676 2621 vobis
2727 2582 2761 2620 a
2809 2565 2924 2620 Deo
2973 2566 3192 2620 datam.
3226 2566 3296 2620 Et
3345 2564 3609 2622 habeatis

1959 2654 2316 2709 avunculum
2348 2660 2604 2710 vestrum
2631 2653 2969 2720 Itodult’um,
3005 2653 3104 2725 qui
3138 2654 3321 2709 Deum
3353 2653 3522 2710 timet
3552 2657 3611 2710 et

1961 2742 2181 2798 malum
2216 2743 2358 2808 odit,
2380 2747 2438 2799 et
2464 2761 2564 2798 vos
2595 2760 2662 2798 ac
2692 2759 2937 2814 regnum
2965 2747 3222 2798 vestrum
3247 2742 3489 2798 charum
3509 2743 3608 2798 ha-

196 2827 436 2884 crimini
487 2847 548 2884 se
595 2831 881 2902 adjunxit.
911 2832 981 2886 Et
1019 2831 1397 2888 manifestum
1444 2839 1534 2889 est
1563 2834 1703 2906 quia
1751 2834 1849 2889 ubi
1883 2871 1930 2934 Β
1961 2831 2078 2902 bet,
2111 2833 2180 2887 de
2228 2832 2338 2886 hoc
2385 2831 2832 2897 commonitum,
2862 2834 2928 2885 ut
2957 2847 3058 2886 vos
3089 2831 3342 2900 adjuvet,
3373 2834 3432 2885 et
3463 2829 3606 2886 alios

196 2916 340 2973 talia
369 2922 533 2986 sunt,
566 2919 720 2974 Deus
750 2919 861 2976 nisi
895 2920 966 2975 ad
988 2921 1282 2992 judicium
1314 2939 1442 2978 esse
1474 2939 1588 2977 non
1639 2928 1848 2994 potest.

195 3006 305 3072 Qui
341 3006 484 3062 item
516 3024 620 3078 per
647 3008 991 3080 prophetam
1031 3009 1262 3065 dieitad
1299 3027 1398 3067 eos
1433 3012 1532 3083 qui
1567 3012 1626 3066 in
1657 3014 1850 3068 medio

193 3093 408 3150 talium
432 3099 601 3151 erant
630 3113 645 3151 :
678 3103 906 3168 Propter
934 3099 1094 3169 quod,
1113 3099 1568 3171 inquiens,e1:ite
1591 3101 1658 3157 de
1675 3103 1850 3159 medio

191 3200 404 3252 eorum,
435 3193 491 3240 et
517 3185 861 3241 immundum
900 3203 971 3242 ne
1017 3189 1322 3258 tetigeritis,
1355 3197 1405 3244 et
1447 3207 1546 3258 ego
1585 3193 1852 3262 recipiam

191 3290 302 3341 vos,
336 3283 390 3329 et
425 3273 740 3330 inhabitabo
773 3277 916 3330 inter
953 3293 1062 3343 vos,
1093 3285 1144 3332 et
1188 3294 1278 3333 ero
1311 3280 1458 3333 vobis
1490 3281 1550 3333 in
1579 3281 1770 3348 Deum,
1799 3289 1850 3336 et

191 3378 282 3416 eos
305 3364 468 3418 eritis
497 3364 640 3418 mihi
670 3365 729 3418 in
757 3365 902 3434 ﬁlios
931 3373 984 3420 et
1008 3367 1155 3436 ﬁlias
1185 3367 1258 3434 (ΙΙ
1288 3366 1408 3420 Cor.
1427 3369 1608 3435 v1,16,
1631 3369 1716 3436 17,
1741 3369 1846 3436 18).

189 3450 348 3506 Nihil
379 3450 541 3506 enim
571 3457 660 3506 est
687 3451 846 3508 aliud
879 3455 1031 3526 quod
1066 3453 1162 3510 isti
1197 3455 1435 3522 faciunt,
1467 3457 1576 3512 nisi
1606 3474 1851 3529 prmeur-

191 3540 278 3594 sio
310 3539 610 3596 exercitus
637 3539 1005 3608 Antichristi,
1039 3543 1210 3612 cujus
1258 3560 1395 3599 voce
1443 3545 1666 3600 dictum
1711 3550 1800 3601 est
1831 3565 1845 3602 :

187 3629 308 3684 Non
369 3629 625 3684 movebar
667 3647 702 3684 α
756 3633 1105 3698 generatione
1168 3634 1228 3686 in
1282 3635 1684 3704 generatio-man
1731 3637 1852 3690 sine

186 3717 336 3772 malo
362 3717 543 3784 (Psal.
575 3734 630 3784 x,
661 3718 740 3786 6),
772 3718 831 3772 id
863 3722 973 3784 est,
1004 3723 1168 3774 tanta
1197 3720 1352 3776 mala
1383 3723 1590 3778 faciam
1623 3723 1682 3777 in
1733 3742 1848 3780 uno

185 3803 335 3874 loco,
360 3809 430 3860 ut
459 3809 776 3877 antequam
813 3808 887 3862 ad
918 3807 1099 3862 alium
1133 3807 1324 3864 locum
1357 3811 1605 3879 veniam,
1632 3814 1846 3868 adven-

183 3897 311 3949 tum
346 3911 554 3949 meum
586 3894 666 3950 ibi
697 3894 1029 3952 habitantes
1061 3897 1326 3965 timeant,
1361 3899 1516 3954 sicut
1561 3904 1620 3956 et
1648 3904 1850 3973 postea

181 3983 474 4039 sentient.
498 3982 898 4039 Unde-timere
928 4002 1029 4040 vos
1059 3984 1367 4058 scio,quod
1393 3988 1584 4042 omnis
1615 3993 1849 4060 propter

179 4069 292 4126 hoc
356 4071 712 4142 deprecatur
767 4071 1065 4128 Ecclesia:
1098 4075 1362 4145 Exsurge,
1407 4075 1636 4131 Domine
1685 4078 1844 4145 Deus,

176 4161 467 4216 excitetur
492 4176 687 4215 "ianus
715 4169 811 4216 tua
839 4161 1022 4233 (ibtd.,
1057 4163 1166 4230 12),
1197 4161 1256 4217 id
1289 4167 1396 4232 est,
1431 4165 1500 4218 ad
1529 4164 1844 4221 vindictam

1959 2919 2106 2974 tales
2139 2921 2337 2976 fideles
2365 2925 2605 2986 vestros,
2639 2919 2793 2974 sicut
2823 2917 3006 2974 scitis.
3054 2919 3124 2973 Et
3165 2935 3301 2972 cum
3333 2934 3608 2973 mansue-

1961 3009 2164 3064 tudine
2193 3007 2666 3076 intermiscendo,
2681 3008 2835 3063 sicut
2864 3023 3021 3062 nunc
3049 3010 3284 3078 tempus
3313 3024 3376 3062 se
3405 3005 3604 3072 habet,

1961 3113 2090 3152 raro
2124 3099 2180 3152 et
2201 3114 2314 3151 non
2345 3097 2524 3152 nimis
2555 3095 2796 3164 duriter,
2829 3095 3316 3152 eomminationes
3363 3094 3413 3150 si
3443 3094 3606 3150 vobis

1957 3185 2328 3248 videtur,non
2352 3185 2498 3240 alias
2521 3184 2710 3240 minas
2731 3183 3220 3250 intentando,nisi
3243 3183 3384 3254 quia
3403 3182 3460 3238 in
3495 3183 3606 3240 hoc

1959 3273 2231 3329 videbitis
2261 3275 2360 3345 qui
2395 3275 2509 3329 Deo
2545 3272 2734 3329 ﬁdelis
2763 3278 2870 3338 est,
2905 3277 2964 3328 et
2999 3290 3100 3327 vos
3129 3273 3374 3328 charum
3406 3272 3602 3339 habet,

1960 3367 2018 3417 ct
2043 3364 2113 3418 de
2141 3363 2304 3418 vobis
2335 3381 2405 3418 ex
2436 3379 2610 3434 regno
2649 3366 2839 3417 vestro
2890 3362 3037 3417 bene
3077 3359 3291 3416 habere
3337 3361 3516 3432 cupit,
3550 3363 3609 3416 et

1960 3451 2042 3506 illi
2069 3452 2276 3507 mereri
2308 3451 2416 3506 hoc
2448 3451 2781 3517 studebitis,
2807 3451 2854 3504 si
2883 3450 3048 3505 vobis
3071 3449 3306 3520 adjutor
3323 3449 3610 3504 exstiterit

1961 3542 2030 3596 ad
2066 3557 2437 3595 communem
2471 3537 2870 3604 salvationem,
2907 3543 2970 3593 ut
3018 3539 3132 3592 ista
3181 3537 3336 3592 mala
3383 3537 3455 3593 de
3495 3537 3606 3593 isto

1961 3647 2136 3702 regno
2169 3631 2459 3684 recedant.
2499 3629 2563 3684 Et
2592 3630 2690 3700 qui
2743 3629 2800 3682 in
2848 3628 3065 3683 talibus
3115 3627 3214 3682 Dei
3263 3629 3516 3700 adjutor,
3548 3632 3607 3684 et

1957 3723 2146 3774 vester
2195 3719 2421 3773 amicus
2477 3735 2545 3773 ae
2595 3735 2740 3772 suus
2793 3734 2908 3772 non
2960 3715 3152 3781 fuerit,
3189 3732 3302 3772 non
3343 3713 3606 3788 poteritis

1960 3807 2172 3863 habere
2205 3807 2717 3873 delectamentum,
2752 3809 2818 3861 ut
2848 3805 2990 3862 illud
3023 3806 3244 3861 bonum
3268 3804 3322 3860 ei
3355 3803 3604 3874 faciatis,

1957 3896 2112 3966 quod
2139 3894 2390 3950 faceritis
2411 3895 2460 3950 si
2482 3895 2762 3950 veraciter
2781 3911 2915 3950 eum
2956 3893 3214 3950 amicum
3240 3892 3606 3966 cognovisse‘

1955 3983 2052 4038 tis.
2067 3983 2168 4038 Vel
2193 3983 2324 4050 isto,
2346 3987 2448 4038 aut
2469 3983 2582 4038 alio
2601 3984 2793 4050 modo,
2823 3983 2976 4054 quod
2999 3981 3211 4038 melius
3241 3981 3404 4037 scitis
3425 3997 3605 4054 quam

1955 4088 2062 4142 ego
2092 4071 2254 4126 vobis
2283 4071 2506 4142 possim
2531 4071 2742 4136 dicere,
2758 4074 2815 4125 et
2844 4066 3054 4125 melius
3077 4059 3429 4141 eogndscitis
3459 4069 3605 4125 fide-

1955 4159 2100 4214 lium
2128 4165 2451 4214 vestrorum
2469 4158 2781 4230 qualitates
2804 4174 2982 4228 quam
3013 4173 3140 4229 ego,
3154 4161 3212 4212 et
3241 4157 3370 4211 ideo
3395 4173 3602 4211 secun-

177 4265 251 4304 ne
301 4247 679 4305 obliviscaris
731 4267 1046 4322 pauperem
1096 4251 1401 4322 populum.
1436 4253 1506 4308 Et
1565 4253 1846 4311 Dominus
1877 4237 1920 4302 C
1958 4249 2099 4303 dum
2149 4248 2302 4320 quod
2351 4246 2515 4302 scitis
2554 4245 2868 4316 unicuique
2923 4244 3252 4311 convenire,
3285 4246 3604 4314 temperate

177 4337 282 4410 qui
317 4355 448 4392 non
481 4337 763 4392 mentitur
807 4339 1162 4410 repromittit
1205 4340 1405 4396 dicens
1439 4357 1452 4395 :
1487 4346 1716 4413 Propter
1741 4345 1848 4398 mi-

173 4425 550 4483 sericordiam
579 4427 803 4497 inopum
821 4435 873 4482 et
891 4429 1149 4498 gemitum
1164 4445 1468 4500 pauperum
1487 4448 1636 4486 nunc
1654 4448 1846 4486 exsur-

173 4531 327 4584 gam,
363 4515 511 4569 dicit
540 4515 806 4570 Dominus
839 4517 1006 4583 (Psai.
1039 4533 1117 4582 x1,
1149 4516 1226 4586 6),
1259 4518 1318 4572 id
1369 4523 1476 4585 est,
1519 4520 1645 4589 jam
1689 4521 1844 4590 jam-

174 4620 292 4674 que
329 4603 395 4657 in
433 4602 697 4673 proximo
720 4601 1039 4658 vindictam
1070 4606 1365 4660 exercebo.
1399 4607 1466 4660 Et
1497 4623 1600 4678 pro
1628 4608 1847 4663 talibus

172 4695 233 4745 et
263 4690 366 4746 his
425 4690 743 4758 similibus,
775 4709 876 4747 vos
927 4693 1373 4750 contristantem
1423 4695 1635 4762 sciens,
1668 4695 1845 4752 simul

171 4797 312 4834 cum
342 4779 609 4850 peccatis
629 4780 796 4848 meis,
811 4785 870 4836 et
891 4799 1025 4836 eum
1048 4783 1462 4840 afﬂictionibus
1481 4785 1678 4857 populi
1701 4786 1845 4842 mibi

171 4867 436 4939 indigno
468 4868 792 4934 commissi,
824 4869 1142 4941 gemitibus
1170 4873 1378 4926 vestris
1423 4873 1746 4945 compatior
1790 4878 1869 4930 et-

168 4954 469 5029 gemisco.
495 4956 605 5010 Sed
640 4955 897 5012 invenire
919 4975 1033 5013 non
1055 4975 1298 5030 possum
1330 4960 1578 5032 qualiter
1607 4979 1721 5028 me,
1752 4963 1844 5017 ni-

168 5043 290 5100 mis
323 5043 580 5101 anxium
613 5061 716 5116 pro
747 5049 938 5101 vestro
989 5051 1046 5102 et
1094 5063 1220 5102 meo
1270 5047 1546 5119 periculo,
1581 5053 1638 5104 et
1665 5050 1844 5106 totius

165 5131 388 5206 populi
433 5131 762 5203 perditione
811 5137 987 5206 atque
1039 5135 1374 5201 afflictione,
1409 5135 1577 5192 aliter
1619 5138 1842 5194 valeam

164 5219 504 5287 consolari,
540 5221 653 5276 nisi
714 5221 854 5293 quia
909 5223 1039 5277 viva
1087 5239 1222 5278 voce
1283 5241 1395 5280 non
1448 5242 1710 5296 possum,
1743 5244 1844 5282 vos

163 5307 397 5364 litteris
429 5307 566 5363 inde
591 5326 1020 5377 commoneam,
1056 5311 1292 5366 territus
1323 5329 1356 5366 a
1387 5316 1616 5383 pastore
1646 5319 1842 5386 pasto-

161 5414 331 5465 rum,
369 5395 482 5468 qui
513 5397 695 5453 dicit:
730 5398 1095 5454 Mereenarius
1143 5408 1192 5454 et
1241 5404 1339 5472 qui
1384 5419 1490 5457 non
1537 5411 1613 5458 est
1637 5412 1840 5476 pastor,

161 5485 316 5542 videt
347 5485 554 5554 lupum
575 5488 897 5554 venientem,
912 5495 963 5542 et
989 5487 1220 5544 dimittit
1247 5505 1364 5544 oves
1395 5498 1445 5545 et
1485 5493 1633 5562 fugit
1660 5493 1838 5560 (Joan.

1957 4354 2309 4394 sermonem.
2357 4335 2588 4390 Scimus
2644 4333 2824 4402 enim,
2857 4332 2997 4404 quia
3043 4332 3192 4388 lenis
3246 4330 3476 4398 sibilus,
3501 4330 3602 4402 qui

1956 4442 2240 4498 equorum
2273 4423 2628 4480 ferocitatem
2676 4422 2926 4494 mitigat,
2961 4438 3173 4476 canum
3222 4419 3601 4493 sagacitatem

1958 4515 2219 4586 instigat.
2250 4515 2317 4568 Et
2346 4513 2418 4570 ad
2451 4513 2594 4568 tales
2628 4511 2916 4576 homines,
2950 4527 3096 4582 quos
3142 4510 3312 4566 modo
3361 4525 3476 4564 non
3515 4511 3605 4565 est

1955 4603 2118 4657 vobis
2167 4620 2404 4659 necesse
2451 4607 2644 4657 tenere
2676 4600 2998 4665 vobiscum,
3031 4602 3090 4653 et
3136 4597 3236 4670 qui
3287 4597 3418 4654 ideo
3465 4613 3601 4654 cum

1955 4693 2113 4747 omni
2141 4711 2316 4764 prope
2338 4691 2561 4747 familia
2581 4707 2689 4745 sua
2704 4691 2774 4745 de
2787 4688 2912 4744 suis
2925 4686 3332 4743 mansionibus
3347 4690 3599 4755 movent,

1955 4786 2020 4838 ut
2050 4782 2119 4837 de
2149 4781 2354 4836 alienis
2382 4779 2681 4834 laboribus
2701 4765 3335 4845 vivant,50mmendate
3355 4792 3483 4848 quas
3503 4794 3599 4832 vo-

1954 4871 2044 4927 bis
2075 4875 2214 4926 sunt
2244 4869 2458 4941 placita
2485 4871 2542 4922 et
2573 4866 2992 4932 necessaria,et
3023 4865 3263 4920 redeant
3291 4865 3363 4920 ad
3395 4865 3600 4920 domos

1953 4959 2211 5025 suas,vel
2229 4975 2364 5013 cum
2381 4956 2580 5028 paucis
2603 4954 2905 5011 vobiscum
2927 4957 3104 5027 stent,
3129 4959 3192 5010 ut
3215 4971 3349 5009 eum
3365 4951 3601 5024 justitia

1952 5049 2140 5104 vivere
2171 5047 2417 5120 possint,
2451 5045 2592 5118 quia
2637 5045 2696 5100 in
2747 5043 3022 5100 solidiore
3071 5042 3233 5116 regni
3272 5041 3444 5097 vestri
3475 5039 3597 5094 loco

1954 5135 2184 5210 degitis,
2210 5153 2396 5207 usque
2427 5135 2569 5190 dum
2603 5132 2904 5206 plenitudo
2933 5133 3192 5188 ﬁdelium
3215 5129 3314 5184 ubi
3336 5125 3600 5183 condixe-

1952 5225 2080 5280 ritis
2097 5227 2169 5282 ad
2191 5242 2292 5280 vos
2308 5224 2806 5296 veniant,quando
2830 5223 2887 5277 in
2909 5222 3166 5294 aliquam
3187 5216 3595 5274 necessitatem

1951 5313 2034 5370 ire
2052 5312 2371 5370 volueritis.
2391 5313 2501 5368 Sed
2526 5312 2776 5368 multum
2805 5309 3148 5380 timeo,quia
3168 5306 3300 5362 talis
3322 5305 3594 5378 populus,

1953 5403 2091 5476 quia
2111 5403 2194 5459 sic
2225 5403 2410 5457 Deum
2443 5401 2684 5457 offendit
2713 5405 2770 5456 et
2814 5418 2919 5455 son
2965 5415 3027 5452 se
3067 5395 3324 5466 corrigit,
3361 5411 3466 5450 nec
3494 5411 3598 5450 vos

1954 5511 2057 5548 nec
2119 5491 2399 5563 seipsum,
2467 5491 2700 5563 quando
2766 5503 3000 5543 necesse
3067 5483 3260 5552 fuerit,
3321 5483 3596 5554 adjuvare

159 5593 216 5666 x,
234 5576 360 5642 12).
395 5573 570 5644 Fugit
586 5579 802 5644 autem,
828 5575 1123 5648 quiavidit
1146 5576 1519 5650 iniquitatem
1541 5583 1598 5633 et
1619 5581 1836 5635 tacuit:
1868 5601 1916 5666 Β
1950 5581 2182 5638 valebit.
2215 5582 2285 5636 Et
2331 5581 2545 5635 mittite
2594 5576 2860 5632 homines
2919 5573 3243 5666 secundum
3277 5575 3596 5666 consuetu-

156 5662 317 5719 vidit
371 5665 646 5732 raptores
692 5668 748 5720 et
795 5665 1050 5737 rapinas,
1083 5671 1140 5722 et
1189 5670 1424 5722 cmteras
1473 5667 1740 5725 miserias
1778 5669 1835 5724 in

1949 5669 2146 5725 dinem
2195 5669 2687 5740 praedecessorum
2737 5665 3088 5729 vestrorum,
3123 5661 3222 5733 qui
3274 5660 3334 5716 in
3365 5659 3597 5734 longius
