3934 6182
393 369 512 432 955

1172 371 1554 433 HINCMARI
1599 368 1845 430 nHEM.
1891 366 2256 428 ARCHIEP.
2305 369 2717 434 OPUSCULA
2757 371 3026 434 VARIA.
3065 357 3112 389 -’
3651 379 3745 442 956

394 505 640 577 pergant
667 506 907 577 propter
935 503 1240 573 fodrarios,
1273 508 1331 560 et
1377 522 1578 562 curam
1609 506 1679 562 de
1709 523 1851 580 pace
1897 506 2042 563 acei-
2070 503 2124 568 Α
2158 502 2272 558 voli
2295 507 2396 559 aut
2411 501 2672 560 dolentes
2691 504 3000 561 diﬂ'amant
3017 522 3252 562 rumore
3282 523 3295 562 :
3325 507 3466 579 quia
3483 523 3606 564 cum
3628 513 3747 584 regis

393 591 576 665 piant.
593 593 664 648 Et
693 591 840 649 tales
871 593 1106 661 mittite,
1121 594 1223 666 qui
1255 611 1370 650 non
1394 595 1513 652 sint
1533 596 1605 653 de
1625 595 1718 652 his
1738 598 1810 652 de
1826 597 2042 668 quibus

396 681 540 738 dicit
569 681 883 755 Apostolus
907 701 920 738 :
945 683 1053 751 Qui
1076 683 1348 756 praedicas
1375 703 1486 742 non
1503 686 2044 757 furandumfuraris

393 771 571 838 (Rom.
604 789 667 836 ιι,
687 771 800 844 2i).
819 771 1184 829 Transmitto
1204 773 1387 842 vobis,
1408 774 1560 830 sicut
1591 775 1728 841 dixi,
1749 775 2046 848 exemplar

397 859 814 916 admonitionis
841 865 1073 930 nostrae,
1116 879 1293 934 quam
1335 880 1438 935 per
1464 863 1633 919 villas
1664 864 1867 933 direxi,
1897 869 1964 920 ut
1995 865 2044 922 si

394 949 562 1004 vobis
591 948 800 1021 placet,
834 953 967 1023 post
995 950 1453 1008 admonitionem
1483 957 1757 1020 vestram,
1791 954 1851 1009 in
1883 972 2048 1010 cons-

399 1041 568 1109 pectu
597 1043 788 1095 vestro
819 1057 947 1096 eam
983 1040 1254 1096 ﬁdelibus
1270 1042 1754 1111 vestrisjubeatis
1771 1043 2044 1116 relegere,

345 1163 356 1171 ι
399 1129 454 1181 et
487 1127 814 1198 praedicetis
845 1128 1138 1200 illis,quia
1170 1129 1282 1185 ista
1310 1131 1487 1186 verba
1503 1132 1603 1186 Dei
1627 1137 1784 1199 sunt,
1803 1136 1860 1188 et
1881 1133 2045 1189 missi

399 1213 500 1270 Dei
533 1220 692 1284 sunt,
711 1220 768 1272 et
797 1233 912 1272 non
945 1234 1014 1272 ea
1043 1218 1258 1274 debent
1287 1218 1344 1274 in
1379 1237 1440 1275 se
1468 1220 1554 1275 vel
1607 1221 1667 1275 in
1712 1221 1836 1278 suis
1864 1223 2046 1296 negli-

398 1320 552 1376 gere.
573 1306 643 1360 Et
671 1305 755 1360 sic
775 1307 1064 1362 custodite
1094 1323 1162 1362 ea
1191 1324 1318 1378 quae
1345 1325 1594 1380 suggero
1615 1313 1670 1364 et
1691 1311 2046 1376 transmitto,

399 1395 466 1447 ut
495 1397 630 1448 ante
661 1393 809 1448 nihil
841 1394 1030 1450 sciant
1070 1395 1182 1451 nisi
1216 1414 1318 1468 per
1353 1415 1456 1454 vos
1485 1415 1498 1452 :
1535 1397 1674 1470 quia
1704 1399 1750 1454 si
1787 1399 2048 1468 scierint,

399 1481 589 1550 potest
618 1479 740 1534 fieri
771 1481 835 1534 ut
865 1497 980 1536 non
1012 1499 1112 1538 eos
1143 1483 1392 1555 plenitcr
1415 1484 1832 1542 babeatis.Vos
1853 1491 2047 1544 tamen

397 1566 534 1622 inde
555 1567 791 1634 debetis
821 1569 1132 1626 consilium
1165 1573 1470 1644 prendere,
1497 1578 1563 1628 ut
1581 1574 1845 1644 jubeatis
1878 1576 2051 1632 alicui

399 1654 500 1726 qui
531 1660 736 1712 vestra
752 1658 875 1714 vice
906 1660 1169 1731 quotidie
1199 1678 1298 1717 eos
1328 1664 1661 1729 admoneat,
1695 1668 1759 1719 ut
1808 1665 1858 1720 si
1907 1666 2054 1722 tales

397 1749 541 1800 sunt
571 1745 673 1816 qui
704 1749 878 1804 antea
904 1747 1057 1804 hanc
1089 1751 1547 1808 admonitionem
1580 1771 1694 1808 non
1740 1754 2052 1821 audierint,

398 1832 484 1889 eis
514 1834 775 1906 quotidie
807 1839 1042 1908 quando
1072 1840 1144 1894 ad
1178 1845 1585 1911 paramentum
1606 1847 1864 1898 vestrum
1891 1859 2054 1900 vene‘

399 1921 518 1978 rint
535 1923 754 1996 relegat
779 1942 792 1980 ε
814 1931 1110 1997 quatenus
1138 1933 1197 1984 et
1227 1929 1335 2000 ipsi
1371 1929 1797 1987 inexeusabiles
1823 1932 1966 1999 sint,
1997 1938 2054 1990 et

397 2027 500 2066 vos
531 2011 788 2084 aliquam
822 2016 1254 2073 excusationem
1278 2035 1474 2074 coram
1496 2019 1612 2076 Deo
1631 2020 1844 2076 habere
1872 2022 2055 2094 possi-

399 2100 496 2168 tis,
532 2101 582 2156 si
611 2105 842 2158 tantum
879 2104 1072 2160 facitis
1103 2111 1389 2178 quantum
1423 2125 1526 2180 per
1544 2109 1826 2166 rationem
1861 2114 2051 2182 potes-

399 2189 496 2245 tis.
530 2190 600 2245 Et
629 2189 809 2247 nolite
839 2193 1140 2266 negligere
1165 2195 1268 2251 illa
1305 2197 1582 2270 capitula,
1615 2216 1742 2270 quae
1793 2201 2053 2272 synodus

399 2277 472 2335 de
501 2277 792 2338 Carisiaco
822 2298 926 2354 per
955 2283 1320 2340 Wenilonem
1351 2291 1406 2342 et
1437 2287 1836 2343 Erchanraum
1867 2293 2054 2346 trans-

399 2367 564 2424 misit
591 2369 663 2425 ad
693 2369 1226 2430 huncAttiniacum
1256 2377 1546 2446 praeterito
1578 2394 1730 2433 anno
1763 2378 2052 2434 Ludovico

401 2456 566 2514 fratri
599 2462 812 2525 vestro,
842 2464 901 2516 et
927 2477 1020 2516 me
1052 2463 1484 2520 transmittente
1515 2465 1865 2522 llincmarus
1896 2467 2052 2524 filius

401 2561 571 2602 meus
589 2547 756 2604 vobis
785 2548 964 2614 dedit,
997 2552 1229 2621 quando
1258 2553 1560 2609 vobiscum
1613 2555 1670 2610 in
1715 2557 2055 2629 Burgundia

403 2633 532 2690 fuit.
566 2635 677 2690 Sed
708 2635 946 2709 relegite
971 2657 1042 2695 ea
1075 2638 1405 2713 diligenter,
1433 2643 1592 2714 quia,
1635 2645 1778 2700 mihi
1812 2645 2050 2714 credite,

402 2721 536 2795 plus
568 2740 672 2796 pro
699 2726 864 2782 vobis
896 2743 1074 2799 quam
1104 2746 1208 2802 pro
1239 2729 1338 2786 illo
1368 2731 1520 2786 facta
1553 2733 1804 2788 fuerunt.
1839 2733 2052 2790 Crede-

403 2811 540 2867 bam
566 2811 722 2869 enim
754 2816 909 2886 quod
942 2816 1042 2872 Dei
1075 2818 1476 2876 misericordia
1501 2838 1606 2877 vos
1635 2839 1900 2879 revocare
1951 2823 2050 2877 de-

401 2898 648 2966 buisset,
680 2906 738 2957 et
767 2902 868 2960 illa
897 2905 1220 2963 admonitio
1249 2907 1414 2964 vobis
1448 2911 1774 2967 necessaria
1803 2914 1862 2967 et
1890 2911 2052 2967 utilis

403 3003 532 3044 esse
550 2988 784 3046 valeret.
811 2991 1118 3058 Caeterum,
1135 2995 1525 3062 Domine,tria
1555 2999 1624 3054 ad
1661 3016 1752 3056 me
1774 3016 2051 3072 pervene-

403 3081 562 3144 runt,
587 3095 714 3152 quaa
743 3079 984 3160 reticere
1003 3083 1169 3139 vobis
1185 3083 1560 3156 disposui,ne
1591 3087 1744 3144 inter
1773 3087 1888 3142 alia
1916 3087 2052 3144 inde

403 3166 538 3240 plus
550 3171 738 3224 vester
756 3169 992 3226 animus
1015 3175 1361 3229 moveretur.
1379 3174 1491 3229 Sed
1515 3174 1822 3248 recogitavi
1839 3175 2050 3231 melius

2152 591 2548 649 ministerium
2580 593 2680 666 sit,
2695 611 2758 650 se
2785 599 2844 650 et
2872 612 3012 651 suos
3041 595 3142 668 qui
3175 598 3306 652 bene
3333 606 3506 668 agunt
3525 599 3580 653 in
3595 601 3746 657 mlius

2153 698 2384 754 semper
2401 683 2670 755 dirigere,
2686 689 2742 740 et
2762 701 2968 756 pravos
2988 702 3024 740 a
3043 685 3216 742 malis
3235 685 3748 760 corrigere,impium

2154 775 2244 826 est
2273 772 2343 827 de
2366 788 2542 844 regno
2573 773 2686 829 sibi
2717 774 2980 846 subjecto
3012 775 3166 830 dona
3203 779 3262 830 et
3289 774 3530 832 servitia
3558 793 3588 831 a
3606 778 3751 848 subje-

2155 859 2268 915 ctis
2287 860 2536 933 exigere,
2566 866 2624 916 et
2651 862 2736 919 eis
2769 867 2834 918 ut
2880 879 3008 935 quae
3059 863 3348 919 debentur
3389 868 3448 920 et
3493 863 3753 938 exiguntur

2155 947 2410 1005 habeant
2447 951 2604 1006 unde
2635 951 2874 1007 reddere
2900 951 3129 1024 possint
3158 969 3273 1008 non
3305 953 3623 1024 providere,
3642 958 3686 1010 et
3706 972 3754 1011 ea

2157 1054 2282 1109 quae
2305 1037 2388 1092 illi
2413 1037 2862 1111 placentjubere
2881 1043 3054 1112 atque
3093 1041 3422 1113 disponere,
3441 1045 3500 1097 et
3523 1059 3640 1114 qua
3670 1043 3753 1098 Deo

2157 1125 2469 1198 displicent
2491 1145 2604 1183 non
2631 1128 2936 1201 prohibere
2958 1134 3015 1185 et
3030 1128 3315 1186 amovere.
3340 1131 3504 1197 Quod
3522 1129 3643 1187 ideo
3659 1149 3757 1204 sug-

2157 1231 2354 1286 gerere
2372 1221 2576 1272 vestrm
2599 1216 2982 1274 dominationi
3005 1235 3315 1291 prazsumo,
3331 1219 3472 1291 quia
3499 1235 3665 1293 regno
3687 1237 3756 1292 pa-

2156 1304 2264 1360 tris
2293 1310 2352 1360 et
2381 1306 2470 1360 avi
2502 1307 2677 1362 vestri
2719 1307 2779 1362 in
2819 1307 3022 1364 multis
3061 1306 3558 1380 diviso,capitalia
3583 1307 3686 1364 loca
3706 1309 3758 1364 de

2159 1410 2335 1466 regno
2365 1398 2555 1450 vestro
2588 1395 2773 1452 multa
2801 1397 3074 1469 perdunt,
3107 1401 3164 1452 et
3193 1397 3355 1453 vobis
3385 1414 3489 1470 pro
3520 1396 3666 1470 regio
3682 1397 3756 1452 ho-

2161 1499 2299 1538 nore
2319 1483 2419 1556 qui
2450 1500 2550 1538 vos
2572 1484 2866 1552 condecet,
2883 1503 3119 1542 necesse
3139 1489 3230 1542 est
3247 1491 3312 1541 ut
3329 1485 3474 1541 nihil
3496 1485 3760 1542 imminua-

2160 1575 2262 1626 tur
2280 1572 2351 1628 de
2373 1571 2465 1627 bis
2486 1589 2612 1644 quae
2634 1574 3089 1646 praedecessores
3115 1573 3290 1630 vestri
3311 1591 3381 1629 ex
3411 1575 3633 1632 eisdem
3659 1574 3762 1630 locis

2163 1660 2429 1716 solebant
2451 1660 2683 1728 habere,
2717 1667 2774 1718 ct
2802 1662 3016 1735 pagani
3039 1681 3104 1718 ac
3125 1663 3255 1720 falsi
3289 1663 3610 1720 Christiani
3629 1663 3762 1718 maxi-

2164 1766 2322 1805 mam
2341 1753 2567 1822 partem
2589 1751 2660 1808 de
2682 1757 2844 1824 parte
2866 1753 3028 1824 regni
3049 1753 3226 1808 vestri
3250 1753 3625 1825 absumptam
3644 1766 3765 1808 usur-

2166 1843 2327 1908 pant.
2360 1841 2430 1894 Et
2461 1839 2509 1894 si
2542 1840 2932 1911 portiuncula,
2967 1841 3024 1896 in
3049 1859 3166 1914 qua
3194 1841 3366 1898 vestri
3400 1841 3604 1898 fideles
3621 1841 3764 1896 vobis-

2162 1945 2296 1984 cum
2328 1929 2536 2000 degere
2561 1928 2892 1993 debent,ita
2921 1929 3248 1986 annibilata
3268 1929 3569 2003 perfuerit,
3588 1946 3764 1986 necvos

2162 2036 2269 2073 nec
2288 2017 2371 2073 illi
2393 2017 2610 2074 ibidem
2635 2019 2898 2092 poteritis
2922 2020 3262 2075 conducere.
3281 2019 3542 2075 Alterum
3563 2019 3763 2092 estquia

2161 2106 2385 2162 dictum
2416 2112 2507 2164 est
2538 2107 2704 2175 mihi,
2732 2107 3012 2180 quoniam
3047 2107 3395 2164 clamatores
3423 2107 3522 2180 qui
3548 2109 3617 2164 ad
3641 2107 3763 2181 pala-

2160 2196 2311 2251 tium
2340 2201 2599 2252 vestrum
2648 2197 2910 2268 veniunt,
2935 2197 3156 2252 nullam
3197 2195 3652 2253 consolationem
3689 2212 3763 2251 nec

2161 2285 2335 2340 etiam
2359 2285 2578 2341 bonum
2602 2301 2949 2358 responsum
2971 2285 3052 2341 ibi
3084 2284 3377 2357 accipant;
3402 2286 3557 2358 quod
3599 2283 3763 2341 simili-

2162 2377 2252 2428 ter
2271 2374 2503 2429 credere
2527 2373 2708 2441 nolui,
2728 2373 2919 2430 sciens
2942 2391 3045 2430 vos
3065 2374 3237 2430 corde
3257 2372 3504 2430 retinere
3523 2373 3671 2445 quod
3687 2373 3766 2428 Do-

2163 2462 2361 2534 minus
2383 2462 2525 2518 dicit
2549 2481 2562 2518 :
2589 2465 2705 2536 Qui
2733 2465 2948 2520 obturat
2975 2481 3165 2520 aurem
3202 2480 3361 2520 suam
3399 2463 3474 2518 ad
3516 2463 3766 2518 clamorem

2157 2554 2444 2622 pauperis,
2457 2561 2506 2607 et
2529 2554 2644 2624 ipse
2664 2553 2924 2608 clamabit
2942 2561 2994 2608 et
3011 2570 3122 2608 non
3148 2552 3474 2608 exaudiatur
3493 2557 3670 2620 (Prov.
3680 2565 3764 2614 ni,

2165 2640 2274 2708 13).
2297 2641 2365 2695 Et
2395 2641 2629 2713 quando
2653 2641 2994 2712 hujusmodi
3017 2641 3338 2697 clamantes
3361 2658 3476 2697 non
3495 2641 3766 2696 exaudien-

2162 2732 2260 2782 tur
2289 2729 2656 2784 demonstrat
2684 2729 3064 2803 Evangelium
3105 2729 3344 2786 dicens:
3381 2728 3767 2786 Venientdim-

2161 2825 2237 2872 tes
2269 2835 2288 2872 :
2319 2819 2567 2886 Domine,
2598 2820 2846 2887 Domine,
2878 2821 3033 2892 aperi
3059 2821 3246 2887 nobis;
3275 2827 3327 2875 et
3355 2819 3450 2874 ille
3487 2817 3767 2888 respondou

2164 2906 2305 2962 dicet
2332 2925 2350 2961 :
2378 2906 2544 2963 Amen
2571 2906 2690 2964 dico
2720 2910 2890 2975 vobis,
2923 2909 3113 2965 Nescio
3159 2925 3250 2964 vos
3291 2908 3509 2979 (Matth.
3535 2925 3656 2971 xxv,
3681 2907 3765 2972 11).

2160 2995 2394 3052 Nescire
2423 2995 2581 3052 enim
2611 2997 2715 3054 Dei
2770 3015 2948 3070 quem
2992 2997 3138 3053 nihil
3189 2997 3328 3053 latet
3361 2996 3659 3069 reprobare
3681 2998 3766 3052 est.

2159 3085 2298 3156 quia
2317 3085 2396 3140 ibi
2415 3086 2542 3156 jam
2563 3104 2598 3142 a
2629 3086 2746 3142 Deo
2771 3102 2884 3142 non
2907 3090 3098 3159 potest
3117 3085 3326 3142 mereri
3343 3086 3501 3158 quod
3522 3083 3674 3156 petit,
3691 3080 3768 3155 qui

2168 3172 2262 3228 hic
2285 3173 2475 3230 noluit
2494 3175 2698 3230 audire
2718 3175 2873 3246 quod
2888 3177 3155 3247 jussit,et
3173 3175 3273 3248 qui
3293 3177 3528 3247 tempus
3540 3188 3768 3245 congrue

404 3237 533 3313 esse
564 3260 630 3311 ut
659 3256 823 3312 vobis
852 3255 956 3312 illa
985 3258 1312 3330 signiﬁcem
1345 3277 1358 3317 :
1391 3237 1681 3333 quoniam:
1703 3281 1829 3336 quae
1860 3265 1934 3320 ad
1959 3282 2054 3321 ve-
2085 3237 2127 3303 (ἶ
2166 3263 2518 3333 pmnitentia:
2541 3237 2812 3334 perdidit,
2829 3237 3047 3318 frustra
3077 3237 3212 3319 ante
3231 3262 3395 3335 regni
3410 3237 3768 3333 ianuamvcum

405 3348 557 3398 tram
589 3343 857 3399 notitiam
890 3361 1004 3399 non
1037 3348 1402 3416 perveniunt,
1444 3367 1558 3405 non
1592 3353 1834 3423 potestis
1874 3353 2052 3408 corri-

404 3447 540 3502 gere
572 3448 586 3486 :
617 3435 677 3486 et
705 3437 1232 3506 quantumcunque
1261 3435 1524 3494 divinum
1565 3439 1884 3510 judicium,
1916 3441 2056 3514 quia

405 3518 582 3574 etiam
610 3518 668 3574 in
697 3537 812 3576 non
846 3520 1072 3578 levibus
1101 3523 1297 3580 causis
1314 3524 1387 3580 de
1417 3525 1747 3597 ignorantia
1766 3529 2056 3601 vapulavi-

407 3622 564 3674 mus,
585 3607 632 3662 si
669 3607 768 3664 illa
799 3609 1081 3682 ignoretis
1096 3613 1168 3668 ad
1202 3630 1377 3684 quem
1410 3615 1661 3686 pertinet
1689 3618 1840 3688 quod
1871 3618 2056 3673 asub-

407 3695 546 3752 ditis
592 3698 802 3754 vestris
851 3699 911 3754 in
957 3699 1212 3771 generali
1257 3718 1434 3757 causa
1481 3705 1891 3770 committitur,
1937 3723 2053 3762 non

406 3784 650 3856 potestis
681 3786 932 3857 effugere
965 3803 979 3841 :
1013 3791 1072 3842 et
1103 3787 1294 3843 sciens
1319 3806 1447 3860 qua;
1478 3790 1642 3846 vobis
1673 3791 1813 3849 utile
1863 3797 1953 3850 est
1981 3795 2053 3850 ad

407 3870 733 3937 sciendum,
767 3872 816 3927 si
847 3874 918 3928 ad
949 3879 1202 3930 vestram
1251 3875 1519 3932 notitiam
1578 3896 1689 3934 non
1738 3880 2052 3950 pertulero,

408 3959 735 4031 perieulum
765 3961 892 4016 sine
923 3962 1288 4021 dubitatione
1333 3965 1588 4021 incurro.
1622 3967 1701 4023 De
1733 3967 1822 4024 his
1865 3971 2056 4026 tribus

409 4065 537 4120 quae
567 4049 764 4106 audivi
792 4051 909 4107 duo
939 4053 1172 4108 credere
1200 4053 1632 4123 nolui,tertium
1662 4058 1805 4115 satis
1836 4059 2055 4116 invitus

409 4137 648 4194 credidi.
678 4141 935 4204 Quorum
958 4141 1216 4213 primum
1239 4144 1505 4216 est,quia
1535 4163 1637 4218 per
1666 4147 2054 4218 plurimorum

408 4242 509 4282 ora
539 4226 814 4299 vulgatur
859 4245 960 4284 vos
989 4228 1200 4296 dicere,
1226 4231 1503 4302 quoniam
1554 4235 1648 4290 de-
1675 4235 1803 4293 istis
1833 4237 2054 4310 rapinis

409 4319 586 4387 atque
605 4316 1137 4388 depraedationibus
1152 4320 1298 4376 nihil
1315 4338 1416 4378 vos
1436 4322 1696 4380 debeatis
1718 4325 2052 4395 misculare,

410 4403 820 4478 unusquisque
835 4407 1230 4464 suadel‘endat
1245 4413 1309 4464 ut
1334 4415 1542 4482 potest.
1565 4415 1728 4478 Quod
1751 4414 1886 4471 licet
1899 4432 2053 4470 men-

409 4491 644 4548 dacium
661 4509 790 4550 esse
811 4497 1199 4567 cognoverim,
1215 4497 1376 4554 nolui
1394 4499 1558 4556 vobis
1580 4501 1956 4571 abscondere,
1991 4509 2056 4560 ut

2163 3351 2434 3421 precibus
2456 3350 2630 3407 venit.
2664 3352 2928 3408 Tertium
2961 3356 3070 3417 est,
3095 3351 3250 3424 quod
3280 3351 3428 3406 satis
3455 3349 3659 3405 invitus
3677 3362 3770 3403 cro-

2162 3438 2306 3510 didi,
2331 3439 2470 3512 quia
2506 3443 2638 3512 post
2685 3445 2956 3513 percepta
2989 3439 3205 3508 omnia,
3229 3456 3357 3512 quae
3387 3439 3461 3495 ad
3491 3439 3689 3494 victum
3721 3437 3765 3490 et

2163 3532 2367 3598 potum
2401 3529 2729 3586 necessaria
2759 3534 2917 3596 sunt,
2942 3529 3012 3584 de
3041 3527 3306 3584 ecclesiis
3324 3531 3584 3600 raptores
3598 3527 3764 3581 autre-

2164 3617 2560 3690 demptionem
2583 3618 2846 3691 exigunt.
2867 3622 2971 3673 aut
2989 3634 3088 3673 eas
3117 3616 3470 3689 infringunt.
3485 3615 3638 3672 Unde
3657 3627 3763 3668 cum

2163 3705 2382 3778 gemitu
2405 3706 2564 3778 gravi
2587 3706 2716 3763 dico
2747 3705 2889 3778 quid
2918 3706 2989 3762 de
3011 3705 3231 3762 talibus
3253 3704 3468 3778 poterit
3495 3719 3615 3759 esse
3635 3698 3764 3756 Chri-

2164 3793 2392 3850 stianis.
2427 3794 2641 3852 Paulus
2672 3795 2828 3851 enim
2862 3795 2935 3850 ad
2967 3793 3370 3851 testimonium
3401 3791 3631 3848 deducit
3663 3803 3764 3860 qua!

2163 3883 2318 3939 inter
2342 3883 2691 3956 gravissima
2721 3887 2957 3956 peccata
2984 3883 3250 3956 graviora
3294 3881 3522 3956 putavit
3563 3878 3763 3935 dicens:

2165 3973 2272 4040 Qui
2299 3973 2639 4029 abominaris
2669 3973 2816 4028 idola
2843 3975 3198 4042 sacrilegium
3223 3973 3364 4044 facis
3395 3973 3566 4040 (Rom.
3603 3987 3657 4034 ιι,
3674 3968 3764 4032 22),

2164 4065 2221 4118 et
2245 4061 2342 4118 isti
2375 4078 2510 4117 cum
2539 4061 2815 4118 omnibus
2846 4061 2978 4118 aliis
3008 4060 3385 4119 accumulant
3415 4056 3765 4130 sacrilegium.

2163 4153 2222 4206 et
2253 4167 2368 4206 non
2399 4149 2817 4206 abominantur
2861 4148 3038 4218 idola,
3075 4149 3213 4222 quia
3259 4154 3318 4206 et
3364 4149 3519 4205 idem
3567 4149 3766 4204 sanctas

2165 4238 2380 4295 Paulus
2401 4238 2542 4295 dicit
2576 4255 2588 4294 :
2622 4241 2698 4295 Et
2715 4240 2978 4306 avaritia,
3010 4255 3136 4312 quae
3162 4247 3240 4296 est
3269 4237 3540 4295 idolorum
3573 4236 3766 4292 servitus

2162 4327 2376 4399 (Ephes.
2408 4345 2462 4396 v,
2489 4329 2566 4396 5).
2607 4328 2760 4384 Deus
2781 4327 3152 4400 omnipotens
3182 4327 3508 4384 secundum
3537 4322 3765 4382 eumdem

2161 4415 2506 4488 Apostolum
2531 4417 2629 4472 det
2656 4417 2822 4472 vobis
2866 4420 2924 4472 et
2950 4416 3096 4472 velle
3122 4419 3183 4470 et
3210 4416 3487 4488 perﬁcere
3515 4431 3612 4488 pro
3646 4412 3768 4466 bona

2160 4505 2458 4562 voluntate
2489 4506 2643 4578 quod
2683 4505 2849 4562 vobis
2888 4509 2946 4561 et
2976 4503 3146 4561 nobis
3166 4521 3233 4560 ac
3265 4521 3444 4577 regno
3471 4503 3623 4560 vobis
3646 4512 3768 4556 com-

410 4579 824 4640 dsmonstretis
844 4599 1014 4656 opere
1035 4584 1190 4656 quod
1212 4585 1427 4643 faisum
1458 4592 1548 4645 est
1577 4591 1731 4662 quod
1762 4596 1866 4648 aut
1880 4593 2052 4650 mali-
2083 4615 2132 4680 D
2163 4595 2343 4652 misso
2367 4598 2458 4652 est
2487 4612 2654 4668 opus.

1055 4756 1085 4784 6
