3934 6182
205 409 330 472 957

1053 410 1155 470 DE
1197 410 1476 470 VERBIS
1523 409 1803 470 PSALMI
1844 426 1856 467 :
1907 407 2229 470 HERODlI
2270 407 2566 481 DOMUS,
2611 407 2780 468 ETC.

1865 653 1946 718 ν

3505 407 3626 472 958

1355 777 1498 860 DE
1552 701 1970 862 VERBI'S.
2013 775 2412 863 PSALMI
2455 790 2473 860 ζ

976 926 1456 991 HERODII
1507 925 1868 988 DOMUS
1927 926 2150 989 DUX
2205 926 2420 988 EST
2474 928 2529 987 E

1307 927 1456 988 Dll
1507 925 1868 988 DOMUS
1927 926 2150 989 DUX
2205 926 2420 988 EST
2474 925 2860 988 EORUM

1375 1052 1460 1095 AD
1488 1050 1829 1096 ιυῡογιοωι
1859 1049 2185 1095 GERIANIE
2213 1050 2440 1096 REGEM.

1081 1143 1279 1214 (Apud
1309 1142 1603 1210 eumdem,
1637 1157 1707 1196 ex
1736 1138 1932 1196 codice
1963 1140 2023 1194 S.
2059 1140 2308 1214 Remigii
2341 1141 2734 1213 Rhemensis.)

265 1339 520 1394 Domino
551 1339 842 1394 LUDOVICO
872 1339 990 1411 regi
1041 1332 1294 1412 glorioso
1343 1339 1710 1406 HINCMARUS,
1744 1355 1846 1394 no-
1878 1337 1933 1405 Α
1963 1338 2200 1410 quidem
2233 1338 2450 1404 Roma,
2478 1340 2734 1395 secundo
2758 1339 3052 1395 Bethleem
3075 1341 3146 1395 ad
3172 1339 3409 1396 Paulam
3433 1343 3489 1394 et
3510 1339 3619 1394 Eu-

196 1428 358 1483 mine
389 1445 508 1484 non
540 1426 746 1484 merito
778 1428 1135 1484 Rhemorum
1169 1427 1496 1501 episc0pus,
1529 1427 1716 1501 plebis
1747 1429 1846 1485 Dei

197 1516 480 1572 famulus.

263 1605 467 1678 Nuper
497 1607 732 1678 quando
763 1606 821 1661 in
848 1605 1096 1664 Tusiaco
1126 1625 1261 1664 cum
1288 1608 1525 1664 domino
1558 1625 1686 1664 meo
1715 1625 1848 1682 rege

193 1692 402 1750 Carolo
432 1695 606 1751 unico
633 1697 808 1752 fratre
849 1700 1040 1754 vestro
1071 1697 1248 1754 locuti
1297 1697 1460 1767 estis,
1494 1698 1648 1754 sicut
1697 1699 1844 1754 bene

193 1782 495 1839 reminisci
542 1783 769 1854 valetis,
821 1787 1076 1859 quadam
1125 1789 1238 1856 die,
1273 1787 1553 1844 accersito
1598 1787 1844 1844 Altfrido

189 1873 521 1928 venerando
541 1873 834 1948 episcopo,
848 1877 1001 1948 apud
1025 1875 1401 1951 exiguitatem
1423 1895 1846 1947 meam,secun-

191 1958 337 2014 dum
368 1958 718 2032 sapientiam
748 1962 912 2019 vobis
941 1982 975 2020 a
1006 1965 1122 2022 Deo
1151 1965 1458 2037 datam,de
1486 1967 1842 2038 quibusdam

190 2063 372 2102 sacra
404 2048 716 2122 Scriptura
748 2051 965 2108 abditis
995 2057 1053 2108 et
1081 2053 1507 2111 difficilioribus
1539 2054 1843 2112 sententiis

190 2151 452 2207 quaerere
473 2142 530 2194 et
548 2139 842 2196 subtiliter
861 2141 1208 2215 investigare
1229 2145 1372 2216 capi
1381 2144 1585 2214 stis,de
1605 2144 1842 2218 quibus,

191 2229 370 2297 prout
417 2225 702 2285 Dominus
732 2230 912 2303 dedit,
937 2235 994 2287 et
1031 2234 1438 2305 opportunitas
1470 2235 1748 2308 temporis
1777 2252 1844 2289 ac

189 2311 303 2370 loci
336 2315 624 2386 permisit,
649 2321 998 2391 respondere
1029 2321 1246 2378 curavi.
1272 2323 1383 2378 Sed
1417 2322 1720 2395 inquisitio
1751 2341 1843 2379 ve-

192 2405 316 2459 stra
347 2421 414 2460 eo
447 2421 633 2478 usque
662 2409 967 2480 processit,
995 2413 1060 2465 ut
1089 2415 1145 2465 et
1175 2411 1486 2484 quaesitum
1520 2417 1695 2484 atque
1725 2411 1844 2469 dis-

191 2495 419 2548 sertum
455 2493 766 2562 foret,cum
791 2498 960 2569 juxta
997 2499 1297 2556 veritatem
1322 2499 1632 2571 Scriptura
1663 2503 1844 2557 Gene-

193 2577 274 2635 sis
303 2581 509 2636 omnia
536 2599 710 2655 opera
739 2585 839 2640 Dei
881 2586 1034 2642 bona
1073 2588 1192 2643 sint
1219 2588 1384 2644 valde
1408 2590 1558 2660 (Gen.
1586 2595 1654 2660 I);
1689 2592 1842 2662 quod

191 2671 247 2723 et
275 2669 595 2771 copﬁrmat
624 2674 938 2771 Apostolus
967 2677 1166 2771 dicens
1201 2694 1213 2734 :
1251 2677 1456 2762 Omnia.
1477 2687 1607 2735 sunt
1640 2679 1848 2734 munda
1876 2706 1923 2771 Β

189 2757 412 2814 mundis
459 2761 586 2829 (Tit.
610 2779 649 2828 Ι,
677 2763 792 2836 15);
827 2767 884 2820 et
915 2782 929 2820 :
964 2765 1116 2821 Nihil
1153 2754 1509 2839 reﬁciendum
1538 2768 1678 2840 quod
1715 2785 1841 2823 cum

185 2847 500 2914 gratiarum
518 2852 731 2907 actione
744 2854 1050 2925 percipitur
1067 2855 1117 2924 (I
1138 2857 1271 2910 Tim.
1298 2873 1373 2924 ιν,
1401 2857 1484 2925 li);
1507 2873 1612 2911 cur
1631 2855 1690 2910 in
1713 2855 1839 2928 lege

185 2935 381 3004 (Leuit.
406 2937 486 3008 xi)
507 2940 774 3010 quadam
797 2941 1105 3000 immunda
1125 2946 1184 3000 et
1205 2961 1318 2999 non
1343 2944 1717 3017 percipienda
1737 2944 1837 2999 Dei

183 3021 404 3096 populo
435 3025 860 3084 describantur.
887 3031 1110 3087 Etcum
1136 3033 1380 3104 quaestio
1411 3031 1722 3102 traditione
1753 3050 1842 3088 ca-

181 3109 540 3170 tholicorum
571 3116 794 3173 exstitit
818 3119 1111 3192 absoluta,
1133 3120 1535 3194 interrogastis
1559 3121 1698 3194 quid
1727 3120 1838 3176 sibi

171 3197 358 3257 vellet
388 3204 545 3274 quod
575 3204 635 3260 in
665 3206 898 3264 Psalmo
942 3210 1210 3266 canitur:
1240 3211 1472 3267 Ilcrodii
1507 3211 1697 3266 domus
1725 3210 1841 3265 dux

179 3295 480 3347 estcomm
517 3292 688 3366 (Psal.
712 3313 832 3362 cm,
859 3298 967 3370 18).
991 3299 1075 3354 Ad
1121 3316 1248 3372 qua
1299 3303 1708 3372 praoccupant
1736 3316 1838 3354 vo-

179 3391 307 3432 cem
337 3395 554 3450 meam,
573 3388 639 3439 ut
658 3385 808 3442 Saxo
829 3404 1038 3461 genere
1058 3405 1123 3444 ac
1146 3405 1250 3460 per
1266 3388 1376 3443 hoc
1397 3387 1686 3443 naturalis
1708 3403 1842 3460 pru-

177 3465 395 3523 dentia
418 3471 635 3528 suatim
661 3477 1032 3548 me'paratior
1050 3476 1108 3531 in
1133 3475 1718 3545 sermone,Altfridus
1737 3475 1844 3531 Ve.

177 3557 485 3614 uerendus
504 3561 818 3634 episcopus
842 3564 1170 3637 dixit,quod
1199 3565 1585 3636 Interpretum
1612 3569 1842 3637 septua—

174 3646 344 3718 ginta
391 3648 697 3706 translatio
742 3651 996 3708 diceret:
1030 3655 1240 3710 Fuliczc
1279 3654 1468 3710 domus
1513 3661 1594 3710 cst
1627 3671 1835 3710 eorum.

175 3735 314 3792 Post
335 3754 516 3810 quem
533 3755 669 3794 cum
693 3743 1044 3812 respondere
1064 3741 1178 3798 inci
1185 3742 1546 3815 perem,quia
1565 3744 1683 3798 duo
1699 3749 1839 3800 sunt

169 3840 395 3897 genera
414 3826 812 3896 herodiorum,
835 3829 990 3885 sicut
1010 3835 1069 3886 et
1089 3831 1206 3886 duo
1231 3835 1369 3886 sunt
1388 3848 1603 3903 genera
1629 3831 1838 3903 pelica-

169 3930 410 3982 norum,
434 3917 591 3972 unde
617 3917 676 3972 in
700 3917 1017 3975 centesimo
1038 3919 1230 3991 primo
1260 3919 1488 3992 psalmo
1520 3921 1590 3975 ad
1624 3920 1836 3977 discre-

167 4001 398 4060 tionem
419 4021 554 4060 cum
587 4005 927 4063 addimento
967 4008 1234 4074 canitur:
1261 4009 1481 4064 Semilis
1508 4012 1686 4080 ﬂictus
1711 4027 1832 4063 sum

1957 1427 2251 1483 stochium
2283 1427 2428 1500 ipsis
2470 1429 2824 1499 petentibus,
2857 1429 3070 1484 deinde
3116 1429 3190 1484 ad
3237 1429 3526 1486 Sunniam
3558 1431 3617 1484 et

1956 1516 2242 1573 Fretelam
2278 1515 2562 1583 scribens,
2584 1515 2739 1573 sicut
2767 1517 2822 1572 in
2848 1517 2976 1588 ejus
3007 1517 3302 1574 invenitur
3324 1517 3612 1590 epistolis,

1953 1610 2012 1662 et
2069 1623 2247 1678 quam
2301 1605 2426 1678 ipse
2473 1605 2760 1678 exposuit,
2807 1623 2993 1679 quave
3051 1605 3509 1679 Hierosolymita
3555 1609 3616 1662 et

1953 1694 2211 1751 Orientis
2240 1693 2531 1764 Ecclesia,
2557 1697 2658 1752 sed
2691 1700 2747 1752 et
2776 1713 2933 1752 nunc
2964 1695 3115 1752 Galli
3137 1699 3405 1759 utuntur,
3429 1694 3510 1750 ita
3530 1694 3616 1750 di-

1951 1784 2031 1839 cit
2055 1799 2067 1839 :
2091 1783 2504 1840 Saturabuntur
2545 1787 2696 1855 ligna
2727 1787 2930 1858 campi,
2961 1793 3012 1843 et
3049 1785 3202 1841 cedri
3249 1785 3445 1840 Libani
3474 1799 3612 1856 quas

1945 1873 2241 1945 plantavit,
2285 1875 2412 1930 illic
2449 1891 2697 1946 passeres
2744 1875 3130 1946 nidiﬁcabunt,
3163 1875 3376 1931 herodii
3421 1873 3612 1928 domus

1953 1965 2070 2018 dux
2097 1972 2176 2020 est
2219 1982 2425 2021 eorum.
2449 1963 2781 2020 Translatio
2830 1982 2964 2021 vero
3013 1964 3368 2033 communis,
3395 1981 3522 2037 qua
3552 1951 3617 2023 el

1952 2052 2208 2126 vulgata,
2235 2054 2319 2109 sic
2349 2053 2526 2108 habet
2551 2071 2563 2108 :
2589 2053 3000 2110 Saturabuntar
3018 2056 3206 2108 omnia
3227 2054 3381 2124 ligna
3407 2053 3608 2124 campi,

1951 2149 2002 2198 et
2029 2143 2178 2198 cedri
2208 2144 2410 2198 Libani
2437 2159 2572 2214 quas
2606 2144 2896 2215 plantasti,
2929 2143 3049 2198 illic
3081 2158 3324 2214 passeres
3352 2141 3610 2212 nidiﬁca-

1954 2232 2104 2299 bunt,
2136 2232 2327 2304 fulica
2355 2231 2544 2287 domus
2582 2233 2698 2287 dux
2738 2240 2818 2288 est
2857 2247 3064 2288 eorum.
3099 2231 3180 2286 De
3210 2247 3328 2302 qua
3355 2229 3608 2286 transla-

1951 2321 2109 2376 tione‘
2152 2321 2356 2376 beatus
2387 2320 2774 2393 Hieronymus
2807 2321 3045 2392 prafata
3074 2317 3322 2391 epistola
3350 2319 3422 2372 ad
3454 2319 3606 2374 Sun-

1954 2411 2114 2466 niam
2146 2414 2204 2465 et
2249 2410 2532 2466 Fretelam
2572 2409 2653 2465 ita
2693 2409 3028 2482 dicit(cpist.
3051 2408 3252 2480 cxxxv)
3278 2425 3328 2463 :«
3353 2406 3608 2464 Breviter

1955 2501 2264 2564 admoneo,
2287 2503 2354 2554 ut
2375 2498 2574 2555 sciatis
2595 2497 2768 2553 aliam
2791 2515 2920 2554 esse
2943 2497 3465 2570 editionem,quam
3485 2495 3607 2553 Ori-

1955 2606 2132 2661 genes
2159 2593 2217 2644 et
2246 2588 2618 2644 Casariensis
2665 2587 2972 2654 Eusebius,
3007 2603 3329 2659 omnesque
3376 2585 3603 2642 Gracia

1956 2682 2298 2734 tractatores
2316 2687 2502 2747 κοινήν,
2526 2678 2583 2732 id
2605 2681 2694 2732 est
2713 2691 3087 2732 communem
3109 2674 3409 2747 appellant
3431 2678 3604 2747 atque

1949 2767 2280 2839 vulgatam,
2331 2769 2388 2820 et
2435 2783 2469 2821 a
2516 2766 2811 2839 plerisque
2859 2781 3015 2820 nunc
3061 2774 3319 2827 Λουκιανὸς
3364 2762 3598 2831 dicitur,

1949 2855 2124 2911 aliam
2146 2855 2522 2928 septuaginta
2552 2855 2965 2926 Interpretum,
2991 2871 3118 2927 qua
3139 2851 3198 2908 in
3219 2850 3484 2923 hexaplis
3503 2868 3600 2908 co-

1948 2945 2179 3000 dicibus
2212 2944 2516 3016 reperitur,
2541 2948 2597 3000 et
2618 2961 2652 2998 a
2671 2943 2842 2998 nobis
2871 2943 2931 2998 in
2963 2943 3235 2996 Latinum
3267 2955 3596 2996 sermonem

1949 3033 2196 3090 fideliter
2213 3050 2380 3088 versa
2399 3037 2506 3098 est,
2531 3035 2588 3088 et
2619 3029 3027 3103 Hierosolyma
3052 3033 3226 3102 atque
3254 3027 3315 3084 in
3346 3026 3598 3084 Orientis

1949 3122 2595 3178 Ecclesiisdccantatur.
2608 3120 2857 3176 nEtitem
2870 3117 3098 3176 idemin
3112 3118 3315 3174 eadem
3327 3115 3592 3190 epistola:

1949 3234 1977 3260 ‹‹
2003 3221 2150 3280 Κοινή
2174 3215 2369 3267 autem
2393 3211 2524 3278 ista,
2543 3209 2653 3265 hoc
2675 3213 2766 3266 est
2785 3207 3118 3264 communis
3137 3205 3338 3272 editio,
3361 3205 3489 3277 ipsa
3508 3207 3598 3260 est

1949 3317 2075 3373 qua
2095 3305 2184 3356 est
2205 3300 2264 3354 in
2281 3298 2802 3372 Septuaginta.Sed
2825 3296 2934 3353 hoc
2951 3296 3195 3352 interest
3210 3293 3363 3350 inter
3377 3287 3598 3349 utram‘

1949 3390 2249 3462 que,quod
2273 3397 2430 3458 κοινή,
2456 3404 2558 3460 pro
2579 3386 2720 3442 locis
2754 3391 2811 3442 et
2853 3383 3236 3458 temporibus,
3264 3385 3321 3438 et
3361 3398 3464 3454 pro
3493 3397 3592 3437 vo-

1949 3478 2173 3534 luntate
2221 3478 2592 3550 scriptorum,
2616 3480 2784 3531 vetus
2832 3476 3106 3545 corrupta
3149 3471 3328 3528 editio
3357 3473 3448 3526 est
3479 3487 3493 3526 :
3526 3486 3592 3526 ea

1948 3572 2145 3624 autem
2178 3585 2306 3640 qua
2331 3566 2582 3622 habetur
2610 3565 2668 3618 in
2700 3561 2982 3634 hexaplis,
3005 3565 3062 3617 et
3091 3577 3268 3633 quam
3301 3575 3408 3615 nos
3428 3557 3595 3614 verti-

1949 3673 2103 3723 mus,
2123 3655 2250 3727 ipsa
2271 3658 2360 3709 est
2376 3671 2502 3726 qua
2523 3653 2583 3707 in
2605 3651 2968 3708 eruditorum
2989 3648 3156 3704 libris
3175 3647 3514 3718 incorrupta
3534 3652 3592 3704 et

1948 3743 2328 3800 immaculata
2355 3741 2728 3814 septuaginta
2755 3740 3141 3810 Interpretum
3171 3735 3477 3792 translatio
3508 3751 3589 3791 re—

1945 3839 2228 3890 servatur.
2252 3831 2544 3904 Quidquid
2571 3846 2708 3902 ergo
2738 3829 2810 3884 ab
2841 3828 2950 3883 hac
2979 3825 3290 3898 discrepat,
3314 3823 3458 3880 nulli
3488 3825 3592 3880 du-

1944 3921 2108 3978 bium
2141 3926 2229 3978 est
2259 3921 2398 3994 quin
2433 3921 2512 3975 ita
2539 3924 2596 3975 et
2623 3921 2696 3976 ab
2730 3918 3096 3974 Hebraeorum
3132 3913 3474 3971 auctoritate
3501 3913 3587 3970 di-

1943 4012 2162 4067 cordat.
2189 4033 2216 4060 »
2249 4013 2404 4065 [lane
2448 4013 2641 4064 autem
2672 4023 3045 4062 communem
3092 4004 3430 4077 editionem,
3459 4020 3588 4076 qua

162 4095 428 4164 pelicano
455 4096 776 4152 solitudinis
805 4098 974 4168 (Psal.
1003 4114 1076 4166 cx,
1097 4100 1174 4166 7),
1199 4097 1338 4170 quia
1380 4101 1468 4153 est
1495 4075 1553 4153 et
1583 4098 1827 4153 alterius
1859 4075 1902 4142 (ἶ
1937 4099 2080 4154 dicit
2108 4100 2314 4154 Fulicze
2338 4098 2526 4153 domus
2545 4096 2662 4151 dux
2679 4103 2758 4151 est
2776 4111 2982 4161 eorum,
3006 4112 3125 4166 qua
3143 4097 3283 4148 tunc
3303 4075 3588 4165 temporis

164 4183 430 4256 generis,
446 4183 695 4240 ﬂuvialis
715 4183 938 4241 scilicet
957 4186 1278 4258 pelicanus,
1293 4187 1628 4258 supervenit
1648 4186 1832 4242 domi-

167 4287 287 4327 nus
317 4288 489 4327 meus
519 4287 616 4328 rex
645 4271 883 4329 Carolus
914 4273 1124 4330 unicus
1155 4275 1332 4330 frater
1355 4279 1562 4343 vester,
1590 4277 1647 4330 et
1667 4291 1826 4330 com-

164 4364 452 4416 monente
481 4358 582 4416 illo
626 4362 962 4433 perrexistis
1004 4363 1076 4418 ad
1118 4363 1589 4418 annuntiandum
1621 4362 1828 4418 vestris

164 4447 474 4516 fidelibus,
498 4455 853 4523 quapropter
873 4455 1191 4508 conventus
1211 4455 1401 4508 vester
1419 4451 1702 4508 exstiterit
1725 4469 1738 4507 :
1771 4456 1828 4508 et

160 4537 224 4592 in
258 4537 459 4594 eundo
493 4539 758 4595 servituti
789 4557 928 4596 mea
957 4540 1166 4596 vestris
1197 4539 1366 4596 bonis
1396 4540 1702 4596 desideriis
1731 4540 1824 4596 in-

149 4627 419 4700 jungere
448 4626 689 4700 placuit,
714 4632 773 4684 et
802 4627 1142 4701 promisisse
1172 4645 1265 4684 me
1297 4628 1559 4696 memini,
1585 4633 1649 4684 ut
1668 4629 1822 4700 quod

156 4719 313 4770 tunc
333 4715 473 4772 inde
495 4717 845 4789 respondere
877 4717 1214 4786 debueram,
1238 4717 1455 4790 scripto
1487 4715 1746 4789 alligare,
1769 4723 1827 4773 ct

153 4802 560 4860 dominationi
607 4810 810 4862 vestra
856 4807 1152 4863 studerem
1199 4805 1615 4862 transmittere.
1657 4808 1822 4874 Quod

154 4891 311 4964 quia
339 4895 514 4949 antea
541 4895 894 4967 exsequendi
935 4894 1430 4968 opportunitatem
1471 4911 1585 4950 non
1617 4895 1821 4964 habui,

153 4998 330 5037 nunc
349 4981 599 5038 breviter
621 5000 750 5056 qua
771 5000 839 5040 ex
860 4999 1210 5056 magnorum
1231 4983 1366 5039 inde
1399 4983 1711 5040 traditione
1731 4983 1818 5038 di-

150 5068 308 5142 dici,
332 5074 535 5128 vestra
565 5071 864 5144 sapientia
896 5073 1139 5129 auribus
1169 5072 1463 5139 intimare,
1486 5077 1543 5128 ct
1570 5073 1820 5145 promis-

149 5159 358 5215 sionis
395 5176 537 5216 mea
587 5160 850 5217 debitum
882 5161 1174 5218 exsolvere
1220 5161 1546 5233 procuravi.
1581 5162 1662 5218 De
1710 5162 1820 5218 hoc

148 5249 330 5303 unde
375 5249 589 5322 agitur,
631 5249 1047 5322 interpretante
1089 5249 1258 5306 beato
1305 5251 1676 5324 Hieronymo,
1709 5251 1818 5308 Ile-

145 5335 370 5393 braica
395 5339 607 5395 veritas
639 5339 720 5395 ita
748 5339 962 5396 habet:
985 5339 1395 5396 Saturabuntur
1421 5342 1575 5408 ligna
1615 5343 1814 5413 campi,

1936 4204 2138 4244 omnes
2169 4203 2316 4259 pene
2346 4186 2664 4240 utebantur
2695 4183 2905 4247 Latini,
2927 4181 3194 4254 exposuit
3215 4182 3277 4236 Β.
3301 4181 3584 4253 Augusti-

1937 4293 2068 4343 nus,
2101 4279 2159 4330 et
2189 4278 2322 4347 post
2350 4290 2486 4330 eum
2527 4273 2792 4343 Prosper,
2828 4271 3040 4326 deinde
3069 4267 3470 4326 Cassiodorus.
3505 4268 3586 4324 De

1935 4380 2053 4436 qua
2098 4363 2330 4419 volucre
2377 4361 2520 4418 dicit
2559 4362 2620 4416 Β.
2653 4359 3018 4432 Augustinus
3051 4373 3064 4411 :
3093 4379 3120 4406 ‹‹
3155 4355 3394 4423 Fulicia,
3431 4355 3585 4411 sicut

1934 4469 2139 4508 omnes
2162 4451 2454 4510 novimus.
2474 4449 2701 4506 marina
2725 4447 2848 4504 avis
2876 4449 2995 4514 est;
3018 4444 3106 4500 vel
3139 4445 3198 4500 in
3224 4444 3450 4516 stagnis
3470 4447 3580 4512 est,

1932 4540 2018 4596 vel
2041 4542 2101 4596 in
2129 4542 2274 4598 mari
2307 4545 2418 4597 est.
2438 4540 2622 4596 Habet
2641 4537 2955 4610 quamdam
2979 4535 3242 4601 domum,
3267 4549 3383 4589 non
3414 4531 3582 4590 facile

1932 4629 1991 4684 in
2023 4630 2216 4687 littore
2248 4635 2436 4699 terra,
2459 4633 2562 4685 aut
2609 4641 2946 4698 nunquam;
2979 4624 3079 4680 sed
3129 4624 3190 4678 in
3239 4622 3312 4680 iis
3360 4640 3489 4696 qua
3519 4623 3581 4678 in

1932 4719 2126 4776 media
2157 4736 2310 4791 aqua
2351 4723 2490 4774 sunt
2523 4733 2536 4772 :
2572 4717 2917 4790 plerumque
2963 4728 3099 4785 ergo
3127 4713 3188 4768 in
3219 4711 3402 4785 petris
3431 4729 3580 4784 quas

1931 4825 2085 4881 aqua
2131 4807 2534 4864 circumdat.»
2565 4807 2624 4862 S.
2655 4820 2890 4877 quoque
2937 4801 3184 4874 Prosper
3223 4819 3294 4858 :«
3333 4801 3576 4870 Domus,

1929 4896 2141 4968 inquit,
2168 4895 2356 4952 fulica
2377 4913 2506 4968 qua
2535 4892 2763 4950 marina
2781 4895 2872 4950 est
2899 4889 3042 4959 avis,
3065 4907 3181 4947 non
3201 4893 3293 4947 est
3320 4889 3381 4946 in
3411 4894 3578 4946 terra

1929 4984 2339 5052 foraminibus,
2360 5001 2545 5056 neque
2577 4983 2637 5038 in
2664 4981 2846 5038 ramis
2865 4981 3166 5048 arborum,
3189 4979 3289 5036 sed
3321 4977 3381 5033 in
3412 4981 3576 5050 petra

1929 5093 2055 5148 qua
2087 5091 2240 5146 aqua
2280 5074 2358 5130 sit
2399 5073 2804 5129 circumdata:
2839 5073 3004 5144 petra
3048 5085 3182 5126 vero
3227 5064 3576 5136 intelligitur

1927 5163 2350 5222 Christus.»Et
2370 5161 2752 5219 Cassiodorus
2789 5177 2858 5218 ex
2897 5161 2962 5216 B.
2987 5154 3300 5231 Augustini
3349 5156 3408 5210 et
3438 5154 3572 5208 Pro-

1926 5254 2077 5326 speri
2104 5254 2161 5308 in
2183 5251 2541 5326 expositione
2560 5253 2631 5307 de
2658 5250 2940 5308 Sensibus
2965 5265 3018 5304 :«
3041 5244 3239 5302 Fulica
3267 5244 3575 5298 mansueta

1925 5343 2048 5400 avis
2079 5347 2135 5399 et
2164 5342 2330 5415 nigra
2358 5346 2467 5410 est,
2494 5345 2665 5397 anate
2687 5339 2927 5414 quidem
2958 5333 3206 5407 parvior,
3230 5331 3330 5388 sed
3363 5347 3572 5403 corpo-

140 5426 318 5482 cedri
341 5427 538 5483 Libani
557 5445 692 5500 quas
710 5429 995 5500 plantasti,
1017 5429 1098 5484 ibi
1116 5446 1238 5484 aves
1259 5430 1636 5500 nidiﬁcabunt,
1659 5432 1818 5486 milvi
1844 5442 1892 5506 Ι)
1925 5433 2006 5488 ris
2026 5431 2312 5504 positione
2329 5429 2808 5501 consimilis,qua
2831 5427 2889 5481 in
2908 5421 3134 5495 stagnis
3151 5417 3574 5476 delectabiliter

138 5515 313 5606 abies
347 5513 534 5572 domus
571 5517 690 5589 ejus
715 5518 885 5590 (Psal.
910 5533 1030 5585 cm,
1056 5518 1162 5590 16).
1188 5519 1569 5606 εςριιωείηιδ
1614 5522 1808 5574 autem
1919 5525 2334 5579 commoratur.
2357 5521 2483 5576 Hac
2506 5520 2578 5576 ad
2608 5513 2984 5590 baptizandos
3005 5513 3152 5567 bene
3170 5507 3444 5606 refertur,
3468 5509 3570 5606 qui

137 5605 553 5676 Interpretum
584 5607 908 5676 translatio,
943 5625 1122 5680 quam
1154 5597 1344 5677 tertio,
1377 5607 1648 5680 plurimis
1681 5625 1810 5665 eam
1920 5613 1980 5667 in
2002 5609 2384 5666 sacratissimi
2410 5609 2588 5665 fontis
2611 5607 2798 5680 gratia
2818 5604 3205 5676 perseverant.
3226 5597 3446 5655 Horum
3467 5599 3572 5661 ita-

134 5693 540 5763 !alsantibus,
574 5695 778 5752 beatus
817 5696 1149 5753 emendavit
1187 5697 1592 5768 Hieronymus,
1626 5696 1813 5768 primo

1924 5716 2036 5771 que
2058 5699 2414 5768 mansiones,
2433 5697 2491 5752 id
2513 5699 2602 5752 est
2625 5691 2998 5765 baptismatis
3020 5690 3429 5765 perseveratio,
3452 5692 3570 5750 dux
