3976 6188
431 365 565 432 :059
1227 361 1608 423 HINCMARI
1655 363 1898 424 RHEM.
1944 361 2306 423 ARCHIEP.
2355 361 2758 426 OPUSCULA
2799 363 3064 426 VARIA.
3665 375 3758 438 960

431 499 526 554 est
553 510 859 569 passerum
887 495 988 568 qui
1022 494 1082 551 in
1108 495 1301 551 cedris
1329 495 1672 551 nidificant:
1697 495 1924 552 scilicet
1950 493 2090 566 quia
2118 493 2169 560 Α
2202 497 2424 564 gravat,
2449 493 2704 550 multum
2726 496 2881 568 quod
2913 493 3085 552 levat.
3107 496 3178 551 At
3195 499 3386 554 contra
3405 500 3625 560 struthio
3649 508 3761 564 raris

432 584 706 641 omnium
729 585 1201 640 Christianorum
1225 601 1389 640 sacer
1411 585 1538 639 fons
1559 586 1676 640 dux
1696 589 1805 650 est,
1830 584 1972 638 dum
2003 599 2104 638 eos
2210 582 2418 653 pennis
2440 583 2725 649 induitur,
2741 588 2799 639 et
2819 585 3064 640 immani
3087 602 3316 658 corpore
3343 593 3602 659 gravatur,
3615 598 3665 648 ut
3680 597 3758 651 etsi

433 674 507 729 ad
536 673 816 729 cmlorum
841 691 1020 746 regna
1043 674 1364 746 perducit.»
1393 674 1456 728 In
1488 673 1655 728 libris
1678 671 1928 743 denique
1957 671 2097 742 Phy-
2210 670 2402 726 velare
2419 677 2674 744 appetat,
2692 673 2819 744 ipsa
2840 690 3165 745 pennarum
3190 675 3437 746 paucitas
3451 677 3634 735 molem
3647 685 3758 739 tanti

431 761 718 830 Sicorum,
746 762 846 834 qui
898 763 970 818 de
1014 763 1241 818 naturis
1280 762 1606 826 volucrum,
1640 760 2007 826 animalium,
2041 765 2099 814 et
2209 761 2466 831 corporis
2494 761 2552 815 in
2586 779 2718 817 aere
2751 779 2866 817 non
2911 764 3250 834 suspendat.
3282 764 3403 819 Haec
3430 782 3631 838 quoque
3667 769 3758 842 ipsa

434 851 821 923 serpentium,
856 855 914 906 et
940 853 1243 920 arborum,
1278 856 1454 923 atque
1497 851 1813 904 herbarum
1846 851 2096 922 scripse-
2207 848 2554 905 struthienis
2587 867 2777 922 penna
2800 851 2874 906 ad
2902 868 3126 924 pennas
3146 851 3358 906 heredii
3379 856 3431 908 et
3449 855 3695 927 accipitris
3709 859 3759 913 si-

431 944 594 1008 runt,
624 941 696 995 de
725 941 931 996 eadem
963 958 1066 996 ave
1105 941 1186 996 ita
1227 939 1403 1011 relegi
1439 957 1452 994 :
1479 964 1504 988 ‹‹
1542 939 1762 1004 Fulica,
1797 940 2090 1011 inquiunt,
2205 936 2600 993 militudinem
2632 938 2845 994 coleris
2877 939 3068 1006 habet,
3092 940 3322 994 virtutis
3341 957 3463 996 vero
3489 941 3759 1001 similitudi-

432 1029 590 1086 dicta
619 1034 710 1086 est
740 1031 896 1102 quod
931 1048 1065 1086 care
1097 1031 1227 1101 ejus
1260 1029 1590 1100 leporinam
1624 1028 1832 1100 sapiat.
1871 1030 2093 1098 Lageos
2204 1041 2336 1080 nem
2361 1043 2474 1080 non
2499 1026 2694 1082 habet.
2717 1027 2954 1082 Illorum
2979 1044 3232 1100 namque
3251 1027 3516 1084 conclusae
3535 1035 3584 1085 et
3601 1033 3759 1088 firmio-

433 1119 590 1174 enim
621 1118 790 1190 lepus
811 1119 1058 1173 dicitur:
1087 1120 1240 1172 unde
1261 1124 1317 1172 et
1347 1119 1498 1190 apud
1529 1119 1757 1174 Graecos
1777 1127 1965 1188 λαγωός
1993 1135 2089 1171 ve-
2200 1129 2294 1169 res
2316 1118 2473 1181 sunt,
2497 1120 2556 1169 et
2585 1115 2779 1171 volatu
2811 1133 3004 1172 aerem
3037 1132 3294 1187 premere
3315 1116 3508 1172 virtute
3538 1135 3636 1173 sua
3660 1120 3758 1175 soli-

435 1211 622 1264 catur.
655 1208 756 1263 Est
784 1206 939 1262 enim
987 1207 1110 1262 avis
1153 1207 1506 1278 stagncnsis,
1538 1207 1762 1262 habens
1793 1207 1999 1261 nidum
2030 1208 2088 1261 in
2199 1203 2400 1258 ditatis
2431 1208 2679 1274 possunt
2703 1221 2716 1258 :
2742 1208 2802 1259 at
2832 1209 3036 1260 contra
3059 1203 3404 1260 struthionis
3433 1222 3606 1278 penna
3624 1207 3760 1263 disso-

433 1297 630 1354 medio
661 1313 846 1368 aquae,
881 1295 968 1351 vel
1000 1295 1058 1350 in
1086 1296 1268 1367 petris
1307 1314 1454 1368 quas
1502 1313 1665 1368 aqum
1698 1296 2084 1360 circumdant,
2194 1288 2353 1362 lulae,
2400 1297 2456 1346 et
2498 1291 2756 1347 volatum
2805 1309 3035 1348 sumere
3085 1297 3401 1364 nequeunt,
3431 1310 3535 1364 quo
3572 1295 3630 1350 ab
3667 1294 3761 1367 ipso

435 1386 851 1458 maritimaque
871 1402 1102 1457 semper
1123 1385 1444 1441 delectatur
1463 1386 1773 1458 profunde,
1797 1402 1923 1457 qua:
1945 1385 2084 1440 dum
2194 1397 2371 1452 quem
2403 1398 2661 1452 premere
2691 1381 3014 1437 debuerant
3046 1399 3176 1438 aere
3207 1383 3696 1438 transcenduntur.»

434 1478 842 1548 tempestatem
890 1474 1261 1547 perscnscrit,
1297 1475 1526 1546 fugiens
1567 1474 1626 1530 in
1657 1475 1803 1530 vade
1853 1474 2024 1529 ludit.
2053 1497 2080 1524 ν
2265 1470 2412 1525 Hinc
2435 1472 2604 1542 juxta
2635 1469 2888 1526 litteram
2921 1471 2992 1526 de
3022 1470 3198 1526 fulica
3238 1475 3296 1526 et
3337 1471 3665 1526 herodiorum
3689 1488 3758 1544 ge-

436 1565 547 1620 Sed
577 1568 634 1620 et
663 1564 722 1620 in
751 1565 972 1622 eisdem
1005 1564 1170 1620 libris
1201 1565 1312 1635 legi
1337 1582 1464 1636 qua:
1497 1565 1855 1636 subjungere
1884 1580 2085 1636 procu-
2194 1557 2434 1615 neribus
2462 1575 2530 1614 ex
2570 1575 2916 1632 magnorum
2959 1559 3194 1632 scriptis
3224 1563 3419 1615 vestra:
3446 1559 3754 1614 dominationi

433 1657 596 1723 rabo,
629 1657 786 1712 unde
816 1660 980 1728 puto,
1015 1655 1168 1711 sicut
1217 1658 1273 1710 et
1321 1672 1422 1710 vos
1472 1653 1736 1727 peteritis
1773 1653 2080 1724 conjicere,
2192 1649 2514 1704 secundum
2542 1649 2874 1720 jussioncm
2903 1654 3157 1704 vestram
3189 1649 3437 1704 scribere
3463 1646 3758 1704 studui.Ce~

433 1747 576 1818 quia
605 1745 994 1820 Symmachus
1035 1745 1270 1800 fulicam
1323 1761 1427 1816 pro
1476 1743 1714 1798 heredio
1761 1741 2080 1798 transtulit.
2191 1741 2381 1792 terum
2413 1737 2552 1809 quia
2591 1756 2694 1792 nec
2723 1755 2824 1793 vos
2865 1737 3154 1810 jussistis,
3181 1753 3288 1792 nec
3333 1735 3600 1809 indigetis,
3628 1752 3759 1808 quem

434 1836 713 1892 Scribunt
741 1835 898 1890 enim
948 1834 1123 1888 iidem
1175 1832 1421 1906 physici,
1455 1833 1712 1888 dicentes
1759 1832 2082 1888 diomedias
2116 1865 2161 1928 Β
2194 1827 2474 1882 Dominus
2505 1827 2672 1882 decet
2703 1827 2800 1898 qui
2834 1826 3001 1882 docet
3030 1825 3327 1880 hominem
3358 1824 3647 1891 scientiam,
3669 1828 3711 1879 et
3740 1841 3764 1878 a

428 1932 569 1992 aves
598 1941 632 1980 a
662 1923 837 1980 sociis
876 1923 1173 1978 Diomedis
1225 1921 1566 1994 appellatas,
1590 1938 1740 1993 quos
1779 1923 1972 1976 ferunt
2003 1922 2084 1977 fa-
2116 1910 2161 1928 ³¹
2196 1916 2543 1986 eujus.facie
2574 1921 2664 1971 est
2695 1915 2982 1988 sapientia
3023 1919 3081 1971 et
3118 1913 3462 1981 intellectus,
3483 1913 3628 1985 juxta
3651 1910 3758 1984 typi-

435 2012 587 2070 bulis
617 2012 676 2068 in
711 2013 948 2068 easdem
996 2011 1262 2066 volucres
1309 2011 1491 2066 fuisse
1539 2027 1868 2078 conversos,
1901 2011 2087 2066 forma
2195 2021 2324 2059 cam
2346 2003 2432 2060 vel
2466 2004 2744 2060 moralem
2778 2003 3224 2076 intelligentiam
3250 2021 3373 2076 qua:
3403 2000 3528 2057 hinc
3555 1998 3762 2057 catholici

437 2103 626 2160 fulicae
668 2101 912 2169 similes,
945 2099 1351 2172 magnitudine
1399 2100 1919 2172 agnorum,colore
1949 2119 2084 2156 can-
2195 2093 2460 2150 doctores
2509 2097 2923 2160 tractaverunt,
2957 2093 3121 2148 vobis
3177 2093 3356 2148 latius
3411 2091 3628 2147 scribere
3676 2105 3758 2142 non

439 2193 595 2260 dide,
629 2190 793 2247 duris
823 2193 881 2247 et
908 2191 1232 2263 grandibus
1263 2190 1486 2245 rostris.
1521 2192 1672 2246 Sunt
1706 2195 1899 2245 autem
1932 2191 2084 2246 circa
2194 2185 2566 2255 praesumpsi,
2589 2200 2658 2238 ne
2689 2183 3000 2238 referretur
3028 2181 3174 2236 mihi
3207 2181 3350 2236 illud
3382 2178 3664 2253 poeticum:

439 2280 806 2355 Apuliam.in
828 2280 1024 2338 insula
1039 2279 1512 2336 Diemediainter
1531 2279 1800 2352 scopulos
1821 2279 2084 2334 litterum
2379 2273 2452 2322 Τυ
2481 2287 2548 2321 De
2579 2273 2714 2321 Ῑοτιθ
2745 2273 2883 2320 feras
2912 2273 2968 2320 in
2997 2271 3186 2320 Silvam
3219 2271 3364 2334 “8118
3393 2270 3563 2318 Viam"-

438 2375 498 2427 et
523 2387 666 2428 saxa
693 2370 1024 2426 volitantes.
1048 2371 1328 2426 Judicant
1365 2370 1518 2425 inter
1557 2388 1696 2426 suos
1724 2374 1780 2426 et
1810 2370 2081 2425 advenas.
2195 2371 2306 2427 Sed
2338 2388 2410 2426 ne
2443 2370 2501 2424 in
2525 2373 2711 2425 totum
2741 2369 3068 2442 praeterisse
3090 2368 3402 2441 mysticum
3425 2381 3631 2422 sensum
3647 2362 3764 2417 vide-

439 2459 586 2536 Nam
605 2459 654 2516 si
667 2460 900 2516 Graecus
915 2457 1279 2531 est,propius
1294 2459 1580 2514 accedunt
1595 2462 1651 2513 et
1671 2458 2082 2513 blandiuntur:
2194 2475 2306 2526 rer,
2322 2460 2587 2532 quaedam
2617 2459 2813 2530 potius
2840 2457 3172 2531 significare
3193 2473 3378 2528 quam
3397 2468 3646 2527 exponere
3663 2467 3764 2506 cen-

441 2547 490 2605 si
511 2547 858 2620 alienigena,
877 2563 1076 2602 morsu
1101 2548 1526 2619 impugnantet
1545 2547 1870 2613 vulnerant,
1895 2547 2084 2619 lacry-
2195 2548 2308 2605 sui.
2344 2549 2774 2614 Saturabuntur,
2797 2547 2992 2618 inquit
3035 2545 3328 2610 Psalmus,
3361 2545 3506 2613 ligna
3539 2542 3700 2611 aunpi.
3725 2537 3766 2592 id

442 2637 624 2694 mosis
646 2636 815 2710 quasi
837 2635 1077 2692 vocibus
1099 2635 1362 2692 delentes
1376 2636 1465 2691 vel
1487 2654 1651 2692 suam
1678 2636 2082 2704 mutationem,
2195 2643 2286 2694 est
2316 2637 2514 2710 plebes
2545 2637 2920 2710 populorum,
2949 2636 3138 2708 gratia
3167 2632 3438 2707 spiritali,
3457 2641 3503 2688 el
3529 2629 3654 2686 cedri
3671 2627 3771 2682 liba-

439 2725 529 2782 vel
561 2725 714 2799 regis
739 2724 1060 2781 interitum.
1085 2726 1233 2782 Nam
1264 2725 1572 2781 Diomedes
1601 2726 1676 2780 ab
1709 2724 1917 2798 Illyriis
1947 2725 2087 2780 inte-
2195 2728 2276 2792 ni,
2302 2727 2357 2781 id
2389 2730 2478 2782 est
2508 2725 2732 2782 nobiles
2765 2729 2940 2797 atque
2987 2723 3278 2781 sublimes
3323 2719 3536 2787 mundi,
3560 2734 3670 2790 qua:
3693 2717 3770 2770 Do-

442 2819 707 2888 remptus
727 2818 833 2870 est.
860 2815 954 2870 Hae
978 2819 1172 2869 autem
1195 2832 1328 2870 aves
1346 2815 1549 2870 Latine
1566 2813 1868 2870 diomedis:
1885 2830 2089 2869 vecan-
2194 2819 2380 2871 minus
2423 2817 2696 2887 plantavit
2725 2815 2894 2885 (Psal.
2927 2831 3050 2882 cm,
3075 2815 3185 2882 17),
3209 2811 3316 2886 qui
3363 2810 3526 2868 etiam
3565 2807 3625 2863 de
3665 2803 3770 2861 divi-

442 2908 558 2973 tur,
584 2903 764 2960 Greeci
798 2921 898 2960 eas
929 2903 1200 2960 heredios
1231 2903 1455 2960 dicunt.
1481 2902 1622 2958 lliuc
1653 2903 1859 2958 beatus
1889 2901 2085 2957 Iliero-
2195 2904 2355 2962 tibus
2378 2909 2436 2961 et
2465 2903 2794 2961 illustribus
2825 2902 3045 2959 multos
3067 2899 3436 2976 justificavit,
3455 2898 3545 2973 qui
3574 2896 3767 2954 dicunt:

443 3009 656 3065 nymus
685 2993 745 3047 in
776 2993 1016 3065 praefata
1044 2991 1289 3065 epistola
1308 2993 1378 3048 ad
1413 2991 1696 3048 Sunniam
1718 2994 1776 3048 et
1803 2989 2086 3046 Fretelam
2197 2995 2327 3067 Ipse
2347 2994 2484 3050 fecit
2505 3011 2609 3050 nos
2631 2997 2821 3049 etnon
2845 2991 2958 3066 ipsi
2979 3009 3106 3058 nos,
3122 2991 3270 3064 quia
3283 2991 3432 3047 sicut
3450 3006 3548 3045 nos
3563 2985 3772 3042 homines

443 3080 586 3136 dicit
609 3097 657 3136 εα
684 3081 792 3136 Pro
832 3079 1090 3147 hBI‘OdiO,
1115 3080 1270 3152 quod
1300 3080 1359 3135 in
1393 3081 1629 3136 Hel)er
1657 3079 1874 3134 dicitur
1901 3077 2084 3147 asida,
2198 3087 2254 3140 et
2283 3083 2563 3150 illustres,
2576 3081 2658 3138 ita
2687 3081 3070 3138 nihilominus
3087 3084 3145 3136 et
3165 3081 3367 3152 justos
3395 3078 3538 3134 fecit.
3559 3075 3660 3131 Illic
3677 3087 3770 3144 pas-

444 3169 834 3242 Symmachus
855 3177 1052 3236 ἰκτῖνον,
1073 3168 1131 3223 id
1153 3172 1242 3224 est
1267 3167 1958 3240 milvum,interpretatus
1977 3170 2084 3223 est.
2122 3231 2158 3243 _
2195 3189 2339 3229 seres
2385 3173 2765 3243 nidiﬁcabum,
2798 3170 3022 3227 scilicet
3077 3169 3138 3224 in
3187 3169 3324 3225 istis
3371 3167 3546 3224 cedris
3596 3157 3770 3224 Libani,

442 3231 704 3328 Denique
726 3260 784 3312 et
804 3273 910 3312 nos
932 3256 1008 3311 ita
1033 3231 1316 3313 vertimus
1336 3256 1394 3311 in
1421 3231 1729 3312 Latinum-z
1753 3257 1839 3310 Ibi
1856 3273 1978 3312 aves
2005 3258 2088 3310 ni-
2117 3231 2160 3298 Ο
2199 3278 2346 3333 quas
2371 3231 2558 3332 gratia
2577 3260 2676 3316 Dei
2697 3231 2925 3332 plantat
2943 3263 3000 3314 et
3021 3257 3214 3324 satiat,
3243 3254 3606 3313 nidificabunt
3629 3262 3774 3333 passe-

444 3346 765 3416 diﬁcabimt,
786 3346 945 3400 milvi
965 3345 1114 3400 abies
1142 3345 1332 3400 domus
1361 3355 1475 3400 est:
1499 3346 1653 3416 quod
1687 3343 1909 3399 scilicet
1939 3362 2089 3400 sem-
2201 3331 2396 3415 res,hi
2410 3348 2675 3405 videlicet
2690 3331 2790 3420 qui
2809 3343 3593 3418 elegerunthumilitatem,et
3611 3331 3776 3392 relictis

447 3449 550 3506 per
569 3431 630 3486 in
651 3431 892 3488 excelsis
915 3436 973 3488 et
992 3433 1190 3489 arduis
1212 3434 1519 3489 arboribus
1551 3432 1719 3488 nidos
1750 3435 1933 3489 facere
1955 3451 2090 3490 cen-
2201 3456 2328 3510 quae
2361 3438 2657 3493 habebant
2687 3441 2788 3492 aut
2817 3435 3090 3500 venditis,
3113 3433 3264 3489 nihil
3288 3431 3400 3496 sibi
3429 3431 3486 3486 in
3505 3429 3600 3484 hoc
3617 3421 3777 3482 seculo

447 3520 905 3578 sueverit.-Undc
933 3526 991 3577 et
1017 3526 1179 3578 sexta
1211 3523 1386 3578 editio
1418 3522 1788 3578 manifestius
1819 3523 2095 3595 interpre-
2201 3531 2590 3597 reservarunt,
2625 3526 2724 3580 sed
2781 3524 3026 3579 divitum
3059 3521 3523 3578 Christianorum
3564 3511 3779 3570 domibus

446 3613 572 3666 tata
602 3615 694 3666 est
717 3629 728 3666 :
753 3610 912 3667 Miluo
935 3628 1220 3683 cupressus
1251 3611 1319 3668 ad
1347 3611 1765 3682 nidiﬁcandum.
1801 3613 1904 3667 Pro
1937 3611 2091 3665 abie-
2202 3616 2477 3690 agrisque
2507 3613 2797 3685 susceptis
2829 3611 3176 3668 necessariis
3220 3609 3449 3666 solatiis
3479 3603 3781 3676 adjuvantur.

449 3698 610 3756 tibus
623 3703 817 3757 autem
836 3703 893 3756 et
907 3701 1203 3772 cupressis
1221 3701 1280 3755 in
1299 3701 1535 3756 Hebraeo
1554 3700 1790 3772 ponitur
1805 3700 2091 3768 barusim,
2202 3688 2309 3771 Qui
2334 3707 2530 3758 tamen
2553 3702 2686 3757 licet
2709 3701 2762 3756 in
2789 3701 3098 3756 cedi-orum
3119 3697 3434 3754 altitudine
3463 3688 3781 3772 requiescant,

447 3789 603 3861 quod
637 3787 827 3860 magis
856 3769 1076 3844 abietes
1099 3806 1277 3861 quam
1310 3769 1620 3860 cupressos
1648 3787 1958 3861 signiﬁcat.
1977 3812 2004 3838 »
2026 3790 2097 3844 Et
2204 3769 2318 3848 non
2342 3791 2487 3862 ipsis
2513 3790 2700 3847 cedris
2721 3789 2972 3846 ducibus
2995 3791 3266 3854 utuntur,
3280 3787 3382 3842 sed
3403 3784 3598 3840 domus
3615 3769 3782 3833 heredii

449 3876 588 3948 quia
617 3877 732 3930 duo
764 3879 922 3940 sunt,
966 3876 1121 3932 sicut
1146 3877 1312 3933 vobis
1359 3880 1500 3932 tunc
1547 3875 1686 3944 dixi,
1719 3877 2094 3932 herodierum
2203 3883 2322 3937 dux
2349 3884 2439 3936 est
2466 3895 2690 3936 eorum.
2728 3877 3013 3934 Heredius
3043 3877 3200 3932 enim
3246 3873 3486 3947 majoris
3512 3863 3783 3948 generis»?t

448 3979 682 4036 genera,
703 3964 1110 4020 demonstrant
1140 3965 1345 4020 beatus
1365 3965 1752 4036 Hieronymus
1775 3969 1947 4036 atque
1969 3982 2098 4021 san-
2203 3969 2396 4025 verbis
2417 3966 2750 4040 Hieronymi
2773 3965 3052 4035 diximus,
3067 3965 3260 4036 major
3277 3967 3370 4020 est
3389 3947 3786 4018 omniumvolati-

449 4055 580 4108 ctus
601 4052 1141 4126 Gregorius.Unum
1161 4053 1427 4110 videlicet
1446 4053 1820 4126 majus,qued
1854 4070 2008 4108 nunc
2029 4071 2097 4108 ex
2205 4058 2372 4124 lium,
2397 4056 2498 4129 qui
2528 4039 2808 4127 aquilam,
2835 4071 2964 4126 qua:
2995 4071 3094 4110 rex
3118 4051 3448 4108 velatilium
3476 4047 3614 4106 sicut
3637 4043 3706 4098 leo
3722 4039 3786 4129 est

448 4141 641 4198 verbis
661 4141 1036 4214 physicorum
1059 4142 1394 4208 estendi,de
1415 4159 1530 4214 quo
1552 4148 1607 4199 et
1631 4144 1691 4198 Β.
1713 4142 2098 4215 Hieronymus
2206 4126 2548 4212 bestiarum,
2569 4126 2749 4200 vincit
2795 4147 2853 4198 et
2881 4140 3151 4198 comedit.
3177 4143 3344 4214 Saepe
3384 4138 3536 4196 enim
3568 4135 3620 4190 in
3641 4126 3786 4197 Scrip-

449 4229 510 4286 in
541 4229 898 4303 expositione
937 4230 1117 4304 hujus
1155 4248 1358 4288 versus
1389 4231 1531 4287 dicit
1563 4249 1610 4286 :«
1638 4232 1778 4299 Illic,
1805 4232 2095 4304 inquiens,
2207 4236 2357 4292 turis
2398 4251 2500 4307 per
2558 4230 2816 4305 aquilam
2874 4231 3245 4304 significatur
3273 4226 3558 4290 diabolus,
3585 4227 3634 4279 et
3662 4219 3790 4307 juxta

451 4335 719 4392 passeres
736 4319 1442 4391 nidificabunt,sapientes
1457 4321 1830 4376 aedificabunt
1851 4321 2096 4390 heredii,
2205 4305 2597 4397 evangelicam
2628 4321 2948 4387 verilatem,
2973 4321 3182 4377 fortem
3206 4323 3500 4375 armatum
3525 4305 3788 4370 custodien-

453 4407 562 4463 hoc
591 4411 682 4464 est
712 4407 936 4463 heredii
967 4409 1180 4463 demus
1229 4409 1346 4463 dux
1396 4414 1486 4464 est
1523 4425 1746 4472 eorum.
1781 4410 1967 4478 Major
2011 4413 2101 4465 est
2209 4416 2326 4467 tem
2385 4409 2598 4466 atrium
2657 4425 2854 4475 suum,
2889 4412 2947 4464 et
2973 4406 3034 4462 in
3077 4424 3220 4479 pace
3277 4423 3388 4462 sua
3441 4399 3790 4476 possidentem.

452 4495 610 4552 enim
640 4495 904 4550 omnium
934 4495 1392 4569 volatilium,qui
1427 4496 1684 4569 aquilam
1715 4497 1896 4554 vincit
1925 4501 1982 4553 et
2011 4515 2102 4553 ce-
2208 4501 2266 4555 id
2299 4503 2388 4556 est
2417 4499 2623 4554 fortem
2661 4496 2982 4566 diabolum,
3017 4495 3312 4552 mundum
3345 4493 3445 4567 qui
3496 4491 3552 4546 in
3593 4481 3792 4569 maligno

453 4583 655 4638 medit.
679 4583 938 4638 Alterum
971 4585 1188 4650 minus,
1213 4586 1285 4640 de
1307 4563 1421 4656 quo
1442 4563 1532 4642 est
1561 4586 1620 4640 in
1652 4585 1799 4640 libro
1820 4587 1928 4641 Job
1955 4587 2099 4640 seri-
2135 4597 2178 4660 [)
2211 4587 2440 4660 positus
2491 4589 2600 4654 est,
2634 4602 2822 4658 usque
2852 4585 2924 4641 ad
2965 4563 3286 4640 adventum
3341 4563 3640 4638 Salvatoris
3684 4563 3794 4660 male

455 4676 659 4742 ptum:
687 4677 877 4726 Penna
895 4675 1219 4730 struthienis
1253 4676 1455 4730 similis
1483 4682 1561 4730 est
1584 4676 1782 4746 pennis
1811 4675 2024 4731 heredii
2050 4685 2100 4730 et
2136 4657 2162 4660 vi
2211 4657 2446 4749 peccato
2502 4657 2817 4747 potientem
2877 4673 3143 4745 imperio,
3181 4672 3389 4728 fortior
3447 4657 3794 4740 superveniens

455 4760 734 4829 accipitris
763 4761 884 4831 (Job
921 4780 1034 4830 χιχ,
1073 4764 1176 4834 13).
1206 4786 1232 4812 ››
1260 4763 1420 4819 Unde
1462 4765 1669 4819 beatus
1715 4763 1854 4818 dicit
1885 4766 2099 4836 Grege-
2207 4746 2474 4822 Christus
2503 4746 2662 4830 vicit,
2692 4767 2750 4818 et
2803 4763 3076 4818 universa
3133 4763 3264 4832 ejus
3324 4776 3491 4816 arma
3531 4757 3586 4810 in
3631 4746 3796 4837 quibus

457 4845 582 4901 rius
613 4847 843 4918 (Moral.,
879 4848 978 4906 lib.
1010 4833 1162 4918 xxxi,
1195 4869 1321 4922 cap.
1345 4853 1402 4918 5)
1426 4869 1474 4906 τί(
1500 4851 1640 4917 Quis
1688 4833 2102 4907 herediumvet
2208 4852 2538 4908 confidebat
2567 4850 2830 4916 abstulit,
2862 4857 2920 4906 et
2967 4849 3152 4922 spolia
3199 4849 3354 4920 ejus,
3379 4845 3530 4918 quod
3575 4843 3655 4895 est
3692 4833 3794 4922 iusi'

455 4934 790 5007 accipitrem
825 4938 1045 4993 nesciat
1073 4956 1207 4994 aves
1237 4939 1496 5010 reliquas
1517 4944 1738 5012 quanta
1757 4940 1982 4996 volatus
2009 4940 2102 4996 sui
2209 4959 2320 5014 gnc
2358 4919 3125 5011 triumphantis,distribuit,
3143 4919 3427 5010 quoniam
3453 4928 3682 5014 astutias
3704 4919 3797 5014 ejfls

453 5023 758 5080 velocitate
797 5027 1252 5082 transcendant?
1283 5009 1551 5084 Struthie
1571 5046 1702 5085 vero
1751 5047 1952 5101 penna:
2000 5047 2100 5086 ee-
2210 5009 2613 5096 dextruxitpet
2656 5026 2996 5083 hominibus
3026 5025 3288 5098 deceptis
3347 5023 3423 5078 ab
3476 5036 3540 5076 eo
3593 5009 3794 5101 εᾶινθςίίεν

457 5131 588 5174 rum
609 5113 1055 5171 similitudinem
1075 5115 1376 5184 habet,sed
1390 5117 1614 5174 velatus
1630 5097 1829 5173 eorum
1849 5119 2104 5174 celerita-
2211 5117 2498 5189 captivam
2519 5115 2739 5170 ducens
2769 5113 3162 5186 captivitatem
3176 5097 3350 5168 dona
3379 5102 3663 5172 distribuit
3686 5097 3796 5189 (ιξιεο

456 5207 574 5260 tcm
609 5221 722 5260 non
756 5204 951 5260 habet.
973 5206 1018 5259 A
1047 5209 1200 5261 terra
1220 5205 1434 5279 quippe
1462 5207 1668 5262 elevari
1705 5224 1816 5261 non
1840 5206 2012 5274 valet,
2047 5211 2106 5261 et
2211 5183 2311 5274 κη’,
2344 5204 2402 5259 id
2461 5209 2549 5260 est
2607 5183 2862 5276 Spiritus
2920 5203 3107 5259 sancti
3165 5203 3342 5266 dona,
3371 5217 3497 5272 quae
3549 5183 3798 5279 Apost)!“8

457 5290 580 5348 alas
602 5292 772 5365 quasi
791 5293 862 5348 ad
885 5293 1142 5348 velatum
1166 5295 1354 5366 specie
1382 5299 1552 5350 tenus
1573 5295 1762 5367 erigit,
1784 5295 1881 5350 sed
1908 5299 2102 5350 tamen
2213 5297 2538 5358 enumerat,
2561 5274 2666 5364 pro
2697 5292 3164 5363 uniuscujusque
3193 5294 3370 5362 captu
3401 5282 3642 5342 donavit.
3667 5274 3801 5367 Cujus

460 5397 763 5453 nunquam
794 5398 857 5436 se
883 5399 917 5435 a
948 5386 1103 5437 terra
1131 5383 1377 5437 volando
1419 5383 1746 5454 suspendit.
1771 5406 1797 5430 ››
1820 5384 1886 5438 Et
1914 5383 2055 5438 item
2089 5401 2100 5438 :
2214 5383 2437 5440 heredii
2496 5363 2729 5450 demus,
2765 5381 2821 5436 id
2861 5385 2950 5437 est
3004 5385 3255 5436 rectores
3317 5374 3600 5436 Ecclesiae,
3630 5363 3802 5422 dicente

460 5469 820 5542 «Accipitris
850 5469 1066 5542 quippe
1095 5475 1149 5526 et
1181 5458 1409 5526 heredii
1436 5489 1609 5542 parva
1655 5477 1793 5528 sunt
1841 5490 2104 5546 corpora,
2217 5472 2392 5530 Paule
2431 5488 2559 5542 quae
2609 5472 2823 5527 demus
2880 5487 3085 5526 sumus
3141 5484 3267 5535 nos,
3299 5467 3481 5522 duces
3534 5462 3802 5546 passerum:

462 5556 562 5625 sed
594 5556 802 5628 pennis
821 5558 1194 5615 densioribus
1225 5557 1392 5625 fulta,
1416 5564 1473 5614 et
1501 5559 1714 5616 idcirco
1737 5577 1870 5616 cum
1905 5561 2106 5617 celeri-
2217 5559 2420 5616 mundi
2462 5558 2730 5614 videlicet
2778 5562 3265 5630 centemptorum,
3302 5571 3481 5626 super
3525 5557 3741 5622 egenum
3764 5537 3806 5588 εει

463 5647 580 5702 tate
626 5643 1010 5713 transvolant,
1045 5646 1182 5718 quia
1211 5647 1296 5703 eis
1344 5665 1550 5720 parum
1605 5647 1755 5705 inest
1804 5649 1960 5722 quod
2008 5666 2107 5722 ag-
2220 5665 2534 5724 pauperem
2559 5636 3806 5720 intelligentium,sumptibussustentatOl'lun
