3976 6188
209 308 328 368 961

1308 306 1409 365 DE
1455 305 1632 365 FIDE
1676 305 1980 365 CAROL‘.)
2027 303 2209 363 REGI
2254 304 2525 363 SELVA.

3422 308 3435 316 “
3502 307 3621 366 962

210 458 343 498 esse
374 442 718 495 noscuntur.
753 440 821 494 Et
849 455 955 495 nec
997 439 1057 494 in
1108 439 1331 493 minore
1382 438 1603 494 herodii
1654 453 1863 509 genere
1895 440 1937 504 Λ
1975 435 2282 507 deprimat,
2307 435 2493 491 multa
2523 435 2708 491 virtus
2738 438 2899 491 bona:
2931 439 3173 494 actionis
3206 441 3464 513 suppetit
3493 458 3621 513 quae

211 531 340 585 hazc
388 527 774 601 intelligentia
823 528 1099 583 abhorret
1148 544 1181 582 a
1228 544 1380 593 vero,
1415 544 1549 581 cum
1600 527 1862 581 dicitur:

212 618 442 675 Herodii
468 617 656 673 domus
694 618 810 672 dux
857 634 1064 671 eorum.
1100 615 1244 680 Quia
1284 616 1456 685 juxta
1500 614 1864 686 Apostolum,

214 707 508 777 Christus,
535 722 669 762 cum
692 706 853 760 dives
875 709 1029 760 esset
1050 710 1283 777 propter
1306 721 1409 759 nos
1437 720 1657 775 pauper
1681 704 1868 758 factus

215 801 330 861 est,
359 800 425 851 ut
446 812 550 850 nos
586 793 771 866 ipsius
800 793 999 865 inopia
1030 793 1353 848 ditaremur
1382 793 1455 861 (II
1486 793 1605 848 Cor.
1640 810 1759 861 vm,
1791 794 1866 859 9).

214 887 288 940 Et
318 885 601 958 propheta
630 884 699 937 de
732 882 828 938 illo
861 882 1003 937 dicit
1036 900 1048 937 :
1084 883 1328 938 Vidimus
1375 898 1499 935 eum
1542 889 1593 935 rt
1620 898 1727 935 non
1758 888 1872 936 erat

216 981 483 1046 aspectus,
524 976 582 1028 et
620 975 843 1037 caetera,
893 987 1081 1043 usque
1140 970 1302 1037 dum,
1352 987 1450 1024 nec
1505 972 1874 1041 reputavimus

216 1079 345 1117 eum
374 1063 503 1132 (Isa.
538 1078 655 1129 Lm,
689 1061 767 1129 3).
801 1061 908 1127 Qui
943 1060 1112 1115 nobis
1161 1058 1398 1130 reliquit
1445 1057 1775 1129 exemplum
1810 1061 1875 1112 ut

220 1167 544 1221 sequamur
570 1150 815 1221 vestigia
846 1150 995 1220 ejus.
1029 1148 1210 1219 Cujus
1240 1148 1463 1204 herodii
1514 1149 1726 1203 domus
1760 1147 1876 1203 dux

220 1244 311 1295 est
342 1255 670 1311 passerum,
706 1238 761 1292 id
795 1244 883 1293 est
932 1237 1136 1293 mundi
1186 1241 1653 1309 contemptorum
1690 1255 1702 1291 :
1739 1237 1878 1309 quia

222 1345 377 1400 saepe
398 1327 573 1382 etiam
598 1326 654 1381 in
680 1326 1078 1392 saicularibus,
1104 1326 1159 1379 in
1185 1342 1435 1396 quorum
1469 1327 1757 1384 cordibus
1777 1342 1878 1398 per

223 1417 401 1488 ﬁdem
436 1413 659 1469 habitat
701 1413 992 1481 Christus,
1024 1418 1082 1467 et
1114 1413 1170 1467 in
1207 1430 1458 1485 quorum
1487 1430 1656 1485 opere
1690 1413 1878 1485 ipsius

223 1504 429 1559 lucent
457 1502 741 1575 exempla,
774 1520 888 1557 non
920 1501 1114 1558 solum
1146 1502 1525 1558 ecclesiastici
1555 1500 1641 1557 vel
1677 1520 1876 1557 mona-

224 1595 341 1662 chi,
375 1593 440 1647 in
471 1592 726 1648 subditis
768 1592 1011 1664 praelati,
1044 1591 1103 1647 in
1136 1593 1377 1664 privatis
1410 1591 1568 1664 regia
1595 1597 1879 1664 potestate

224 1681 514 1756 praecelsi,
545 1682 739 1736 videre
768 1680 964 1736 valent
1012 1681 1167 1752 quod
1215 1681 1520 1735 imitentur
1552 1698 1565 1735 :
1597 1698 1796 1737 verum
1824 1684 1880 1735 et

228 1773 383 1829 unde
417 1787 478 1827 se
503 1770 933 1843 reprehendant
966 1774 1023 1825 et
1047 1770 1417 1840 erubescant,
1448 1770 1586 1841 quia
1617 1775 1755 1824 sunt
1786 1771 1878 1824 in-

224 1861 465 1916 terdum
495 1857 750 1913 minores
781 1858 1008 1925 merito,
1044 1857 1144 1930 qui
1177 1862 1316 1913 sunt
1341 1859 1592 1929 majores
1624 1858 1881 1924 nomine,

226 1956 283 2006 et
306 1948 723 2005 laudabiliores
745 1948 1073 2003 sanctitatis
1094 1948 1455 2003 infructuose
1476 1947 1884 2003 honore.Unde

228 2038 518 2112 propheta
549 2036 691 2093 dicit
725 2053 736 2091 :
770 2038 1054 2101 Erubesce,
1114 2036 1301 2092 Sidon.
1367 2039 1453 2092 Ait
1509 2040 1659 2093 enim
1710 2054 1882 2102 mare,

226 2126 491 2199 fortitudo
518 2127 694 2181 maris
722 2125 905 2180 dicens
936 2127 1064 2194 (Isa.
1098 2143 1256 2191 xxm,
1279 2128 1352 2193 4).
1381 2126 1485 2181 Per
1512 2126 1689 2180 Sidon
1715 2126 1885 2197 quip-

234 2233 330 2288 pe,
366 2214 667 2287 religionis
724 2214 960 2269 nomine
1007 2215 1175 2287 quasi
1236 2215 1490 2286 quadam
1545 2215 1885 2269 fortitudine

232 2304 449 2359 muniti
482 2308 539 2358 et
568 2302 841 2369 decorati,
880 2320 979 2375 per
1028 2320 1188 2358 mare
1234 2308 1425 2359 autem
1461 2304 1766 2359 saeculares
1800 2305 1885 2359 in-

235 2392 708 2465 telliguntur,qui
733 2395 797 2446 ut
823 2409 992 2461 verus
1025 2392 1302 2447 herodius
1332 2392 1630 2448 velocitate
1660 2393 1887 2448 volatus

236 2486 298 2537 et
329 2480 818 2554 magnanimitate
847 2481 1098 2549 virtutis,
1135 2481 1302 2553 quasi
1351 2482 1585 2554 capiens
1624 2482 1888 2539 volucres

234 2586 447 2627 semen
496 2571 669 2641 juxta
725 2569 879 2625 viam
932 2571 1321 2638 comedentcs,
1354 2572 1411 2626 id
1453 2577 1540 2627 est
1597 2572 1889 2627 dirmones

234 2661 483 2717 verbum
511 2661 581 2716 de
610 2661 784 2715 corde
814 2660 1180 2716 audientium
1216 2659 1484 2716 tollentes
1503 2678 1573 2715 ne
1592 2663 1889 2715 credentes

236 2749 382 2806 salvi
412 2750 577 2815 fiant,
604 2754 830 2804 coercet
861 2755 917 2805 et
947 2749 1385 2820 comprimit,ne
1404 2754 1631 2805 tantum
1664 2749 1893 2820 possint

234 2842 466 2895 tentare
514 2836 805 2903 homines,
838 2837 995 2892 velut
1039 2838 1205 2892 docet
1238 2855 1251 2892 :
1285 2840 1502 2904 Discite,
1535 2838 1827 2911 inquiens,
1859 2856 1892 2893 a

234 2944 344 2994 me,
380 2929 515 2999 quia
558 2928 719 2981 mitis
757 2943 882 2981 sum
908 2935 958 2981 et
989 2928 1217 2981 humilis
1252 2926 1410 2982 corde
1439 2926 1642 2997 (Matth.
1668 2944 1745 2995 x1,
1778 2927 1889 2995 20),

238 3016 406 3089 parvi
426 3019 566 3071 sunt
586 3015 742 3088 apud
764 3032 824 3071 se
847 3015 905 3069 in
931 3016 1121 3081 corde,
1147 3020 1205 3070 et
1230 3016 1383 3087 apud
1408 3014 1673 3070 homines
1700 3015 1891 3070 laude.

238 3104 352 3171 Qui
373 3105 484 3160 etsi
506 3121 646 3159 cura
665 3105 745 3159 rei
779 3104 1085 3159 familiaris
1114 3121 1180 3159 ac
1209 3107 1439 3160 terrena
1470 3104 1784 3175 fragilitate
1803 3121 1897 3177 ag-

236 3193 492 3266 gravati,
522 3193 784 3266 quandiu
816 3193 873 3247 in
904 3193 1011 3248 hac
1042 3192 1160 3249 vita
1201 3198 1341 3249 sunt
1384 3194 1509 3250 sine
1541 3192 1725 3266 culpze
1757 3211 1890 3250 con-
1923 3193 1965 3259 C

233 3282 401 3357 tagio
433 3298 562 3338 esse
594 3299 708 3338 non
742 3285 1015 3353 possunt,
1047 3286 1242 3337 tamen
1274 3299 1409 3337 cum
1437 3282 1522 3338 eis
1554 3282 1704 3338 inest
1734 3283 1890 3354 quod

1978 525 2110 580 illos
2130 525 2186 579 in
2220 543 2475 597 superna
2503 525 2964 582 sustollat.Unde
2987 544 3118 583 cum
3144 531 3397 585 maximo
3415 532 3624 586 timore

1978 632 2043 669 ac
2078 619 2609 686 tremore,cumquc
2643 616 2898 669 maxima
2930 616 3321 673 sollicitudine
3351 619 3624 675 continue

1978 704 2344 759 considerare
2376 708 2548 775 atque
2582 704 2784 758 timere
2814 705 3196 769 debemus,ne
3227 726 3331 763 nos
3362 709 3460 780 qui
3493 710 3626 781 plus

1981 794 2203 848 caeteris
2239 794 2293 847 in
2329 793 2436 847 hoc
2468 795 2688 848 mundo
2733 793 3025 866 accepisse
3057 795 3277 866 aliquid
3311 798 3625 865 cernimur,

1981 882 2053 935 ab
2087 886 2321 935 auctore
2374 881 2577 935 mundi
2628 883 2862 953 gravius
2912 884 3044 938 inde
3095 885 3452 955 judicemur.
3485 893 3628 942 Cum

1981 969 2134 1024 enim
2159 975 2450 1041 augentur
2482 970 2917 1036 dona,rationes
2947 974 3125 1028 etiam
3156 980 3428 1030 crescunt
3457 976 3633 1032 dono-

1983 1077 2138 1114 rum.
2173 1061 2359 1114 Tanto
2391 1076 2526 1131 ergo
2574 1078 2700 1115 esse
2751 1060 3031 1116 humilior
3071 1066 3244 1135 atque
3271 1065 3343 1119 ad
3376 1066 3630 1121 servien-

1985 1149 2124 1203 dum
2161 1148 2484 1219 promptior
2531 1148 2781 1220 quisque
2821 1150 2990 1204 debet
3018 1168 3085 1205 ex
3118 1169 3380 1225 munere,
3414 1159 3632 1226 quanto

1985 1254 2045 1292 se
2077 1237 2476 1309 obligatiorcm
2504 1254 2631 1291 esse
2661 1237 2943 1309 conspicit
2971 1239 3028 1292 in
3062 1242 3356 1298 reddenda
3388 1245 3630 1301 ratione.

1986 1326 2186 1381 Sciens
2217 1327 2353 1399 quia
2383 1327 2475 1380 cui
2508 1326 2640 1398 plus
2670 1328 3077 1393 committitur,
3099 1329 3229 1400 plus
3260 1334 3331 1388 ab
3363 1351 3428 1389 eo
3459 1336 3636 1408 exigi-

1986 1419 2163 1481 tur,et
2177 1416 2345 1486 juxta
2364 1415 2675 1486 Scripturze
2698 1417 3047 1472 sententiam
3075 1437 3087 1473 :
3123 1421 3367 1477 Potentes
3392 1432 3637 1494 potenter

1986 1512 2250 1559 tormenta
2305 1506 2602 1575 patientur,
2642 1507 2841 1574 (πέψω
2898 1508 3213 1563 concedetur
3258 1513 3637 1570 misericordia

1987 1593 2135 1665 (Sap.
2172 1612 2247 1659 v1,
2278 1594 2353 1665 7).

2057 1682 2313 1755 Accipite
2361 1682 2472 1737 ista
2522 1681 2879 1739 succinctius
2912 1684 3085 1740 dicta.
3121 1687 3178 1741 Si
3213 1693 3408 1744 autem
3434 1692 3633 1762 jusse-

1994 1771 2141 1839 ritis,
2176 1777 2232 1826 et
2262 1771 2330 1826 de
2362 1772 2471 1827 hoc
2502 1775 2559 1827 et
2589 1773 2659 1827 de
2709 1772 2840 1829 aliis
2900 1774 3209 1847 Scriptura:
3269 1796 3446 1836 sacrae
3504 1798 3636 1837 sen-

1996 1860 2214 1926 tentiis,
2248 1865 2304 1913 et
2346 1877 2448 1931 pro
2504 1861 2779 1932 imposito
2839 1864 3185 1933 ministerio,
3220 1872 3279 1922 et
3309 1886 3412 1940 pro
3443 1871 3641 1929 debita

1992 1949 2157 2004 vobis
2213 1947 2564 2015 obedientia,
2616 1950 2895 2021 quoniam
2955 1954 3273 2024 apostolica
3323 1959 3641 2016 auctoritas

1994 2037 2226 2092 obedire
2258 2038 2315 2090 in
2344 2037 2572 2092 Christo
2594 2043 2651 2092 et
2672 2040 2968 2111 subjectos
3002 2042 3119 2114 regi
3153 2061 3258 2100 nos
3288 2061 3415 2101 esse
3433 2048 3641 2105 debere

1994 2127 2386 2191 commendat,
2419 2126 2609 2181 sciens
2657 2128 2941 2199 scriptum
2991 2131 3155 2185 vobis
3186 2149 3199 2186 :
3233 2134 3509 2205 Interroga
3551 2154 3640 2191 sa-

1993 2215 2226 2268 cerdotes
2284 2215 2452 2284 legem
2505 2231 2682 2269 meum
2740 2215 2893 2285 (Ag/5].
2931 2235 2990 2283 ιι,
3030 2222 3153 2286 12);
3189 2224 3246 2274 et
3292 2224 3459 2277 nobis
3493 2241 3506 2278 :
3542 2226 3645 2280 Au-

1995 2303 2148 2358 diens
2179 2320 2248 2357 ei:
2290 2320 2381 2357 ore
2422 2320 2557 2370 meo,
2609 2320 2929 2369 sermonem,
2958 2310 3246 2363 mmtiubis
3303 2313 3383 2365 eis
3437 2330 3506 2367 ac
3560 2331 3645 2370 me

1994 2393 2208 2461 (Iiserh.
2240 2409 2436 2459 xxxm,
2468 2393 2546 2463 7),
2580 2410 2707 2464 quae
2756 2394 2827 2448 ad
2890 2394 3139 2450 salutem
3188 2403 3245 2452 et
3301 2398 3642 2458 instructio-

1998 2497 2130 2534 nem
2162 2480 2509 2535 eruditionis
2544 2485 2740 2535 vestraa
2775 2483 3054 2554 proficere
3087 2489 3642 2556 poterunt,libentis-

1998 2569 2141 2623 sime
2173 2574 2459 2640 quantum
2494 2569 2617 2640 ipse
2649 2571 2993 2642 dederit,qui
3029 2574 3181 2628 fideli
3213 2593 3376 2633 servo
3408 2582 3647 2651 promit-

2001 2658 2113 2712 tit:
2149 2659 2313 2728 Aperi
2360 2675 2414 2712 os
2458 2667 2631 2724 tuum,
2682 2668 2731 2713 et
2788 2677 2884 2726 ego
2939 2662 3242 2732 mlimplebo
3300 2668 3441 2721 illud
3470 2671 3643 2736 (Psal.

1999 2763 2160 2811 Lxxx,
2199 2747 2304 2814 11),
2340 2751 2395 2800 et
2423 2746 2613 2801 verbis
2662 2751 2718 2801 et
2763 2746 2973 2803 litteris
3029 2749 3315 2808 disserere
3367 2759 3425 2809 et
3481 2757 3645 2814 vobis

1998 2834 2303 2906 explanare
2334 2835 2569 2890 curabo.

2072 2925 2359 3011 Tempora
2391 2924 2670 3011 concedat
2701 2924 2967 3011 Christus
2998 2927 3188 3011 felicia
3219 2930 3381 3011 regni

2149 2996 2331 3065 llujns
2362 3000 2419 3050 et
2448 2996 2645 3049 :nterni
2678 3012 2794 3063 rex,
2828 2997 2934 3052 tibi
2965 2998 3136 3053 chare
3167 2996 3333 3056 mihi.

2074 3065 2304 3141 Floreat
2332 3065 2562 3141 aeternis
2593 3070 2785 3141 tecum
2818 3070 3105 3140 sapientia
3134 3072 3323 3141 donis,

2148 3137 2218 3216 Ut
2247 3138 2356 3216 tibi
2380 3145 2719 3216 permaneat
2750 3137 2904 3205 laus;
2934 3141 3137 3216 honor,
3173 3137 3346 3216 atque
3376 3145 3559 3203 salus.

2074 3207 2398 3290 Dexterahte
2428 3208 2641 3290 Christi
2674 3213 3204 3290 semper‘defendat
3232 3207 3467 3290 ubique.

2144 3279 2279 3335 Vive
2310 3280 2425 3336 Deo
2457 3280 2610 3349 felix,
2643 3286 2699 3335 et
2729 3279 2853 3336 sine
2887 3284 2999 3339 ﬁne
3027 3284 3173 3341 vale.

420 3696 562 3843 All
656 3693 1226 3923 usuros
1276 3539 2782 3923 numerariismanuue/ii
2888 3697 3478 3848 RIIEMENSIS

1276 3912 1378 3970 DE
1422 3910 1598 3969 FIDE
1642 3909 1948 3970 CAROLO
1994 3911 2173 3969 REGI
2220 3911 2639 3971 SERVANDA

566 4042 717 4112 Cum
748 4044 1079 4106 Ludovicus
1109 4046 1322 4104 iterum
1360 4042 1569 4105 Caroli
1590 4042 1806 4123 fratris
1833 4042 1934 4101 sui
1956 4061 2228 4120 regnum,
2259 4043 2360 4102 illo
2389 4042 2644 4116 absente,
2678 4045 2981 4124 impetere!
3008 4067 3162 4107 anno
3192 4053 3332 4110 855.

1248 4178 1434 4250 (Apud
1467 4177 1762 4245 eumdem,
1795 4192 1864 4232 ex
1891 4175 2028 4232 edit.
2063 4175 2323 4247 Mogunt.
2357 4175 2409 4229 J.
2445 4175 2649 4230 Buszei.

298 4382 654 4438 Hmcxmus
676 4380 988 4453 episcopus
1002 4399 1068 4436 ac
1080 4381 1268 4453 plebis
1282 4382 1379 4437 Dei
1398 4381 1653 4437 famulus
1669 4382 1899 4437 dilectis

213 4469 525 4528 fratribus
538 4474 595 4526 et
609 4471 1041 4527 venerabilibus
1062 4471 1352 4543 episcopis
1378 4472 1735 4526 Rhcmorum
1758 4471 1898 4526 dioe-

210 4577 460 4617 063808.

293 4649 506 4706 GAPJ.
528 4650 611 4705 De
644 4650 943 4705 communi
974 4650 1262 4705 anxietate
1294 4654 1512 4718 nostra,
1546 4651 1617 4705 de
1647 4667 1767 4722 qua
1790 4649 1902 4705 exi-

2009 4382 2079 4437 ad
2115 4380 2510 4436 Theodosium
2540 4383 2872 4453 Augustum
2906 4381 3058 4436 inter
3086 4384 3295 4437 caetera
3315 4382 3459 4438 dicit
3477 4386 3659 4457 (epist.

2008 4472 2125 4543 29):
2154 4496 2180 4521 ‹‹
2201 4471 2325 4525 Non
2354 4474 2443 4526 est
2473 4468 3129 4541 imperiale,libertatem
3163 4471 3392 4528 dicendi
3427 4491 3659 4548 negare,

2011 4576 2199 4635 neque
2226 4559 2600 4626 sacerdotale,
2634 4558 2773 4630 quid
2825 4559 3045 4616 sentias
3104 4578 3216 4615 non
3260 4561 3471 4619 dicere.
3504 4564 3663 4621 Nihil

2010 4648 2164 4703 enim
2200 4649 2257 4702 in
2289 4648 2453 4703 vobis
2483 4647 2937 4718 imperatoribus
2983 4653 3101 4705 tam
3149 4651 3425 4723 populare
3455 4657 3513 4709 et
3540 4658 3662 4710 tam

206 4739 531 4814 guitatem
563 4755 757 4793 meam
786 4738 1015 4794 dilectio
1036 4742 1229 4794 vestra
1248 4737 1900 4810 consuluit,pr0ponens
1927 4761 1940 4771 -
2011 4737 2260 4793 amabile
2290 4741 2581 4807 est,quam
2615 4736 2944 4791 libertatem
2975 4738 3149 4794 etiam
3183 4738 3242 4793 in
3275 4740 3369 4797 his
3400 4741 3661 4816 diligam,

207 4826 389 4887 mihi
420 4827 598 4882 verba
628 4827 818 4882 sancti
866 4827 1147 4882 Bonifacii
1190 4845 1370 4901 papae,
1407 4828 1623 4899 quibus
1656 4828 1796 4881 dicit
1826 4828 1897 4882 ad
2011 4826 2112 4897 qui
2155 4826 2434 4895 obsequio
2493 4824 2714 4879 militia:
2775 4826 2937 4882 vobis
2996 4828 3216 4883 subditi
3272 4834 3429 4885 sunt.
3472 4831 3663 4903 Siqui-

206 4914 531 4972 Ililarium
564 4916 1002 4972 Narbonensem
1046 4916 1572 4989 archiepiscopum,
1607 4934 1902 4989 exponens
2011 4915 2139 4968 dem
2176 4914 2281 4967 hoc
2328 4914 2573 4968 interest
2631 4914 2782 4968 inter
2829 4916 3014 4971 bonos
3043 4922 3100 4971 et
3132 4917 3318 4973 malos
3352 4919 3664 4990 principes,

202 5003 570 5078 capitulum
604 5005 821 5060 Nicmni
854 5004 1085 5061 concilii
1100 5006 1171 5060 de
1193 5005 1512 5077 privilegiis
1533 5006 1899 5077 singularum
1932 5026 1980 5089 D
2011 5003 2165 5073 quod
2187 5002 2319 5057 boni
2351 5001 2681 5057 libertatem
2701 5006 3271 5070 amant,servitutem
3299 5005 3668 5077 improbi.Ni-

202 5092 685 5168 provinciarum
721 5111 734 5149 :
774 5116 801 5143 ‹‹
830 5095 1128 5159 Advcrtat,
1164 5093 1455 5165 inquiens,
1492 5094 1745 5151 Charitas
1776 5099 1897 5163 tua,
2011 5091 2286 5145 biletiam
2308 5090 2363 5144 in
2379 5092 2677 5146 sacerdote
2710 5097 2830 5147 tam
2868 5095 3262 5165 periculosum
3286 5095 3439 5166 apud
3458 5094 3663 5162 Deum,

198 5184 382 5238 adeo
421 5198 527 5237 nos
558 5199 852 5237 canonum
885 5187 1176 5254 praicepta
1206 5200 1454 5253 servare,
1491 5188 1555 5239 ut
1586 5183 1667 5240 ita
1693 5184 1902 5240 consti—
2012 5185 2127 5236 tam
2164 5186 2331 5251 turpe
2360 5182 2516 5251 apud
2565 5181 2838 5237 homines
2888 5198 3065 5254 quam
3112 5184 3267 5254 quod
3301 5182 3519 5237 sentiat
3550 5198 3666 5238 non

196 5271 387 5333 tutio
408 5285 640 5341 quoque
665 5274 866 5327 nostra
887 5271 1455 5343 difﬁniat,quatenus
1468 5272 1898 5345 metropolitani
2012 5270 2192 5324 libere
2224 5270 2625 5341 pronuntiare.
2660 5270 2962 5342 Siquidem
3013 5271 3297 5341 scriptum
3328 5274 3418 5325 est
3446 5286 3458 5324 :
3489 5271 3555 5325 Et
3584 5271 3668 5326 lo-

194 5360 312 5418 sui
333 5374 724 5430 unaquaeque
754 5359 1053 5431 provincia
1082 5360 1142 5414 in
1173 5360 1450 5417 omnibus
1483 5362 1656 5417 rebus
1674 5361 1902 5417 ordina-
2011 5359 2221 5430 quebar
2250 5358 2313 5413 de
2349 5360 2677 5413 testimoniis
2708 5361 2817 5413 tuis
2851 5361 2909 5412 in
2931 5367 3213 5428 conspectu
3240 5373 3451 5426 regum,
3483 5365 3533 5414 et
3556 5374 3668 5414 non

190 5450 465 5505 tionem
496 5463 730 5519 semper
756 5448 1108 5520 exspectet,»
1131 5465 1259 5520 quae
1290 5450 1544 5505 donante
1572 5449 1816 5505 Domino
1834 5468 1900 5506 ex
2009 5448 2388 5519 confumlebar
2419 5447 2589 5518 (Psal.
2615 5448 2930 5513 cxvm,46).
2955 5446 3024 5499 Et
3052 5444 3190 5499 alibi
3224 5462 3236 5501 :
3270 5445 3379 5501 Fili
3407 5444 3667 5516 hominis,

193 5533 518 5595 doctrina
550 5536 789 5592 Patrum
840 5542 1176 5593 nostrorum
1210 5538 1398 5594 sentio
1430 5537 1664 5610 scriptis
1698 5543 1897 5593 vestrae
2007 5538 2404 5609 speculatorem
2448 5544 2498 5591 te
2540 5538 2703 5607 posui
2752 5534 2942 5589 domus
2993 5534 3161 5588 Israel
3192 5532 3403 5604 (Ezech.
3435 5550 3522 5602 ιιι,
3556 5535 3667 5605 17)-

193 5622 520 5687 char'itati
553 5626 897 5699 respondeo.
919 5627 1169 5685 Sanctus
1188 5627 1532 5685 Ambrosius
1563 5625 1622 5683 in
1655 5626 1900 5701 epistola
2008 5627 2071 5683 In
2100 5643 2185 5697 eo,
2212 5626 2429 5702 inquit,
2453 5629 2517 5681 ut
2550 5623 2599 5681 si
2634 5625 2929 5680 avertatur
2949 5622 3151 5697 justus
3183 5641 3217 5683 a
3237 5622 3490 5700 justitiis
3518 5623 3667 5689 suis’
