  <div class='ocr_page' id='page_1' title='image "/cluster/home/n/w/nwhite01/storage/ocr_20150623/125/hvd.32044054759873/490.png"; bbox 0 0 3976 6188; ppageno 0'>
   <div class='ocr_carea' id='block_1_1' title="bbox 290 262 412 322">
    <p class='ocr_par' dir='ltr' id='par_1_1' title="bbox 290 262 412 322">
     <span class='ocr_line' id='line_1_1' title="bbox 290 262 412 322; baseline -0.016 1"><span class='ocrx_word' id='word_1_1' title='bbox 290 262 412 322; x_wconf 81' lang='grc'><strong>969</strong></span> 
     </span>
    </p>
   </div>
   <div class='ocr_carea' id='block_1_2' title="bbox 1296 257 2694 324">
    <p class='ocr_par' dir='ltr' id='par_1_2' title="bbox 1296 257 2694 324">
     <span class='ocr_line' id='line_1_2' title="bbox 1296 257 2694 324; baseline 0.002 -6"><span class='ocrx_word' id='word_1_2' title='bbox 1296 259 1397 319; x_wconf 87' lang='lat' dir='ltr'><strong>DE</strong></span> <span class='ocrx_word' id='word_1_3' title='bbox 1443 258 1622 318; x_wconf 84' lang='lat' dir='ltr'><strong>FIDE</strong></span> <span class='ocrx_word' id='word_1_4' title='bbox 1665 257 1977 319; x_wconf 72' lang='lat' dir='ltr'><strong>CAROISO</strong></span> <span class='ocrx_word' id='word_1_5' title='bbox 2012 259 2205 320; x_wconf 74' lang='lat' dir='ltr'><strong>&#39;BEGI</strong></span> <span class='ocrx_word' id='word_1_6' title='bbox 2250 261 2694 324; x_wconf 81' lang='lat' dir='ltr'><strong>SERVANDA.</strong></span> 
     </span>
    </p>
   </div>
   <div class='ocr_carea' id='block_1_3' title="bbox 3581 268 3716 354">
    <p class='ocr_par' dir='ltr' id='par_1_3' title="bbox 3581 268 3716 354">
     <span class='ocr_line' id='line_1_3' title="bbox 3581 268 3716 354; baseline 0 -28"><span class='ocrx_word' id='word_1_7' title='bbox 3581 268 3716 354; x_wconf 20' lang='lat'><strong>9&#39;10.</strong></span> 
     </span>
    </p>
   </div>
   <div class='ocr_carea' id='block_1_4' title="bbox 273 389 3706 472">
    <p class='ocr_par' dir='ltr' id='par_1_4' title="bbox 273 389 3706 472">
     <span class='ocr_line' id='line_1_4' title="bbox 273 389 3706 472; baseline 0.001 -21"><span class='ocrx_word' id='word_1_8' title='bbox 273 393 414 468; x_wconf 80' lang='lat' dir='ltr'><strong>‘pati</strong></span> <span class='ocrx_word' id='word_1_9' title='bbox 439 393 576 450; x_wconf 87' lang='lat' dir='ltr'><strong>velit</strong></span> <span class='ocrx_word' id='word_1_10' title='bbox 602 393 890 450; x_wconf 81' lang='lat' dir='ltr'><strong>Christus.</strong></span> <span class='ocrx_word' id='word_1_11' title='bbox 926 413 954 443; x_wconf 84' lang='lat'><strong><em>»</em></strong></span> <span class='ocrx_word' id='word_1_12' title='bbox 984 393 1053 448; x_wconf 90' lang='lat' dir='ltr'><strong>Et</strong></span> <span class='ocrx_word' id='word_1_13' title='bbox 1082 391 1254 465; x_wconf 90' lang='lat' dir='ltr'><strong>paulo</strong></span> <span class='ocrx_word' id='word_1_14' title='bbox 1289 395 1456 465; x_wconf 89' lang='lat' dir='ltr'><strong>post:</strong></span> <span class='ocrx_word' id='word_1_15' title='bbox 1485 415 1511 440; x_wconf 88' lang='grc'><strong>‹‹</strong></span> <span class='ocrx_word' id='word_1_16' title='bbox 1538 391 1656 464; x_wconf 89' lang='lat' dir='ltr'><strong>Ego</strong></span> <span class='ocrx_word' id='word_1_17' title='bbox 1678 389 1801 463; x_wconf 92' lang='lat' dir='ltr'><strong>ipse</strong></span> <span class='ocrx_word' id='word_1_18' title='bbox 1824 408 1960 448; x_wconf 87' lang='lat' dir='ltr'><strong>non-</strong></span> <span class='ocrx_word' id='word_1_19' title='bbox 1967 393 2020 461; x_wconf 82' lang='grc' dir='ltr'><strong>Α</strong></span> <span class='ocrx_word' id='word_1_20' title='bbox 2055 393 2156 447; x_wconf 89' lang='lat' dir='ltr'><strong>sed</strong></span> <span class='ocrx_word' id='word_1_21' title='bbox 2190 398 2384 450; x_wconf 89' lang='lat' dir='ltr'><strong>tamen</strong></span> <span class='ocrx_word' id='word_1_22' title='bbox 2415 411 2514 452; x_wconf 90' lang='lat' dir='ltr'><strong>eos</strong></span> <span class='ocrx_word' id='word_1_23' title='bbox 2544 395 2752 452; x_wconf 83' lang='lat' dir='ltr'><strong>vestris</strong></span> <span class='ocrx_word' id='word_1_24' title='bbox 2783 397 3068 454; x_wconf 84' lang='lat' dir='ltr'><strong>contineri</strong></span> <span class='ocrx_word' id='word_1_25' title='bbox 3097 415 3473 472; x_wconf 81' lang='lat' dir='ltr'><strong>summopere</strong></span> <span class='ocrx_word' id='word_1_26' title='bbox 3501 399 3706 456; x_wconf 87' lang='lat' dir='ltr'><strong>horta-</strong></span> 
     </span>
    </p>
   </div>
   <div class='ocr_carea' id='block_1_5' title="bbox 290 479 1946 558">
    <p class='ocr_par' dir='ltr' id='par_1_5' title="bbox 290 479 1946 558">
     <span class='ocr_line' id='line_1_5' title="bbox 290 479 1946 558; baseline -0.003 -17"><span class='ocrx_word' id='word_1_27' title='bbox 290 483 558 558; x_wconf 90' lang='lat' dir='ltr'><strong>quotidie</strong></span> <span class='ocrx_word' id='word_1_28' title='bbox 577 482 660 539; x_wconf 88' lang='lat' dir='ltr'><strong>vel</strong></span> <span class='ocrx_word' id='word_1_29' title='bbox 685 481 965 538; x_wconf 87' lang='lat' dir='ltr'><strong>visitandi</strong></span> <span class='ocrx_word' id='word_1_30' title='bbox 986 482 1176 554; x_wconf 87' lang='lat' dir='ltr'><strong>gratia</strong></span> <span class='ocrx_word' id='word_1_31' title='bbox 1197 479 1617 553; x_wconf 85' lang='lat' dir='ltr'><strong>prodibam,vel</strong></span> <span class='ocrx_word' id='word_1_32' title='bbox 1632 481 1946 552; x_wconf 89' lang='lat' dir='ltr'><strong>pergebam</strong></span> 
     </span>
    </p>
   </div>
   <div class='ocr_carea' id='block_1_6' title="bbox 298 569 1948 646">
    <p class='ocr_par' dir='ltr' id='par_1_6' title="bbox 298 569 1948 646">
     <span class='ocr_line' id='line_1_6' title="bbox 298 569 1948 646; baseline -0.002 -17"><span class='ocrx_word' id='word_1_33' title='bbox 298 574 370 630; x_wconf 87' lang='lat' dir='ltr'><strong>ad</strong></span> <span class='ocrx_word' id='word_1_34' title='bbox 407 572 859 646; x_wconf 82' lang='lat' dir='ltr'><strong>martyres?non</strong></span> <span class='ocrx_word' id='word_1_35' title='bbox 882 569 1102 642; x_wconf 84' lang='lat' dir='ltr'><strong>regiam</strong></span> <span class='ocrx_word' id='word_1_36' title='bbox 1123 569 1324 642; x_wconf 78' lang='lat' dir='ltr'><strong>palatii</strong></span> <span class='ocrx_word' id='word_1_37' title='bbox 1351 571 1734 642; x_wconf 68' lang='lat' dir='ltr'><strong>praetexebam</strong></span> <span class='ocrx_word' id='word_1_38' title='bbox 1755 571 1948 625; x_wconf 84' lang='lat' dir='ltr'><strong>eundo</strong></span> 
     </span>
    </p>
   </div>
   <div class='ocr_carea' id='block_1_7' title="bbox 289 659 1946 735">
    <p class='ocr_par' dir='ltr' id='par_1_7' title="bbox 289 659 1946 735">
     <span class='ocr_line' id='line_1_7' title="bbox 289 659 1946 735; baseline -0.004 -16"><span class='ocrx_word' id='word_1_39' title='bbox 289 667 474 735; x_wconf 87' lang='lat' dir='ltr'><strong>atque</strong></span> <span class='ocrx_word' id='word_1_40' title='bbox 506 661 804 718; x_wconf 90' lang='lat' dir='ltr'><strong>redeundo</strong></span> <span class='ocrx_word' id='word_1_41' title='bbox 821 659 849 715; x_wconf 84' lang='lat'><strong>‘?</strong></span> <span class='ocrx_word' id='word_1_42' title='bbox 879 663 937 716; x_wconf 90' lang='lat' dir='ltr'><strong>et</strong></span> <span class='ocrx_word' id='word_1_43' title='bbox 957 664 1152 716; x_wconf 89' lang='lat' dir='ltr'><strong>tamen</strong></span> <span class='ocrx_word' id='word_1_44' title='bbox 1178 677 1346 714; x_wconf 86' lang='lat' dir='ltr'><strong>nemo</strong></span> <span class='ocrx_word' id='word_1_45' title='bbox 1369 675 1462 714; x_wconf 89' lang='lat' dir='ltr'><strong>me</strong></span> <span class='ocrx_word' id='word_1_46' title='bbox 1486 661 1829 727; x_wconf 87' lang='lat' dir='ltr'><strong>tenuit,cum</strong></span> <span class='ocrx_word' id='word_1_47' title='bbox 1853 676 1946 714; x_wconf 79' lang='lat' dir='ltr'><strong>ex-</strong></span> 
     </span>
    </p>
   </div>
   <div class='ocr_carea' id='block_1_8' title="bbox 297 749 1948 822">
    <p class='ocr_par' dir='ltr' id='par_1_8' title="bbox 297 749 1948 822">
     <span class='ocr_line' id='line_1_8' title="bbox 297 749 1948 822; baseline -0.003 -14"><span class='ocrx_word' id='word_1_48' title='bbox 297 752 579 809; x_wconf 88' lang='lat' dir='ltr'><strong>turbandi</strong></span> <span class='ocrx_word' id='word_1_49' title='bbox 609 767 704 806; x_wconf 90' lang='lat' dir='ltr'><strong>me</strong></span> <span class='ocrx_word' id='word_1_50' title='bbox 734 750 1017 806; x_wconf 88' lang='lat' dir='ltr'><strong>haberent</strong></span> <span class='ocrx_word' id='word_1_51' title='bbox 1037 753 1101 804; x_wconf 91' lang='lat' dir='ltr'><strong>ut</strong></span> <span class='ocrx_word' id='word_1_52' title='bbox 1122 749 1506 822; x_wconf 87' lang='lat' dir='ltr'><strong>prodiderunt</strong></span> <span class='ocrx_word' id='word_1_53' title='bbox 1531 753 1734 822; x_wconf 89' lang='lat' dir='ltr'><strong>postea</strong></span> <span class='ocrx_word' id='word_1_54' title='bbox 1753 749 1948 806; x_wconf 90' lang='lat' dir='ltr'><strong>volun-</strong></span> 
     </span>
    </p>
   </div>
   <div class='ocr_carea' id='block_1_9' title="bbox 281 837 1946 911">
    <p class='ocr_par' dir='ltr' id='par_1_9' title="bbox 281 837 1946 911">
     <span class='ocr_line' id='line_1_9' title="bbox 281 837 1946 911; baseline -0.002 -14"><span class='ocrx_word' id='word_1_55' title='bbox 281 847 494 911; x_wconf 80' lang='lat' dir='ltr'><strong>tatem,</strong></span> <span class='ocrx_word' id='word_1_56' title='bbox 529 840 787 896; x_wconf 82' lang='lat' dir='ltr'><strong>dicentes</strong></span> <span class='ocrx_word' id='word_1_57' title='bbox 821 856 834 894; x_wconf 76' lang='grc' dir='ltr'>ε</span> <span class='ocrx_word' id='word_1_58' title='bbox 869 837 970 895; x_wconf 82' lang='lat' dir='ltr'><strong>Exi</strong></span> <span class='ocrx_word' id='word_1_59' title='bbox 1001 839 1078 894; x_wconf 88' lang='lat' dir='ltr'><strong>de</strong></span> <span class='ocrx_word' id='word_1_60' title='bbox 1115 837 1366 910; x_wconf 82' lang='lat' dir='ltr'><strong>civitate,</strong></span> <span class='ocrx_word' id='word_1_61' title='bbox 1395 843 1450 894; x_wconf 87' lang='lat' dir='ltr'><strong>et</strong></span> <span class='ocrx_word' id='word_1_62' title='bbox 1498 839 1643 895; x_wconf 90' lang='lat' dir='ltr'><strong>vade</strong></span> <span class='ocrx_word' id='word_1_63' title='bbox 1693 855 1808 911; x_wconf 90' lang='lat' dir='ltr'><strong>quo</strong></span> <span class='ocrx_word' id='word_1_64' title='bbox 1839 839 1946 894; x_wconf 85' lang='lat' dir='ltr'><strong>vis.</strong></span> 
     </span>
    </p>
   </div>
   <div class='ocr_carea' id='block_1_10' title="bbox 289 927 1948 1004">
    <p class='ocr_par' dir='ltr' id='par_1_10' title="bbox 289 927 1948 1004">
     <span class='ocr_line' id='line_1_10' title="bbox 289 927 1948 1004; baseline -0.004 -16"><span class='ocrx_word' id='word_1_65' title='bbox 289 929 1252 1004; x_wconf 78' lang='lat' dir='ltr'><strong>Exspectabam,fateor,magnum</strong></span> <span class='ocrx_word' id='word_1_66' title='bbox 1277 927 1499 1000; x_wconf 88' lang='lat' dir='ltr'><strong>aliquid</strong></span> <span class='ocrx_word' id='word_1_67' title='bbox 1525 945 1538 984; x_wconf 88' lang='lat'><strong>:</strong></span> <span class='ocrx_word' id='word_1_68' title='bbox 1564 932 1665 983; x_wconf 88' lang='lat' dir='ltr'><strong>aut</strong></span> <span class='ocrx_word' id='word_1_69' title='bbox 1685 927 1948 999; x_wconf 79' lang='lat' dir='ltr'><strong>gladium</strong></span> 
     </span>
    </p>
   </div>
   <div class='ocr_carea' id='block_1_11' title="bbox 289 1016 1949 1094">
    <p class='ocr_par' dir='ltr' id='par_1_11' title="bbox 289 1016 1949 1094">
     <span class='ocr_line' id='line_1_11' title="bbox 289 1016 1949 1094; baseline -0.003 -18"><span class='ocrx_word' id='word_1_70' title='bbox 289 1038 396 1094; x_wconf 87' lang='lat' dir='ltr'><strong>pro</strong></span> <span class='ocrx_word' id='word_1_71' title='bbox 424 1017 643 1076; x_wconf 80' lang='lat' dir='ltr'><strong>Christi</strong></span> <span class='ocrx_word' id='word_1_72' title='bbox 677 1018 934 1084; x_wconf 85' lang='lat' dir='ltr'><strong>nomine,</strong></span> <span class='ocrx_word' id='word_1_73' title='bbox 970 1023 1072 1074; x_wconf 90' lang='lat' dir='ltr'><strong>aut</strong></span> <span class='ocrx_word' id='word_1_74' title='bbox 1103 1016 1462 1073; x_wconf 87' lang='lat' dir='ltr'><strong>incendium.</strong></span> <span class='ocrx_word' id='word_1_75' title='bbox 1496 1019 1567 1072; x_wconf 87' lang='lat' dir='ltr'><strong>At</strong></span> <span class='ocrx_word' id='word_1_76' title='bbox 1597 1017 1679 1071; x_wconf 90' lang='lat' dir='ltr'><strong>illi</strong></span> <span class='ocrx_word' id='word_1_77' title='bbox 1711 1017 1949 1072; x_wconf 81' lang='lat' dir='ltr'><strong>delicias</strong></span> 
     </span>
    </p>
   </div>
   <div class='ocr_carea' id='block_1_12' title="bbox 295 1105 1950 1181">
    <p class='ocr_par' dir='ltr' id='par_1_12' title="bbox 295 1105 1950 1181">
     <span class='ocr_line' id='line_1_12' title="bbox 295 1105 1950 1181; baseline -0.002 -17"><span class='ocrx_word' id='word_1_78' title='bbox 295 1109 446 1164; x_wconf 91' lang='lat' dir='ltr'><strong>mihi</strong></span> <span class='ocrx_word' id='word_1_79' title='bbox 468 1125 573 1181; x_wconf 92' lang='lat' dir='ltr'><strong>pro</strong></span> <span class='ocrx_word' id='word_1_80' title='bbox 597 1107 974 1180; x_wconf 87' lang='lat' dir='ltr'><strong>passionibus</strong></span> <span class='ocrx_word' id='word_1_81' title='bbox 995 1105 1364 1162; x_wconf 86' lang='lat' dir='ltr'><strong>obtulerunt:</strong></span> <span class='ocrx_word' id='word_1_82' title='bbox 1385 1107 1486 1161; x_wconf 88' lang='lat' dir='ltr'><strong>sed</strong></span> <span class='ocrx_word' id='word_1_83' title='bbox 1509 1105 1726 1161; x_wconf 79' lang='lat' dir='ltr'><strong>athleta</strong></span> <span class='ocrx_word' id='word_1_84' title='bbox 1738 1107 1950 1161; x_wconf 88' lang='lat' dir='ltr'><strong>Christi</strong></span> 
     </span>
    </p>
   </div>
   <div class='ocr_carea' id='block_1_13' title="bbox 298 1195 1949 1268">
    <p class='ocr_par' dir='ltr' id='par_1_13' title="bbox 298 1195 1949 1268">
     <span class='ocr_line' id='line_1_13' title="bbox 298 1195 1949 1268; baseline -0.002 -15"><span class='ocrx_word' id='word_1_85' title='bbox 298 1196 799 1262; x_wconf 86' lang='lat' dir='ltr'><strong>nondelicias,sed</strong></span> <span class='ocrx_word' id='word_1_86' title='bbox 811 1195 1117 1268; x_wconf 88' lang='lat' dir='ltr'><strong>passiones</strong></span> <span class='ocrx_word' id='word_1_87' title='bbox 1139 1213 1278 1252; x_wconf 88' lang='lat' dir='ltr'><strong>suas</strong></span> <span class='ocrx_word' id='word_1_88' title='bbox 1297 1195 1681 1267; x_wconf 83' lang='lat' dir='ltr'><strong>cxigit.Nemo</strong></span> <span class='ocrx_word' id='word_1_89' title='bbox 1693 1213 1828 1267; x_wconf 86' lang='lat' dir='ltr'><strong>ergo</strong></span> <span class='ocrx_word' id='word_1_90' title='bbox 1851 1213 1949 1250; x_wconf 90' lang='lat' dir='ltr'><strong>vos</strong></span> 
     </span>
    </p>
   </div>
   <div class='ocr_carea' id='block_1_14' title="bbox 288 1285 1950 1359">
    <p class='ocr_par' dir='ltr' id='par_1_14' title="bbox 288 1285 1950 1359">
     <span class='ocr_line' id='line_1_14' title="bbox 288 1285 1950 1359; baseline -0.002 -16"><span class='ocrx_word' id='word_1_91' title='bbox 288 1286 674 1359; x_wconf 89' lang='lat' dir='ltr'><strong>turbet,quod</strong></span> <span class='ocrx_word' id='word_1_92' title='bbox 707 1289 809 1340; x_wconf 90' lang='lat' dir='ltr'><strong>aut</strong></span> <span class='ocrx_word' id='word_1_93' title='bbox 837 1301 1071 1340; x_wconf 89' lang='lat' dir='ltr'><strong>carrum</strong></span> <span class='ocrx_word' id='word_1_94' title='bbox 1101 1289 1567 1358; x_wconf 67' lang='lat' dir='ltr'><strong>praeparaverant</strong></span> <span class='ocrx_word' id='word_1_95' title='bbox 1588 1289 1690 1340; x_wconf 90' lang='lat' dir='ltr'><strong>aut</strong></span> <span class='ocrx_word' id='word_1_96' title='bbox 1711 1285 1950 1351; x_wconf 89' lang='lat' dir='ltr'><strong>dura,ut</strong></span> 
     </span>
    </p>
   </div>
   <div class='ocr_carea' id='block_1_15' title="bbox 283 1373 1948 1446">
    <p class='ocr_par' dir='ltr' id='par_1_15' title="bbox 283 1373 1948 1446">
     <span class='ocr_line' id='line_1_15' title="bbox 283 1373 1948 1446; baseline -0.002 -14"><span class='ocrx_word' id='word_1_97' title='bbox 283 1375 596 1432; x_wconf 85' lang='lat' dir='ltr'><strong>videbatur</strong></span> <span class='ocrx_word' id='word_1_98' title='bbox 606 1374 905 1443; x_wconf 85' lang='lat' dir='ltr'><strong>sibi,Auxe</strong></span> <span class='ocrx_word' id='word_1_99' title='bbox 916 1373 1024 1430; x_wconf 90' lang='lat' dir='ltr'><strong>ntii</strong></span> <span class='ocrx_word' id='word_1_100' title='bbox 1039 1373 1228 1446; x_wconf 86' lang='lat' dir='ltr'><strong>ipsius</strong></span> <span class='ocrx_word' id='word_1_101' title='bbox 1241 1374 1340 1446; x_wconf 86' lang='lat' dir='ltr'><strong>qui</strong></span> <span class='ocrx_word' id='word_1_102' title='bbox 1364 1391 1428 1428; x_wconf 88' lang='lat' dir='ltr'><strong>se</strong></span> <span class='ocrx_word' id='word_1_103' title='bbox 1447 1373 1590 1428; x_wconf 88' lang='lat' dir='ltr'><strong>dicit</strong></span> <span class='ocrx_word' id='word_1_104' title='bbox 1607 1373 1948 1446; x_wconf 86' lang='lat' dir='ltr'><strong>episcopum</strong></span> 
     </span>
    </p>
   </div>
   <div class='ocr_carea' id='block_1_16' title="bbox 286 1462 1951 1536">
    <p class='ocr_par' dir='ltr' id='par_1_16' title="bbox 286 1462 1951 1536">
     <span class='ocr_line' id='line_1_16' title="bbox 286 1462 1951 1536; baseline -0.002 -15"><span class='ocrx_word' id='word_1_105' title='bbox 286 1482 388 1522; x_wconf 87' lang='lat' dir='ltr'><strong>ore</strong></span> <span class='ocrx_word' id='word_1_106' title='bbox 404 1466 644 1536; x_wconf 85' lang='lat' dir='ltr'><strong>jactata.</strong></span> <span class='ocrx_word' id='word_1_107' title='bbox 661 1463 928 1535; x_wconf 87' lang='lat' dir='ltr'><strong>Plerique</strong></span> <span class='ocrx_word' id='word_1_108' title='bbox 952 1463 1274 1519; x_wconf 87' lang='lat' dir='ltr'><strong>narrabant</strong></span> <span class='ocrx_word' id='word_1_109' title='bbox 1299 1479 1672 1535; x_wconf 88' lang='lat' dir='ltr'><strong>percussores</strong></span> <span class='ocrx_word' id='word_1_110' title='bbox 1695 1462 1951 1534; x_wconf 61' lang='lat' dir='ltr'><strong>praemis-</strong></span> 
     </span>
    </p>
   </div>
   <div class='ocr_carea' id='block_1_17' title="bbox 285 1551 1946 1627">
    <p class='ocr_par' dir='ltr' id='par_1_17' title="bbox 285 1551 1946 1627">
     <span class='ocr_line' id='line_1_17' title="bbox 285 1551 1946 1627; baseline -0.002 -16"><span class='ocrx_word' id='word_1_111' title='bbox 285 1571 411 1624; x_wconf 88' lang='lat' dir='ltr'><strong>sos,</strong></span> <span class='ocrx_word' id='word_1_112' title='bbox 442 1569 674 1627; x_wconf 86' lang='lat' dir='ltr'><strong>poenam</strong></span> <span class='ocrx_word' id='word_1_113' title='bbox 704 1552 911 1609; x_wconf 89' lang='lat' dir='ltr'><strong>mortis</strong></span> <span class='ocrx_word' id='word_1_114' title='bbox 942 1568 1071 1608; x_wconf 87' lang='lat' dir='ltr'><strong>esse</strong></span> <span class='ocrx_word' id='word_1_115' title='bbox 1103 1551 1427 1608; x_wconf 88' lang='lat' dir='ltr'><strong>decretam.</strong></span> <span class='ocrx_word' id='word_1_116' title='bbox 1458 1551 1572 1606; x_wconf 91' lang='lat' dir='ltr'><strong>Nec</strong></span> <span class='ocrx_word' id='word_1_117' title='bbox 1622 1551 1722 1606; x_wconf 88' lang='lat' dir='ltr'><strong>illa</strong></span> <span class='ocrx_word' id='word_1_118' title='bbox 1751 1551 1946 1621; x_wconf 87' lang='lat' dir='ltr'><strong>timeo,</strong></span> 
     </span>
    </p>
   </div>
   <div class='ocr_carea' id='block_1_18' title="bbox 2059 482 3704 560">
    <p class='ocr_par' dir='ltr' id='par_1_18' title="bbox 2059 482 3704 560">
     <span class='ocr_line' id='line_1_18' title="bbox 2059 482 3704 560; baseline 0.005 -24"><span class='ocrx_word' id='word_1_119' title='bbox 2059 499 2211 537; x_wconf 90' lang='lat' dir='ltr'><strong>mur.</strong></span> <span class='ocrx_word' id='word_1_120' title='bbox 2248 505 2277 532; x_wconf 87' lang='lat'>»</span> <span class='ocrx_word' id='word_1_121' title='bbox 2310 482 2572 549; x_wconf 85' lang='lat' dir='ltr'><strong>Qualiter</strong></span> <span class='ocrx_word' id='word_1_122' title='bbox 2597 485 2797 552; x_wconf 87' lang='lat' dir='ltr'><strong>etiam,</strong></span> <span class='ocrx_word' id='word_1_123' title='bbox 2829 486 2917 541; x_wconf 90' lang='lat' dir='ltr'><strong>vel</strong></span> <span class='ocrx_word' id='word_1_124' title='bbox 2949 503 3052 558; x_wconf 90' lang='lat' dir='ltr'><strong>pro</strong></span> <span class='ocrx_word' id='word_1_125' title='bbox 3084 488 3299 560; x_wconf 88' lang='lat' dir='ltr'><strong>quibus</strong></span> <span class='ocrx_word' id='word_1_126' title='bbox 3327 489 3524 545; x_wconf 84' lang='lat' dir='ltr'><strong>causis</strong></span> <span class='ocrx_word' id='word_1_127' title='bbox 3553 489 3704 560; x_wconf 87' lang='lat' dir='ltr'><strong>epis-</strong></span> 
     </span>
    </p>
   </div>
   <div class='ocr_carea' id='block_1_19' title="bbox 2059 572 3706 646">
    <p class='ocr_par' dir='ltr' id='par_1_19' title="bbox 2059 572 3706 646">
     <span class='ocr_line' id='line_1_19' title="bbox 2059 572 3706 646; baseline 0.005 -20"><span class='ocrx_word' id='word_1_128' title='bbox 2059 572 2186 646; x_wconf 84' lang='lat' dir='ltr'><strong>copi</strong></span> <span class='ocrx_word' id='word_1_129' title='bbox 2240 573 2530 629; x_wconf 86' lang='lat' dir='ltr'><strong>Ecclesias</strong></span> <span class='ocrx_word' id='word_1_130' title='bbox 2579 591 2718 630; x_wconf 88' lang='lat' dir='ltr'><strong>suas</strong></span> <span class='ocrx_word' id='word_1_131' title='bbox 2767 574 2893 630; x_wconf 87' lang='lat' dir='ltr'><strong>sine</strong></span> <span class='ocrx_word' id='word_1_132' title='bbox 2953 576 3302 632; x_wconf 88' lang='lat' dir='ltr'><strong>detrimento</strong></span> <span class='ocrx_word' id='word_1_133' title='bbox 3359 579 3583 633; x_wconf 85' lang='lat' dir='ltr'><strong>ordinis</strong></span> <span class='ocrx_word' id='word_1_134' title='bbox 3641 594 3706 634; x_wconf 86' lang='lat' dir='ltr'><strong>ac</strong></span> 
     </span>
    </p>
   </div>
   <div class='ocr_carea' id='block_1_20' title="bbox 2059 661 3707 735">
    <p class='ocr_par' dir='ltr' id='par_1_20' title="bbox 2059 661 3707 735">
     <span class='ocr_line' id='line_1_20' title="bbox 2059 661 3707 735; baseline 0.004 -19"><span class='ocrx_word' id='word_1_135' title='bbox 2059 661 2265 716; x_wconf 66' lang='lat' dir='ltr'><strong>animae</strong></span> <span class='ocrx_word' id='word_1_136' title='bbox 2310 680 2429 718; x_wconf 72' lang='lat' dir='ltr'><strong>suae</strong></span> <span class='ocrx_word' id='word_1_137' title='bbox 2481 663 2551 718; x_wconf 91' lang='lat' dir='ltr'><strong>ad</strong></span> <span class='ocrx_word' id='word_1_138' title='bbox 2604 667 2835 735; x_wconf 88' lang='lat' dir='ltr'><strong>tempus</strong></span> <span class='ocrx_word' id='word_1_139' title='bbox 2881 663 3146 720; x_wconf 90' lang='lat' dir='ltr'><strong>deserere</strong></span> <span class='ocrx_word' id='word_1_140' title='bbox 3189 666 3436 735; x_wconf 88' lang='lat' dir='ltr'><strong>valeant,</strong></span> <span class='ocrx_word' id='word_1_141' title='bbox 3467 670 3707 724; x_wconf 86' lang='lat' dir='ltr'><strong>sanctus</strong></span> 
     </span>
    </p>
   </div>
   <div class='ocr_carea' id='block_1_21' title="bbox 2056 751 3703 827">
    <p class='ocr_par' dir='ltr' id='par_1_21' title="bbox 2056 751 3703 827">
     <span class='ocr_line' id='line_1_21' title="bbox 2056 751 3703 827; baseline 0.003 -21"><span class='ocrx_word' id='word_1_142' title='bbox 2056 751 2425 823; x_wconf 81' lang='lat' dir='ltr'><strong>Augustinus</strong></span> <span class='ocrx_word' id='word_1_143' title='bbox 2453 751 2513 807; x_wconf 91' lang='lat' dir='ltr'><strong>in</strong></span> <span class='ocrx_word' id='word_1_144' title='bbox 2544 752 2792 824; x_wconf 91' lang='lat' dir='ltr'><strong>epistola</strong></span> <span class='ocrx_word' id='word_1_145' title='bbox 2838 753 2909 808; x_wconf 88' lang='lat' dir='ltr'><strong>ad</strong></span> <span class='ocrx_word' id='word_1_146' title='bbox 2959 752 3318 809; x_wconf 85' lang='lat' dir='ltr'><strong>Honoratum</strong></span> <span class='ocrx_word' id='word_1_147' title='bbox 3365 755 3703 827; x_wconf 91' lang='lat' dir='ltr'><strong>episcopum</strong></span> 
     </span>
    </p>
   </div>
   <div class='ocr_carea' id='block_1_22' title="bbox 2058 841 3700 914">
    <p class='ocr_par' dir='ltr' id='par_1_22' title="bbox 2058 841 3700 914">
     <span class='ocr_line' id='line_1_22' title="bbox 2058 841 3700 914; baseline 0.001 -18"><span class='ocrx_word' id='word_1_148' title='bbox 2058 843 2165 912; x_wconf 76' lang='lat' dir='ltr'><strong>(ep.</strong></span> <span class='ocrx_word' id='word_1_149' title='bbox 2199 843 2305 895; x_wconf 74' lang='lat'><strong>180</strong></span> <span class='ocrx_word' id='word_1_150' title='bbox 2333 843 2394 896; x_wconf 78' lang='lat' dir='ltr'><strong>in</strong></span> <span class='ocrx_word' id='word_1_151' title='bbox 2421 843 2690 913; x_wconf 77' lang='lat' dir='ltr'><strong>princip.)</strong></span> <span class='ocrx_word' id='word_1_152' title='bbox 2721 841 2876 898; x_wconf 88' lang='lat' dir='ltr'><strong>inter</strong></span> <span class='ocrx_word' id='word_1_153' title='bbox 2903 847 3114 898; x_wconf 67' lang='lat' dir='ltr'><strong>caztera</strong></span> <span class='ocrx_word' id='word_1_154' title='bbox 3141 843 3420 914; x_wconf 81' lang='lat' dir='ltr'><strong>ostendit,</strong></span> <span class='ocrx_word' id='word_1_155' title='bbox 3451 843 3651 899; x_wconf 87' lang='lat' dir='ltr'><strong>dicens</strong></span> <span class='ocrx_word' id='word_1_156' title='bbox 3687 861 3700 898; x_wconf 86' lang='lat'><strong>:</strong></span> 
     </span>
    </p>
   </div>
   <div class='ocr_carea' id='block_1_23' title="bbox 2059 931 3822 1004">
    <p class='ocr_par' dir='ltr' id='par_1_23' title="bbox 2059 931 3822 1004">
     <span class='ocr_line' id='line_1_23' title="bbox 2059 931 3822 1004; baseline 0.002 -20"><span class='ocrx_word' id='word_1_157' title='bbox 2059 953 2087 980; x_wconf 89' lang='lat'><strong>«</strong></span> <span class='ocrx_word' id='word_1_158' title='bbox 2125 931 2324 986; x_wconf 77' lang='lat' dir='ltr'><strong>ltestat</strong></span> <span class='ocrx_word' id='word_1_159' title='bbox 2355 933 2418 985; x_wconf 89' lang='lat' dir='ltr'><strong>ut</strong></span> <span class='ocrx_word' id='word_1_160' title='bbox 2442 947 2833 1002; x_wconf 91' lang='lat' dir='ltr'><strong>nos,qnorum</strong></span> <span class='ocrx_word' id='word_1_161' title='bbox 2854 931 3248 988; x_wconf 72' lang='lat' dir='ltr'><strong>ministerihm</strong></span> <span class='ocrx_word' id='word_1_162' title='bbox 3269 931 3705 1004; x_wconf 65' lang='lat' dir='ltr'><strong>quantulaecun-</strong></span> <span class='ocrx_word' id='word_1_163' title='bbox 3815 944 3822 954; x_wconf 90' lang='lat'><em>&#39;</em></span> 
     </span>
    </p>
   </div>
   <div class='ocr_carea' id='block_1_24' title="bbox 2061 1018 3702 1090">
    <p class='ocr_par' dir='ltr' id='par_1_24' title="bbox 2061 1018 3702 1090">
     <span class='ocr_line' id='line_1_24' title="bbox 2061 1018 3702 1090; baseline 0.002 -18"><span class='ocrx_word' id='word_1_164' title='bbox 2061 1036 2172 1090; x_wconf 90' lang='lat' dir='ltr'><strong>que</strong></span> <span class='ocrx_word' id='word_1_165' title='bbox 2203 1018 2354 1090; x_wconf 86' lang='lat' dir='ltr'><strong>plebi</strong></span> <span class='ocrx_word' id='word_1_166' title='bbox 2387 1019 2489 1074; x_wconf 91' lang='lat' dir='ltr'><strong>Dei</strong></span> <span class='ocrx_word' id='word_1_167' title='bbox 2520 1019 2619 1075; x_wconf 89' lang='lat' dir='ltr'><strong>ubi</strong></span> <span class='ocrx_word' id='word_1_168' title='bbox 2651 1037 2861 1076; x_wconf 89' lang='lat' dir='ltr'><strong>sumus</strong></span> <span class='ocrx_word' id='word_1_169' title='bbox 2893 1021 3154 1076; x_wconf 86' lang='lat' dir='ltr'><strong>manenti</strong></span> <span class='ocrx_word' id='word_1_170' title='bbox 3182 1020 3264 1076; x_wconf 87' lang='lat' dir='ltr'><strong>ita</strong></span> <span class='ocrx_word' id='word_1_171' title='bbox 3306 1020 3702 1076; x_wconf 86' lang='lat' dir='ltr'><strong>necessarium</strong></span> 
     </span>
    </p>
   </div>
   <div class='ocr_carea' id='block_1_25' title="bbox 2059 1107 3702 1180">
    <p class='ocr_par' dir='ltr' id='par_1_25' title="bbox 2059 1107 3702 1180">
     <span class='ocr_line' id='line_1_25' title="bbox 2059 1107 3702 1180; baseline 0.004 -18"><span class='ocrx_word' id='word_1_172' title='bbox 2059 1113 2166 1175; x_wconf 85' lang='lat' dir='ltr'><strong>est,</strong></span> <span class='ocrx_word' id='word_1_173' title='bbox 2205 1111 2266 1162; x_wconf 88' lang='lat' dir='ltr'><strong>ut</strong></span> <span class='ocrx_word' id='word_1_174' title='bbox 2293 1107 2418 1163; x_wconf 86' lang='lat' dir='ltr'><strong>sine</strong></span> <span class='ocrx_word' id='word_1_175' title='bbox 2451 1109 2556 1164; x_wconf 91' lang='lat' dir='ltr'><strong>hoc</strong></span> <span class='ocrx_word' id='word_1_176' title='bbox 2587 1126 2715 1164; x_wconf 90' lang='lat' dir='ltr'><strong>eam</strong></span> <span class='ocrx_word' id='word_1_177' title='bbox 2749 1126 2863 1164; x_wconf 91' lang='lat' dir='ltr'><strong>non</strong></span> <span class='ocrx_word' id='word_1_178' title='bbox 2895 1114 3158 1180; x_wconf 86' lang='lat' dir='ltr'><strong>oporteat</strong></span> <span class='ocrx_word' id='word_1_179' title='bbox 3195 1126 3516 1179; x_wconf 88' lang='lat' dir='ltr'><strong>remanere,</strong></span> <span class='ocrx_word' id='word_1_180' title='bbox 3544 1111 3702 1168; x_wconf 83' lang='lat' dir='ltr'><strong>dica-</strong></span> 
     </span>
    </p>
   </div>
   <div class='ocr_carea' id='block_1_26' title="bbox 2060 1198 3704 1272">
    <p class='ocr_par' dir='ltr' id='par_1_26' title="bbox 2060 1198 3704 1272">
     <span class='ocr_line' id='line_1_26' title="bbox 2060 1198 3704 1272; baseline 0.002 -20"><span class='ocrx_word' id='word_1_181' title='bbox 2060 1215 2194 1252; x_wconf 91' lang='lat' dir='ltr'><strong>mus</strong></span> <span class='ocrx_word' id='word_1_182' title='bbox 2224 1198 2466 1254; x_wconf 89' lang='lat' dir='ltr'><strong>Domino</strong></span> <span class='ocrx_word' id='word_1_183' title='bbox 2503 1215 2516 1253; x_wconf 86' lang='lat'>:</span> <span class='ocrx_word' id='word_1_184' title='bbox 2550 1199 2670 1254; x_wconf 81' lang='lat' dir='ltr'><strong>Esto</strong></span> <span class='ocrx_word' id='word_1_185' title='bbox 2697 1200 2856 1254; x_wconf 81' lang='lat' dir='ltr'><strong>nobis</strong></span> <span class='ocrx_word' id='word_1_186' title='bbox 2886 1201 2945 1254; x_wconf 78' lang='lat' dir='ltr'><strong>in</strong></span> <span class='ocrx_word' id='word_1_187' title='bbox 2977 1203 3148 1256; x_wconf 77' lang='lat' dir='ltr'><strong>Deum</strong></span> <span class='ocrx_word' id='word_1_188' title='bbox 3171 1209 3606 1272; x_wconf 83' lang='lat' dir='ltr'><strong>protectorem,et</strong></span> <span class='ocrx_word' id='word_1_189' title='bbox 3645 1203 3704 1256; x_wconf 83' lang='lat' dir='ltr'><strong>in</strong></span> 
     </span>
    </p>
   </div>
   <div class='ocr_carea' id='block_1_27' title="bbox 2059 1287 3702 1358">
    <p class='ocr_par' dir='ltr' id='par_1_27' title="bbox 2059 1287 3702 1358">
     <span class='ocr_line' id='line_1_27' title="bbox 2059 1287 3702 1358; baseline 0.002 -16"><span class='ocrx_word' id='word_1_190' title='bbox 2059 1288 2237 1342; x_wconf 83' lang='lat' dir='ltr'><strong>locum</strong></span> <span class='ocrx_word' id='word_1_191' title='bbox 2272 1289 2548 1343; x_wconf 83' lang='lat' dir='ltr'><strong>munitum</strong></span> <span class='ocrx_word' id='word_1_192' title='bbox 2595 1289 2768 1358; x_wconf 65' lang='lat' dir='ltr'><strong>(P5411.</strong></span> <span class='ocrx_word' id='word_1_193' title='bbox 2799 1305 2931 1354; x_wconf 85' lang='lat' dir='ltr'><strong>xxx,</strong></span> <span class='ocrx_word' id='word_1_194' title='bbox 2961 1287 3036 1358; x_wconf 80' lang='lat'><strong>3).</strong></span> <span class='ocrx_word' id='word_1_195' title='bbox 3071 1288 3182 1344; x_wconf 88' lang='lat' dir='ltr'><strong>Sed</strong></span> <span class='ocrx_word' id='word_1_196' title='bbox 3232 1289 3342 1345; x_wconf 91' lang='lat' dir='ltr'><strong>hoc</strong></span> <span class='ocrx_word' id='word_1_197' title='bbox 3389 1289 3702 1346; x_wconf 82' lang='lat' dir='ltr'><strong>consilium</strong></span> 
     </span>
    </p>
   </div>
   <div class='ocr_carea' id='block_1_28' title="bbox 2060 1377 3701 1448">
    <p class='ocr_par' dir='ltr' id='par_1_28' title="bbox 2060 1377 3701 1448">
     <span class='ocr_line' id='line_1_28' title="bbox 2060 1377 3701 1448; baseline 0.003 -18"><span class='ocrx_word' id='word_1_198' title='bbox 2060 1381 2367 1448; x_wconf 88' lang='lat' dir='ltr'><strong>propterea</strong></span> <span class='ocrx_word' id='word_1_199' title='bbox 2396 1377 2502 1432; x_wconf 88' lang='lat' dir='ltr'><strong>tibi</strong></span> <span class='ocrx_word' id='word_1_200' title='bbox 2533 1395 2646 1432; x_wconf 91' lang='lat' dir='ltr'><strong>non</strong></span> <span class='ocrx_word' id='word_1_201' title='bbox 2677 1377 2900 1432; x_wconf 79' lang='lat' dir='ltr'><strong>sufficit</strong></span> <span class='ocrx_word' id='word_1_202' title='bbox 2929 1381 2994 1432; x_wconf 92' lang='lat' dir='ltr'><strong>ut</strong></span> <span class='ocrx_word' id='word_1_203' title='bbox 3023 1377 3253 1445; x_wconf 90' lang='lat' dir='ltr'><strong>scribis,</strong></span> <span class='ocrx_word' id='word_1_204' title='bbox 3275 1387 3346 1434; x_wconf 84' lang='lat' dir='ltr'><strong>ne</strong></span> <span class='ocrx_word' id='word_1_205' title='bbox 3369 1383 3569 1435; x_wconf 89' lang='lat' dir='ltr'><strong>contra</strong></span> <span class='ocrx_word' id='word_1_206' title='bbox 3590 1379 3701 1435; x_wconf 85' lang='lat' dir='ltr'><strong>Do-</strong></span> 
     </span>
    </p>
   </div>
   <div class='ocr_carea' id='block_1_29' title="bbox 2061 1464 3704 1538">
    <p class='ocr_par' dir='ltr' id='par_1_29' title="bbox 2061 1464 3704 1538">
     <span class='ocr_line' id='line_1_29' title="bbox 2061 1464 3704 1538; baseline 0.001 -18"><span class='ocrx_word' id='word_1_207' title='bbox 2061 1464 2205 1520; x_wconf 89' lang='lat' dir='ltr'><strong>mini</strong></span> <span class='ocrx_word' id='word_1_208' title='bbox 2237 1471 2592 1538; x_wconf 80' lang='lat' dir='ltr'><strong>praeccptum</strong></span> <span class='ocrx_word' id='word_1_209' title='bbox 2621 1464 2708 1521; x_wconf 88' lang='lat' dir='ltr'><strong>vel</strong></span> <span class='ocrx_word' id='word_1_210' title='bbox 2738 1465 3068 1538; x_wconf 81' lang='lat' dir='ltr'><strong>exemplum</strong></span> <span class='ocrx_word' id='word_1_211' title='bbox 3099 1467 3287 1522; x_wconf 87' lang='lat' dir='ltr'><strong>facere</strong></span> <span class='ocrx_word' id='word_1_212' title='bbox 3317 1465 3704 1536; x_wconf 86' lang='lat' dir='ltr'><strong>nitamur,ubi</strong></span> 
     </span>
    </p>
   </div>
   <div class='ocr_carea' id='block_1_30' title="bbox 2058 1555 3704 1627">
    <p class='ocr_par' dir='ltr' id='par_1_30' title="bbox 2058 1555 3704 1627">
     <span class='ocr_line' id='line_1_30' title="bbox 2058 1555 3704 1627; baseline 0.002 -19"><span class='ocrx_word' id='word_1_213' title='bbox 2058 1555 2404 1627; x_wconf 87' lang='lat' dir='ltr'><strong>fugiendum</strong></span> <span class='ocrx_word' id='word_1_214' title='bbox 2433 1571 2562 1610; x_wconf 91' lang='lat' dir='ltr'><strong>esse</strong></span> <span class='ocrx_word' id='word_1_215' title='bbox 2591 1556 2662 1610; x_wconf 90' lang='lat' dir='ltr'><strong>de</strong></span> <span class='ocrx_word' id='word_1_216' title='bbox 2691 1555 2920 1610; x_wconf 81' lang='lat' dir='ltr'><strong>civitate</strong></span> <span class='ocrx_word' id='word_1_217' title='bbox 2949 1555 3008 1610; x_wconf 89' lang='lat' dir='ltr'><strong>in</strong></span> <span class='ocrx_word' id='word_1_218' title='bbox 3039 1556 3330 1612; x_wconf 88' lang='lat' dir='ltr'><strong>civitatem</strong></span> <span class='ocrx_word' id='word_1_219' title='bbox 3362 1557 3579 1612; x_wconf 78' lang='lat' dir='ltr'><strong>monet.</strong></span> <span class='ocrx_word' id='word_1_220' title='bbox 3598 1557 3704 1612; x_wconf 80' lang='lat' dir='ltr'><strong>lte-</strong></span> 
     </span>
    </p>
   </div>
   <div class='ocr_carea' id='block_1_31' title="bbox 285 1639 3704 1718">
    <p class='ocr_par' dir='ltr' id='par_1_31' title="bbox 285 1639 3704 1718">
     <span class='ocr_line' id='line_1_31' title="bbox 285 1639 3704 1718; baseline 0.001 -19"><span class='ocrx_word' id='word_1_221' title='bbox 285 1648 349 1699; x_wconf 87' lang='lat' dir='ltr'><strong>et</strong></span> <span class='ocrx_word' id='word_1_222' title='bbox 377 1643 492 1699; x_wconf 88' lang='lat' dir='ltr'><strong>ista</strong></span> <span class='ocrx_word' id='word_1_223' title='bbox 519 1659 634 1698; x_wconf 92' lang='lat' dir='ltr'><strong>non</strong></span> <span class='ocrx_word' id='word_1_224' title='bbox 665 1641 1022 1707; x_wconf 89' lang='lat' dir='ltr'><strong>desero.Quo</strong></span> <span class='ocrx_word' id='word_1_225' title='bbox 1054 1639 1210 1696; x_wconf 89' lang='lat' dir='ltr'><strong>enim</strong></span> <span class='ocrx_word' id='word_1_226' title='bbox 1235 1639 1540 1706; x_wconf 87' lang='lat' dir='ltr'><strong>abibo,ubi</strong></span> <span class='ocrx_word' id='word_1_227' title='bbox 1563 1641 1761 1696; x_wconf 88' lang='lat' dir='ltr'><strong>omnia</strong></span> <span class='ocrx_word' id='word_1_228' title='bbox 1780 1639 1951 1712; x_wconf 89' lang='lat' dir='ltr'><strong>plena</strong></span> <span class='ocrx_word' id='word_1_229' title='bbox 2061 1643 2310 1700; x_wconf 88' lang='lat' dir='ltr'><strong>colimus</strong></span> <span class='ocrx_word' id='word_1_230' title='bbox 2341 1643 2497 1700; x_wconf 87' lang='lat' dir='ltr'><strong>enim</strong></span> <span class='ocrx_word' id='word_1_231' title='bbox 2529 1644 2702 1700; x_wconf 89' lang='lat' dir='ltr'><strong>verba</strong></span> <span class='ocrx_word' id='word_1_232' title='bbox 2725 1644 2974 1700; x_wconf 88' lang='lat' dir='ltr'><strong>dicentis</strong></span> <span class='ocrx_word' id='word_1_233' title='bbox 2999 1662 3011 1700; x_wconf 94' lang='lat'><strong>:</strong></span> <span class='ocrx_word' id='word_1_234' title='bbox 3038 1644 3172 1699; x_wconf 80' lang='lat' dir='ltr'><strong>Cum</strong></span> <span class='ocrx_word' id='word_1_235' title='bbox 3190 1653 3370 1701; x_wconf 86' lang='lat' dir='ltr'><strong>autem</strong></span> <span class='ocrx_word' id='word_1_236' title='bbox 3383 1660 3704 1718; x_wconf 74' lang='lat' dir='ltr'><strong>persequen-</strong></span> 
     </span>
    </p>
   </div>
   <div class='ocr_carea' id='block_1_32' title="bbox 285 1729 3699 1832">
    <p class='ocr_par' dir='ltr' id='par_1_32' title="bbox 285 1729 3699 1832">
     <span class='ocr_line' id='line_1_32' title="bbox 285 1729 3699 1832; baseline 0 -45"><span class='ocrx_word' id='word_1_237' title='bbox 285 1731 546 1805; x_wconf 86' lang='lat' dir='ltr'><strong>gemitus</strong></span> <span class='ocrx_word' id='word_1_238' title='bbox 569 1731 692 1787; x_wconf 87' lang='lat' dir='ltr'><strong>sint</strong></span> <span class='ocrx_word' id='word_1_239' title='bbox 713 1729 1388 1802; x_wconf 80' lang='lat' dir='ltr'><strong>atquelacrymarum?»</strong></span> <span class='ocrx_word' id='word_1_240' title='bbox 1414 1729 1476 1784; x_wconf 91' lang='lat' dir='ltr'><strong>In</strong></span> <span class='ocrx_word' id='word_1_241' title='bbox 1499 1729 1742 1810; x_wconf 78' lang='lat' dir='ltr'><strong>historia</strong></span> <span class='ocrx_word' id='word_1_242' title='bbox 1763 1729 1948 1785; x_wconf 89' lang='lat' dir='ltr'><strong>Theo-</strong></span> <span class='ocrx_word' id='word_1_243' title='bbox 1977 1768 2026 1832; x_wconf 79' lang='grc' dir='ltr'><strong>Β</strong></span> <span class='ocrx_word' id='word_1_244' title='bbox 2061 1742 2154 1789; x_wconf 84' lang='lat' dir='ltr'><strong>tur</strong></span> <span class='ocrx_word' id='word_1_245' title='bbox 2185 1751 2271 1789; x_wconf 85' lang='lat' dir='ltr'><strong>vos</strong></span> <span class='ocrx_word' id='word_1_246' title='bbox 2302 1736 2361 1788; x_wconf 84' lang='lat' dir='ltr'><strong>in</strong></span> <span class='ocrx_word' id='word_1_247' title='bbox 2384 1735 2602 1788; x_wconf 82' lang='lat' dir='ltr'><strong>civitate</strong></span> <span class='ocrx_word' id='word_1_248' title='bbox 2629 1735 2940 1806; x_wconf 60' lang='lat' dir='ltr'><strong>istm/agite</strong></span> <span class='ocrx_word' id='word_1_249' title='bbox 2971 1735 3030 1787; x_wconf 82' lang='lat' dir='ltr'><strong>in</strong></span> <span class='ocrx_word' id='word_1_250' title='bbox 3061 1733 3234 1788; x_wconf 82' lang='lat' dir='ltr'><strong>aliam</strong></span> <span class='ocrx_word' id='word_1_251' title='bbox 3262 1733 3468 1802; x_wconf 74' lang='lat' dir='ltr'><strong>(Matth.</strong></span> <span class='ocrx_word' id='word_1_252' title='bbox 3500 1751 3559 1800; x_wconf 84' lang='lat' dir='ltr'><strong>x,</strong></span> <span class='ocrx_word' id='word_1_253' title='bbox 3587 1734 3699 1805; x_wconf 86' lang='lat'><strong>23).</strong></span> 
     </span>
    </p>
   </div>
   <div class='ocr_carea' id='block_1_33' title="bbox 293 1817 3700 1892">
    <p class='ocr_par' dir='ltr' id='par_1_33' title="bbox 293 1817 3700 1892">
     <span class='ocr_line' id='line_1_33' title="bbox 293 1817 3700 1892; baseline 0 -16"><span class='ocrx_word' id='word_1_254' title='bbox 293 1820 474 1876; x_wconf 91' lang='lat' dir='ltr'><strong>doriti</strong></span> <span class='ocrx_word' id='word_1_255' title='bbox 505 1819 626 1890; x_wconf 80' lang='lat' dir='ltr'><strong>(tib.</strong></span> <span class='ocrx_word' id='word_1_256' title='bbox 659 1837 736 1888; x_wconf 83' lang='lat' dir='ltr'><strong>1x,</strong></span> <span class='ocrx_word' id='word_1_257' title='bbox 773 1835 822 1874; x_wconf 91' lang='lat' dir='ltr'><strong>c.</strong></span> <span class='ocrx_word' id='word_1_258' title='bbox 857 1819 948 1890; x_wconf 88' lang='lat'><strong>20)</strong></span> <span class='ocrx_word' id='word_1_259' title='bbox 978 1817 1192 1891; x_wconf 85' lang='lat' dir='ltr'><strong>legitur</strong></span> <span class='ocrx_word' id='word_1_260' title='bbox 1228 1817 1386 1890; x_wconf 82' lang='lat' dir='ltr'><strong>quia,</strong></span> <span class='ocrx_word' id='word_1_261' title='bbox 1419 1819 1560 1874; x_wconf 91' lang='lat' dir='ltr'><strong>dum</strong></span> <span class='ocrx_word' id='word_1_262' title='bbox 1591 1819 1663 1874; x_wconf 89' lang='lat' dir='ltr'><strong>de</strong></span> <span class='ocrx_word' id='word_1_263' title='bbox 1691 1818 1950 1874; x_wconf 84' lang='lat' dir='ltr'><strong>Ecclesia</strong></span> <span class='ocrx_word' id='word_1_264' title='bbox 1977 1817 2025 1832; x_wconf 76' lang='lat'><strong><em>&quot;</em></strong></span> <span class='ocrx_word' id='word_1_265' title='bbox 2059 1822 2199 1888; x_wconf 86' lang='lat' dir='ltr'><strong>Quis</strong></span> <span class='ocrx_word' id='word_1_266' title='bbox 2229 1826 2426 1878; x_wconf 87' lang='lat' dir='ltr'><strong>autem</strong></span> <span class='ocrx_word' id='word_1_267' title='bbox 2459 1823 2656 1879; x_wconf 88' lang='lat' dir='ltr'><strong>credat</strong></span> <span class='ocrx_word' id='word_1_268' title='bbox 2685 1823 2768 1877; x_wconf 90' lang='lat' dir='ltr'><strong>ita</strong></span> <span class='ocrx_word' id='word_1_269' title='bbox 2796 1821 2904 1878; x_wconf 88' lang='lat' dir='ltr'><strong>hoc</strong></span> <span class='ocrx_word' id='word_1_270' title='bbox 2936 1821 3251 1877; x_wconf 89' lang='lat' dir='ltr'><strong>Dominum</strong></span> <span class='ocrx_word' id='word_1_271' title='bbox 3282 1821 3406 1878; x_wconf 84' lang='lat' dir='ltr'><strong>fieri</strong></span> <span class='ocrx_word' id='word_1_272' title='bbox 3423 1821 3700 1892; x_wconf 86' lang='lat' dir='ltr'><strong>voluisse,</strong></span> 
     </span>
    </p>
   </div>
   <div class='ocr_carea' id='block_1_34' title="bbox 281 1907 1944 1981">
    <p class='ocr_par' dir='ltr' id='par_1_34' title="bbox 281 1907 1944 1981">
     <span class='ocr_line' id='line_1_34' title="bbox 281 1907 1944 1981; baseline 0 -17"><span class='ocrx_word' id='word_1_273' title='bbox 281 1909 643 1965; x_wconf 81' lang='lat' dir='ltr'><strong>Ambrosius</strong></span> <span class='ocrx_word' id='word_1_274' title='bbox 661 1908 973 1981; x_wconf 88' lang='lat' dir='ltr'><strong>juberetur</strong></span> <span class='ocrx_word' id='word_1_275' title='bbox 1001 1907 1154 1964; x_wconf 86' lang='lat' dir='ltr'><strong>exire</strong></span> <span class='ocrx_word' id='word_1_276' title='bbox 1183 1907 1301 1963; x_wconf 88' lang='lat' dir='ltr'><strong>ait:</strong></span> <span class='ocrx_word' id='word_1_277' title='bbox 1325 1908 1443 1980; x_wconf 89' lang='lat' dir='ltr'><strong>Ego</strong></span> <span class='ocrx_word' id='word_1_278' title='bbox 1468 1911 1676 1980; x_wconf 88' lang='lat' dir='ltr'><strong>sponte</strong></span> <span class='ocrx_word' id='word_1_279' title='bbox 1698 1907 1804 1962; x_wconf 91' lang='lat' dir='ltr'><strong>hoc</strong></span> <span class='ocrx_word' id='word_1_280' title='bbox 1829 1926 1944 1964; x_wconf 89' lang='lat' dir='ltr'><strong>non</strong></span> 
     </span>
    </p>
   </div>
   <div class='ocr_carea' id='block_1_35' title="bbox 284 1995 1943 2071">
    <p class='ocr_par' dir='ltr' id='par_1_35' title="bbox 284 1995 1943 2071">
     <span class='ocr_line' id='line_1_35' title="bbox 284 1995 1943 2071; baseline -0.001 -17"><span class='ocrx_word' id='word_1_281' title='bbox 284 2015 422 2071; x_wconf 85' lang='lat' dir='ltr'><strong>ago,</strong></span> <span class='ocrx_word' id='word_1_282' title='bbox 457 2011 528 2054; x_wconf 84' lang='lat' dir='ltr'><strong>ne</strong></span> <span class='ocrx_word' id='word_1_283' title='bbox 559 1996 716 2070; x_wconf 90' lang='lat' dir='ltr'><strong>lupis</strong></span> <span class='ocrx_word' id='word_1_284' title='bbox 744 1995 940 2052; x_wconf 88' lang='lat' dir='ltr'><strong>ovium</strong></span> <span class='ocrx_word' id='word_1_285' title='bbox 971 2001 1138 2070; x_wconf 89' lang='lat' dir='ltr'><strong>septa</strong></span> <span class='ocrx_word' id='word_1_286' title='bbox 1167 1997 1526 2064; x_wconf 80' lang='lat' dir='ltr'><strong>contrudere,</strong></span> <span class='ocrx_word' id='word_1_287' title='bbox 1552 1996 1943 2070; x_wconf 81' lang='lat' dir='ltr'><strong>autblasphe-</strong></span> 
     </span>
    </p>
   </div>
   <div class='ocr_carea' id='block_1_36' title="bbox 285 2084 1942 2158">
    <p class='ocr_par' dir='ltr' id='par_1_36' title="bbox 285 2084 1942 2158">
     <span class='ocr_line' id='line_1_36' title="bbox 285 2084 1942 2158; baseline 0 -16"><span class='ocrx_word' id='word_1_288' title='bbox 285 2087 592 2144; x_wconf 90' lang='lat' dir='ltr'><strong>mantibus</strong></span> <span class='ocrx_word' id='word_1_289' title='bbox 639 2086 825 2142; x_wconf 89' lang='lat' dir='ltr'><strong>Deum</strong></span> <span class='ocrx_word' id='word_1_290' title='bbox 873 2085 1088 2142; x_wconf 88' lang='lat' dir='ltr'><strong>videar.</strong></span> <span class='ocrx_word' id='word_1_291' title='bbox 1124 2085 1227 2140; x_wconf 88' lang='lat' dir='ltr'><strong>Hic</strong></span> <span class='ocrx_word' id='word_1_292' title='bbox 1258 2085 1306 2141; x_wconf 89' lang='lat' dir='ltr'><strong>si</strong></span> <span class='ocrx_word' id='word_1_293' title='bbox 1339 2084 1531 2158; x_wconf 85' lang='lat' dir='ltr'><strong>placet</strong></span> <span class='ocrx_word' id='word_1_294' title='bbox 1575 2085 1791 2142; x_wconf 91' lang='lat' dir='ltr'><strong>occide.</strong></span> <span class='ocrx_word' id='word_1_295' title='bbox 1827 2087 1942 2142; x_wconf 83' lang='lat' dir='ltr'><strong>Hoc</strong></span> 
     </span>
    </p>
   </div>
   <div class='ocr_carea' id='block_1_37' title="bbox 282 2173 1549 2248">
    <p class='ocr_par' dir='ltr' id='par_1_37' title="bbox 282 2173 1549 2248">
     <span class='ocr_line' id='line_1_37' title="bbox 282 2173 1549 2248; baseline -0.002 -15"><span class='ocrx_word' id='word_1_296' title='bbox 282 2178 419 2233; x_wconf 87' lang='lat' dir='ltr'><strong>loco</strong></span> <span class='ocrx_word' id='word_1_297' title='bbox 455 2179 702 2232; x_wconf 88' lang='lat' dir='ltr'><strong>mortem</strong></span> <span class='ocrx_word' id='word_1_298' title='bbox 734 2193 918 2248; x_wconf 89' lang='lat' dir='ltr'><strong>prona</strong></span> <span class='ocrx_word' id='word_1_299' title='bbox 945 2175 1202 2246; x_wconf 88' lang='lat' dir='ltr'><strong>suscipio</strong></span> <span class='ocrx_word' id='word_1_300' title='bbox 1234 2173 1549 2230; x_wconf 88' lang='lat' dir='ltr'><strong>voluntate.</strong></span> 
     </span>
    </p>
   </div>
   <div class='ocr_carea' id='block_1_38' title="bbox 359 2263 1940 2337">
    <p class='ocr_par' dir='ltr' id='par_1_38' title="bbox 359 2263 1940 2337">
     <span class='ocr_line' id='line_1_38' title="bbox 359 2263 1940 2337; baseline -0.002 -16"><span class='ocrx_word' id='word_1_301' title='bbox 359 2269 495 2322; x_wconf 69' lang='lat' dir='ltr'><strong>CAP.</strong></span> <span class='ocrx_word' id='word_1_302' title='bbox 525 2264 639 2321; x_wconf 85' lang='lat' dir='ltr'><strong>XV.</strong></span> <span class='ocrx_word' id='word_1_303' title='bbox 674 2265 858 2337; x_wconf 84' lang='lat' dir='ltr'><strong>Igitur</strong></span> <span class='ocrx_word' id='word_1_304' title='bbox 887 2265 1057 2321; x_wconf 87' lang='lat' dir='ltr'><strong>nobis</strong></span> <span class='ocrx_word' id='word_1_305' title='bbox 1088 2281 1203 2320; x_wconf 88' lang='lat' dir='ltr'><strong>non</strong></span> <span class='ocrx_word' id='word_1_306' title='bbox 1225 2263 1417 2320; x_wconf 90' lang='lat' dir='ltr'><strong>solum</strong></span> <span class='ocrx_word' id='word_1_307' title='bbox 1440 2264 1940 2335; x_wconf 79' lang='lat' dir='ltr'><strong>sequendum,sed</strong></span> 
     </span>
    </p>
   </div>
   <div class='ocr_carea' id='block_1_39' title="bbox 280 2353 1940 2427">
    <p class='ocr_par' dir='ltr' id='par_1_39' title="bbox 280 2353 1940 2427">
     <span class='ocr_line' id='line_1_39' title="bbox 280 2353 1940 2427; baseline -0.002 -15"><span class='ocrx_word' id='word_1_308' title='bbox 280 2361 346 2412; x_wconf 88' lang='lat' dir='ltr'><strong>et</strong></span> <span class='ocrx_word' id='word_1_309' title='bbox 383 2354 855 2427; x_wconf 84' lang='lat' dir='ltr'><strong>amplectendum</strong></span> <span class='ocrx_word' id='word_1_310' title='bbox 885 2359 977 2410; x_wconf 90' lang='lat' dir='ltr'><strong>est</strong></span> <span class='ocrx_word' id='word_1_311' title='bbox 998 2371 1101 2427; x_wconf 91' lang='lat' dir='ltr'><strong>pro</strong></span> <span class='ocrx_word' id='word_1_312' title='bbox 1126 2355 1239 2410; x_wconf 80' lang='lat' dir='ltr'><strong>fide</strong></span> <span class='ocrx_word' id='word_1_313' title='bbox 1261 2371 1324 2409; x_wconf 91' lang='lat' dir='ltr'><strong>ac</strong></span> <span class='ocrx_word' id='word_1_314' title='bbox 1347 2353 1662 2424; x_wconf 88' lang='lat' dir='ltr'><strong>veritate,si</strong></span> <span class='ocrx_word' id='word_1_315' title='bbox 1685 2353 1940 2427; x_wconf 85' lang='lat' dir='ltr'><strong>contige-</strong></span> 
     </span>
    </p>
   </div>
   <div class='ocr_carea' id='block_1_40' title="bbox 280 2442 1940 2517">
    <p class='ocr_par' dir='ltr' id='par_1_40' title="bbox 280 2442 1940 2517">
     <span class='ocr_line' id='line_1_40' title="bbox 280 2442 1940 2517; baseline -0.001 -17"><span class='ocrx_word' id='word_1_316' title='bbox 280 2446 384 2513; x_wconf 89' lang='lat' dir='ltr'><strong>rit,</strong></span> <span class='ocrx_word' id='word_1_317' title='bbox 418 2445 574 2517; x_wconf 90' lang='lat' dir='ltr'><strong>quod</strong></span> <span class='ocrx_word' id='word_1_318' title='bbox 605 2445 677 2500; x_wconf 89' lang='lat' dir='ltr'><strong>de</strong></span> <span class='ocrx_word' id='word_1_319' title='bbox 707 2461 768 2500; x_wconf 90' lang='lat' dir='ltr'><strong>se</strong></span> <span class='ocrx_word' id='word_1_320' title='bbox 795 2444 1002 2500; x_wconf 89' lang='lat' dir='ltr'><strong>beatus</strong></span> <span class='ocrx_word' id='word_1_321' title='bbox 1033 2443 1176 2500; x_wconf 90' lang='lat' dir='ltr'><strong>dicit</strong></span> <span class='ocrx_word' id='word_1_322' title='bbox 1205 2444 1553 2498; x_wconf 89' lang='lat' dir='ltr'><strong>Ambrosius</strong></span> <span class='ocrx_word' id='word_1_323' title='bbox 1598 2442 1840 2514; x_wconf 87' lang='lat' dir='ltr'><strong>loquens</strong></span> <span class='ocrx_word' id='word_1_324' title='bbox 1869 2445 1940 2498; x_wconf 92' lang='lat' dir='ltr'><strong>ad</strong></span> 
     </span>
    </p>
   </div>
   <div class='ocr_carea' id='block_1_41' title="bbox 281 2533 1941 2604">
    <p class='ocr_par' dir='ltr' id='par_1_41' title="bbox 281 2533 1941 2604">
     <span class='ocr_line' id='line_1_41' title="bbox 281 2533 1941 2604; baseline -0.002 -14"><span class='ocrx_word' id='word_1_325' title='bbox 281 2533 606 2590; x_wconf 83' lang='lat' dir='ltr'><strong>Ecclesium</strong></span> <span class='ocrx_word' id='word_1_326' title='bbox 638 2551 806 2590; x_wconf 89' lang='lat' dir='ltr'><strong>suam</strong></span> <span class='ocrx_word' id='word_1_327' title='bbox 838 2535 999 2604; x_wconf 76' lang='lat' dir='ltr'><strong>(erat.</strong></span> <span class='ocrx_word' id='word_1_328' title='bbox 1031 2533 1094 2588; x_wconf 81' lang='lat' dir='ltr'><strong>in</strong></span> <span class='ocrx_word' id='word_1_329' title='bbox 1123 2533 1382 2601; x_wconf 73' lang='lat' dir='ltr'><strong>Auxent.)</strong></span> <span class='ocrx_word' id='word_1_330' title='bbox 1416 2551 1429 2588; x_wconf 89' lang='lat'><strong>:</strong></span> <span class='ocrx_word' id='word_1_331' title='bbox 1465 2556 1492 2582; x_wconf 75' lang='grc' dir='ltr'><strong>«ι</strong></span> <span class='ocrx_word' id='word_1_332' title='bbox 1525 2533 1736 2588; x_wconf 86' lang='lat' dir='ltr'><strong>Volens</strong></span> <span class='ocrx_word' id='word_1_333' title='bbox 1787 2550 1941 2586; x_wconf 90' lang='lat' dir='ltr'><strong>nun-</strong></span> 
     </span>
    </p>
   </div>
   <div class='ocr_carea' id='block_1_42' title="bbox 281 2622 1936 2698">
    <p class='ocr_par' dir='ltr' id='par_1_42' title="bbox 281 2622 1936 2698">
     <span class='ocr_line' id='line_1_42' title="bbox 281 2622 1936 2698; baseline -0.003 -18"><span class='ocrx_word' id='word_1_334' title='bbox 281 2641 470 2698; x_wconf 85' lang='lat' dir='ltr'><strong>quam</strong></span> <span class='ocrx_word' id='word_1_335' title='bbox 497 2641 597 2680; x_wconf 90' lang='lat' dir='ltr'><strong>vos</strong></span> <span class='ocrx_word' id='word_1_336' title='bbox 639 2624 926 2690; x_wconf 86' lang='lat' dir='ltr'><strong>deseram,</strong></span> <span class='ocrx_word' id='word_1_337' title='bbox 959 2625 1197 2680; x_wconf 86' lang='lat' dir='ltr'><strong>coactus</strong></span> <span class='ocrx_word' id='word_1_338' title='bbox 1246 2639 1574 2694; x_wconf 88' lang='lat' dir='ltr'><strong>repugnare</strong></span> <span class='ocrx_word' id='word_1_339' title='bbox 1622 2639 1736 2676; x_wconf 90' lang='lat' dir='ltr'><strong>non</strong></span> <span class='ocrx_word' id='word_1_340' title='bbox 1787 2622 1936 2676; x_wconf 89' lang='lat' dir='ltr'><strong>novi.</strong></span> 
     </span>
    </p>
   </div>
   <div class='ocr_carea' id='block_1_43' title="bbox 281 2709 1944 2784">
    <p class='ocr_par' dir='ltr' id='par_1_43' title="bbox 281 2709 1944 2784">
     <span class='ocr_line' id='line_1_43' title="bbox 281 2709 1944 2784; baseline -0.002 -16"><span class='ocrx_word' id='word_1_341' title='bbox 281 2712 494 2768; x_wconf 90' lang='lat' dir='ltr'><strong>Dolere</strong></span> <span class='ocrx_word' id='word_1_342' title='bbox 531 2716 752 2784; x_wconf 88' lang='lat' dir='ltr'><strong>potero,</strong></span> <span class='ocrx_word' id='word_1_343' title='bbox 784 2717 984 2784; x_wconf 89' lang='lat' dir='ltr'><strong>potero</strong></span> <span class='ocrx_word' id='word_1_344' title='bbox 1033 2713 1194 2780; x_wconf 86' lang='lat' dir='ltr'><strong>ﬂere,</strong></span> <span class='ocrx_word' id='word_1_345' title='bbox 1228 2716 1427 2784; x_wconf 88' lang='lat' dir='ltr'><strong>potero</strong></span> <span class='ocrx_word' id='word_1_346' title='bbox 1477 2727 1738 2783; x_wconf 87' lang='lat' dir='ltr'><strong>gemere;</strong></span> <span class='ocrx_word' id='word_1_347' title='bbox 1774 2709 1944 2766; x_wconf 88' lang='lat' dir='ltr'><strong>aliter</strong></span> 
     </span>
    </p>
   </div>
   <div class='ocr_carea' id='block_1_44' title="bbox 281 2799 1942 2873">
    <p class='ocr_par' dir='ltr' id='par_1_44' title="bbox 281 2799 1942 2873">
     <span class='ocr_line' id='line_1_44' title="bbox 281 2799 1942 2873; baseline -0.002 -17"><span class='ocrx_word' id='word_1_348' title='bbox 281 2819 396 2858; x_wconf 88' lang='lat' dir='ltr'><strong>nec</strong></span> <span class='ocrx_word' id='word_1_349' title='bbox 424 2801 624 2870; x_wconf 88' lang='lat' dir='ltr'><strong>debeo,</strong></span> <span class='ocrx_word' id='word_1_350' title='bbox 659 2818 765 2858; x_wconf 90' lang='lat' dir='ltr'><strong>nec</strong></span> <span class='ocrx_word' id='word_1_351' title='bbox 789 2817 1033 2873; x_wconf 88' lang='lat' dir='ltr'><strong>possum</strong></span> <span class='ocrx_word' id='word_1_352' title='bbox 1063 2800 1352 2856; x_wconf 86' lang='lat' dir='ltr'><strong>resistere.</strong></span> <span class='ocrx_word' id='word_1_353' title='bbox 1389 2799 1618 2871; x_wconf 85' lang='lat' dir='ltr'><strong>Fugere</strong></span> <span class='ocrx_word' id='word_1_354' title='bbox 1657 2803 1852 2854; x_wconf 89' lang='lat' dir='ltr'><strong>autem</strong></span> <span class='ocrx_word' id='word_1_355' title='bbox 1883 2803 1942 2854; x_wconf 90' lang='lat' dir='ltr'><strong>et</strong></span> 
     </span>
    </p>
   </div>
   <div class='ocr_carea' id='block_1_45' title="bbox 281 2887 1942 2963">
    <p class='ocr_par' dir='ltr' id='par_1_45' title="bbox 281 2887 1942 2963">
     <span class='ocr_line' id='line_1_45' title="bbox 281 2887 1942 2963; baseline -0.002 -17"><span class='ocrx_word' id='word_1_356' title='bbox 281 2890 616 2963; x_wconf 84' lang='lat' dir='ltr'><strong>relinquere</strong></span> <span class='ocrx_word' id='word_1_357' title='bbox 645 2889 964 2946; x_wconf 81' lang='lat' dir='ltr'><strong>Ecclesium</strong></span> <span class='ocrx_word' id='word_1_358' title='bbox 993 2906 1109 2945; x_wconf 90' lang='lat' dir='ltr'><strong>non</strong></span> <span class='ocrx_word' id='word_1_359' title='bbox 1142 2888 1321 2944; x_wconf 91' lang='lat' dir='ltr'><strong>soleo.</strong></span> <span class='ocrx_word' id='word_1_360' title='bbox 1349 2910 1378 2937; x_wconf 73' lang='grc' dir='ltr'>υ</span> <span class='ocrx_word' id='word_1_361' title='bbox 1401 2889 1495 2944; x_wconf 89' lang='lat' dir='ltr'><strong>Sic</strong></span> <span class='ocrx_word' id='word_1_362' title='bbox 1517 2887 1674 2943; x_wconf 91' lang='lat' dir='ltr'><strong>enim</strong></span> <span class='ocrx_word' id='word_1_363' title='bbox 1697 2891 1942 2961; x_wconf 87' lang='lat' dir='ltr'><strong>egerunt</strong></span> 
     </span>
    </p>
   </div>
   <div class='ocr_carea' id='block_1_46' title="bbox 281 2976 1940 3050">
    <p class='ocr_par' dir='ltr' id='par_1_46' title="bbox 281 2976 1940 3050">
     <span class='ocr_line' id='line_1_46' title="bbox 281 2976 1940 3050; baseline -0.002 -15"><span class='ocrx_word' id='word_1_364' title='bbox 281 2979 476 3035; x_wconf 83' lang='lat' dir='ltr'><strong>sancti</strong></span> <span class='ocrx_word' id='word_1_365' title='bbox 531 2979 984 3050; x_wconf 78' lang='lat' dir='ltr'><strong>przedecessores</strong></span> <span class='ocrx_word' id='word_1_366' title='bbox 1042 2977 1252 3046; x_wconf 85' lang='lat' dir='ltr'><strong>nostri,</strong></span> <span class='ocrx_word' id='word_1_367' title='bbox 1295 2981 1358 3032; x_wconf 89' lang='lat' dir='ltr'><strong>ut</strong></span> <span class='ocrx_word' id='word_1_368' title='bbox 1407 2977 1468 3032; x_wconf 90' lang='lat' dir='ltr'><strong>in</strong></span> <span class='ocrx_word' id='word_1_369' title='bbox 1527 2976 1940 3032; x_wconf 89' lang='lat' dir='ltr'><strong>ecclesiasticis</strong></span> 
     </span>
    </p>
   </div>
   <div class='ocr_carea' id='block_1_47' title="bbox 280 3065 1939 3142">
    <p class='ocr_par' dir='ltr' id='par_1_47' title="bbox 280 3065 1939 3142">
     <span class='ocr_line' id='line_1_47' title="bbox 280 3065 1939 3142; baseline -0.002 -18"><span class='ocrx_word' id='word_1_370' title='bbox 280 3067 551 3124; x_wconf 81' lang='lat' dir='ltr'><strong>historiis</strong></span> <span class='ocrx_word' id='word_1_371' title='bbox 575 3067 852 3142; x_wconf 83' lang='lat' dir='ltr'><strong>legimus,</strong></span> <span class='ocrx_word' id='word_1_372' title='bbox 888 3069 1094 3123; x_wconf 91' lang='lat' dir='ltr'><strong>beatus</strong></span> <span class='ocrx_word' id='word_1_373' title='bbox 1127 3067 1380 3122; x_wconf 90' lang='lat' dir='ltr'><strong>llilarius</strong></span> <span class='ocrx_word' id='word_1_374' title='bbox 1412 3065 1939 3134; x_wconf 85' lang='lat' dir='ltr'><strong>Pictavensis,Pau-</strong></span> 
     </span>
    </p>
   </div>
   <div class='ocr_carea' id='block_1_48' title="bbox 2059 1910 3699 1984">
    <p class='ocr_par' dir='ltr' id='par_1_48' title="bbox 2059 1910 3699 1984">
     <span class='ocr_line' id='line_1_48' title="bbox 2059 1910 3699 1984; baseline -0.002 -15"><span class='ocrx_word' id='word_1_375' title='bbox 2059 1916 2121 1969; x_wconf 89' lang='lat' dir='ltr'><strong>ut</strong></span> <span class='ocrx_word' id='word_1_376' title='bbox 2150 1911 2479 1968; x_wconf 90' lang='lat' dir='ltr'><strong>necessario</strong></span> <span class='ocrx_word' id='word_1_377' title='bbox 2509 1910 2857 1978; x_wconf 89' lang='lat' dir='ltr'><strong>ministerio,</strong></span> <span class='ocrx_word' id='word_1_378' title='bbox 2881 1911 3010 1967; x_wconf 87' lang='lat' dir='ltr'><strong>sine</strong></span> <span class='ocrx_word' id='word_1_379' title='bbox 3029 1929 3143 1984; x_wconf 90' lang='lat' dir='ltr'><strong>quo</strong></span> <span class='ocrx_word' id='word_1_380' title='bbox 3163 1911 3352 1968; x_wconf 88' lang='lat' dir='ltr'><strong>vivere</strong></span> <span class='ocrx_word' id='word_1_381' title='bbox 3380 1913 3699 1983; x_wconf 84' lang='lat' dir='ltr'><strong>nequeunt,</strong></span> 
     </span>
    </p>
   </div>
   <div class='ocr_carea' id='block_1_49' title="bbox 2055 1999 3702 2074">
    <p class='ocr_par' dir='ltr' id='par_1_49' title="bbox 2055 1999 3702 2074">
     <span class='ocr_line' id='line_1_49' title="bbox 2055 1999 3702 2074; baseline 0.001 -19"><span class='ocrx_word' id='word_1_382' title='bbox 2055 2001 2402 2056; x_wconf 80' lang='lat' dir='ltr'><strong>deserantur</strong></span> <span class='ocrx_word' id='word_1_383' title='bbox 2431 2017 2636 2073; x_wconf 86' lang='lat' dir='ltr'><strong>greges</strong></span> <span class='ocrx_word' id='word_1_384' title='bbox 2667 2017 2814 2072; x_wconf 89' lang='lat' dir='ltr'><strong>quos</strong></span> <span class='ocrx_word' id='word_1_385' title='bbox 2846 2017 2953 2056; x_wconf 91' lang='lat' dir='ltr'><strong>suo</strong></span> <span class='ocrx_word' id='word_1_386' title='bbox 2985 1999 3271 2074; x_wconf 81' lang='lat' dir='ltr'><strong>sanguine</strong></span> <span class='ocrx_word' id='word_1_387' title='bbox 3299 1999 3702 2073; x_wconf 80' lang='lat' dir='ltr'><strong>comparavit?</strong></span> 
     </span>
    </p>
   </div>
   <div class='ocr_carea' id='block_1_50' title="bbox 2053 2087 3702 2162">
    <p class='ocr_par' dir='ltr' id='par_1_50' title="bbox 2053 2087 3702 2162">
     <span class='ocr_line' id='line_1_50' title="bbox 2053 2087 3702 2162; baseline -0.001 -18"><span class='ocrx_word' id='word_1_388' title='bbox 2053 2090 2330 2162; x_wconf 90' lang='lat' dir='ltr'><strong>Nunquid</strong></span> <span class='ocrx_word' id='word_1_389' title='bbox 2364 2090 2473 2146; x_wconf 91' lang='lat' dir='ltr'><strong>hoc</strong></span> <span class='ocrx_word' id='word_1_390' title='bbox 2495 2089 2630 2145; x_wconf 85' lang='lat' dir='ltr'><strong>fecit</strong></span> <span class='ocrx_word' id='word_1_391' title='bbox 2649 2089 3038 2162; x_wconf 86' lang='lat' dir='ltr'><strong>ipse,quando</strong></span> <span class='ocrx_word' id='word_1_392' title='bbox 3060 2087 3432 2160; x_wconf 85' lang='lat' dir='ltr'><strong>portantibus</strong></span> <span class='ocrx_word' id='word_1_393' title='bbox 3452 2087 3702 2160; x_wconf 86' lang='lat' dir='ltr'><strong>parenti-</strong></span> 
     </span>
    </p>
   </div>
   <div class='ocr_carea' id='block_1_51' title="bbox 2053 2165 3705 2251">
    <p class='ocr_par' dir='ltr' id='par_1_51' title="bbox 2053 2165 3705 2251">
     <span class='ocr_line' id='line_1_51' title="bbox 2053 2165 3705 2251; baseline -0.001 -19"><span class='ocrx_word' id='word_1_394' title='bbox 2053 2177 2165 2233; x_wconf 87' lang='lat' dir='ltr'><strong>bus</strong></span> <span class='ocrx_word' id='word_1_395' title='bbox 2195 2177 2255 2232; x_wconf 90' lang='lat' dir='ltr'><strong>in</strong></span> <span class='ocrx_word' id='word_1_396' title='bbox 2285 2182 2592 2251; x_wconf 70' lang='lat' dir='ltr'><strong>Egyptum</strong></span> <span class='ocrx_word' id='word_1_397' title='bbox 2624 2177 2901 2251; x_wconf 89' lang='lat' dir='ltr'><strong>parvulus</strong></span> <span class='ocrx_word' id='word_1_398' title='bbox 2930 2177 3079 2248; x_wconf 86' lang='lat' dir='ltr'><strong>fugit</strong></span> <span class='ocrx_word' id='word_1_399' title='bbox 3105 2165 3308 2246; x_wconf 73' lang='lat' dir='ltr'><strong>(Matth.</strong></span> <span class='ocrx_word' id='word_1_400' title='bbox 3341 2177 3534 2249; x_wconf 81' lang='lat' dir='ltr'><strong>11),qui</strong></span> <span class='ocrx_word' id='word_1_401' title='bbox 3565 2193 3705 2231; x_wconf 89' lang='lat' dir='ltr'><strong>non-</strong></span> 
     </span>
    </p>
   </div>
   <div class='ocr_carea' id='block_1_52' title="bbox 2053 2265 3704 2339">
    <p class='ocr_par' dir='ltr' id='par_1_52' title="bbox 2053 2265 3704 2339">
     <span class='ocr_line' id='line_1_52' title="bbox 2053 2265 3704 2339; baseline 0.001 -19"><span class='ocrx_word' id='word_1_402' title='bbox 2053 2267 2194 2322; x_wconf 91' lang='lat' dir='ltr'><strong>dum</strong></span> <span class='ocrx_word' id='word_1_403' title='bbox 2221 2267 2510 2323; x_wconf 88' lang='lat' dir='ltr'><strong>Eeclesias</strong></span> <span class='ocrx_word' id='word_1_404' title='bbox 2537 2271 3006 2339; x_wconf 86' lang='lat' dir='ltr'><strong>congregaverat,</strong></span> <span class='ocrx_word' id='word_1_405' title='bbox 3040 2283 3186 2338; x_wconf 90' lang='lat' dir='ltr'><strong>quas</strong></span> <span class='ocrx_word' id='word_1_406' title='bbox 3215 2266 3287 2321; x_wconf 90' lang='lat' dir='ltr'><strong>ab</strong></span> <span class='ocrx_word' id='word_1_407' title='bbox 3329 2281 3396 2320; x_wconf 88' lang='lat' dir='ltr'><strong>eo</strong></span> <span class='ocrx_word' id='word_1_408' title='bbox 3443 2265 3704 2322; x_wconf 77' lang='lat' dir='ltr'><strong>desertas</strong></span> 
     </span>
    </p>
   </div>
   <div class='ocr_carea' id='block_1_53' title="bbox 2053 2353 3703 2427">
    <p class='ocr_par' dir='ltr' id='par_1_53' title="bbox 2053 2353 3703 2427">
     <span class='ocr_line' id='line_1_53' title="bbox 2053 2353 3703 2427; baseline 0 -17"><span class='ocrx_word' id='word_1_409' title='bbox 2053 2355 2236 2411; x_wconf 89' lang='lat' dir='ltr'><strong>fuisse</strong></span> <span class='ocrx_word' id='word_1_410' title='bbox 2261 2355 2576 2412; x_wconf 80' lang='lat' dir='ltr'><strong>dicamus?</strong></span> <span class='ocrx_word' id='word_1_411' title='bbox 2597 2356 2874 2426; x_wconf 83' lang='lat' dir='ltr'><strong>Nunquid</strong></span> <span class='ocrx_word' id='word_1_412' title='bbox 2893 2355 3128 2427; x_wconf 86' lang='lat' dir='ltr'><strong>quando</strong></span> <span class='ocrx_word' id='word_1_413' title='bbox 3149 2353 3448 2426; x_wconf 80' lang='lat' dir='ltr'><strong>apostolus</strong></span> <span class='ocrx_word' id='word_1_414' title='bbox 3465 2354 3703 2419; x_wconf 83' lang='lat' dir='ltr'><strong>Paulus,</strong></span> 
     </span>
    </p>
   </div>
   <div class='ocr_carea' id='block_1_54' title="bbox 2053 2443 3706 2518">
    <p class='ocr_par' dir='ltr' id='par_1_54' title="bbox 2053 2443 3706 2518">
     <span class='ocr_line' id='line_1_54' title="bbox 2053 2443 3706 2518; baseline 0.001 -20"><span class='ocrx_word' id='word_1_415' title='bbox 2053 2462 2125 2498; x_wconf 93' lang='lat' dir='ltr'><strong>ne</strong></span> <span class='ocrx_word' id='word_1_416' title='bbox 2154 2443 2326 2500; x_wconf 92' lang='lat' dir='ltr'><strong>illum</strong></span> <span class='ocrx_word' id='word_1_417' title='bbox 2361 2445 2882 2518; x_wconf 85' lang='lat' dir='ltr'><strong>comprehenderet</strong></span> <span class='ocrx_word' id='word_1_418' title='bbox 2911 2443 3206 2513; x_wconf 91' lang='lat' dir='ltr'><strong>inimicus,</strong></span> <span class='ocrx_word' id='word_1_419' title='bbox 3240 2461 3343 2517; x_wconf 89' lang='lat' dir='ltr'><strong>per</strong></span> <span class='ocrx_word' id='word_1_420' title='bbox 3388 2444 3706 2500; x_wconf 76' lang='lat' dir='ltr'><strong>fenestram</strong></span> 
     </span>
    </p>
   </div>
   <div class='ocr_carea' id='block_1_55' title="bbox 2049 2533 3704 2607">
    <p class='ocr_par' dir='ltr' id='par_1_55' title="bbox 2049 2533 3704 2607">
     <span class='ocr_line' id='line_1_55' title="bbox 2049 2533 3704 2607; baseline 0.001 -19"><span class='ocrx_word' id='word_1_421' title='bbox 2049 2533 2108 2588; x_wconf 91' lang='lat' dir='ltr'><strong>in</strong></span> <span class='ocrx_word' id='word_1_422' title='bbox 2140 2540 2341 2606; x_wconf 89' lang='lat' dir='ltr'><strong>sporta</strong></span> <span class='ocrx_word' id='word_1_423' title='bbox 2370 2535 2708 2590; x_wconf 88' lang='lat' dir='ltr'><strong>submissus</strong></span> <span class='ocrx_word' id='word_1_424' title='bbox 2739 2539 2829 2589; x_wconf 91' lang='lat' dir='ltr'><strong>est</strong></span> <span class='ocrx_word' id='word_1_425' title='bbox 2855 2534 2989 2607; x_wconf 83' lang='lat' dir='ltr'><strong>(Act.</strong></span> <span class='ocrx_word' id='word_1_426' title='bbox 3020 2537 3120 2603; x_wconf 69' lang='grc' dir='ltr'><strong>ιχ),</strong></span> <span class='ocrx_word' id='word_1_427' title='bbox 3152 2539 3210 2589; x_wconf 88' lang='lat' dir='ltr'><strong>et</strong></span> <span class='ocrx_word' id='word_1_428' title='bbox 3237 2533 3444 2607; x_wconf 81' lang='lat' dir='ltr'><strong>ell&#39;ugit</strong></span> <span class='ocrx_word' id='word_1_429' title='bbox 3489 2551 3704 2590; x_wconf 88' lang='lat' dir='ltr'><strong>manus</strong></span> 
     </span>
    </p>
   </div>
   <div class='ocr_carea' id='block_1_56' title="bbox 2050 2622 3704 2694">
    <p class='ocr_par' dir='ltr' id='par_1_56' title="bbox 2050 2622 3704 2694">
     <span class='ocr_line' id='line_1_56' title="bbox 2050 2622 3704 2694; baseline 0.001 -16"><span class='ocrx_word' id='word_1_430' title='bbox 2050 2624 2200 2694; x_wconf 84' lang='lat' dir='ltr'><strong>ejus,</strong></span> <span class='ocrx_word' id='word_1_431' title='bbox 2233 2623 2462 2679; x_wconf 89' lang='lat' dir='ltr'><strong>deserta</strong></span> <span class='ocrx_word' id='word_1_432' title='bbox 2493 2627 2738 2694; x_wconf 77' lang='lat' dir='ltr'><strong>estquae</strong></span> <span class='ocrx_word' id='word_1_433' title='bbox 2769 2623 2849 2677; x_wconf 89' lang='lat' dir='ltr'><strong>ibi</strong></span> <span class='ocrx_word' id='word_1_434' title='bbox 2901 2627 3026 2678; x_wconf 90' lang='lat' dir='ltr'><strong>erat</strong></span> <span class='ocrx_word' id='word_1_435' title='bbox 3071 2623 3330 2679; x_wconf 86' lang='lat' dir='ltr'><strong>Ecclesia</strong></span> <span class='ocrx_word' id='word_1_436' title='bbox 3376 2622 3704 2680; x_wconf 87' lang='lat' dir='ltr'><strong>necessario</strong></span> 
     </span>
    </p>
   </div>
   <div class='ocr_carea' id='block_1_57' title="bbox 2052 2711 3702 2780">
    <p class='ocr_par' dir='ltr' id='par_1_57' title="bbox 2052 2711 3702 2780">
     <span class='ocr_line' id='line_1_57' title="bbox 2052 2711 3702 2780; baseline 0 -14"><span class='ocrx_word' id='word_1_437' title='bbox 2052 2713 2400 2780; x_wconf 89' lang='lat' dir='ltr'><strong>ministerio,</strong></span> <span class='ocrx_word' id='word_1_438' title='bbox 2434 2717 2492 2767; x_wconf 88' lang='lat' dir='ltr'><strong>et</strong></span> <span class='ocrx_word' id='word_1_439' title='bbox 2523 2729 2638 2768; x_wconf 91' lang='lat' dir='ltr'><strong>non</strong></span> <span class='ocrx_word' id='word_1_440' title='bbox 2668 2712 2740 2766; x_wconf 88' lang='lat' dir='ltr'><strong>ab</strong></span> <span class='ocrx_word' id='word_1_441' title='bbox 2773 2711 2902 2766; x_wconf 88' lang='lat' dir='ltr'><strong>aliis</strong></span> <span class='ocrx_word' id='word_1_442' title='bbox 2935 2711 3217 2767; x_wconf 82' lang='lat' dir='ltr'><strong>fratribus</strong></span> <span class='ocrx_word' id='word_1_443' title='bbox 3247 2711 3465 2768; x_wconf 89' lang='lat' dir='ltr'><strong>ibidem</strong></span> <span class='ocrx_word' id='word_1_444' title='bbox 3486 2712 3702 2768; x_wconf 84' lang='lat' dir='ltr'><strong>consti-</strong></span> 
     </span>
    </p>
   </div>
   <div class='ocr_carea' id='block_1_58' title="bbox 2047 2799 3700 2873">
    <p class='ocr_par' dir='ltr' id='par_1_58' title="bbox 2047 2799 3700 2873">
     <span class='ocr_line' id='line_1_58' title="bbox 2047 2799 3700 2873; baseline 0 -17"><span class='ocrx_word' id='word_1_445' title='bbox 2047 2802 2193 2856; x_wconf 87' lang='lat' dir='ltr'><strong>tutis</strong></span> <span class='ocrx_word' id='word_1_446' title='bbox 2225 2803 2378 2872; x_wconf 90' lang='lat' dir='ltr'><strong>quod</strong></span> <span class='ocrx_word' id='word_1_447' title='bbox 2411 2800 2715 2872; x_wconf 86' lang='lat' dir='ltr'><strong>oportebat</strong></span> <span class='ocrx_word' id='word_1_448' title='bbox 2745 2799 3059 2872; x_wconf 87' lang='lat' dir='ltr'><strong>impletum</strong></span> <span class='ocrx_word' id='word_1_449' title='bbox 3089 2803 3180 2855; x_wconf 88' lang='lat' dir='ltr'><strong>est</strong></span> <span class='ocrx_word' id='word_1_450' title='bbox 3208 2800 3282 2872; x_wconf 88' lang='lat' dir='ltr'><strong>(Il</strong></span> <span class='ocrx_word' id='word_1_451' title='bbox 3309 2800 3430 2855; x_wconf 82' lang='lat' dir='ltr'><strong>Cor.</strong></span> <span class='ocrx_word' id='word_1_452' title='bbox 3457 2801 3580 2873; x_wconf 80' lang='lat' dir='ltr'><strong>x1)?</strong></span> <span class='ocrx_word' id='word_1_453' title='bbox 3604 2800 3700 2856; x_wconf 82' lang='lat' dir='ltr'><strong>Eis</strong></span> 
     </span>
    </p>
   </div>
   <div class='ocr_carea' id='block_1_59' title="bbox 2049 2887 3698 2962">
    <p class='ocr_par' dir='ltr' id='par_1_59' title="bbox 2049 2887 3698 2962">
     <span class='ocr_line' id='line_1_59' title="bbox 2049 2887 3698 2962; baseline 0 -18"><span class='ocrx_word' id='word_1_454' title='bbox 2049 2890 2265 2962; x_wconf 88' lang='lat' dir='ltr'><strong>quippe</strong></span> <span class='ocrx_word' id='word_1_455' title='bbox 2297 2889 2625 2945; x_wconf 90' lang='lat' dir='ltr'><strong>volentibus</strong></span> <span class='ocrx_word' id='word_1_456' title='bbox 2647 2888 2755 2945; x_wconf 89' lang='lat' dir='ltr'><strong>hoc</strong></span> <span class='ocrx_word' id='word_1_457' title='bbox 2775 2887 3090 2960; x_wconf 86' lang='lat' dir='ltr'><strong>Apostolus</strong></span> <span class='ocrx_word' id='word_1_458' title='bbox 3111 2888 3420 2957; x_wconf 85' lang='lat' dir='ltr'><strong>lecerat,ut</strong></span> <span class='ocrx_word' id='word_1_459' title='bbox 3437 2887 3698 2960; x_wconf 80' lang='lat' dir='ltr'><strong>seipsum</strong></span> 
     </span>
    </p>
   </div>
   <div class='ocr_carea' id='block_1_60' title="bbox 2049 2974 3702 3050">
    <p class='ocr_par' dir='ltr' id='par_1_60' title="bbox 2049 2974 3702 3050">
     <span class='ocr_line' id='line_1_60' title="bbox 2049 2974 3702 3050; baseline -0.002 -16"><span class='ocrx_word' id='word_1_460' title='bbox 2049 2981 2307 3034; x_wconf 85' lang='lat' dir='ltr'><strong>servaret</strong></span> <span class='ocrx_word' id='word_1_461' title='bbox 2361 2977 2654 3046; x_wconf 59' lang='lat' dir='ltr'><strong>Ecclesiae,</strong></span> <span class='ocrx_word' id='word_1_462' title='bbox 2698 2993 2873 3050; x_wconf 91' lang='lat' dir='ltr'><strong>quem</strong></span> <span class='ocrx_word' id='word_1_463' title='bbox 2928 2975 3159 3049; x_wconf 87' lang='lat' dir='ltr'><strong>proprie</strong></span> <span class='ocrx_word' id='word_1_464' title='bbox 3213 2979 3550 3048; x_wconf 87' lang='lat' dir='ltr'><strong>persecutor</strong></span> <span class='ocrx_word' id='word_1_465' title='bbox 3605 2974 3702 3032; x_wconf 83' lang='lat' dir='ltr'><strong>ille</strong></span> 
     </span>
    </p>
   </div>
   <div class='ocr_carea' id='block_1_61' title="bbox 2052 3064 3697 3140">
    <p class='ocr_par' dir='ltr' id='par_1_61' title="bbox 2052 3064 3697 3140">
     <span class='ocr_line' id='line_1_61' title="bbox 2052 3064 3697 3140; baseline -0.001 -17"><span class='ocrx_word' id='word_1_466' title='bbox 2052 3067 2366 3140; x_wconf 78' lang='lat' dir='ltr'><strong>quaerebat.</strong></span> <span class='ocrx_word' id='word_1_467' title='bbox 2385 3065 2632 3140; x_wconf 86' lang='lat' dir='ltr'><strong>Fugiant</strong></span> <span class='ocrx_word' id='word_1_468' title='bbox 2661 3066 2900 3122; x_wconf 90' lang='lat' dir='ltr'><strong>omnino</strong></span> <span class='ocrx_word' id='word_1_469' title='bbox 2933 3065 3002 3120; x_wconf 89' lang='lat' dir='ltr'><strong>de</strong></span> <span class='ocrx_word' id='word_1_470' title='bbox 3035 3064 3264 3122; x_wconf 85' lang='lat' dir='ltr'><strong>civitate</strong></span> <span class='ocrx_word' id='word_1_471' title='bbox 3292 3065 3352 3120; x_wconf 86' lang='lat' dir='ltr'><strong>in</strong></span> <span class='ocrx_word' id='word_1_472' title='bbox 3383 3065 3697 3134; x_wconf 88' lang='lat' dir='ltr'><strong>civitatem,</strong></span> 
     </span>
    </p>
   </div>
   <div class='ocr_carea' id='block_1_62' title="bbox 279 3139 3702 3230">
    <p class='ocr_par' dir='ltr' id='par_1_62' title="bbox 279 3139 3702 3230">
     <span class='ocr_line' id='line_1_62' title="bbox 279 3139 3702 3230; baseline -0.001 -18"><span class='ocrx_word' id='word_1_473' title='bbox 279 3157 447 3214; x_wconf 87' lang='lat' dir='ltr'><strong>linus</strong></span> <span class='ocrx_word' id='word_1_474' title='bbox 497 3139 1214 3229; x_wconf 59' lang='lat' dir='ltr'><strong>Treverensis&#39;,Dionysius</strong></span> <span class='ocrx_word' id='word_1_475' title='bbox 1256 3155 1727 3224; x_wconf 88' lang='lat' dir='ltr'><strong>Mediolanensis,</strong></span> <span class='ocrx_word' id='word_1_476' title='bbox 1763 3155 1938 3210; x_wconf 87' lang='lat' dir='ltr'><strong>Euse-</strong></span> <span class='ocrx_word' id='word_1_477' title='bbox 1972 3139 2014 3206; x_wconf 86' lang='lat' dir='ltr'><strong>C</strong></span> <span class='ocrx_word' id='word_1_478' title='bbox 2055 3139 2288 3230; x_wconf 77' lang='lat' dir='ltr'><strong>quando</strong></span> <span class='ocrx_word' id='word_1_479' title='bbox 2320 3171 2523 3212; x_wconf 90' lang='lat' dir='ltr'><strong>eorum</strong></span> <span class='ocrx_word' id='word_1_480' title='bbox 2554 3156 2870 3228; x_wconf 89' lang='lat' dir='ltr'><strong>quisquam</strong></span> <span class='ocrx_word' id='word_1_481' title='bbox 2901 3153 3233 3227; x_wconf 86' lang='lat' dir='ltr'><strong>specialiter</strong></span> <span class='ocrx_word' id='word_1_482' title='bbox 3259 3172 3294 3210; x_wconf 92' lang='lat' dir='ltr'><strong>a</strong></span> <span class='ocrx_word' id='word_1_483' title='bbox 3322 3155 3702 3227; x_wconf 88' lang='lat' dir='ltr'><strong>persecutori-</strong></span> 
     </span>
    </p>
   </div>
   <div class='ocr_carea' id='block_1_63' title="bbox 279 3243 1952 3316">
    <p class='ocr_par' dir='ltr' id='par_1_63' title="bbox 279 3243 1952 3316">
     <span class='ocr_line' id='line_1_63' title="bbox 279 3243 1952 3316; baseline -0.002 -15"><span class='ocrx_word' id='word_1_484' title='bbox 279 3247 424 3302; x_wconf 83' lang='lat' dir='ltr'><strong>bius</strong></span> <span class='ocrx_word' id='word_1_485' title='bbox 455 3245 859 3314; x_wconf 89' lang='lat' dir='ltr'><strong>Vereellcnsis,</strong></span> <span class='ocrx_word' id='word_1_486' title='bbox 895 3245 1158 3302; x_wconf 88' lang='lat' dir='ltr'><strong>Joannes</strong></span> <span class='ocrx_word' id='word_1_487' title='bbox 1190 3243 1952 3316; x_wconf 88' lang='lat' dir='ltr'><strong>Constantinopolitanus,et</strong></span> 
     </span>
    </p>
   </div>
   <div class='ocr_carea' id='block_1_64' title="bbox 237 3331 1946 3407">
    <p class='ocr_par' dir='ltr' id='par_1_64' title="bbox 237 3331 1946 3407">
     <span class='ocr_line' id='line_1_64' title="bbox 237 3331 1946 3407; baseline -0.002 -16"><span class='ocrx_word' id='word_1_488' title='bbox 237 3341 244 3346; x_wconf 82' lang='grc'><em>’</em></span> <span class='ocrx_word' id='word_1_489' title='bbox 281 3335 462 3392; x_wconf 90' lang='lat' dir='ltr'><strong>multi</strong></span> <span class='ocrx_word' id='word_1_490' title='bbox 489 3335 867 3407; x_wconf 87' lang='lat' dir='ltr'><strong>alii,quorum</strong></span> <span class='ocrx_word' id='word_1_491' title='bbox 900 3334 1066 3390; x_wconf 90' lang='lat' dir='ltr'><strong>dicta</strong></span> <span class='ocrx_word' id='word_1_492' title='bbox 1093 3338 1151 3390; x_wconf 88' lang='lat' dir='ltr'><strong>et</strong></span> <span class='ocrx_word' id='word_1_493' title='bbox 1179 3332 1446 3406; x_wconf 82' lang='lat' dir='ltr'><strong>exempla</strong></span> <span class='ocrx_word' id='word_1_494' title='bbox 1477 3351 1664 3405; x_wconf 90' lang='lat' dir='ltr'><strong>usque</strong></span> <span class='ocrx_word' id='word_1_495' title='bbox 1695 3333 1866 3390; x_wconf 90' lang='lat' dir='ltr'><strong>hodie</strong></span> <span class='ocrx_word' id='word_1_496' title='bbox 1887 3331 1946 3387; x_wconf 92' lang='lat' dir='ltr'><strong>in</strong></span> 
     </span>
    </p>
   </div>
   <div class='ocr_carea' id='block_1_65' title="bbox 285 3421 1943 3496">
    <p class='ocr_par' dir='ltr' id='par_1_65' title="bbox 285 3421 1943 3496">
     <span class='ocr_line' id='line_1_65' title="bbox 285 3421 1943 3496; baseline -0.002 -16"><span class='ocrx_word' id='word_1_497' title='bbox 285 3429 512 3490; x_wconf 83' lang='lat' dir='ltr'><strong>sancta,</strong></span> <span class='ocrx_word' id='word_1_498' title='bbox 530 3424 738 3479; x_wconf 82' lang='lat' dir='ltr'><strong>ﬂorent</strong></span> <span class='ocrx_word' id='word_1_499' title='bbox 759 3422 1036 3492; x_wconf 83' lang='lat' dir='ltr'><strong>Ecclesia,</strong></span> <span class='ocrx_word' id='word_1_500' title='bbox 1053 3440 1323 3496; x_wconf 85' lang='lat' dir='ltr'><strong>quorum,</strong></span> <span class='ocrx_word' id='word_1_501' title='bbox 1331 3423 1502 3494; x_wconf 86' lang='lat' dir='ltr'><strong>juxat</strong></span> <span class='ocrx_word' id='word_1_502' title='bbox 1533 3421 1693 3478; x_wconf 88' lang='lat' dir='ltr'><strong>Pauli</strong></span> <span class='ocrx_word' id='word_1_503' title='bbox 1724 3438 1943 3491; x_wconf 91' lang='lat' dir='ltr'><strong>vocem,</strong></span> 
     </span>
    </p>
   </div>
   <div class='ocr_carea' id='block_1_66' title="bbox 292 3511 1947 3584">
    <p class='ocr_par' dir='ltr' id='par_1_66' title="bbox 292 3511 1947 3584">
     <span class='ocr_line' id='line_1_66' title="bbox 292 3511 1947 3584; baseline -0.002 -14"><span class='ocrx_word' id='word_1_504' title='bbox 292 3513 572 3570; x_wconf 75' lang='lat' dir='ltr'><strong>Intuentes</strong></span> <span class='ocrx_word' id='word_1_505' title='bbox 597 3514 805 3569; x_wconf 72' lang='lat' dir='ltr'><strong>exitum</strong></span> <span class='ocrx_word' id='word_1_506' title='bbox 821 3515 1246 3570; x_wconf 75' lang='lat' dir='ltr'><strong>conversationis</strong></span> <span class='ocrx_word' id='word_1_507' title='bbox 1271 3513 1483 3568; x_wconf 82' lang='lat' dir='ltr'><strong>imitari</strong></span> <span class='ocrx_word' id='word_1_508' title='bbox 1508 3511 1760 3566; x_wconf 78' lang='lat' dir='ltr'><strong>debemus</strong></span> <span class='ocrx_word' id='word_1_509' title='bbox 1786 3511 1947 3584; x_wconf 80' lang='lat' dir='ltr'><strong>ﬁdem</strong></span> 
     </span>
    </p>
   </div>
   <div class='ocr_carea' id='block_1_67' title="bbox 280 3600 1948 3678">
    <p class='ocr_par' dir='ltr' id='par_1_67' title="bbox 280 3600 1948 3678">
     <span class='ocr_line' id='line_1_67' title="bbox 280 3600 1948 3678; baseline -0.002 -18"><span class='ocrx_word' id='word_1_510' title='bbox 280 3613 450 3678; x_wconf 83' lang='lat' dir='ltr'><strong>atque</strong></span> <span class='ocrx_word' id='word_1_511' title='bbox 506 3603 757 3675; x_wconf 77' lang='lat' dir='ltr'><strong>exempla</strong></span> <span class='ocrx_word' id='word_1_512' title='bbox 803 3601 952 3674; x_wconf 84' lang='lat' dir='ltr'><strong>(Heb.</strong></span> <span class='ocrx_word' id='word_1_513' title='bbox 989 3619 1112 3672; x_wconf 86' lang='lat' dir='ltr'><strong>xm,</strong></span> <span class='ocrx_word' id='word_1_514' title='bbox 1143 3604 1222 3672; x_wconf 88' lang='lat'><strong>7).</strong></span> <span class='ocrx_word' id='word_1_515' title='bbox 1256 3602 1327 3656; x_wconf 88' lang='lat' dir='ltr'><strong>Et</strong></span> <span class='ocrx_word' id='word_1_516' title='bbox 1373 3601 1446 3656; x_wconf 90' lang='lat' dir='ltr'><strong>de</strong></span> <span class='ocrx_word' id='word_1_517' title='bbox 1493 3601 1576 3656; x_wconf 88' lang='lat' dir='ltr'><strong>ita</strong></span> <span class='ocrx_word' id='word_1_518' title='bbox 1621 3600 1882 3673; x_wconf 85' lang='lat' dir='ltr'><strong>expulsis</strong></span> <span class='ocrx_word' id='word_1_519' title='bbox 1913 3618 1948 3656; x_wconf 90' lang='lat' dir='ltr'><strong>a</strong></span> 
     </span>
    </p>
   </div>
   <div class='ocr_carea' id='block_1_68' title="bbox 281 3689 1947 3764">
    <p class='ocr_par' dir='ltr' id='par_1_68' title="bbox 281 3689 1947 3764">
     <span class='ocr_line' id='line_1_68' title="bbox 281 3689 1947 3764; baseline -0.002 -16"><span class='ocrx_word' id='word_1_520' title='bbox 281 3692 535 3748; x_wconf 88' lang='lat' dir='ltr'><strong>sedibus</strong></span> <span class='ocrx_word' id='word_1_521' title='bbox 566 3690 692 3748; x_wconf 89' lang='lat' dir='ltr'><strong>suis</strong></span> <span class='ocrx_word' id='word_1_522' title='bbox 737 3689 1028 3764; x_wconf 87' lang='lat' dir='ltr'><strong>episcopis</strong></span> <span class='ocrx_word' id='word_1_523' title='bbox 1076 3706 1182 3763; x_wconf 89' lang='lat' dir='ltr'><strong>pro</strong></span> <span class='ocrx_word' id='word_1_524' title='bbox 1231 3690 1345 3746; x_wconf 83' lang='lat' dir='ltr'><strong>ﬁde</strong></span> <span class='ocrx_word' id='word_1_525' title='bbox 1393 3693 1449 3744; x_wconf 89' lang='lat' dir='ltr'><strong>et</strong></span> <span class='ocrx_word' id='word_1_526' title='bbox 1498 3689 1759 3757; x_wconf 82' lang='lat' dir='ltr'><strong>veritate,</strong></span> <span class='ocrx_word' id='word_1_527' title='bbox 1793 3690 1947 3746; x_wconf 89' lang='lat' dir='ltr'><strong>sicut</strong></span> 
     </span>
    </p>
   </div>
   <div class='ocr_carea' id='block_1_69' title="bbox 282 3777 1946 3855">
    <p class='ocr_par' dir='ltr' id='par_1_69' title="bbox 282 3777 1946 3855">
     <span class='ocr_line' id='line_1_69' title="bbox 282 3777 1946 3855; baseline -0.001 -19"><span class='ocrx_word' id='word_1_528' title='bbox 282 3781 513 3855; x_wconf 64' lang='lat' dir='ltr'><strong>praefati</strong></span> <span class='ocrx_word' id='word_1_529' title='bbox 548 3781 737 3836; x_wconf 79' lang='lat' dir='ltr'><strong>sancti</strong></span> <span class='ocrx_word' id='word_1_530' title='bbox 767 3779 1024 3853; x_wconf 88' lang='lat' dir='ltr'><strong>episcopi</strong></span> <span class='ocrx_word' id='word_1_531' title='bbox 1046 3777 1271 3852; x_wconf 83' lang='lat' dir='ltr'><strong>expulsi</strong></span> <span class='ocrx_word' id='word_1_532' title='bbox 1297 3777 1583 3850; x_wconf 86' lang='lat' dir='ltr'><strong>imperiali</strong></span> <span class='ocrx_word' id='word_1_533' title='bbox 1605 3779 1946 3835; x_wconf 87' lang='lat' dir='ltr'><strong>crudelitate</strong></span> 
     </span>
    </p>
   </div>
   <div class='ocr_carea' id='block_1_70' title="bbox 283 3868 1944 3938">
    <p class='ocr_par' dir='ltr' id='par_1_70' title="bbox 283 3868 1944 3938">
     <span class='ocr_line' id='line_1_70' title="bbox 283 3868 1944 3938; baseline -0.001 -12"><span class='ocrx_word' id='word_1_534' title='bbox 283 3873 554 3937; x_wconf 87' lang='lat' dir='ltr'><strong>fuerunt,</strong></span> <span class='ocrx_word' id='word_1_535' title='bbox 583 3869 734 3925; x_wconf 87' lang='lat' dir='ltr'><strong>sacri</strong></span> <span class='ocrx_word' id='word_1_536' title='bbox 765 3885 1022 3926; x_wconf 90' lang='lat' dir='ltr'><strong>canones</strong></span> <span class='ocrx_word' id='word_1_537' title='bbox 1053 3868 1428 3926; x_wconf 89' lang='lat' dir='ltr'><strong>Sardicenses</strong></span> <span class='ocrx_word' id='word_1_538' title='bbox 1459 3868 1944 3938; x_wconf 82' lang='lat' dir='ltr'><strong>dicunt(can.22):</strong></span> 
     </span>
    </p>
   </div>
   <div class='ocr_carea' id='block_1_71' title="bbox 283 3957 1944 4031">
    <p class='ocr_par' dir='ltr' id='par_1_71' title="bbox 283 3957 1944 4031">
     <span class='ocr_line' id='line_1_71' title="bbox 283 3957 1944 4031; baseline 0.001 -21"><span class='ocrx_word' id='word_1_539' title='bbox 283 3982 316 4010; x_wconf 74' lang='grc' dir='ltr'>α</span> <span class='ocrx_word' id='word_1_540' title='bbox 354 3958 428 4015; x_wconf 87' lang='lat' dir='ltr'><strong>Ut</strong></span> <span class='ocrx_word' id='word_1_541' title='bbox 457 3958 509 4014; x_wconf 89' lang='lat' dir='ltr'><strong>si</strong></span> <span class='ocrx_word' id='word_1_542' title='bbox 540 3957 754 4030; x_wconf 87' lang='lat' dir='ltr'><strong>aliquis</strong></span> <span class='ocrx_word' id='word_1_543' title='bbox 786 3957 1098 4031; x_wconf 90' lang='lat' dir='ltr'><strong>episcopus</strong></span> <span class='ocrx_word' id='word_1_544' title='bbox 1126 3957 1244 4013; x_wconf 89' lang='lat' dir='ltr'><strong>vim</strong></span> <span class='ocrx_word' id='word_1_545' title='bbox 1275 3973 1588 4030; x_wconf 87' lang='lat' dir='ltr'><strong>perpessus</strong></span> <span class='ocrx_word' id='word_1_546' title='bbox 1619 3961 1726 4026; x_wconf 88' lang='lat' dir='ltr'><strong>est,</strong></span> <span class='ocrx_word' id='word_1_547' title='bbox 1749 3963 1808 4012; x_wconf 91' lang='lat' dir='ltr'><strong>et</strong></span> <span class='ocrx_word' id='word_1_548' title='bbox 1833 3957 1944 4012; x_wconf 90' lang='lat' dir='ltr'><strong>ini-</strong></span> 
     </span>
    </p>
   </div>
   <div class='ocr_carea' id='block_1_72' title="bbox 283 4045 1944 4121">
    <p class='ocr_par' dir='ltr' id='par_1_72' title="bbox 283 4045 1944 4121">
     <span class='ocr_line' id='line_1_72' title="bbox 283 4045 1944 4121; baseline -0.002 -16"><span class='ocrx_word' id='word_1_549' title='bbox 283 4065 407 4121; x_wconf 88' lang='lat' dir='ltr'><strong>que</strong></span> <span class='ocrx_word' id='word_1_550' title='bbox 427 4046 708 4120; x_wconf 85' lang='lat' dir='ltr'><strong>expulsus</strong></span> <span class='ocrx_word' id='word_1_551' title='bbox 726 4063 830 4119; x_wconf 90' lang='lat' dir='ltr'><strong>pro</strong></span> <span class='ocrx_word' id='word_1_552' title='bbox 843 4045 1156 4120; x_wconf 87' lang='lat' dir='ltr'><strong>disciplina</strong></span> <span class='ocrx_word' id='word_1_553' title='bbox 1175 4051 1232 4102; x_wconf 90' lang='lat' dir='ltr'><strong>et</strong></span> <span class='ocrx_word' id='word_1_554' title='bbox 1251 4045 1538 4102; x_wconf 88' lang='lat' dir='ltr'><strong>catholica</strong></span> <span class='ocrx_word' id='word_1_555' title='bbox 1559 4045 1944 4118; x_wconf 82' lang='lat' dir='ltr'><strong>confessione,</strong></span> 
     </span>
    </p>
   </div>
   <div class='ocr_carea' id='block_1_73' title="bbox 281 4134 1948 4210">
    <p class='ocr_par' dir='ltr' id='par_1_73' title="bbox 281 4134 1948 4210">
     <span class='ocr_line' id='line_1_73' title="bbox 281 4134 1948 4210; baseline -0.001 -18"><span class='ocrx_word' id='word_1_556' title='bbox 281 4137 378 4192; x_wconf 86' lang='lat' dir='ltr'><strong>vel</strong></span> <span class='ocrx_word' id='word_1_557' title='bbox 409 4153 516 4210; x_wconf 86' lang='lat' dir='ltr'><strong>pro</strong></span> <span class='ocrx_word' id='word_1_558' title='bbox 550 4135 886 4193; x_wconf 88' lang='lat' dir='ltr'><strong>defensione</strong></span> <span class='ocrx_word' id='word_1_559' title='bbox 913 4135 1487 4208; x_wconf 82' lang='lat' dir='ltr'><strong>veritatis,eﬂ&#39;ugiens</strong></span> <span class='ocrx_word' id='word_1_560' title='bbox 1509 4134 1766 4207; x_wconf 89' lang='lat' dir='ltr'><strong>pericula</strong></span> <span class='ocrx_word' id='word_1_561' title='bbox 1786 4134 1948 4191; x_wconf 84' lang='lat' dir='ltr'><strong>inno-</strong></span> 
     </span>
    </p>
   </div>
   <div class='ocr_carea' id='block_1_74' title="bbox 288 4223 1946 4292">
    <p class='ocr_par' dir='ltr' id='par_1_74' title="bbox 288 4223 1946 4292">
     <span class='ocr_line' id='line_1_74' title="bbox 288 4223 1946 4292; baseline -0.002 -8"><span class='ocrx_word' id='word_1_562' title='bbox 288 4243 438 4284; x_wconf 86' lang='lat' dir='ltr'><strong>cens</strong></span> <span class='ocrx_word' id='word_1_563' title='bbox 476 4229 538 4282; x_wconf 89' lang='lat' dir='ltr'><strong>et</strong></span> <span class='ocrx_word' id='word_1_564' title='bbox 583 4227 826 4282; x_wconf 86' lang='lat' dir='ltr'><strong>devotus</strong></span> <span class='ocrx_word' id='word_1_565' title='bbox 874 4226 946 4282; x_wconf 88' lang='lat' dir='ltr'><strong>ad</strong></span> <span class='ocrx_word' id='word_1_566' title='bbox 996 4224 1172 4282; x_wconf 85' lang='lat' dir='ltr'><strong>aliam</strong></span> <span class='ocrx_word' id='word_1_567' title='bbox 1217 4223 1440 4281; x_wconf 88' lang='lat' dir='ltr'><strong>venerit</strong></span> <span class='ocrx_word' id='word_1_568' title='bbox 1487 4223 1796 4292; x_wconf 87' lang='lat' dir='ltr'><strong>civiiatem,</strong></span> <span class='ocrx_word' id='word_1_569' title='bbox 1830 4241 1946 4280; x_wconf 92' lang='lat' dir='ltr'><strong>non</strong></span> 
     </span>
    </p>
   </div>
   <div class='ocr_carea' id='block_1_75' title="bbox 283 4311 1944 4388">
    <p class='ocr_par' dir='ltr' id='par_1_75' title="bbox 283 4311 1944 4388">
     <span class='ocr_line' id='line_1_75' title="bbox 283 4311 1944 4388; baseline -0.001 -18"><span class='ocrx_word' id='word_1_570' title='bbox 283 4314 675 4388; x_wconf 87' lang='lat' dir='ltr'><strong>prohibeatur</strong></span> <span class='ocrx_word' id='word_1_571' title='bbox 703 4313 1024 4384; x_wconf 87' lang='lat' dir='ltr'><strong>immorari,</strong></span> <span class='ocrx_word' id='word_1_572' title='bbox 1057 4313 1319 4386; x_wconf 89' lang='lat' dir='ltr'><strong>quandiu</strong></span> <span class='ocrx_word' id='word_1_573' title='bbox 1361 4317 1462 4370; x_wconf 91' lang='lat' dir='ltr'><strong>aut</strong></span> <span class='ocrx_word' id='word_1_574' title='bbox 1507 4313 1695 4369; x_wconf 90' lang='lat' dir='ltr'><strong>redire</strong></span> <span class='ocrx_word' id='word_1_575' title='bbox 1741 4311 1944 4384; x_wconf 90' lang='lat' dir='ltr'><strong>possit,</strong></span> 
     </span>
    </p>
   </div>
   <div class='ocr_carea' id='block_1_76' title="bbox 284 4401 1949 4475">
    <p class='ocr_par' dir='ltr' id='par_1_76' title="bbox 284 4401 1949 4475">
     <span class='ocr_line' id='line_1_76' title="bbox 284 4401 1949 4475; baseline -0.001 -15"><span class='ocrx_word' id='word_1_576' title='bbox 284 4403 637 4475; x_wconf 87' lang='lat' dir='ltr'><strong>autinjuria</strong></span> <span class='ocrx_word' id='word_1_577' title='bbox 665 4404 792 4474; x_wconf 84' lang='lat' dir='ltr'><strong>ejus</strong></span> <span class='ocrx_word' id='word_1_578' title='bbox 825 4403 1151 4460; x_wconf 89' lang='lat' dir='ltr'><strong>remedium</strong></span> <span class='ocrx_word' id='word_1_579' title='bbox 1183 4401 1670 4474; x_wconf 88' lang='lat' dir='ltr'><strong>acceperit,etiam</strong></span> <span class='ocrx_word' id='word_1_580' title='bbox 1700 4406 1758 4458; x_wconf 87' lang='lat' dir='ltr'><strong>et</strong></span> <span class='ocrx_word' id='word_1_581' title='bbox 1788 4401 1949 4474; x_wconf 89' lang='lat' dir='ltr'><strong>larga</strong></span> 
     </span>
    </p>
   </div>
   <div class='ocr_carea' id='block_1_77' title="bbox 279 4489 1666 4565">
    <p class='ocr_par' dir='ltr' id='par_1_77' title="bbox 279 4489 1666 4565">
     <span class='ocr_line' id='line_1_77' title="bbox 279 4489 1666 4565; baseline -0.006 -15"><span class='ocrx_word' id='word_1_582' title='bbox 279 4491 662 4565; x_wconf 85' lang='lat' dir='ltr'><strong>benignitate</strong></span> <span class='ocrx_word' id='word_1_583' title='bbox 691 4491 1034 4548; x_wconf 87' lang='lat' dir='ltr'><strong>humanitas</strong></span> <span class='ocrx_word' id='word_1_584' title='bbox 1064 4492 1114 4548; x_wconf 89' lang='lat' dir='ltr'><strong>ei</strong></span> <span class='ocrx_word' id='word_1_585' title='bbox 1143 4495 1232 4548; x_wconf 88' lang='lat' dir='ltr'><strong>est</strong></span> <span class='ocrx_word' id='word_1_586' title='bbox 1261 4489 1608 4547; x_wconf 81' lang='lat' dir='ltr'><strong>exhibenda.</strong></span> <span class='ocrx_word' id='word_1_587' title='bbox 1638 4511 1666 4542; x_wconf 73' lang='grc' dir='ltr'><strong><em>υ</em></strong></span> 
     </span>
    </p>
   </div>
   <div class='ocr_carea' id='block_1_78' title="bbox 361 4579 1947 4652">
    <p class='ocr_par' dir='ltr' id='par_1_78' title="bbox 361 4579 1947 4652">
     <span class='ocr_line' id='line_1_78' title="bbox 361 4579 1947 4652; baseline -0.002 -15"><span class='ocrx_word' id='word_1_588' title='bbox 361 4581 502 4637; x_wconf 76' lang='lat' dir='ltr'><strong>CAP.</strong></span> <span class='ocrx_word' id='word_1_589' title='bbox 535 4579 678 4636; x_wconf 87' lang='lat' dir='ltr'><strong>XVI.</strong></span> <span class='ocrx_word' id='word_1_590' title='bbox 709 4581 781 4636; x_wconf 89' lang='lat' dir='ltr'><strong>Et</strong></span> <span class='ocrx_word' id='word_1_591' title='bbox 811 4580 947 4636; x_wconf 88' lang='lat' dir='ltr'><strong>hinc</strong></span> <span class='ocrx_word' id='word_1_592' title='bbox 977 4584 1218 4637; x_wconf 90' lang='lat' dir='ltr'><strong>sanctus</strong></span> <span class='ocrx_word' id='word_1_593' title='bbox 1249 4580 1562 4652; x_wconf 89' lang='lat' dir='ltr'><strong>Gregorius</strong></span> <span class='ocrx_word' id='word_1_594' title='bbox 1583 4580 1702 4651; x_wconf 85' lang='lat' dir='ltr'><strong>(lib.</strong></span> <span class='ocrx_word' id='word_1_595' title='bbox 1729 4597 1770 4649; x_wconf 85' lang='grc' dir='ltr'><strong>ι,</strong></span> <span class='ocrx_word' id='word_1_596' title='bbox 1792 4582 1947 4652; x_wconf 79' lang='lat' dir='ltr'><strong>epist.</strong></span> 
     </span>
    </p>
   </div>
   <div class='ocr_carea' id='block_1_79' title="bbox 279 4668 1943 4743">
    <p class='ocr_par' dir='ltr' id='par_1_79' title="bbox 279 4668 1943 4743">
     <span class='ocr_line' id='line_1_79' title="bbox 279 4668 1943 4743; baseline -0.001 -17"><span class='ocrx_word' id='word_1_597' title='bbox 279 4671 384 4741; x_wconf 80' lang='grc'><strong>45)</strong></span> <span class='ocrx_word' id='word_1_598' title='bbox 413 4669 491 4726; x_wconf 89' lang='lat' dir='ltr'><strong>ad</strong></span> <span class='ocrx_word' id='word_1_599' title='bbox 524 4669 830 4726; x_wconf 84' lang='lat' dir='ltr'><strong>universos</strong></span> <span class='ocrx_word' id='word_1_600' title='bbox 867 4669 1170 4743; x_wconf 88' lang='lat' dir='ltr'><strong>episcopos</strong></span> <span class='ocrx_word' id='word_1_601' title='bbox 1219 4686 1322 4743; x_wconf 91' lang='lat' dir='ltr'><strong>per</strong></span> <span class='ocrx_word' id='word_1_602' title='bbox 1371 4668 1664 4742; x_wconf 82' lang='lat' dir='ltr'><strong>Illyricum</strong></span> <span class='ocrx_word' id='word_1_603' title='bbox 1699 4687 1712 4724; x_wconf 89' lang='lat'><strong>:</strong></span> <span class='ocrx_word' id='word_1_604' title='bbox 1747 4691 1774 4719; x_wconf 89' lang='grc'><strong>‹‹</strong></span> <span class='ocrx_word' id='word_1_605' title='bbox 1812 4670 1943 4724; x_wconf 89' lang='lat' dir='ltr'><strong>Fra-</strong></span> 
     </span>
    </p>
   </div>
   <div class='ocr_carea' id='block_1_80' title="bbox 279 4757 1943 4831">
    <p class='ocr_par' dir='ltr' id='par_1_80' title="bbox 279 4757 1943 4831">
     <span class='ocr_line' id='line_1_80' title="bbox 279 4757 1943 4831; baseline -0.002 -15"><span class='ocrx_word' id='word_1_606' title='bbox 279 4765 435 4826; x_wconf 87' lang='lat' dir='ltr'><strong>tres,</strong></span> <span class='ocrx_word' id='word_1_607' title='bbox 468 4757 682 4830; x_wconf 86' lang='lat' dir='ltr'><strong>inquit,</strong></span> <span class='ocrx_word' id='word_1_608' title='bbox 715 4757 1208 4831; x_wconf 90' lang='lat' dir='ltr'><strong>coepiscoposque</strong></span> <span class='ocrx_word' id='word_1_609' title='bbox 1258 4762 1510 4826; x_wconf 80' lang='lat' dir='ltr'><strong>nostros,</strong></span> <span class='ocrx_word' id='word_1_610' title='bbox 1543 4774 1692 4830; x_wconf 89' lang='lat' dir='ltr'><strong>quos</strong></span> <span class='ocrx_word' id='word_1_611' title='bbox 1723 4761 1780 4813; x_wconf 91' lang='lat' dir='ltr'><strong>et</strong></span> <span class='ocrx_word' id='word_1_612' title='bbox 1810 4774 1943 4830; x_wconf 86' lang='lat' dir='ltr'><strong>cap-</strong></span> 
     </span>
    </p>
   </div>
   <div class='ocr_carea' id='block_1_81' title="bbox 281 4845 1945 4920">
    <p class='ocr_par' dir='ltr' id='par_1_81' title="bbox 281 4845 1945 4920">
     <span class='ocr_line' id='line_1_81' title="bbox 281 4845 1945 4920; baseline -0.002 -16"><span class='ocrx_word' id='word_1_613' title='bbox 281 4847 540 4906; x_wconf 84' lang='lat' dir='ltr'><strong>tivitatis</strong></span> <span class='ocrx_word' id='word_1_614' title='bbox 561 4847 1043 4920; x_wconf 88' lang='lat' dir='ltr'><strong>diversarumque</strong></span> <span class='ocrx_word' id='word_1_615' title='bbox 1064 4847 1483 4904; x_wconf 87' lang='lat' dir='ltr'><strong>necessitatum</strong></span> <span class='ocrx_word' id='word_1_616' title='bbox 1497 4864 1568 4902; x_wconf 90' lang='lat' dir='ltr'><strong>an</strong></span> <span class='ocrx_word' id='word_1_617' title='bbox 1577 4845 1781 4920; x_wconf 70' lang='lat' dir='ltr'><strong>gustize</strong></span> <span class='ocrx_word' id='word_1_618' title='bbox 1794 4863 1945 4902; x_wconf 85' lang='lat' dir='ltr'><strong>com-</strong></span> 
     </span>
    </p>
   </div>
   <div class='ocr_carea' id='block_1_82' title="bbox 279 4935 1946 5011">
    <p class='ocr_par' dir='ltr' id='par_1_82' title="bbox 279 4935 1946 5011">
     <span class='ocr_line' id='line_1_82' title="bbox 279 4935 1946 5011; baseline -0.001 -19"><span class='ocrx_word' id='word_1_619' title='bbox 279 4937 582 5011; x_wconf 87' lang='lat' dir='ltr'><strong>primunt,</strong></span> <span class='ocrx_word' id='word_1_620' title='bbox 616 4935 842 4992; x_wconf 89' lang='lat' dir='ltr'><strong>debetis</strong></span> <span class='ocrx_word' id='word_1_621' title='bbox 871 4936 1256 4993; x_wconf 89' lang='lat' dir='ltr'><strong>consolandos</strong></span> <span class='ocrx_word' id='word_1_622' title='bbox 1286 4936 1769 5008; x_wconf 87' lang='lat' dir='ltr'><strong>convicturosque</strong></span> <span class='ocrx_word' id='word_1_623' title='bbox 1785 4935 1946 4992; x_wconf 91' lang='lat' dir='ltr'><strong>vobi-</strong></span> 
     </span>
    </p>
   </div>
   <div class='ocr_carea' id='block_1_83' title="bbox 279 5024 1949 5083">
    <p class='ocr_par' dir='ltr' id='par_1_83' title="bbox 279 5024 1949 5083">
     <span class='ocr_line' id='line_1_83' title="bbox 279 5024 1949 5083; baseline -0.002 0"><span class='ocrx_word' id='word_1_624' title='bbox 279 5043 464 5083; x_wconf 84' lang='lat' dir='ltr'><strong>scum</strong></span> <span class='ocrx_word' id='word_1_625' title='bbox 487 5026 548 5081; x_wconf 92' lang='lat' dir='ltr'><strong>in</strong></span> <span class='ocrx_word' id='word_1_626' title='bbox 571 5024 985 5082; x_wconf 88' lang='lat' dir='ltr'><strong>ecclesiasticis</strong></span> <span class='ocrx_word' id='word_1_627' title='bbox 1008 5026 1539 5082; x_wconf 89' lang='lat' dir='ltr'><strong>sustentationibus</strong></span> <span class='ocrx_word' id='word_1_628' title='bbox 1559 5025 1806 5081; x_wconf 90' lang='lat' dir='ltr'><strong>libenter</strong></span> <span class='ocrx_word' id='word_1_629' title='bbox 1824 5041 1949 5081; x_wconf 91' lang='lat' dir='ltr'><strong>sus-</strong></span> 
     </span>
    </p>
   </div>
   <div class='ocr_carea' id='block_1_84' title="bbox 279 5114 1950 5188">
    <p class='ocr_par' dir='ltr' id='par_1_84' title="bbox 279 5114 1950 5188">
     <span class='ocr_line' id='line_1_84' title="bbox 279 5114 1950 5188; baseline -0.001 -17"><span class='ocrx_word' id='word_1_630' title='bbox 279 5115 488 5186; x_wconf 87' lang='lat' dir='ltr'><strong>cipere</strong></span> <span class='ocrx_word' id='word_1_631' title='bbox 523 5131 536 5169; x_wconf 86' lang='lat'>:</span> <span class='ocrx_word' id='word_1_632' title='bbox 572 5132 688 5170; x_wconf 91' lang='lat' dir='ltr'><strong>non</strong></span> <span class='ocrx_word' id='word_1_633' title='bbox 721 5114 960 5187; x_wconf 89' lang='lat' dir='ltr'><strong>quidem</strong></span> <span class='ocrx_word' id='word_1_634' title='bbox 993 5119 1056 5171; x_wconf 87' lang='lat' dir='ltr'><strong>ut</strong></span> <span class='ocrx_word' id='word_1_635' title='bbox 1085 5132 1190 5188; x_wconf 91' lang='lat' dir='ltr'><strong>per</strong></span> <span class='ocrx_word' id='word_1_636' title='bbox 1219 5114 1692 5171; x_wconf 89' lang='lat' dir='ltr'><strong>communionem</strong></span> <span class='ocrx_word' id='word_1_637' title='bbox 1722 5115 1950 5187; x_wconf 89' lang='lat' dir='ltr'><strong>episco-</strong></span> 
     </span>
    </p>
   </div>
   <div class='ocr_carea' id='block_1_85' title="bbox 278 5201 1951 5276">
    <p class='ocr_par' dir='ltr' id='par_1_85' title="bbox 278 5201 1951 5276">
     <span class='ocr_line' id='line_1_85' title="bbox 278 5201 1951 5276; baseline -0.001 -17"><span class='ocrx_word' id='word_1_638' title='bbox 278 5203 446 5276; x_wconf 87' lang='lat' dir='ltr'><strong>palis</strong></span> <span class='ocrx_word' id='word_1_639' title='bbox 474 5202 673 5258; x_wconf 88' lang='lat' dir='ltr'><strong>throni</strong></span> <span class='ocrx_word' id='word_1_640' title='bbox 705 5201 964 5276; x_wconf 86' lang='lat' dir='ltr'><strong>dignitas</strong></span> <span class='ocrx_word' id='word_1_641' title='bbox 1019 5203 1333 5270; x_wconf 88' lang='lat' dir='ltr'><strong>dividatur,</strong></span> <span class='ocrx_word' id='word_1_642' title='bbox 1364 5205 1464 5259; x_wconf 89' lang='lat' dir='ltr'><strong>sed</strong></span> <span class='ocrx_word' id='word_1_643' title='bbox 1497 5207 1564 5258; x_wconf 91' lang='lat' dir='ltr'><strong>ut</strong></span> <span class='ocrx_word' id='word_1_644' title='bbox 1590 5203 1662 5259; x_wconf 91' lang='lat' dir='ltr'><strong>ab</strong></span> <span class='ocrx_word' id='word_1_645' title='bbox 1695 5202 1951 5260; x_wconf 85' lang='lat' dir='ltr'><strong>Ecclesia</strong></span> 
     </span>
    </p>
   </div>
   <div class='ocr_carea' id='block_1_86' title="bbox 269 5290 1950 5366">
    <p class='ocr_par' dir='ltr' id='par_1_86' title="bbox 269 5290 1950 5366">
     <span class='ocr_line' id='line_1_86' title="bbox 269 5290 1950 5366; baseline 0.001 -18"><span class='ocrx_word' id='word_1_646' title='bbox 269 5295 459 5366; x_wconf 82' lang='lat' dir='ltr'><strong>juxta</strong></span> <span class='ocrx_word' id='word_1_647' title='bbox 489 5290 947 5366; x_wconf 87' lang='lat' dir='ltr'><strong>possibilitatem</strong></span> <span class='ocrx_word' id='word_1_648' title='bbox 979 5291 1344 5350; x_wconf 70' lang='lat' dir='ltr'><strong>sufficientia)</strong></span> <span class='ocrx_word' id='word_1_649' title='bbox 1377 5294 1627 5350; x_wconf 85' lang='lat' dir='ltr'><strong>debeant</strong></span> <span class='ocrx_word' id='word_1_650' title='bbox 1673 5292 1950 5350; x_wconf 87' lang='lat' dir='ltr'><strong>alimenta</strong></span> 
     </span>
    </p>
   </div>
   <div class='ocr_carea' id='block_1_87' title="bbox 276 5380 1949 5456">
    <p class='ocr_par' dir='ltr' id='par_1_87' title="bbox 276 5380 1949 5456">
     <span class='ocr_line' id='line_1_87' title="bbox 276 5380 1949 5456; baseline 0.001 -20"><span class='ocrx_word' id='word_1_651' title='bbox 276 5381 722 5456; x_wconf 84' lang='lat' dir='ltr'><strong>percipere.Sic</strong></span> <span class='ocrx_word' id='word_1_652' title='bbox 752 5380 910 5438; x_wconf 90' lang='lat' dir='ltr'><strong>enim</strong></span> <span class='ocrx_word' id='word_1_653' title='bbox 939 5386 999 5438; x_wconf 89' lang='lat' dir='ltr'><strong>et</strong></span> <span class='ocrx_word' id='word_1_654' title='bbox 1027 5381 1358 5454; x_wconf 84' lang='lat' dir='ltr'><strong>proximum</strong></span> <span class='ocrx_word' id='word_1_655' title='bbox 1381 5382 1441 5437; x_wconf 92' lang='lat' dir='ltr'><strong>in</strong></span> <span class='ocrx_word' id='word_1_656' title='bbox 1464 5383 1666 5449; x_wconf 88' lang='lat' dir='ltr'><strong>Deo,et</strong></span> <span class='ocrx_word' id='word_1_657' title='bbox 1684 5383 1868 5438; x_wconf 91' lang='lat' dir='ltr'><strong>Deum</strong></span> <span class='ocrx_word' id='word_1_658' title='bbox 1889 5383 1949 5438; x_wconf 90' lang='lat' dir='ltr'><strong>in</strong></span> 
     </span>
    </p>
   </div>
   <div class='ocr_carea' id='block_1_88' title="bbox 276 5469 1950 5546">
    <p class='ocr_par' dir='ltr' id='par_1_88' title="bbox 276 5469 1950 5546">
     <span class='ocr_line' id='line_1_88' title="bbox 276 5469 1950 5546; baseline 0.002 -21"><span class='ocrx_word' id='word_1_659' title='bbox 276 5469 564 5546; x_wconf 81' lang='lat' dir='ltr'><strong>proximo</strong></span> <span class='ocrx_word' id='word_1_660' title='bbox 597 5469 841 5543; x_wconf 86' lang='lat' dir='ltr'><strong>diligere</strong></span> <span class='ocrx_word' id='word_1_661' title='bbox 871 5471 1344 5544; x_wconf 84' lang='lat' dir='ltr'><strong>comprobamur.</strong></span> <span class='ocrx_word' id='word_1_662' title='bbox 1368 5471 1599 5528; x_wconf 90' lang='lat' dir='ltr'><strong>Nullam</strong></span> <span class='ocrx_word' id='word_1_663' title='bbox 1631 5472 1847 5544; x_wconf 88' lang='lat' dir='ltr'><strong>quippe</strong></span> <span class='ocrx_word' id='word_1_664' title='bbox 1865 5471 1950 5528; x_wconf 88' lang='lat' dir='ltr'><strong>eis</strong></span> 
     </span>
    </p>
   </div>
   <div class='ocr_carea' id='block_1_89' title="bbox 274 5557 1948 5632">
    <p class='ocr_par' dir='ltr' id='par_1_89' title="bbox 274 5557 1948 5632">
     <span class='ocr_line' id='line_1_89' title="bbox 274 5557 1948 5632; baseline -0.001 -13"><span class='ocrx_word' id='word_1_665' title='bbox 274 5575 403 5620; x_wconf 80' lang='lat' dir='ltr'><strong>nos</strong></span> <span class='ocrx_word' id='word_1_666' title='bbox 443 5561 508 5619; x_wconf 89' lang='lat' dir='ltr'><strong>in</strong></span> <span class='ocrx_word' id='word_1_667' title='bbox 555 5559 766 5619; x_wconf 84' lang='lat' dir='ltr'><strong>vestris</strong></span> <span class='ocrx_word' id='word_1_668' title='bbox 813 5557 1091 5618; x_wconf 85' lang='lat' dir='ltr'><strong>Ecclesiis</strong></span> <span class='ocrx_word' id='word_1_669' title='bbox 1147 5559 1554 5619; x_wconf 86' lang='lat' dir='ltr'><strong>auctoritatem</strong></span> <span class='ocrx_word' id='word_1_670' title='bbox 1610 5559 1948 5632; x_wconf 87' lang='lat' dir='ltr'><strong>tribuimus,</strong></span> 
     </span>
    </p>
   </div>
   <div class='ocr_carea' id='block_1_90' title="bbox 619 5688 1164 5754">
    <p class='ocr_par' dir='ltr' id='par_1_90' title="bbox 619 5688 1164 5754">
     <span class='ocr_line' id='line_1_90' title="bbox 619 5688 1164 5754; baseline 0.007 -4"><span class='ocrx_word' id='word_1_671' title='bbox 619 5688 886 5753; x_wconf 71' lang='lat' dir='ltr'><strong>PA&#39;I‘BOL.</strong></span> <span class='ocrx_word' id='word_1_672' title='bbox 934 5688 1164 5754; x_wconf 84' lang='lat' dir='ltr'><strong><em>CXXV.</em></strong></span> 
     </span>
    </p>
   </div>
   <div class='ocr_carea' id='block_1_91' title="bbox 2056 3241 3698 3318">
    <p class='ocr_par' dir='ltr' id='par_1_91' title="bbox 2056 3241 3698 3318">
     <span class='ocr_line' id='line_1_91' title="bbox 2056 3241 3698 3318; baseline -0.002 -16"><span class='ocrx_word' id='word_1_673' title='bbox 2056 3247 2166 3302; x_wconf 89' lang='lat' dir='ltr'><strong>bus</strong></span> <span class='ocrx_word' id='word_1_674' title='bbox 2197 3245 2496 3318; x_wconf 75' lang='lat' dir='ltr'><strong>quaeritur,</strong></span> <span class='ocrx_word' id='word_1_675' title='bbox 2524 3250 2588 3300; x_wconf 92' lang='lat' dir='ltr'><strong>ut</strong></span> <span class='ocrx_word' id='word_1_676' title='bbox 2616 3245 2689 3300; x_wconf 91' lang='lat' dir='ltr'><strong>ab</strong></span> <span class='ocrx_word' id='word_1_677' title='bbox 2721 3243 2874 3310; x_wconf 91' lang='lat' dir='ltr'><strong>aliis,</strong></span> <span class='ocrx_word' id='word_1_678' title='bbox 2906 3243 3007 3316; x_wconf 90' lang='lat' dir='ltr'><strong>qui</strong></span> <span class='ocrx_word' id='word_1_679' title='bbox 3036 3243 3121 3299; x_wconf 91' lang='lat' dir='ltr'><strong>ita</strong></span> <span class='ocrx_word' id='word_1_680' title='bbox 3151 3241 3268 3299; x_wconf 85' lang='lat' dir='ltr'><strong>non</strong></span> <span class='ocrx_word' id='word_1_681' title='bbox 3301 3243 3698 3317; x_wconf 88' lang='lat' dir='ltr'><strong>requiruntur,</strong></span> 
     </span>
    </p>
   </div>
   <div class='ocr_carea' id='block_1_92' title="bbox 2057 3331 3702 3406">
    <p class='ocr_par' dir='ltr' id='par_1_92' title="bbox 2057 3331 3702 3406">
     <span class='ocr_line' id='line_1_92' title="bbox 2057 3331 3702 3406; baseline -0.002 -14"><span class='ocrx_word' id='word_1_682' title='bbox 2057 3350 2170 3392; x_wconf 89' lang='lat' dir='ltr'><strong>non</strong></span> <span class='ocrx_word' id='word_1_683' title='bbox 2204 3335 2506 3391; x_wconf 89' lang='lat' dir='ltr'><strong>deseratur</strong></span> <span class='ocrx_word' id='word_1_684' title='bbox 2534 3333 2810 3405; x_wconf 88' lang='lat' dir='ltr'><strong>Ecclesia,</strong></span> <span class='ocrx_word' id='word_1_685' title='bbox 2841 3333 2944 3392; x_wconf 89' lang='lat' dir='ltr'><strong>sed</strong></span> <span class='ocrx_word' id='word_1_686' title='bbox 2975 3333 3276 3406; x_wconf 73' lang='lat' dir='ltr'><strong>praebeant</strong></span> <span class='ocrx_word' id='word_1_687' title='bbox 3305 3331 3525 3389; x_wconf 87' lang='lat' dir='ltr'><strong>cibaria</strong></span> <span class='ocrx_word' id='word_1_688' title='bbox 3563 3349 3702 3390; x_wconf 86' lang='lat' dir='ltr'><strong>con-</strong></span> 
     </span>
    </p>
   </div>
   <div class='ocr_carea' id='block_1_93' title="bbox 2055 3421 3702 3496">
    <p class='ocr_par' dir='ltr' id='par_1_93' title="bbox 2055 3421 3702 3496">
     <span class='ocr_line' id='line_1_93' title="bbox 2055 3421 3702 3496; baseline -0.001 -16"><span class='ocrx_word' id='word_1_689' title='bbox 2055 3425 2236 3480; x_wconf 88' lang='lat' dir='ltr'><strong>servis</strong></span> <span class='ocrx_word' id='word_1_690' title='bbox 2266 3425 2413 3494; x_wconf 90' lang='lat' dir='ltr'><strong>suis,</strong></span> <span class='ocrx_word' id='word_1_691' title='bbox 2445 3441 2594 3496; x_wconf 87' lang='lat' dir='ltr'><strong>quos</strong></span> <span class='ocrx_word' id='word_1_692' title='bbox 2624 3423 2791 3480; x_wconf 88' lang='lat' dir='ltr'><strong>aliter</strong></span> <span class='ocrx_word' id='word_1_693' title='bbox 2832 3423 3018 3480; x_wconf 86' lang='lat' dir='ltr'><strong>vivere</strong></span> <span class='ocrx_word' id='word_1_694' title='bbox 3048 3439 3164 3479; x_wconf 91' lang='lat' dir='ltr'><strong>non</strong></span> <span class='ocrx_word' id='word_1_695' title='bbox 3196 3439 3368 3496; x_wconf 88' lang='lat' dir='ltr'><strong>posse</strong></span> <span class='ocrx_word' id='word_1_696' title='bbox 3397 3421 3702 3480; x_wconf 77' lang='lat' dir='ltr'><strong>noverunt.</strong></span> 
     </span>
    </p>
   </div>
   <div class='ocr_carea' id='block_1_94' title="bbox 2056 3511 3706 3586">
    <p class='ocr_par' dir='ltr' id='par_1_94' title="bbox 2056 3511 3706 3586">
     <span class='ocr_line' id='line_1_94' title="bbox 2056 3511 3706 3586; baseline -0.001 -16"><span class='ocrx_word' id='word_1_697' title='bbox 2056 3516 2200 3570; x_wconf 89' lang='lat' dir='ltr'><strong>Cum</strong></span> <span class='ocrx_word' id='word_1_698' title='bbox 2231 3517 2426 3570; x_wconf 89' lang='lat' dir='ltr'><strong>autem</strong></span> <span class='ocrx_word' id='word_1_699' title='bbox 2459 3514 2746 3583; x_wconf 87' lang='lat' dir='ltr'><strong>omnium,</strong></span> <span class='ocrx_word' id='word_1_700' title='bbox 2763 3513 2821 3569; x_wconf 90' lang='lat' dir='ltr'><strong>id</strong></span> <span class='ocrx_word' id='word_1_701' title='bbox 2847 3513 3376 3586; x_wconf 85' lang='lat' dir='ltr'><strong>est,episcoporum</strong></span> <span class='ocrx_word' id='word_1_702' title='bbox 3397 3517 3456 3569; x_wconf 86' lang='lat' dir='ltr'><strong>et</strong></span> <span class='ocrx_word' id='word_1_703' title='bbox 3474 3511 3706 3568; x_wconf 89' lang='lat' dir='ltr'><strong>clerico-</strong></span> 
     </span>
    </p>
   </div>
   <div class='ocr_carea' id='block_1_95' title="bbox 2056 3601 3706 3675">
    <p class='ocr_par' dir='ltr' id='par_1_95' title="bbox 2056 3601 3706 3675">
     <span class='ocr_line' id='line_1_95' title="bbox 2056 3601 3706 3675; baseline -0.001 -17"><span class='ocrx_word' id='word_1_704' title='bbox 2056 3621 2186 3660; x_wconf 91' lang='lat' dir='ltr'><strong>rum</strong></span> <span class='ocrx_word' id='word_1_705' title='bbox 2218 3609 2306 3660; x_wconf 90' lang='lat' dir='ltr'><strong>est</strong></span> <span class='ocrx_word' id='word_1_706' title='bbox 2335 3620 2649 3659; x_wconf 90' lang='lat' dir='ltr'><strong>commune</strong></span> <span class='ocrx_word' id='word_1_707' title='bbox 2678 3601 3028 3675; x_wconf 89' lang='lat' dir='ltr'><strong>periculum,</strong></span> <span class='ocrx_word' id='word_1_708' title='bbox 3063 3601 3102 3656; x_wconf 93' lang='lat' dir='ltr'><strong>ii</strong></span> <span class='ocrx_word' id='word_1_709' title='bbox 3135 3601 3236 3674; x_wconf 89' lang='lat' dir='ltr'><strong>qui</strong></span> <span class='ocrx_word' id='word_1_710' title='bbox 3276 3601 3408 3658; x_wconf 89' lang='lat' dir='ltr'><strong>aliis</strong></span> <span class='ocrx_word' id='word_1_711' title='bbox 3441 3601 3706 3674; x_wconf 84' lang='lat' dir='ltr'><strong>indigent</strong></span> 
     </span>
    </p>
   </div>
   <div class='ocr_carea' id='block_1_96' title="bbox 2057 3679 3702 3764">
    <p class='ocr_par' dir='ltr' id='par_1_96' title="bbox 2057 3679 3702 3764">
     <span class='ocr_line' id='line_1_96' title="bbox 2057 3679 3702 3764; baseline -0.002 -16"><span class='ocrx_word' id='word_1_712' title='bbox 2057 3711 2170 3749; x_wconf 94' lang='lat' dir='ltr'><strong>non</strong></span> <span class='ocrx_word' id='word_1_713' title='bbox 2193 3679 2540 3748; x_wconf 86' lang='lat' dir='ltr'><strong>deserantur</strong></span> <span class='ocrx_word' id='word_1_714' title='bbox 2557 3693 2629 3748; x_wconf 90' lang='lat' dir='ltr'><strong>ab</strong></span> <span class='ocrx_word' id='word_1_715' title='bbox 2651 3692 2745 3748; x_wconf 90' lang='lat' dir='ltr'><strong>his</strong></span> <span class='ocrx_word' id='word_1_716' title='bbox 2764 3691 2982 3764; x_wconf 89' lang='lat' dir='ltr'><strong>quibus</strong></span> <span class='ocrx_word' id='word_1_717' title='bbox 3004 3690 3409 3764; x_wconf 90' lang='lat' dir='ltr'><strong>indigent.Aut</strong></span> <span class='ocrx_word' id='word_1_718' title='bbox 3429 3691 3610 3763; x_wconf 87' lang='lat' dir='ltr'><strong>igitur</strong></span> <span class='ocrx_word' id='word_1_719' title='bbox 3629 3691 3702 3746; x_wconf 90' lang='lat' dir='ltr'><strong>ad</strong></span> 
     </span>
    </p>
   </div>
   <div class='ocr_carea' id='block_1_97' title="bbox 2054 3779 3702 3852">
    <p class='ocr_par' dir='ltr' id='par_1_97' title="bbox 2054 3779 3702 3852">
     <span class='ocr_line' id='line_1_97' title="bbox 2054 3779 3702 3852; baseline -0.001 -14"><span class='ocrx_word' id='word_1_720' title='bbox 2054 3782 2182 3838; x_wconf 90' lang='lat' dir='ltr'><strong>loca</strong></span> <span class='ocrx_word' id='word_1_721' title='bbox 2213 3781 2442 3837; x_wconf 90' lang='lat' dir='ltr'><strong>munita</strong></span> <span class='ocrx_word' id='word_1_722' title='bbox 2469 3798 2676 3838; x_wconf 87' lang='lat' dir='ltr'><strong>omnes</strong></span> <span class='ocrx_word' id='word_1_723' title='bbox 2703 3783 3025 3850; x_wconf 88' lang='lat' dir='ltr'><strong>transeant,</strong></span> <span class='ocrx_word' id='word_1_724' title='bbox 3059 3785 3163 3836; x_wconf 91' lang='lat' dir='ltr'><strong>aut</strong></span> <span class='ocrx_word' id='word_1_725' title='bbox 3201 3779 3300 3852; x_wconf 90' lang='lat' dir='ltr'><strong>qui</strong></span> <span class='ocrx_word' id='word_1_726' title='bbox 3349 3779 3568 3837; x_wconf 87' lang='lat' dir='ltr'><strong>habent</strong></span> <span class='ocrx_word' id='word_1_727' title='bbox 3611 3795 3702 3836; x_wconf 84' lang='lat' dir='ltr'><strong>re-</strong></span> 
     </span>
    </p>
   </div>
   <div class='ocr_carea' id='block_1_98' title="bbox 2055 3867 3706 3942">
    <p class='ocr_par' dir='ltr' id='par_1_98' title="bbox 2055 3867 3706 3942">
     <span class='ocr_line' id='line_1_98' title="bbox 2055 3867 3706 3942; baseline -0.002 -14"><span class='ocrx_word' id='word_1_728' title='bbox 2055 3871 2332 3928; x_wconf 90' lang='lat' dir='ltr'><strong>manendi</strong></span> <span class='ocrx_word' id='word_1_729' title='bbox 2363 3871 2794 3939; x_wconf 88' lang='lat' dir='ltr'><strong>necessitatem,</strong></span> <span class='ocrx_word' id='word_1_730' title='bbox 2816 3886 2931 3926; x_wconf 90' lang='lat' dir='ltr'><strong>non</strong></span> <span class='ocrx_word' id='word_1_731' title='bbox 2963 3867 3375 3942; x_wconf 87' lang='lat' dir='ltr'><strong>relinquantur</strong></span> <span class='ocrx_word' id='word_1_732' title='bbox 3393 3867 3469 3925; x_wconf 88' lang='lat' dir='ltr'><strong>ab</strong></span> <span class='ocrx_word' id='word_1_733' title='bbox 3489 3868 3706 3942; x_wconf 25' lang='lat' dir='ltr'><strong>eis,‘per</strong></span> 
     </span>
    </p>
   </div>
   <div class='ocr_carea' id='block_1_99' title="bbox 2055 3957 3699 4033">
    <p class='ocr_par' dir='ltr' id='par_1_99' title="bbox 2055 3957 3699 4033">
     <span class='ocr_line' id='line_1_99' title="bbox 2055 3957 3699 4033; baseline 0 -17"><span class='ocrx_word' id='word_1_734' title='bbox 2055 3977 2202 4032; x_wconf 88' lang='lat' dir='ltr'><strong>quos</strong></span> <span class='ocrx_word' id='word_1_735' title='bbox 2231 3959 2466 4016; x_wconf 91' lang='lat' dir='ltr'><strong>illorum</strong></span> <span class='ocrx_word' id='word_1_736' title='bbox 2487 3963 2577 4016; x_wconf 90' lang='lat' dir='ltr'><strong>est</strong></span> <span class='ocrx_word' id='word_1_737' title='bbox 2598 3958 2990 4016; x_wconf 89' lang='lat' dir='ltr'><strong>ecclesiastica</strong></span> <span class='ocrx_word' id='word_1_738' title='bbox 3009 3957 3340 4032; x_wconf 87' lang='lat' dir='ltr'><strong>supplenda</strong></span> <span class='ocrx_word' id='word_1_739' title='bbox 3360 3959 3699 4033; x_wconf 80' lang='lat' dir='ltr'><strong>necessitas,</strong></span> 
     </span>
    </p>
   </div>
   <div class='ocr_carea' id='block_1_100' title="bbox 2055 4047 3700 4120">
    <p class='ocr_par' dir='ltr' id='par_1_100' title="bbox 2055 4047 3700 4120">
     <span class='ocr_line' id='line_1_100' title="bbox 2055 4047 3700 4120; baseline 0.001 -16"><span class='ocrx_word' id='word_1_740' title='bbox 2055 4054 2121 4104; x_wconf 88' lang='lat' dir='ltr'><strong>ut</strong></span> <span class='ocrx_word' id='word_1_741' title='bbox 2152 4051 2254 4104; x_wconf 89' lang='lat' dir='ltr'><strong>aut</strong></span> <span class='ocrx_word' id='word_1_742' title='bbox 2278 4048 2496 4120; x_wconf 89' lang='lat' dir='ltr'><strong>pariter</strong></span> <span class='ocrx_word' id='word_1_743' title='bbox 2515 4047 2728 4118; x_wconf 89' lang='lat' dir='ltr'><strong>vivant,</strong></span> <span class='ocrx_word' id='word_1_744' title='bbox 2755 4052 2856 4102; x_wconf 90' lang='lat' dir='ltr'><strong>aut</strong></span> <span class='ocrx_word' id='word_1_745' title='bbox 2875 4048 3094 4120; x_wconf 90' lang='lat' dir='ltr'><strong>pariter</strong></span> <span class='ocrx_word' id='word_1_746' title='bbox 3114 4048 3578 4120; x_wconf 78' lang='lat' dir='ltr'><strong>sufferant,quod</strong></span> <span class='ocrx_word' id='word_1_747' title='bbox 3600 4053 3700 4106; x_wconf 84' lang='lat' dir='ltr'><strong>eos</strong></span> 
     </span>
    </p>
   </div>
   <div class='ocr_carea' id='block_1_101' title="bbox 2054 4135 3702 4209">
    <p class='ocr_par' dir='ltr' id='par_1_101' title="bbox 2054 4135 3702 4209">
     <span class='ocr_line' id='line_1_101' title="bbox 2054 4135 3702 4209; baseline 0 -17"><span class='ocrx_word' id='word_1_748' title='bbox 2054 4135 2474 4209; x_wconf 84' lang='lat' dir='ltr'><strong>paterfamilias</strong></span> <span class='ocrx_word' id='word_1_749' title='bbox 2503 4135 2654 4192; x_wconf 89' lang='lat' dir='ltr'><strong>volet</strong></span> <span class='ocrx_word' id='word_1_750' title='bbox 2693 4136 2932 4207; x_wconf 87' lang='lat' dir='ltr'><strong>perpeti.</strong></span> <span class='ocrx_word' id='word_1_751' title='bbox 2966 4135 3128 4201; x_wconf 87' lang='lat' dir='ltr'><strong>Quod</strong></span> <span class='ocrx_word' id='word_1_752' title='bbox 3179 4135 3230 4190; x_wconf 92' lang='lat' dir='ltr'><strong>si</strong></span> <span class='ocrx_word' id='word_1_753' title='bbox 3281 4135 3609 4208; x_wconf 86' lang='lat' dir='ltr'><strong>contigerit,</strong></span> <span class='ocrx_word' id='word_1_754' title='bbox 3639 4141 3702 4192; x_wconf 82' lang='lat' dir='ltr'><strong>ut</strong></span> 
     </span>
    </p>
   </div>
   <div class='ocr_carea' id='block_1_102' title="bbox 2056 4222 3703 4296">
    <p class='ocr_par' dir='ltr' id='par_1_102' title="bbox 2056 4222 3703 4296">
     <span class='ocr_line' id='line_1_102' title="bbox 2056 4222 3703 4296; baseline -0.001 -15"><span class='ocrx_word' id='word_1_755' title='bbox 2056 4225 2174 4281; x_wconf 92' lang='lat' dir='ltr'><strong>sive</strong></span> <span class='ocrx_word' id='word_1_756' title='bbox 2203 4223 2302 4281; x_wconf 89' lang='lat' dir='ltr'><strong>alii</strong></span> <span class='ocrx_word' id='word_1_757' title='bbox 2333 4225 2548 4295; x_wconf 80' lang='lat' dir='ltr'><strong>majus,</strong></span> <span class='ocrx_word' id='word_1_758' title='bbox 2582 4223 2680 4278; x_wconf 91' lang='lat' dir='ltr'><strong>alii</strong></span> <span class='ocrx_word' id='word_1_759' title='bbox 2726 4223 2944 4291; x_wconf 91' lang='lat' dir='ltr'><strong>minus,</strong></span> <span class='ocrx_word' id='word_1_760' title='bbox 2979 4222 3100 4278; x_wconf 90' lang='lat' dir='ltr'><strong>sive</strong></span> <span class='ocrx_word' id='word_1_761' title='bbox 3147 4236 3352 4279; x_wconf 89' lang='lat' dir='ltr'><strong>omnes</strong></span> <span class='ocrx_word' id='word_1_762' title='bbox 3401 4222 3703 4296; x_wconf 67' lang='lat' dir='ltr'><strong>aequaliter</strong></span> 
     </span>
    </p>
   </div>
   <div class='ocr_carea' id='block_1_103' title="bbox 2056 4308 3705 4386">
    <p class='ocr_par' dir='ltr' id='par_1_103' title="bbox 2056 4308 3705 4386">
     <span class='ocr_line' id='line_1_103' title="bbox 2056 4308 3705 4386; baseline -0.001 -17"><span class='ocrx_word' id='word_1_763' title='bbox 2056 4313 2373 4386; x_wconf 89' lang='lat' dir='ltr'><strong>patiantur,</strong></span> <span class='ocrx_word' id='word_1_764' title='bbox 2407 4312 2508 4384; x_wconf 91' lang='lat' dir='ltr'><strong>qui</strong></span> <span class='ocrx_word' id='word_1_765' title='bbox 2537 4327 2738 4368; x_wconf 89' lang='lat' dir='ltr'><strong>eorum</strong></span> <span class='ocrx_word' id='word_1_766' title='bbox 2771 4310 2892 4366; x_wconf 88' lang='lat' dir='ltr'><strong>sint</strong></span> <span class='ocrx_word' id='word_1_767' title='bbox 2920 4310 3021 4382; x_wconf 88' lang='lat' dir='ltr'><strong>qui</strong></span> <span class='ocrx_word' id='word_1_768' title='bbox 3062 4325 3167 4382; x_wconf 91' lang='lat' dir='ltr'><strong>pro</strong></span> <span class='ocrx_word' id='word_1_769' title='bbox 3213 4308 3346 4366; x_wconf 90' lang='lat' dir='ltr'><strong>aliis</strong></span> <span class='ocrx_word' id='word_1_770' title='bbox 3395 4310 3705 4383; x_wconf 79' lang='lat' dir='ltr'><strong>patiuntur</strong></span> 
     </span>
    </p>
   </div>
   <div class='ocr_carea' id='block_1_104' title="bbox 2056 4391 3702 4476">
    <p class='ocr_par' dir='ltr' id='par_1_104' title="bbox 2056 4391 3702 4476">
     <span class='ocr_line' id='line_1_104' title="bbox 2056 4391 3702 4476; baseline -0.001 -18"><span class='ocrx_word' id='word_1_771' title='bbox 2056 4405 2315 4476; x_wconf 90' lang='lat' dir='ltr'><strong>apparet,</strong></span> <span class='ocrx_word' id='word_1_772' title='bbox 2349 4400 2432 4456; x_wconf 89' lang='lat' dir='ltr'><strong>illi</strong></span> <span class='ocrx_word' id='word_1_773' title='bbox 2477 4400 2718 4468; x_wconf 89' lang='lat' dir='ltr'><strong>scilicet,</strong></span> <span class='ocrx_word' id='word_1_774' title='bbox 2753 4398 2854 4472; x_wconf 91' lang='lat' dir='ltr'><strong>qui</strong></span> <span class='ocrx_word' id='word_1_775' title='bbox 2903 4415 3038 4454; x_wconf 91' lang='lat' dir='ltr'><strong>cum</strong></span> <span class='ocrx_word' id='word_1_776' title='bbox 3088 4415 3150 4455; x_wconf 90' lang='lat' dir='ltr'><strong>se</strong></span> <span class='ocrx_word' id='word_1_777' title='bbox 3197 4403 3438 4472; x_wconf 84' lang='lat' dir='ltr'><strong>possent</strong></span> <span class='ocrx_word' id='word_1_778' title='bbox 3481 4391 3702 4456; x_wconf 78' lang='lat' dir='ltr'><strong>talibus</strong></span> 
     </span>
    </p>
   </div>
   <div class='ocr_carea' id='block_1_105' title="bbox 2057 4485 3705 4564">
    <p class='ocr_par' dir='ltr' id='par_1_105' title="bbox 2057 4485 3705 4564">
     <span class='ocr_line' id='line_1_105' title="bbox 2057 4485 3705 4564; baseline 0.001 -18"><span class='ocrx_word' id='word_1_779' title='bbox 2057 4490 2228 4547; x_wconf 85' lang='lat' dir='ltr'><strong>malis</strong></span> <span class='ocrx_word' id='word_1_780' title='bbox 2251 4491 2473 4564; x_wconf 90' lang='lat' dir='ltr'><strong>eripere</strong></span> <span class='ocrx_word' id='word_1_781' title='bbox 2493 4489 2792 4562; x_wconf 91' lang='lat' dir='ltr'><strong>fugiendo,</strong></span> <span class='ocrx_word' id='word_1_782' title='bbox 2807 4505 2878 4545; x_wconf 90' lang='lat' dir='ltr'><strong>ne</strong></span> <span class='ocrx_word' id='word_1_783' title='bbox 2900 4485 3148 4544; x_wconf 90' lang='lat' dir='ltr'><strong>aliorum</strong></span> <span class='ocrx_word' id='word_1_784' title='bbox 3175 4487 3587 4546; x_wconf 85' lang='lat' dir='ltr'><strong>necessitatem</strong></span> <span class='ocrx_word' id='word_1_785' title='bbox 3609 4491 3705 4547; x_wconf 85' lang='lat' dir='ltr'><strong>de-</strong></span> 
     </span>
    </p>
   </div>
   <div class='ocr_carea' id='block_1_106' title="bbox 2060 4575 3706 4651">
    <p class='ocr_par' dir='ltr' id='par_1_106' title="bbox 2060 4575 3706 4651">
     <span class='ocr_line' id='line_1_106' title="bbox 2060 4575 3706 4651; baseline 0 -15"><span class='ocrx_word' id='word_1_786' title='bbox 2060 4585 2318 4636; x_wconf 89' lang='lat' dir='ltr'><strong>sererent</strong></span> <span class='ocrx_word' id='word_1_787' title='bbox 2347 4596 2582 4635; x_wconf 91' lang='lat' dir='ltr'><strong>manere</strong></span> <span class='ocrx_word' id='word_1_788' title='bbox 2615 4577 3120 4634; x_wconf 89' lang='lat' dir='ltr'><strong>maluerunt.Hinc</strong></span> <span class='ocrx_word' id='word_1_789' title='bbox 3141 4575 3393 4634; x_wconf 79' lang='lat' dir='ltr'><strong>maxime</strong></span> <span class='ocrx_word' id='word_1_790' title='bbox 3423 4579 3706 4651; x_wconf 80' lang='lat' dir='ltr'><strong>probatur</strong></span> 
     </span>
    </p>
   </div>
   <div class='ocr_carea' id='block_1_107' title="bbox 2054 4665 3706 4740">
    <p class='ocr_par' dir='ltr' id='par_1_107' title="bbox 2054 4665 3706 4740">
     <span class='ocr_line' id='line_1_107' title="bbox 2054 4665 3706 4740; baseline 0.001 -16"><span class='ocrx_word' id='word_1_791' title='bbox 2054 4669 2154 4724; x_wconf 90' lang='lat' dir='ltr'><strong>illa</strong></span> <span class='ocrx_word' id='word_1_792' title='bbox 2181 4668 2457 4735; x_wconf 89' lang='lat' dir='ltr'><strong>charitas,</strong></span> <span class='ocrx_word' id='word_1_793' title='bbox 2491 4683 2668 4740; x_wconf 88' lang='lat' dir='ltr'><strong>quam</strong></span> <span class='ocrx_word' id='word_1_794' title='bbox 2697 4667 2954 4722; x_wconf 89' lang='lat' dir='ltr'><strong>Joannes</strong></span> <span class='ocrx_word' id='word_1_795' title='bbox 2997 4666 3297 4740; x_wconf 87' lang='lat' dir='ltr'><strong>apostolus</strong></span> <span class='ocrx_word' id='word_1_796' title='bbox 3334 4665 3706 4726; x_wconf 84' lang='lat' dir='ltr'><strong>commendat</strong></span> 
     </span>
    </p>
   </div>
   <div class='ocr_carea' id='block_1_108' title="bbox 2054 4755 3704 4831">
    <p class='ocr_par' dir='ltr' id='par_1_108' title="bbox 2054 4755 3704 4831">
     <span class='ocr_line' id='line_1_108' title="bbox 2054 4755 3704 4831; baseline 0 -19"><span class='ocrx_word' id='word_1_797' title='bbox 2054 4757 2255 4813; x_wconf 88' lang='lat' dir='ltr'><strong>dicens</strong></span> <span class='ocrx_word' id='word_1_798' title='bbox 2307 4757 2357 4831; x_wconf 86' lang='lat' dir='ltr'><strong>(I</strong></span> <span class='ocrx_word' id='word_1_799' title='bbox 2399 4759 2553 4814; x_wconf 79' lang='lat' dir='ltr'><strong>Joan.</strong></span> <span class='ocrx_word' id='word_1_800' title='bbox 2606 4773 2686 4822; x_wconf 83' lang='lat' dir='ltr'><strong>Ill,</strong></span> <span class='ocrx_word' id='word_1_801' title='bbox 2729 4755 2816 4828; x_wconf 88' lang='grc'><strong>15)</strong></span> <span class='ocrx_word' id='word_1_802' title='bbox 2851 4771 2865 4810; x_wconf 88' lang='lat'><strong>:</strong></span> <span class='ocrx_word' id='word_1_803' title='bbox 2899 4755 3062 4812; x_wconf 89' lang='lat' dir='ltr'><strong>Sicut</strong></span> <span class='ocrx_word' id='word_1_804' title='bbox 3117 4755 3387 4813; x_wconf 86' lang='lat' dir='ltr'><strong>Christus</strong></span> <span class='ocrx_word' id='word_1_805' title='bbox 3442 4757 3704 4814; x_wconf 79' lang='lat' dir='ltr'><strong>animum</strong></span> 
     </span>
    </p>
   </div>
   <div class='ocr_carea' id='block_1_109' title="bbox 2054 4832 3705 4918">
    <p class='ocr_par' dir='ltr' id='par_1_109' title="bbox 2054 4832 3705 4918">
     <span class='ocr_line' id='line_1_109' title="bbox 2054 4832 3705 4918; baseline -0.001 -15"><span class='ocrx_word' id='word_1_806' title='bbox 2054 4864 2223 4904; x_wconf 91' lang='lat' dir='ltr'><strong>suam</strong></span> <span class='ocrx_word' id='word_1_807' title='bbox 2257 4863 2360 4918; x_wconf 89' lang='lat' dir='ltr'><strong>pro</strong></span> <span class='ocrx_word' id='word_1_808' title='bbox 2393 4846 2560 4902; x_wconf 87' lang='lat' dir='ltr'><strong>nobis</strong></span> <span class='ocrx_word' id='word_1_809' title='bbox 2596 4844 2906 4918; x_wconf 88' lang='lat' dir='ltr'><strong>posuit,sic</strong></span> <span class='ocrx_word' id='word_1_810' title='bbox 2936 4849 2993 4901; x_wconf 89' lang='lat' dir='ltr'><strong>et</strong></span> <span class='ocrx_word' id='word_1_811' title='bbox 3023 4855 3130 4902; x_wconf 88' lang='lat' dir='ltr'><strong>nos</strong></span> <span class='ocrx_word' id='word_1_812' title='bbox 3161 4847 3445 4904; x_wconf 86' lang='lat' dir='ltr'><strong>debemus</strong></span> <span class='ocrx_word' id='word_1_813' title='bbox 3475 4832 3705 4903; x_wconf 81' lang='lat' dir='ltr'><strong>animas</strong></span> 
     </span>
    </p>
   </div>
   <div class='ocr_carea' id='block_1_110' title="bbox 2055 4934 3704 5011">
    <p class='ocr_par' dir='ltr' id='par_1_110' title="bbox 2055 4934 3704 5011">
     <span class='ocr_line' id='line_1_110' title="bbox 2055 4934 3704 5011; baseline -0.001 -19"><span class='ocrx_word' id='word_1_814' title='bbox 2055 4955 2159 5011; x_wconf 90' lang='lat' dir='ltr'><strong>pro</strong></span> <span class='ocrx_word' id='word_1_815' title='bbox 2185 4935 2460 4992; x_wconf 80' lang='lat' dir='ltr'><strong>fratribus</strong></span> <span class='ocrx_word' id='word_1_816' title='bbox 2491 4951 2724 5007; x_wconf 89' lang='lat' dir='ltr'><strong>ponere.</strong></span> <span class='ocrx_word' id='word_1_817' title='bbox 2760 4934 2908 4998; x_wconf 87' lang='lat' dir='ltr'><strong>Nam</strong></span> <span class='ocrx_word' id='word_1_818' title='bbox 2935 4934 3036 5006; x_wconf 91' lang='lat' dir='ltr'><strong>qui</strong></span> <span class='ocrx_word' id='word_1_819' title='bbox 3066 4935 3417 5009; x_wconf 89' lang='lat' dir='ltr'><strong>fugiunt,vel</strong></span> <span class='ocrx_word' id='word_1_820' title='bbox 3447 4936 3574 4992; x_wconf 89' lang='lat' dir='ltr'><strong>suis</strong></span> <span class='ocrx_word' id='word_1_821' title='bbox 3606 4935 3704 4990; x_wconf 84' lang='lat' dir='ltr'><strong>de-</strong></span> 
     </span>
    </p>
   </div>
   <div class='ocr_carea' id='block_1_111' title="bbox 2054 5023 3706 5098">
    <p class='ocr_par' dir='ltr' id='par_1_111' title="bbox 2054 5023 3706 5098">
     <span class='ocr_line' id='line_1_111' title="bbox 2054 5023 3706 5098; baseline -0.002 -16"><span class='ocrx_word' id='word_1_822' title='bbox 2054 5025 2231 5082; x_wconf 89' lang='lat' dir='ltr'><strong>vincti</strong></span> <span class='ocrx_word' id='word_1_823' title='bbox 2265 5024 2712 5081; x_wconf 87' lang='lat' dir='ltr'><strong>necessitatibus</strong></span> <span class='ocrx_word' id='word_1_824' title='bbox 2743 5024 2940 5096; x_wconf 86' lang='lat' dir='ltr'><strong>fugere</strong></span> <span class='ocrx_word' id='word_1_825' title='bbox 2963 5041 3076 5080; x_wconf 93' lang='lat' dir='ltr'><strong>non</strong></span> <span class='ocrx_word' id='word_1_826' title='bbox 3101 5023 3427 5098; x_wconf 89' lang='lat' dir='ltr'><strong>possunt,si</strong></span> <span class='ocrx_word' id='word_1_827' title='bbox 3449 5037 3706 5095; x_wconf 73' lang='lat' dir='ltr'><strong>compre-</strong></span> 
     </span>
    </p>
   </div>
   <div class='ocr_carea' id='block_1_112' title="bbox 2057 5111 3706 5188">
    <p class='ocr_par' dir='ltr' id='par_1_112' title="bbox 2057 5111 3706 5188">
     <span class='ocr_line' id='line_1_112' title="bbox 2057 5111 3706 5188; baseline -0.004 -16"><span class='ocrx_word' id='word_1_828' title='bbox 2057 5115 2224 5172; x_wconf 88' lang='lat' dir='ltr'><strong>hensi</strong></span> <span class='ocrx_word' id='word_1_829' title='bbox 2256 5114 2579 5188; x_wconf 89' lang='lat' dir='ltr'><strong>patiuntur,</strong></span> <span class='ocrx_word' id='word_1_830' title='bbox 2614 5130 2718 5186; x_wconf 91' lang='lat' dir='ltr'><strong>pro</strong></span> <span class='ocrx_word' id='word_1_831' title='bbox 2762 5113 2974 5187; x_wconf 88' lang='lat' dir='ltr'><strong>seipsis</strong></span> <span class='ocrx_word' id='word_1_832' title='bbox 3005 5131 3122 5170; x_wconf 89' lang='lat' dir='ltr'><strong>non</strong></span> <span class='ocrx_word' id='word_1_833' title='bbox 3147 5131 3250 5186; x_wconf 88' lang='lat' dir='ltr'><strong>pro</strong></span> <span class='ocrx_word' id='word_1_834' title='bbox 3281 5111 3560 5170; x_wconf 86' lang='lat' dir='ltr'><strong>fratribus</strong></span> <span class='ocrx_word' id='word_1_835' title='bbox 3590 5111 3706 5167; x_wconf 86' lang='lat' dir='ltr'><strong>uti-</strong></span> 
     </span>
    </p>
   </div>
   <div class='ocr_carea' id='block_1_113' title="bbox 2059 5201 3708 5277">
    <p class='ocr_par' dir='ltr' id='par_1_113' title="bbox 2059 5201 3708 5277">
     <span class='ocr_line' id='line_1_113' title="bbox 2059 5201 3708 5277; baseline -0.002 -18"><span class='ocrx_word' id='word_1_836' title='bbox 2059 5221 2173 5277; x_wconf 91' lang='lat' dir='ltr'><strong>que</strong></span> <span class='ocrx_word' id='word_1_837' title='bbox 2204 5201 2525 5276; x_wconf 90' lang='lat' dir='ltr'><strong>patiuntur.</strong></span> <span class='ocrx_word' id='word_1_838' title='bbox 2552 5202 2658 5269; x_wconf 91' lang='lat' dir='ltr'><strong>Qui</strong></span> <span class='ocrx_word' id='word_1_839' title='bbox 2706 5220 2838 5259; x_wconf 85' lang='lat' dir='ltr'><strong>vero</strong></span> <span class='ocrx_word' id='word_1_840' title='bbox 2887 5207 3193 5276; x_wconf 86' lang='lat' dir='ltr'><strong>propterea</strong></span> <span class='ocrx_word' id='word_1_841' title='bbox 3235 5201 3542 5274; x_wconf 88' lang='lat' dir='ltr'><strong>patiuntur</strong></span> <span class='ocrx_word' id='word_1_842' title='bbox 3567 5201 3708 5274; x_wconf 84' lang='lat' dir='ltr'><strong>quia</strong></span> 
     </span>
    </p>
   </div>
   <div class='ocr_carea' id='block_1_114' title="bbox 2059 5289 3704 5364">
    <p class='ocr_par' dir='ltr' id='par_1_114' title="bbox 2059 5289 3704 5364">
     <span class='ocr_line' id='line_1_114' title="bbox 2059 5289 3704 5364; baseline -0.002 -15"><span class='ocrx_word' id='word_1_843' title='bbox 2059 5295 2288 5362; x_wconf 88' lang='lat' dir='ltr'><strong>fratres,</strong></span> <span class='ocrx_word' id='word_1_844' title='bbox 2321 5293 2421 5364; x_wconf 88' lang='lat' dir='ltr'><strong>qui</strong></span> <span class='ocrx_word' id='word_1_845' title='bbox 2445 5292 2528 5348; x_wconf 91' lang='lat' dir='ltr'><strong>eis</strong></span> <span class='ocrx_word' id='word_1_846' title='bbox 2553 5293 2626 5348; x_wconf 90' lang='lat' dir='ltr'><strong>ad</strong></span> <span class='ocrx_word' id='word_1_847' title='bbox 2656 5292 3046 5349; x_wconf 88' lang='lat' dir='ltr'><strong>Christianam</strong></span> <span class='ocrx_word' id='word_1_848' title='bbox 3067 5291 3317 5348; x_wconf 85' lang='lat' dir='ltr'><strong>salutem</strong></span> <span class='ocrx_word' id='word_1_849' title='bbox 3341 5289 3704 5364; x_wconf 86' lang='lat' dir='ltr'><strong>indigebant,</strong></span> 
     </span>
    </p>
   </div>
   <div class='ocr_carea' id='block_1_115' title="bbox 2061 5379 3706 5454">
    <p class='ocr_par' dir='ltr' id='par_1_115' title="bbox 2061 5379 3706 5454">
     <span class='ocr_line' id='line_1_115' title="bbox 2061 5379 3706 5454; baseline -0.001 -14"><span class='ocrx_word' id='word_1_850' title='bbox 2061 5385 2325 5440; x_wconf 90' lang='lat' dir='ltr'><strong>deserere</strong></span> <span class='ocrx_word' id='word_1_851' title='bbox 2375 5382 2709 5450; x_wconf 87' lang='lat' dir='ltr'><strong>noluerunt,</strong></span> <span class='ocrx_word' id='word_1_852' title='bbox 2743 5383 2868 5438; x_wconf 91' lang='lat' dir='ltr'><strong>sine</strong></span> <span class='ocrx_word' id='word_1_853' title='bbox 2915 5381 3092 5438; x_wconf 92' lang='lat' dir='ltr'><strong>dubio</strong></span> <span class='ocrx_word' id='word_1_854' title='bbox 3141 5397 3280 5438; x_wconf 87' lang='lat' dir='ltr'><strong>suas</strong></span> <span class='ocrx_word' id='word_1_855' title='bbox 3328 5379 3557 5438; x_wconf 88' lang='lat' dir='ltr'><strong>animas</strong></span> <span class='ocrx_word' id='word_1_856' title='bbox 3601 5397 3706 5454; x_wconf 87' lang='lat' dir='ltr'><strong>pro</strong></span> 
     </span>
    </p>
   </div>
   <div class='ocr_carea' id='block_1_116' title="bbox 2062 5471 2681 5544">
    <p class='ocr_par' dir='ltr' id='par_1_116' title="bbox 2062 5471 2681 5544">
     <span class='ocr_line' id='line_1_116' title="bbox 2062 5471 2681 5544; baseline -0.005 -16"><span class='ocrx_word' id='word_1_857' title='bbox 2062 5471 2342 5528; x_wconf 87' lang='lat' dir='ltr'><strong>fratribus</strong></span> <span class='ocrx_word' id='word_1_858' title='bbox 2371 5475 2616 5544; x_wconf 88' lang='lat' dir='ltr'><strong>ponunt.</strong></span> <span class='ocrx_word' id='word_1_859' title='bbox 2639 5483 2681 5520; x_wconf 73' lang='lat' dir='ltr'><strong>‘n</strong></span> 
     </span>
    </p>
   </div>
   <div class='ocr_carea' id='block_1_117' title="bbox 2135 5557 3710 5622">
    <p class='ocr_par' dir='ltr' id='par_1_117' title="bbox 2135 5557 3710 5622">
     <span class='ocr_line' id='line_1_117' title="bbox 2135 5557 3710 5622; baseline 0.001 -1"><span class='ocrx_word' id='word_1_860' title='bbox 2135 5561 2270 5621; x_wconf 74' lang='lat' dir='ltr'><strong>CAP.</strong></span> <span class='ocrx_word' id='word_1_861' title='bbox 2307 5559 2476 5620; x_wconf 88' lang='lat' dir='ltr'><strong>XVII.</strong></span> <span class='ocrx_word' id='word_1_862' title='bbox 2511 5559 2606 5621; x_wconf 87' lang='lat' dir='ltr'><strong>Sic</strong></span> <span class='ocrx_word' id='word_1_863' title='bbox 2637 5559 2794 5619; x_wconf 88' lang='lat' dir='ltr'><strong>enim</strong></span> <span class='ocrx_word' id='word_1_864' title='bbox 2824 5557 2959 5618; x_wconf 84' lang='lat' dir='ltr'><strong>fecit</strong></span> <span class='ocrx_word' id='word_1_865' title='bbox 2987 5562 3230 5620; x_wconf 85' lang='lat' dir='ltr'><strong>sanctus</strong></span> <span class='ocrx_word' id='word_1_866' title='bbox 3257 5558 3528 5620; x_wconf 84' lang='lat' dir='ltr'><strong>Nicasius</strong></span> <span class='ocrx_word' id='word_1_867' title='bbox 3551 5559 3710 5622; x_wconf 80' lang='lat' dir='ltr'><strong>Rhe-</strong></span> 
     </span>
    </p>
   </div>
   <div class='ocr_carea' id='block_1_118' title="bbox 3310 5689 3384 5752">
    <p class='ocr_par' dir='ltr' id='par_1_118' title="bbox 3310 5689 3384 5752">
     <span class='ocr_line' id='line_1_118' title="bbox 3310 5689 3384 5752; baseline -0.014 0"><span class='ocrx_word' id='word_1_868' title='bbox 3310 5689 3384 5752; x_wconf 75' lang='lat' dir='ltr'><strong>3i</strong></span> 
     </span>
    </p>
   </div>
  </div>
