3976 6188
389 295 501 352 971

1168 288 1546 350 HINCMARI
1596 287 1838 349 RHEM.
1888 284 2248 349 ARCHIEP.
2295 289 2705 354 OPUSCULA
2747 292 3011 354 VARIA.

3670 293 3778 353 972

388 435 620 477 morum
679 421 1012 494 epiccopus,
1047 422 1148 493 qui
1206 425 1468 494 tempore
1524 421 1918 476 Vandalorum
1980 419 2040 472 in
2070 423 2127 486 Α
2159 421 2466 476 utilitatem
2499 422 2852 494 pertinuisse
2883 422 3325 497 cognoscitis,ut
3347 423 3508 482 salva
3535 423 3784 481 clemen-

389 509 796 582 persecutione
826 509 1080 582 generali
1115 527 1283 566 suam
1309 528 1422 565 non
1447 510 1703 566 deseruit
1725 509 2038 574 civitatem,

387 604 445 653 et
467 599 629 654 intra
658 599 912 671 parietes
934 598 1192 655 ecclesia:
1216 601 1492 671 martyrio
1518 600 1730 654 meruit
1751 597 2036 654 coronari.

389 687 484 742 Sic
512 688 717 744 eodem
749 693 1008 761 tempore
1037 693 1276 744 sanctus
1301 688 1744 755 Anianus,sicut
1764 687 1821 742 in
1857 687 2042 742 sacris

347 823 353 828 .
391 776 654 832 historiis
683 775 914 850 legitur.
931 777 1026 832 Sic
1048 777 1254 832 beatus
1279 779 1568 849 Lupus,ut
1588 778 1646 832 in
1669 777 1798 848 ejus
1821 777 2040 849 hymno

349 909 357 915 .
391 863 651 921 canitur:
675 865 828 921 Dum
851 864 1006 920 bella
1023 871 1234 921 cuncta
1255 866 1804 938 perderent,orando
1827 867 2040 921 'l‘recas

391 953 724 1011 muniit.Sic
737 957 980 1011 sanctus
1003 955 1303 1027 Remigius
1329 954 1685 1010 Rhemorum
1708 954 2038 1026 episcopus,

392 1043 940 1116 supervenientibus
966 1035 1204 1099 Francis
1235 1043 1479 1115 paganis
1509 1044 1568 1098 in
1593 1043 1883 1115 Belgicam
1905 1044 2044 1098 dim-

292 1130 300 1140 ’
392 1148 589 1189 ceseos
619 1147 740 1188 suae
771 1132 1151 1204 provinciam,
1171 1131 1488 1187 Ecclesium
1521 1149 1689 1188 suam
1723 1149 1836 1188 non
1869 1133 2040 1187 dese-

353 1245 357 1250 τ
392 1221 530 1291 ruit,
563 1221 665 1277 sed
695 1221 1081 1286 orationibus,
1115 1224 1173 1276 et
1205 1221 1424 1276 sanctis
1455 1221 1735 1293 exemplis
1775 1221 2038 1276 ferocita-

391 1316 509 1368 tem
539 1311 732 1385 gentis
759 1309 1111 1384 perdomuit,
1146 1314 1204 1365 et
1254 1311 1313 1366 in
1361 1311 1556 1367 verbis
1604 1311 1728 1366 suis
1777 1315 2040 1366 monstra

347 1421 360 1440 τ
390 1399 642 1474 placavit
672 1415 684 1456 :
717 1402 776 1454 et
806 1415 918 1454 non
953 1397 1145 1454 solum
1179 1399 1537 1470 provinciam
1586 1415 1754 1455 suam
1787 1417 1822 1455 a
1847 1399 2038 1471 gladio

388 1487 591 1562 gentili
621 1486 856 1559 eripuit,
879 1503 1081 1542 verum
1108 1490 1166 1542 et
1195 1492 1428 1560 gentem
1453 1503 1742 1560 paganam
1767 1489 1838 1544 ad
1865 1489 2038 1544 ﬁdem

348 1612 356 1618 -
387 1575 625 1647 Christi,
658 1580 1004 1648 cooperante
1035 1577 1246 1648 gratia,
1283 1577 1584 1645 convertit,
1619 1581 1676 1632 et
1707 1577 1819 1631 tria
1857 1575 2040 1632 millia

347 1701 356 1706 -
390 1679 753 1738 paganorum
791 1681 909 1720 una
941 1681 1076 1720 cum
1111 1680 1242 1736 rege
1274 1665 1332 1719 in
1364 1664 1561 1738 vigilia
1591 1665 1776 1720 sancti
1807 1665 2038 1720 Paschae

2153 509 2243 563 tiae
2274 515 2474 566 vestra:
2508 513 2692 578 venia,
2725 512 2993 568 charitati
3026 529 3118 568 me
3154 517 3213 568 et
3257 513 3532 585 precibus
3577 513 3784 570 civium

2153 615 2265 652 non
2309 617 2601 671 negarem,
2635 606 2746 655 etc.
2783 623 2810 650 ››
2843 601 2913 656 Et
2938 600 2998 655 in
3031 599 3280 674 epistola
3327 603 3398 658 ad
3449 603 3788 659 Martianum

2148 690 2478 758 Augustum
2539 689 2716 761 (epist.
2777 690 2922 761 41:):
2965 690 3307 746 Sacerdotes
3371 690 3788 762 provinciarum

2149 775 2413 830 omnium
2445 777 2788 850 congregari
2821 777 3134 850 praesentis
3164 780 3444 850 temporis
3488 779 3790 836 necessitas

2109 905 2114 909 .
2150 863 2312 920 nulla
2340 866 2562 920 ratione
2591 865 2893 939 permittit,
2927 867 3204 939 quoniam
3236 865 3348 922 illa:
3381 868 3790 940 provinciaa,de

2149 953 2365 1024 quibus
2399 955 2650 1010 maxime
2681 960 2822 1011 sunt
2849 955 3519 1028 evocandi,inquietante
3549 956 3788 1025 bello,ab

2150 1042 2424 1098 Ecclesiis
2455 1044 2580 1099 suis
2617 1060 2718 1098 eos
2767 1061 2884 1099 non
2935 1044 3238 1116 patiuntur
3281 1045 3608 1102 abscedere.
3641 1047 3710 1101 Et
3740 1045 3788 1100 in

2147 1132 2480 1187 Canonibus
2525 1132 2730 1187 Africae
2778 1132 3086 1205 provinciae
3135 1137 3278 1206 (cap.
3311 1135 3402 1201 57,
3435 1134 3501 1206 de
3535 1136 3790 1206 episcopis

2146 1221 2392 1293 Numid.)
2423 1220 2675 1292 legimus
2707 1221 3010 1292 episcopos
3061 1221 3133 1276 de
3182 1221 3458 1278 Numidia
3505 1224 3789 1294 provincia

2139 1310 2301 1380 juste
2329 1313 2386 1364 et
2431 1309 2857 1364 rationabiliter
2901 1315 3233 1378 excusatos,
3267 1309 3406 1382 quia
3457 1310 3676 1382 legatos
3725 1312 3788 1366 ad

2148 1397 2474 1454 universale
2503 1397 2817 1454 concilium
2848 1398 3026 1454 etiam
3057 1415 3161 1471 pro
3191 1399 3606 1456 communibus
3627 1405 3683 1456 et
3700 1416 3787 1456 ec-

2147 1487 2492 1546 clesiasticis
2511 1486 2760 1558 negotiis
2783 1503 2898 1542 non
2921 1487 3517 1560 miserunt,quoniam
3541 1488 3787 1545 tumultu

2147 1575 2405 1632 tironum
2425 1576 2688 1648 propriis
2716 1575 3167 1632 necessitatibus
3199 1577 3258 1632 in
3289 1576 3624 1633 civitatibus
3648 1579 3784 1645 suis,

2150 1670 2251 1722 aut
2279 1665 2566 1738 impediti,
2599 1669 2702 1720 aut
2728 1664 2988 1722 excusati
3030 1671 3458 1723 remanserunt.
3487 1690 3516 1715 ››

351 1801 361 1809 .
389 1755 460 1810 ad
485 1753 741 1828 gratiam
774 1753 1054 1852 baptismi
1089 1753 1376 1852 perduxit,
1405 1754 1860 1810 riteobservans
1884 1755 2039 1826 quod
2069 1788 2116 1852 Β
2219 1755 2346 1811 CAP.
2378 1755 2517 1810 XlX.
2553 1753 2695 1810 Ilinc
2747 1770 2884 1827 ergo
2933 1757 3023 1810 est
3067 1751 3487 1827 colligendum,
3519 1755 3570 1812 si
3608 1773 3784 1812 causa

351 1891 358 1898 .
387 1846 630 1900 sanctus
661 1843 982 1916 Gregorius
1007 1842 1065 1897 in
1097 1841 1340 1898 homilia
1379 1843 1696 1900 Ezechielis
1744 1843 2038 1916 prophetae
2071 1841 2115 1852 "
2150 1844 2284 1899 ﬁdei
2300 1848 2358 1900 et
2373 1843 2630 1915 generali
2649 1843 3179 1900 eeclesiasticarum
3200 1843 3608 1900 deﬁnitionum
3631 1861 3784 1917 nego-

350 1979 360 1988 .
388 1931 647 1988 Danielis
691 1947 985 2003 exponens
1034 1931 1390 1988 sententiam
1422 1933 1589 2001 (hom.
1619 1933 1656 1986 5
1685 1934 1742 1988 in
1774 1933 1988 2005 Ezech.)
2024 1949 2036 1988 :

358 2069 364 2074 .
394 2021 641 2077 Thronus
668 2021 786 2092 ejus
813 2021 1041 2090 ﬂamma
1071 2023 1241 2090 ignis,
1274 2029 1411 2078 rotae
1438 2021 1557 2094 ejus
1586 2023 1734 2090 ignis
1764 2037 2038 2078 accensus.

351 2143 360 2148 -
387 2133 414 2160 ‹‹
449 2109 517 2164 Hi
549 2109 732 2177 enim,
762 2108 976 2182 inquit.
1010 2109 1112 2182 qui
1142 2109 1479 2166 animarum
1512 2111 1786 2166 custodes
1817 2115 2042 2178 sunt,et

349 2233 359 2236 -
383 2197 661 2270 pascendi
691 2191 886 2270 gregis
917 2213 1095 2252 onera
1123 2202 1765 2270 susceperunt,mutare
1785 2198 1913 2253 loca
1935 2199 2042 2253 mi-

387 2285 544 2340 nime
577 2285 1002 2358 permittuntur
1035 2301 1048 2340 :
1077 2287 1180 2340 sed
1211 2285 1352 2357 quia
1379 2303 1496 2341 uno
1529 2287 1587 2340 in
1612 2285 1738 2342 loco
1761 2287 1933 2358 positi
1956 2287 2040 2342 di-

351 2423 358 2434 ,
380 2373 643 2430 vinitatis
663 2372 724 2428 in
742 2389 805 2428 se
827 2374 1195 2444 praesentiam
1216 2379 1453 2446 portant
1473 2379 1532 2430 et
1553 2375 1848 2442 ardent,th
1860 2392 2038 2430 ronus

353 2490 358 2504 ι
391 2463 493 2520 Dei
524 2463 764 2519 ﬂamma
797 2462 951 2536 ignis
983 2462 1218 2519 dicitur.
1255 2485 1284 2512 ››
1317 2463 1386 2519 Et
1415 2463 1552 2518 hinc
1583 2469 1822 2520 sanctus
1850 2467 2042 2538 Augu-

381 2553 578 2609 stinus
598 2551 658 2607 in
683 2552 920 2624 praefata
941 2550 1189 2624 epistola
1216 2552 1286 2606 ad
1311 2552 1672 2608 Honoratum
1695 2553 2037 2626 episcopum

351 2643 553 2714 (epist.
590 2641 712 2708 180)
742 2641 815 2696 ad
841 2639 1038 2695 locum
1069 2640 1212 2695 dicit
1247 2657 1259 2696 :
1296 2663 1323 2689 ‹‹
1360 2644 1474 2694 Cur
1501 2640 1658 2696 enim
1692 2641 1802 2696 sibi
1827 2646 2037 2713 putant

353 2731 779 2787 indifferenter
805 2729 1198 2784 obediendum
1242 2733 1550 2802 praecepto,
1589 2729 1688 2784 ubi
1741 2729 1942 2804 legunt
1965 2733 2036 2789 de

379 2820 614 2876 civitate
643 2819 704 2876 in
733 2817 1028 2875 civitatem
1056 2834 1184 2874 esse
1225 2817 1592 2891 fugiendum,
1624 2823 1682 2874 et
1730 2836 2033 2878 mercena-

383 2909 538 2964 rium
569 2925 686 2964 non
713 2906 1044 2975 exhorrent,
1078 2907 1178 2979 qui
1205 2907 1362 2962 videt
1384 2907 1593 2979 lupum
1625 2909 1953 2978 venientem
1976 2916 2034 2966 et

379 2997 552 3071 fugit,
584 2995 864 3068 quoniam
918 3012 1034 3050 non
1079 3000 1169 3051 est
1215 2995 1266 3050 ei
1315 3012 1456 3050 cura
1505 2996 1575 3052 de
1623 2997 1871 3053 ovibus?
1900 3019 1928 3048 ››
1963 2999 2033 3053 Et

2111 1976 2114 1980 .
2149 1933 2230 1989 tio
2261 1933 2476 1988 civium
2508 1931 2784 2000 charitas,
2817 1949 2946 2004 qua:
2977 1935 3287 1988 attestante
3313 1931 3588 2004 Apostolo
3612 1935 3784 2006 major

2149 2027 2240 2078 est
2286 2023 2400 2078 ﬁde
2447 2024 2496 2096 (I
2523 2023 2646 2078 Cor.
2675 2023 2820 2090 xm),
2863 2019 3120 2093 praeponi
3169 2021 3362 2088 debet,
3412 2021 3566 2078 sicut
3607 2023 3783 2078 verbis

2150 2110 2338 2166 sancti
2369 2111 2578 2167 Leonis
2607 2114 2665 2166 et
2693 2125 2996 2166 sacrorum
3025 2125 3318 2165 canonum
3341 2110 3782 2178 demonstratur,

2149 2204 2351 2254 utrum
2384 2216 2486 2270 pro
2519 2214 2870 2272 quacunque
2899 2197 3016 2253 alia
3044 2214 3224 2254 causa
3253 2196 3544 2254 Ecclesias
3573 2203 3628 2255 et
3665 2217 3784 2255 oves

2149 2288 2320 2343 nobis
2349 2287 2699 2343 commissas
2730 2287 2857 2342 sine
2878 2285 3136 2358 periculo
3155 2285 3459 2344 valeamus
3481 2287 3781 2355 dimittere,

2147 2381 2207 2432 et
2245 2376 2305 2430 in
2353 2375 2499 2432 alias
2543 2391 2925 2448 quascunque
2972 2379 3168 2447 partes
3219 2377 3506 2432 secedere.
3539 2375 3783 2448 Denique

2148 2481 2284 2520 cum
2315 2469 2540 2536 partem
2575 2465 2657 2520 1m
2665 2463 2808 2536 perii
2829 2467 3033 2520 contra
3053 2463 3450 2520 Theodosium
3473 2469 3531 2520 et
3549 2463 3785 2521 Valenti-

2147 2554 2390 2608 nianum
2414 2553 2706 2608 Maximus
2729 2551 3033 2624 usurpavit
3052 2557 3114 2618 et
3131 2557 3364 2624 cogeret
3383 2553 3684 2627 episcopos
3703 2553 3780 2610 vel

2146 2647 2349 2698 contra
2379 2643 2552 2697 fidem
2584 2640 2869 2715 agere,vel
2899 2639 3189 2698 Ecclesiae
3219 2658 3360 2698 suas
3391 2641 3674 2712 deserere,
3691 2647 3783 2698 aut

2145 2730 2258 2786 alio
2289 2731 2550 2804 quolibet
2579 2731 2753 2786 modo
2775 2729 3313 2803 persequi,sanctus
3336 2731 3624 2787 Martinus
3641 2733 3780 2803 ejus-

2143 2820 2278 2876 dem
2310 2820 2544 2875 Maximi
2573 2819 2943 2893 praasentiam
2970 2823 3028 2874 et
3057 2817 3417 2892 colloquium
3449 2836 3564 2876 non
3609 2819 3780 2877 decli-

2142 2907 2574 2976 navit,minime
2602 2912 2800 2964 autem
2831 2907 3148 2965 Ecclesiam
3177 2924 3350 2964 suam
3379 2909 3653 2964 decuerit.
3671 2909 3774 2965 Sed

2114 3015 2275 3054 .cum
2306 2997 2502 3070 plures
2531 3015 2602 3054 ex
2629 2996 2873 3054 diversis
2905 2997 3172 3070 partibus
3211 2996 3470 3070 episcopi
3499 2998 3569 3054 ad
3603 2997 3774 3054 Maxi-

377 3085 554 3160 paulo
585 3089 719 3158 post
745 3101 758 3138 :
793 3107 822 3134 «
858 3084 1029 3156 Fugit
1074 3083 1407 3156 Apostolus,
1433 3101 1567 3140 cum
1601 3103 1635 3140 a
1657 3093 2028 3158 persecutore
2063 3153 2096 3160 _
2139 3102 2303 3140 mum
2336 3083 2541 3140 ferocis
2572 3083 2790 3156 ingenii
2821 3086 3014 3140 virum
3045 3088 3104 3139 et
3127 3083 3412 3140 bellorum
3433 3085 3686 3141 civilium
3706 3085 3774 3139 vi-

349 3153 608 3250 -proprie
635 3173 762 3246 ipse
789 3177 1166 3246 quaereretur,
1199 3172 1331 3229 aliis
1363 3173 1565 3246 utique
1616 3175 2023 3232 necessitatem
2055 3153 2097 3218 (ἶ
2136 3173 2320 3229 ctoria
2347 3172 2568 3228 elatum
2599 3171 3025 3240 convenissent,
3038 3177 3097 3228 et
3117 3172 3268 3228 fmda
3287 3173 3444 3230 circa
3463 3173 3770 3246 principem

375 3263 630 3322 similem
658 3279 773 3317 non
808 3261 1229 3328 habentibus,a
1247 3261 1466 3332 quibus
1485 3261 1606 3316 illic
1629 3263 2024 3320 ministerium

353 3353 533 3410 -absit
581 3355 648 3406 ut
695 3350 1060 3408 desereretur
1116 3349 1404 3406 Ecclesiae.
1446 3349 1540 3406 Sic
1589 3351 1738 3422 fugit
1784 3358 2024 3409 sanctus

371 3438 660 3496 Athenius
714 3435 1073 3492 Alexandriae
1131 3437 1463 3510 episcopus,
1504 3455 1639 3493 eum
1697 3455 1832 3494 eum
1891 3458 2022 3514 spe-

348 3527 599 3585 cialiter
628 3527 1062 3600 apprehendere
1091 3525 1470 3582 Constantius
1500 3533 1739 3600 cuperet
1768 3529 2020 3601 impera-

369 3621 481 3674 tor.
517 3639 546 3667 »
604 3667 610 3674 ,

439 3706 578 3764 CAP.
610 3705 809 3762 XVIII.
854 3705 1128 3778 Legimus
1175 3705 1351 3760 etiam
1401 3705 1458 3758 in
1509 3704 1773 3776 epistolis
1821 3708 2020 3778 magni

354 3795 581 3853 .Leonis
639 3811 824 3867 papae,
875 3795 1032 3865 quod
1083 3809 1218 3848 cum
1269 3793 1630 3865 Eutychiana
1675 3793 1911 3850 hmresis
1959 3795 2017 3851 in

367 3881 764 3940 Orientalibus
810 3881 1078 3954 partibus
1123 3881 1529 3952 conflagraret,
1564 3881 1636 3935 ab
1670 3881 2018 3954 imperatore

360 3970 524 4035 idem
558 3968 916 4042 apostolicus
945 3969 1224 4041 pontifex,
1249 3969 1347 4023 sed
1367 3971 1438 4028 et
1459 3968 1868 4040 Hesperiarum
1891 3987 2018 4042 par-

364 4059 514 4124 tium
545 4057 850 4131 pontifices
893 4058 966 4113 ad
1016 4056 1404 4112 universalem
1455 4057 1746 4128 synodum
1799 4059 2017 4114 fuerint

365 4147 608 4211 evocati.
634 4147 798 4204 Unde
827 4146 983 4202 idem
1015 4150 1256 4202 sanctus
1289 4146 1421 4212 Leo,
1457 4150 1519 4201 ut
1550 4147 1779 4218 proprie
1828 4147 2015 4220 ipsius

283 4233 294 4239 ’
360 4237 537 4294 verba
576 4253 890 4311 ponamus,
921 4234 1073 4291 inter
1101 4239 1308 4290 caetera
1336 4234 1636 4307 rescripsit
1654 4235 1726 4290 ad
1749 4235 2016 4292 Theodo-

368 4325 525 4383 sium
576 4328 909 4400 Augustum
958 4327 1136 4397 (epist.
1180 4326 1270 4394 17)
1304 4341 1316 4379 :
1350 4346 1378 4373 ‹‹
1411 4325 1688 4391 Quamvis
1735 4326 1807 4380 ad
1859 4327 2014 4383 diem

368 4413 601 4471 concilii
631 4412 1002 4487 episcopalis,
1035 4429 1208 4484 quem
1243 4412 1429 4484 pietas
1459 4417 1650 4468 vestra
1688 4415 2014 4486 constituit,

2133 3261 2398 3318 omnium
2430 3261 2686 3318 adulatio
2716 3260 3102 3327 notaretur,in
3125 3261 3248 3317 solo
3272 3262 3522 3318 Martino
3562 3268 3774 3335 aposte-

2133 3351 2246 3407 lica
2274 3350 2594 3406 auctoritas
2627 3350 3178 3422 permanebat.Nam
3209 3349 3318 3406 etsi
3345 3367 3452 3422 pro
3490 3351 3770 3423 aliquibus

2133 3440 2586 3512 supplicandum
2620 3439 2740 3511 regi
2771 3437 3214 3510 fuit,imperavit
3253 3439 3450 3510 potius
3488 3456 3654 3512 quam
3685 3456 3768 3495 m-

2131 3529 2308 3602 gavit,
2341 3533 2398 3584 et
2425 3546 2460 3584 a
2491 3527 2750 3584 convivio
2780 3527 2909 3605 ejus
2939 3526 3274 3598 frequenter
3312 3533 3551 3601 rogatus
3598 3527 3768 3584 absti-

2131 3619 2229 3672 nui
2241 3619 2491 3688 t,dicens
2502 3633 2564 3672 se
2577 3631 2790 3672 mensae
2803 3615 2932 3686 ejus
2944 3615 3288 3687 participem
3301 3631 3432 3673 esse
3455 3635 3564 3674 non
3585 3633 3764 3690 posse,

2127 3707 2230 3778 qui
2260 3707 2664 3778 imperatores,
2693 3719 2879 3759 unum
2907 3720 3108 3776 regno,
3143 3703 3396 3761 alterum
3435 3706 3552 3762 vita
3593 3723 3762 3778 expu-

2128 3795 2638 3859 lisset.Postremo,
2673 3809 2809 3848 cum
2839 3791 3133 3850 Maximus
3163 3809 3225 3850 se
3256 3811 3374 3850 non
3398 3799 3601 3866 sponte
3618 3811 3762 3850 sum-

2127 3885 2316 3957 psisse
2338 3883 2652 3954 imperium
2684 3883 3026 3951 afﬁrmaret,
3061 3883 3162 3938 sed
3215 3883 3556 3954 impositam
3595 3882 3699 3938 sibi
3727 3898 3760 3936 a

2127 3973 2416 4029 militibus
2467 3970 2662 4026 divino
2715 3975 2862 4026 nutu
2910 3971 3074 4044 regni
3134 3971 3546 4028 necessitatem
3592 3971 3757 4026 armis

2126 4061 2478 4126 defendisse,
2509 4063 2565 4115 et
2594 4077 2710 4115 non
2743 4059 2994 4116 alienam
3033 4060 3106 4115 ab
3153 4076 3220 4116 eo
3265 4059 3369 4115 Dei
3418 4060 3758 4117 voluntatem

2125 4151 2328 4218 videri,
2363 4167 2541 4222 penes
2570 4165 2744 4221 quem
2773 4152 2893 4204 tam
2923 4147 3252 4206 incredibili
3284 4155 3499 4206 eventu
3537 4148 3756 4206 victoria

2126 4242 2353 4308 fuisset,
2387 4237 2734 4309 nullumque
2765 4254 2834 4292 ex
2864 4237 3210 4294 adversariis
3241 4237 3358 4293 nisi
3393 4239 3455 4294 in
3473 4239 3591 4295 acie
3608 4253 3758 4293 occu-

2127 4329 2345 4396 buisse,
2377 4327 2615 4382 tandem
2645 4325 2834 4381 victus
2861 4323 2950 4381 vel
2990 4325 3212 4383 ratione
3255 4326 3346 4382 vel
3395 4326 3657 4400 precibus
3683 4323 3754 4380 ad

2125 4417 2454 4476 convivium
2483 4413 2657 4470 venit.

357 4519 662 4560 occurrere
692 4520 787 4559 me
819 4501 968 4558 ratio
999 4500 1161 4557 nulla
1183 4500 1644 4572 permittat,eum
1678 4517 1782 4558 nec
1813 4503 2012 4576 aliqua.
2043 4515 2088 4580 ι)
2191 4509 2324 4563 CAP.
2357 4504 2470 4560 XX.
2503 4503 2575 4559 Et
2605 4502 2746 4558 item
2777 4503 2838 4558 in
2868 4503 2987 4560 vita
3025 4503 3183 4561 illius
3233 4505 3522 4579 scriptum
3567 4508 3650 4562 est
3673 4503 3753 4558 ita

353 4605 426 4644 ex
455 4589 564 4646 hoc
595 4590 862 4664 exempla
891 4589 1318 4662 praecesserint,
1335 4593 1392 4643 et
1413 4589 1750 4660 temporalis
1769 4595 2018 4650 necessi-

353 4681 444 4734 tas
490 4693 582 4734 me
631 4695 746 4735 non
799 4679 1058 4751 patiatur
1115 4679 1382 4734 deserere
1433 4677 1745 4735 civitatem.
1782 4703 1811 4730 »
1843 4681 1912 4736 Et
1939 4685 2012 4739 ad

354 4765 724 4822 Pulcheriam
767 4768 1097 4840 Augustam
1149 4768 1328 4839 (epist.
1377 4767 1462 4837 13)
1495 4783 1508 4820 ;
1543 4791 1570 4816 ‹‹
1604 4767 1749 4822 Nam
1796 4769 2011 4842 inquit,

351 4852 499 4909 illud
531 4855 688 4926 quod
721 4855 908 4927 pietas
929 4853 1305 4926 imperatoris
1335 4855 1514 4910 etiam
1536 4873 1630 4910 me
1650 4857 1898 4914 credidit
1918 4861 2011 4916 de-

349 4942 488 4998 bere
517 4942 800 4999 interesse
829 4942 1094 5011 concilio,
1127 4941 1360 4998 etiamsi
1393 4944 1718 4998 secundum
1769 4945 2009 5019 aliquod

349 5032 685 5104 praecedens
735 5031 1063 5104 exigeretur
1113 5030 1466 5104 exemplum,
1501 5049 1656 5088 nunc
1685 5036 1884 5091 tamen
1919 5055 2012 5094 ne-

350 5137 664 5194 .quaquam
693 5125 892 5195 posset
922 5120 1172 5194 impleri,
1206 5121 1344 5194 quia
1386 5139 1576 5177 rerum
1630 5126 2006 5194 priesentium

346 5208 526 5266 nimis
569 5209 790 5266 incerta
837 5211 1094 5267 conditio
1124 5228 1158 5267 a
1188 5215 1362 5266 tanta:
1417 5211 1580 5266 urbis
1629 5212 1861 5285 populis
1911 5233 2003 5272 me

2126 4599 2392 4671 (Severus,
2424 4593 2562 4650 dial.
2596 4608 2659 4659 ιι,
2689 4609 2808 4666 cap.
2836 4593 2892 4665 6)
2925 4611 2939 4651 :
2975 4616 3003 4645 ‹‹
3035 4595 3158 4661 Quo
3207 4599 3469 4668 tempore
3515 4595 3751 4668 primum

2122 4687 2432 4760 episcOpus
2457 4683 2631 4738 datus
2660 4682 2888 4750 est,fuit
2915 4683 2984 4758 ei.
3001 4684 3320 4740 necessitas
3345 4684 3510 4740 adire
3537 4681 3753 4740 comita-

2121 4769 2719 4831 tnm.Valentinianus
2745 4774 2874 4826 tum
2906 4773 3096 4844 major
3124 4789 3320 4828 rerum
3351 4772 3678 4847 potiebatur.
3693 4767 3750 4823 Is

2121 4880 2255 4919 cum
2287 4859 2606 4916 Martinum
2637 4875 2705 4914 ea
2735 4863 2929 4930 petere
2958 4859 3323 4933 cognovisset
3341 4877 3473 4933 quae
3497 4862 3747 4934 praastare

2106 4951 2374 5014 ‘nolebat,
2398 4947 2582 5020 jussit
2611 4964 2746 5003 eum
2768 4947 2970 5019 palatii
2989 4947 3214 5007 foribus
3235 4950 3654 5008 arcerLEtenim
3670 4945 3744 5001 ad

2119 5042 2384 5098 animum
2415 5037 2576 5094 illius
2603 5037 2889 5092 immitem
2913 5054 2980 5094 ac
3001 5038 3320 5110 superbum
3345 5056 3490 5098 uxor
3509 5051 3744 5096 accesse-

2121 5134 2210 5186 rat
2246 5129 2480 5194 Ariana,
2512 5142 2640 5198 quae
2690 5129 2878 5180 totum
2926 5124 3093 5182 illum
3123 5143 3158 5182 a
3188 5132 3392 5183 sancto
3439 5127 3574 5192 vino,
3603 5140 3661 5178 ne
3685 5131 3742 5184 ei

2113 5218 2372 5274 debitam
2421 5213 2803 5272 reverentiam
2853 5218 3175 5286 praestaret,
3221 5219 3521 5274 averteret.
3559 5213 3742 5281 Itaque

343 5298 552 5354 abesse
581 5315 698 5354 non
732 5299 972 5367 sineret,
1001 5303 1058 5355 et
1087 5299 1146 5354 in
1181 5299 1651 5371 desperationem
1683 5304 2002 5373 quamdam
2113 5303 2534 5374 Martinus,ubi
2557 5303 2740 5359 semel
2775 5307 2950 5374 atque
2970 5303 3184 5359 iterum
3206 5304 3524 5376 superbum
3543 5297 3739 5376 princi-

344 5385 530 5442 animi
559 5386 1052 5444 tumultuantium
1085 5389 1477 5456 mitterentur,
1510 5388 1558 5444 si
1591 5406 1696 5460 per
1745 5393 2000 5449 occasio-
2112 5412 2244 5468 pem
2269 5395 2489 5450 frustra
2509 5392 2669 5448 adire
2687 5391 3288 5458 tentavit,recurritad
3311 5397 3448 5448 nota
3469 5384 3737 5464 praesidia.

344 5491 480 5531 nem
511 5489 705 5531 causes
735 5476 1138 5534 ecclesiasticae
1169 5477 1395 5532 viderer
1426 5477 1679 5548 patriam
1701 5483 1759 5534 et
1779 5487 2003 5554 apesto-
2108 5483 2308 5540 Cilicio
2338 5481 2680 5544 obvolvitur,
2711 5479 2904 5536 cinere
2925 5479 3484 5553 conspergitur,c_ibo
3502 5481 3738 5552 potaque

339 5561 516 5628 licam
546 5563 746 5623 sedem
773 5566 919 5627 velle
939 5565 1377 5634 deserere;Quia
1399 5565 1582 5640 igitur
1602 5567 1674 5624 ad
1698 5568 1996 5642 publicam
2110 5571 2388 5644 abstinet,
2419 5569 2711 5632 orationes
2742 5567 2948 5630 diebus
2979 5569 3367 5646 noctibusque
3395 5565 3734 5646 per-petum»
