3976 6188
291 324 408 386 979
1061 324 1450 388 HINCMARI
1479 326 1741 390 BHEM.
1787 325 2145 389 ARCHIEP.
2194 326 2606 392 OPUSCULA
2649 329 2913 392 VARIA.
3574 328 3691 395 980
3709 357 3730 404 ρ

289 454 489 535 debita
518 455 632 512 ﬁde
661 456 1076 538 exorbitantes,
1103 476 1461 532 quemquam
1505 460 1566 516 in
1608 460 1768 517 illius
1806 476 1933 534 reg-
1963 460 2374 533 A-praepositis
2422 461 2844 534 delinquimus,
2874 461 3394 535 ejus'ordinationi
3443 464 3542 538 qui
3595 482 3694 523 eos
3723 499 3732 509 ο

289 561 430 600 num
461 537 670 602 missis.
689 545 776 602 vel
820 546 1110 620 episcopis
1139 549 1226 604 vel
1259 548 1707 622 quibuscuuque
1755 550 1935 606 inter-
2047 550 2218 606 nobis
2249 550 2506 623 praetulit
2535 552 2862 609 obviamus.
2891 575 2921 604 »
3267 576 3272 585 ·
3356 605 3362 610 ,
3462 537 3475 538 7
3607 575 3612 579 ε

287 631 534 702 nuntiis,
560 633 892 704 invitemus,
918 652 1024 692 nec
1067 654 1170 710 pro
1199 637 1454 694 abbatiis
1481 639 1567 695 vel
1617 637 1939 694 honoribus
2119 637 2256 694 CAP.
2289 638 2500 694 XXXV.
2525 639 2914 697 Consulamus
2961 640 3158 710 etiam,
3183 645 3496 714 quantum,
3527 644 3696 716 adju-
3728 661 3736 713 ζ

284 722 730 796 temporalibus,
754 728 928 798 atque
973 727 1150 782 rebus
1181 725 1267 782 vel
1301 727 1677 784 facultatibus
1708 745 1816 784 nos
1843 745 1937 785 ve-
2046 730 2217 782 vante
2247 727 2514 794 Domino,
2538 728 2882 800 poterimus,
2907 729 3082 786 sociis
3111 734 3169 786 et
3197 730 3700 789 commilitonibus
3729 773 3738 783 .

287 813 646 880 nundemus,
678 813 842 869 Judae
875 813 1099 870 similes
1130 815 1336 884 effecti,
1371 817 1470 889 qui
1503 817 1706 874 abiens
1733 818 1804 873 ad
1835 817 1938 873 Ju-
2049 815 2289 880 nostris,
2335 815 2706 872 exhortantes
2763 834 2882 885 eos,
2929 822 2994 874 ut
3029 819 3220 891 ﬁdem
3273 819 3530 878 debitam
3561 839 3701 894 erga

291 902 445 957 daeos
478 900 623 956 dixit
653 920 666 957 :
701 903 848 974 Quid
877 905 1042 960 vultis
1078 907 1220 960 mihi
1257 906 1406 974 dare,
1437 914 1489 962 et
1515 923 1607 979 ego
1638 910 1787 964 vobis
1817 925 1942 963 eum
2050 919 2186 958 eum
2219 903 2544 974 observent,
2567 909 2625 961 et
2663 905 2710 962 si
2759 906 2862 980 qui
2905 906 3142 980 fuerint,
3173 912 3240 964 ut
3267 910 3563 979 audimus,
3599 911 3736 984 qui.

293 990 544 1046 tradam?
573 991 776 1060 (Matth.
799 1009 954 1060 xxvr,
987 995 1094 1061 15).
1197 1039 1203 1048 .

363 1078 500 1134 CAP.
531 1079 771 1136 XXXIII.
805 1081 905 1136 Est
951 1082 1150 1149 etiam,
1183 1083 1458 1155 quoniam
1509 1086 1580 1140 ab
1633 1086 1746 1142 alio
1797 1104 1942 1160 quo-

295 1184 549 1241 cumque
579 1169 746 1240 juste
773 1174 830 1226 et
859 1170 1279 1228 rationabiliter
1307 1173 1464 1230 credi
1486 1193 1601 1231 non
1622 1177 1943 1248 poterimus

298 1273 488 1330 neque
507 1258 865 1325 debemus,si
885 1276 1234 1334 quocunque
1252 1265 1481 1319 terreno
1503 1263 1665 1321 lucro
1677 1265 1762 1321 vel
1787 1265 1947 1322 illata

297 1344 702 1416 injuria,salva
729 1347 789 1402 in
813 1347 999 1404 Deum
1021 1350 1372 1416 ﬁde,seniori
1403 1357 1602 1410 nostro
1624 1355 1796 1412 ﬁdem
1828 1374 1944 1413 non

301 1434 744 1492 servaverimus.
760 1435 820 1492 In
841 1439 1018 1494 veteri
1041 1457 1294 1513 namque
1313 1442 1528 1514 populo
1553 1444 1789 1500 Samuel
1820 1440 1948 1518 pro-

301 1521 675 1594 pheta,cujus
695 1523 890 1582 locum
913 1527 970 1582 in
994 1527 1252 1586 Ecclesia
1271 1547 1427 1586 nunc
1447 1535 1647 1589 tenent
1667 1535 1945 1608 episcopi,

303 1610 466 1678 adeo,
495 1613 560 1666 ut
589 1629 756 1669 sacra
783 1615 978 1688 prodit
1005 1616 1272 1688 historia,
1298 1621 1436 1676 Saul
1466 1639 1660 1696 regem
1694 1642 1796 1697 pro
1823 1643 1950 1698 puc-

301 1697 449 1754 catis
487 1699 613 1756 suis
643 1719 676 1756 a
706 1702 952 1760 Domino
982 1708 1354 1778 reprobatum
1387 1709 1552 1782 luxit,
1575 1715 1640 1766 ut
1669 1697 1948 1770 dixeritei

1969 1047 1978 1058 ,
2051 991 2247 1048 dicant
2267 995 2418 1066 quod
2454 1012 2626 1050 omne
2648 1011 2893 1068 regnum
2925 997 2984 1051 in
3017 1015 3196 1054 manu
3229 1015 3338 1054 sua
3365 1004 3427 1055 et
3455 1017 3700 1057 suorum
3731 1063 3736 1068 ,

2051 1081 2392 1152 spccialium
2421 1086 2682 1152 tcnct,dc
2705 1085 2920 1158 quibus
2941 1103 3110 1142 nemo
3141 1104 3245 1160 per
3272 1089 3700 1161 scrvitium,vel

2053 1187 2156 1242 per
2193 1170 2588 1228 defensionem
2621 1177 2680 1229 et
2709 1173 3025 1230 utilitatem
3067 1176 3228 1248 regni
3261 1177 3374 1232 nisi
3423 1195 3526 1250 per
3571 1196 3701 1251 pre-

2051 1258 2199 1314 tium
2220 1259 2524 1328 obtinebit,
2544 1266 2600 1316 et
2620 1262 2733 1318 nisi
2759 1280 2862 1335 per
2889 1263 3143 1336 pretium
3174 1265 3413 1322 obtenta
3439 1269 3699 1324 tenebit:

2053 1350 2111 1402 et
2139 1364 2330 1415 nemo,
2362 1349 2515 1404 sicut
2545 1367 2648 1406 nec
2679 1351 2751 1406 de
2790 1351 3133 1420 honoribus,
3167 1352 3251 1408 ita
3287 1371 3394 1410 nec
3423 1355 3496 1410 de
3527 1355 3703 1412 fami-
3729 1393 3736 1400 ο

2053 1433 2327 1508 liaritate,
2349 1435 2408 1492 in
2431 1454 2566 1494 eum
2589 1443 2780 1510 potest
2797 1439 3010 1496 habere
3027 1441 3328 1510 ﬁduciam,
3342 1460 3478 1500 cum
3499 1461 3703 1501 omnes
3725 1481 3736 1486 -

2056 1541 2204 1596 quos
2223 1525 2530 1583 deliciosos
2553 1531 2610 1583 et
2634 1527 2952 1585 familiares
2984 1529 3274 1598 habuerit,
3296 1547 3501 1589 exosos
3525 1533 3702 1605 deho-
3731 1575 3736 1583 .

2057 1615 2347 1672 noraverit
2376 1620 2552 1690 atque
2597 1617 2876 1694 abjecerit
2901 1635 2914 1673 :
2943 1623 3002 1674 et
3029 1620 3129 1692 qui
3159 1620 3584 1696 .improperant
3612 1640 3736 1691 εις-ς

2057 1703 2400 1762 clesiasticis
2417 1706 2740 1780 viris,quod
2765 1724 2936 1781 nemo
2952 1707 3036 1764 sic
3051 1708 3338 1782 Ecclesias
3357 1727 3462 1784 per
3476 1712 3704 1769 diversa
3731 1753 3735 1764 .

301 1787 494 1844 Deus:
533 1790 811 1864 Usquequp
858 1802 917 1850 tu
969 1796 1120 1865 luges
1167 1797 1320 1867 Saul,
1353 1816 1476 1855 cum
1522 1817 1619 1872 ego
1660 1801 1950 1874 abjecgrim
1983 1793 2293 1900 Bingenia
2323 1797 2698 1868 oppresserit,
2721 1801 2894 1870 atque
2926 1797 3351 1870 despoliaverit,
3379 1798 3519 1856 licet
3549 1818 3699 1874 quaa-

301 1891 426 1931 eum
447 1877 496 1950 (I
522 1879 650 1948 Reg.
673 1897 787 1951 xw,
813 1883 908 1953 1)?
930 1883 998 1939 Et
1027 1886 1202 1942 David
1233 1886 1318 1942 vir
1355 1887 1688 1960 bellicosus,
1712 1894 1770 1947 et
1800 1909 1954 1948 unus

305 1965 377 2021 de
425 1966 783 2038 primoribus
828 1972 987 2042 Saul,
1013 1979 1070 2031 et
1115 1975 1290 2032 etiam
1341 1994 1520 2050 gener
1565 1979 1714 2051 ejus,
1747 1980 1846 2054 qui
1894 1981 1956 2036 in

306 2054 510 2113 multis
540 2075 654 2114 non
688 2059 879 2117 solum
913 2063 1056 2136 regi,
1081 2065 1182 2120 sed
1213 2068 1269 2120 ct
1293 2083 1469 2139 regno
1502 2068 1739 2140 profuit,
1763 2073 1820 2124 ct
1841 2087 1956 2126 non

304 2147 536 2201 tantum
569 2147 738 2206 bellis
761 2155 964 2207 contra
993 2154 1357 2212 adversarios
1389 2156 1526 2212 Saul
1558 2162 1615 2212 et
1645 2159 1804 2232 regni
1829 2160 1958 2231 ejus

307 2233 446 2306 egit,
463 2237 562 2292 sed
586 2241 643 2294 et
671 2239 868 2311 ipsum
899 2259 1095 2316 regem
1117 2247 1387 2300 vexatum
1411 2263 1445 2300 a
1467 2246 1724 2320 maligno
1747 2247 1957 2319 spiritu

307 2324 540 2381 blandis
561 2327 860 2402 obsequiis
877 2329 1467 2404 delinibat,quzesitus
1489 2335 1959 2406 frequentissime

307 2431 342 2470 a
373 2433 506 2489 rege
533 2421 600 2473 ut
621 2419 1000 2490 occideretur,
1015 2438 1252 2478 servans
1283 2421 1533 2480 ﬁdeliter
1553 2426 1709 2496 quod
1731 2426 1801 2481 de
1832 2445 1958 2498 pro-

311 2507 501 2578 posito
550 2525 690 2584 rege.
720 2512 778 2566 et
805 2509 1042 2566 domino
1064 2511 1326 2568 dixerat:
1359 2515 1670 2586 Imposuisti
1714 2515 1958 2572 homines

305 2612 469 2668 super
495 2599 678 2670 capita
713 2607 902 2655 nostra
931 2599 1108 2670 (Psat.
1145 2619 1266 2674 va,
1311 2603 1413 2677 l2),
1444 2604 1749 2662 dominum
1782 2610 1839 2662 et
1867 2624 1954 2663 re-

303 2701 436 2757 gem
495 2685 688 2758 ipsum
737 2694 1168 2762 persecutorem
1219 2709 1393 2749 suum
1418 2695 1679 2764 vocabat,
1707 2697 1765 2750 et
1819 2713 1955 2752 cum

301 2791 454 2848 sazpe
475 2775 741 2833 habuerit
763 2779 1263 2852 opportunitatem
1284 2785 1347 2837 ut
1379 2781 1548 2838 illum
1577 2788 1776 2856 posset
1797 2785 1976 2854 occi-,

298 2865 582 2934 derc,non
625 2865 814 2923 solum
868 2885 984 2925 non
1017 2868 1248 2940 occidit,
1277 2871 1378 2926 sed
1408 2874 1463 2927 et
1483 2871 1671 2929 socios
1710 2874 1784 2930 ab
1823 2875 1953 2946 ejus

297 2955 587 3031 occisione
626 2957 1006 3029 compescuit,
1041 2957 1242 3015 dicens
1277 2975 1290 3014 :
1326 2959 1478 3016 Absit
1502 2969 1562 3016 ut
1591 2965 1806 3019 mittam
1831 2982 1951 3020 ma-

299 3062 430 3100 num
479 3048 539 3102 in
585 3045 854 3102 christum
905 3047 1144 3116 Domini,
1185 3050 1320 3120 quia
1365 3057 1562 3107 unctus
1611 3053 1836 3108 Domini
1877 3061 1957 3110 est

299 3135 347 3208 (ι
375 3127 502 3206 Reg.
531 3151 683 3204 xxiv,
714 3135 820 3202 11).
843 3135 914 3190 Et
950 3133 1108 3206 quia,
1134 3138 1200 3190 ut
1241 3135 1479 3209 signum
1529 3143 1728 3210 posset
1755 3144 1950 3196 osten-

2023 1883 2030 1913 ῖ
2063 1883 2199 1938 dam
2223 1884 2294 1939 de
2324 1885 2498 1940 rebus
2529 1885 2716 1958 pretio
2739 1889 3010 1959 suscepto
3041 1887 3371 1958 contulerit,
3385 1893 3444 1945 et
3465 1906 3708 1964 regnum

2065 1972 2150 2027 sic
2176 1991 2348 2030 omne
2368 1974 2711 2042 vendiderit,
2726 1975 2798 2030 de
2821 1975 3048 2032 Domini
3075 1977 3164 2033 ﬁsi
3188 1977 3594 2047 misericordia
3614 1977 3710 2053 pro

2065 2061 2206 2116 talia
2233 2063 2630 2136 qurerentibus
2662 2081 3080 2138 proponamus,
3104 2065 3264 2138 quia,
3289 2066 3336 2123 si
3370 2066 3541 2124 illum
3565 2069 3734 2136 Deus,

2067 2153 2272 2208 reverti
2307 2171 2440 2209 cum
2487 2153 2871 2227 prosperitate
2901 2153 3118 2224 fecerit,
3145 2156 3299 2228 quod
3349 2156 3496 2217 bene
3546 2159 3713 2232 coepit

2065 2245 2124 2296 et
2153 2241 2270 2315 egit
2301 2243 2577 2315 perﬁciet.
2603 2245 2692 2311 Et,
2715 2245 2849 2316 quia
2877 2261 2988 2300 non
3017 2251 3096 2300 est
3120 2245 3277 2302 homo
3324 2247 3384 2302 in
3422 2254 3596 2316 terra,
3623 2251 3735 2322 qui,

2063 2331 2202 2400 facit
2229 2333 2448 2406 bonum,
2480 2341 2530 2388 et
2561 2349 2670 2388 non
2703 2341 2884 2405 peccet
2911 2333 3107 2406 (Eecte.
3129 2351 3230 2403 v11,
3252 2337 3364 2405 21),
3388 2337 3732 2403 mutabitur.-

2067 2419 2126 2474 in
2156 2421 2346 2476 virum
2379 2421 2582 2490 alium,
2611 2425 2668 2478 et
2715 2421 2836 2478 haec
2881 2421 2993 2478 erit
3040 2421 3284 2491 mutatio
3333 2425 3583 2482 dexterae
3613 2427 3713 2482 Ex-

2065 2509 2226 2566 celci.
2252 2511 2548 2584 Scriptum
2579 2515 2667 2568 est
2695 2510 2852 2568 enim
2877 2529 2889 2568 :
2923 2513 3072 2569 Verte
3103 2514 3320 2586 impios,
3342 2523 3396 2570 et
3421 2531 3534 2570 non
3563 2525 3714 2573 erunt

2065 2599 2250 2668 (Prov.
2274 2603 2458 2670 xn,7)
2485 2617 2498 2656 :
2534 2617 2646 2657 non
2680 2601 2822 2673 quia
2848 2618 2964 2658 non
2993 2605 3166 2658 erunt
3209 2603 3269 2658 in
3308 2605 3592 2672 essentia,
3621 2605 3712 2662 sed

2065 2684 2204 2758 quia
2235 2704 2351 2742 non
2403 2691 2576 2744 erunt
2629 2687 2688 2744 in
2741 2687 3061 2761 impietatis
3089 2689 3281 2763 culpa,
3304 2689 3460 2747 sicut
3507 2691 3712 2750 Paulus

2063 2775 2364 2848 apostolus
2393 2777 2465 2832 de
2496 2777 2688 2850 seipso
2719 2776 2862 2833 dicit
2887 2793 2901 2832 :
2935 2778 3060 2834 Vivo
3087 2786 3287 2848 autem,
3309 2781 3435 2851 jam
3463 2798 3574 2838 non
3601 2798 3708 2854 ego,

2062 2867 2196 2940 vivit
2215 2883 2338 2922 vero
2355 2867 2416 2922 in
2429 2883 2516 2922 me
2530 2866 2772 2922 Christus
2783 2865 2926 2936 (Gal.
2941 2883 3002 2935 ιι,
3015 2867 3128 2939 20).
3146 2867 3482 2926 Exstinctus
3502 2871 3709 2944 quippe

2063 2955 2253 3012 fuerat
2275 2972 2461 3012 saevus
2485 2954 2584 3011 ille
2612 2959 2968 3028 persecutor,
2992 2959 3051 3012 et
3077 2955 3266 3013 vivere
3291 2965 3556 3031 cmporat
3585 2959 3704 3033 pius

2061 3045 2424 3118 praedicator.
3251 3095 3256 3100 .
3369 3104 3377 3110 _

2133 3135 2269 3192 CAP.
2301 3133 2545 3190 XXXVI.
2577 3131 2968 3190 Consulamus
3007 3133 3183 3190 etiam
3214 3133 3288 3201 ei,
3313 3134 3364 3192 si
3403 3135 3554 3192 forte
3583 3136 3704 3210 quis

299 3225 456 3294 dere,
481 3241 656 3297 quem
705 3223 899 3280 locum
949 3222 1218 3280 habuerit
1246 3207 1323 3280 ut
1338 3207 1557 3284 valeret
1603 3227 1769 3284 illum
1799 3229 1950 3286 occi-
1981 3207 2032 3291 Ο
2061 3223 2364 3296 ῑυετίί,ι1ιιί
2395 3221 2456 3278 in
2489 3222 2756 3279 absentia
2784 3223 2916 3296 ejus
2946 3239 3191 3296 regnum
3223 3223 3413 3296 ipsius
3443 3207 3709 3282 moliatur

301 3315 458 3383 dere,
480 3312 732 3384 abscidit
767 3329 930 3369 oram
961 3312 1288 3386 chlamydis
1317 3315 1467 3387 ejus,
1491 3319 1549 3372 et
1579 3316 1638 3372 in
1669 3334 1731 3374 se
1760 3334 1950 3374 rever-

301 3419 404 3458 sus
431 3400 723 3474 percussit
749 3417 848 3457 cor
876 3391 1080 3470 suum,
1101 3417 1167 3459 eo
1196 3404 1353 3476 quod
1393 3405 1707 3463 fwdaverat
1731 3410 1949 3465 vestem

302 3489 524 3546 domini
554 3489 668 3545 sui.
1025 3509 1032 3516 ·

370 3580 504 3636 CAP.
535 3579 770 3636 XXXIV.
806 3579 970 3637 Unde
1015 3582 1223 3639 beatus
1270 3582 1584 3657 Gregorius
1641 3585 1700 3641 in
1749 3587 1952 3660 regula

299 3669 584 3726 Pastorali
633 3669 776 3726 dicit
813 3674 987 3741 (Past.
1023 3689 1108 3739 III,
1139 3689 1188 3727 c.
1220 3673 1317 3741 5):
1345 3696 1374 3723 ‹‹
1405 3673 1771 3730 Admonendi
1810 3681 1952 3732 sunt

298 3760 540 3830 subditi,
570 3777 641 3816 ne
671 3777 806 3816 cum
838 3759 1042 3832 culpas
1073 3763 1518 3834 praepositorum
1550 3765 1949 3835 considerant,

299 3854 512 3906 contra
530 3865 630 3905 eos
677 3847 1018 3904 audaciores
1069 3850 1233 3916 ﬁant,
1267 3851 1368 3906 sed
1420 3851 1524 3916 sic,
1558 3851 1607 3907 si
1637 3869 1755 3924 qua
1784 3853 1951 3910 valde

299 3942 439 3996 sunt
466 3954 670 3994 eorum
710 3955 906 4010 prava,
928 3938 1085 4010 apud
1119 3939 1466 4012 semetipsos
1509 3939 1852 4012 diiudicent,
1888 3947 1952 3999 ut

299 4033 494 4100 tamen
517 4026 713 4082 divino
744 4025 953 4083 timore
969 4027 1292 4096 constricti,
1319 4029 1465 4084 ferre
1496 4030 1606 4086 sub
1628 4030 1712 4088 eis
1735 4032 1950 4106 jugum

300 4117 632 4174 reverentiae
665 4133 780 4172 non
812 4119 1098 4172 recusent.
1125 4117 1286 4182 Quod
1318 4117 1528 4174 melius
1559 4119 1946 4190 ostendimus,

301 4207 350 4264 si
369 4207 588 4263 factum
609 4205 785 4262 David
807 4205 881 4260 ad
905 4203 1164 4261 medium
1186 4206 1714 4291 deducamus.Saul
1733 4209 1950 4282 quippe

299 4299 636 4374 persecutor
655 4310 790 4351 cum
819 4293 891 4350 ad
923 4295 1292 4366 purgandum
1314 4299 1574 4352 ventrem
1607 4296 1950 4370 speluncam

299 4385 520 4446 fuisset,
535 4384 860 4456 ingressus,
884 4382 1002 4438 illic
1029 4399 1163 4438 cum
1185 4382 1322 4438 viris
1354 4384 1477 4440 suis
1522 4385 1697 4441 David
1740 4386 1947 4453 inerat,

299 4475 399 4547 qui
423 4457 550 4546 jam
573 4479 694 4528 tam
715 4472 888 4545 longo
910 4477 1171 4543 tempore
1196 4474 1621 4544 persecutionis
1643 4475 1772 4545 ejus
1794 4475 1950 4530 mala

2061 3311 2386 3386 subripere,
2411 3315 2477 3366 nt
2506 3328 2852 3384 moneamus
2881 3328 3018 3368 eum
3048 3311 3120 3368 de
3150 3313 3538 3370 sacramentis
3567 3315 3706 3371 inter

2059 3419 2122 3463 se
2153 3405 2210 3458 et
2239 3401 2528 3458 seniorem
2581 3405 2854 3458 nostrum
2885 3399 3078 3469 factis,
3100 3417 3227 3474 quae
3275 3418 3375 3458 rex
3424 3407 3624 3460 noster
3647 3419 3703 3459 se

2061 3507 2290 3547 servare
2318 3488 2466 3546 velle
2498 3490 2732 3556 fatetur,
2757 3493 2815 3546 et
2853 3505 3256 3562 proponamus
3284 3490 3336 3547 ei
3363 3491 3701 3548 sententiam

2060 3579 2290 3636 Domini
2323 3577 2610 3652 prolatam
2643 3596 2746 3652 per
2787 3578 3103 3636 Jeremiam
3133 3579 3482 3652 prophetam
3512 3583 3701 3638 contra

2059 3667 2424 3732 Sedechiam,
2451 3667 2548 3740 qui
2575 3667 2798 3740 juravit
2827 3666 3368 3724 Nabuchodonosor
3395 3669 3598 3743 gentili
3618 3686 3695 3724 ne-

2058 3758 2114 3830 gi
2147 3759 2206 3812 in
2237 3757 2474 3812 nomine
2504 3755 2739 3812 Domini
2773 3773 2787 3810 :
2823 3762 3132 3828 Propterea,
3166 3755 3362 3828 inquit
3385 3758 3694 3830 Scriptura,

2047 3848 2428 3920 juramentum
2449 3847 2590 3918 quod
2617 3847 2838 3918 sprevit,
2862 3852 2914 3901 et
2938 3845 3116 3918 fwdus
3145 3845 3286 3918 quod
3310 3849 3694 3918 pratum-am

2058 3943 2155 4002 est,
2209 3951 2412 4006 ponam
2470 3937 2528 3990 in
2583 3942 2745 4007 caput
2797 3935 2915 4008 ejus
2961 3935 3184 4006 '(Ezeeh.
3217 3952 3355 4003 xvn,
3405 3937 3512 4006 19).
3545 3935 3693 3992 Unde

2062 4025 2446 4097 Hieronymus
2477 4041 2526 4079 zu
2551 4025 2634 4079 Ne
2665 4027 3026 4098 putaremus,
3049 4023 3688 4096 inquit,juramentum,

2058 4115 2118 4168 et
2147 4113 2255 4168 1ωά
2268 4130 2356 4180 us,
2380 4117 2438 4168 et
2467 4117 2725 4185 pactum,
2750 4112 2907 4187 regis
2925 4128 3054 4169 esse
3085 4111 3512 4186 Babylonii,vel
3541 4113 3694 4170 Sede-

2059 4201 2202 4258 chia:
2243 4201 2342 4274 qui
2392 4203 2626 4268 fecerat,
2662 4201 2931 4274 sequitur
2961 4217 2976 4256 :
3011 4203 3076 4258 In
3098 4203 3558 4274 prwvaricatione
3598 4218 3694 4274 qua

2057 4292 2302 4363 despexit
2322 4307 2425 4346 me.
2450 4292 2599 4365 Ergo
2621 4290 2722 4363 qui
2745 4289 3069 4347 contemnit
3087 4289 3520 4362 juramentum,
3541 4291 3690 4346 illum

2059 4379 2329 4452 despicit,
2363 4395 2465 4450 per
2494 4395 2669 4452 quem
2693 4378 2915 4451 juravit
2947 4397 2960 4434 :
2996 4377 3199 4451 illique
3229 4379 3373 4436 facit
3401 4379 3688 4453 injuriae);

2059 4471 2230 4541 cuius
2261 4468 2484 4524 nomini
2532 4469 2781 4525 credidit
2825 4467 3212 4548 adversarius.
3247 4468 3490 4541 Propter
3529 4484 3687 4542 quam

298 4561 604 4618 tolerabat.
627 4561 892 4632 Cumque
921 4577 1057 4616 eum
1082 4560 1190 4616 viri
1222 4561 1313 4617 sui
1343 4562 1415 4616 ad
1451 4562 1779 4618 feriendum
1811 4565 1952 4620 Saul
1983 4579 2034 4644 Β
2059 4573 2302 4612 causam
2329 4574 2341 4612 ε
2369 4558 2731 4629 Expendam,
2755 4555 2967 4630 inquit,
2995 4573 3175 4628 super
3193 4573 3330 4614 eum
3351 4563 3474 4614 rete
3495 4573 3688 4622 meum,

297 4649 701 4716 accenderent,
717 4647 888 4722 fregit
905 4665 1004 4706 eos
1035 4649 1684 4723 responsionibus,quia
1706 4669 1951 4710 manum

296 4739 527 4794 mittere
557 4739 616 4793 in
639 4737 928 4794 christum
950 4738 1181 4794 Domini
1210 4753 1325 4793 non
1347 4739 1603 4795 deberet.
1620 4742 1728 4806 Qui
1753 4747 1949 4798 tamen

294 4826 522 4883 occulte
551 4826 822 4895 surrexit,
855 4830 914 4882 et
937 4843 1100 4883 oram
1145 4825 1471 4900 chlamydis
1507 4830 1636 4900 ejus
1674 4830 1944 4887 abscidit.

295 4915 444 4984 Quid
489 4915 645 4972 enim
697 4933 797 4988 per
841 4915 979 4971 Saul
1021 4915 1132 4970 nisi
1165 4915 1303 4971 mali
1339 4921 1612 4986 rectores,
1645 4920 1786 4990 quid
1845 4937 1951 4992 per

295 5004 476 5063 David
507 5003 621 5060 nisi
663 5005 798 5060 boni
849 5003 1070 5061 subditi
1120 5004 1552 5076 designantur?
1599 5007 1734 5064 Saul
1769 5007 1950 5080 igitur

294 5098 557 5150 ventrem
589 5110 861 5167 purgare,
885 5096 974 5149 est
1003 5109 1210 5165 pravos
1240 5093 1580 5166 praepositos
1607 5101 1948 5168 conceptam

295 5184 356 5239 in
377 5183 552 5240 corde
582 5181 868 5238 malitiam
893 5195 1080 5252 usque
1108 5182 1179 5237 ad
1205 5199 1380 5254 opera
1410 5183 1608 5240 miseri
1635 5184 1832 5240 odoris
1855 5202 1950 5242 ex-

299 5273 554 5337 tendere,
578 5273 637 5326 et
666 5270 922 5342 cogitata
951 5271 1102 5342 apud
1153 5288 1216 5326 se
1247 5270 1418 5326 noxia
1448 5271 1615 5328 factis
1654 5273 1949 5330 exteriori-

296 5363 408 5417 bus
429 5359 799 5431 exsequendo
819 5364 1144 5415 monstrare
1161 5377 1174 5427 ;
1193 5364 1251 5414 et
1266 5361 1434 5431 quasi
1449 5377 1608 5416 oram
1625 5361 1951 5434 chlamydis

297 5448 572 5520 preesaliii
603 5447 842 5504 silenter
863 5447 1304 5524 incidunt,quia
1327 5449 1614 5513 videlicet,
1633 5451 1772 5504 dum
1800 5467 1949 5522 prai-

297 5537 426 5591 fataa
457 5536 726 5609 dignitati
762 5536 970 5592 saltem
1013 5537 1245 5593 innoxie
1277 5541 1333 5592 et
1369 5536 1616 5593 latenter
1645 5538 1948 5610 derogant,

299 5624 466 5693 quasi
499 5624 654 5696 regis
686 5625 1038 5697 superpositi
1060 5630 1279 5682 vestem
1312 5629 1529 5681 secant.
1555 5625 1699 5682 Nam
1730 5644 1866 5684 cum
1888 5628 1947 5683 in

2063 4649 2120 4700 et
2140 4646 2670 4717 comprehendetur
2692 4662 2909 4719 sagena
2929 4661 3080 4713 mea,
3104 4650 3163 4703 et
3182 4646 3476 4704 adducam
3495 4663 3618 4703 eum
3637 4645 3688 4701 in

2061 4733 2437 4807 Babylonem,
2460 4740 2518 4792 et
2551 4735 2834 4806 judicabo
2865 4751 3003 4791 eum
3033 4733 3176 4791 illic.
3207 4735 3504 4808 Quidquid
3534 4736 3690 4808 igitur

2057 4827 2262 4879 contra
2291 4823 2634 4880 Sedechiam
2677 4825 2812 4880 fecit
2850 4823 3410 4891 NabuchodonosOr,
3434 4842 3546 4880 non
3579 4822 3686 4880 suis

2059 4913 2192 4968 fecit
2233 4913 2478 4979 viribus,
2501 4913 2601 4968 sed
2650 4914 2737 4968 ira
2768 4912 2890 4981 Dei,
2922 4912 2983 4968 in
3012 4913 3186 4985 cujus
3237 4912 3477 4969 nomine
3523 4914 3685 4969 fuerat

2059 5003 2450 5072 pejuratum.»
2477 5001 2752 5075 Legimus
2783 5002 2942 5058 enim
2974 5001 3319 5058 Sedechiam
3351 5007 3579 5074 captum
3599 5001 3685 5056 du-

2057 5095 2218 5146 ctum
2241 5107 2370 5146 esse
2391 5090 2449 5144 in
2484 5090 2879 5162 ReblathaUV
2896 5092 3026 5160 Reg.
3048 5091 3202 5163 xxv),
3228 5090 3429 5164 ibique
3449 5089 3681 5147 interfec-

2061 5179 2138 5236 tis
2184 5179 2323 5236 ﬁliis
2369 5183 2740 5248 excaecatum,
2765 5183 2822 5236 et
2867 5179 3054 5259 instar
3077 5180 3210 5236 fera
3239 5179 3504 5238 clausum
3533 5191 3683 5236 cavea

2060 5268 2412 5337 translatum
2441 5269 2500 5324 in
2537 5269 2888 5342 Babylonem
2915 5286 2928 5325 :
2954 5272 3011 5325 et
3039 5270 3111 5325 de
3141 5269 3488 5342 gravissima
3506 5267 3678 5342 perju-

2061 5358 2128 5413 rii
2157 5359 2414 5414 vindicta
2459 5358 2838 5413 manifestum
2867 5363 2925 5412 et
2953 5356 3369 5432 gravissimum
3406 5357 3678 5432 peccatum

2058 5465 2186 5504 esse
2207 5446 2553 5521 perjurium,
2579 5445 2732 5502 sicut
2751 5451 2808 5502 et
2828 5450 3070 5502 sanctus
3089 5446 3458 5519 Augustinus
3479 5447 3534 5502 in
3553 5442 3678 5499 libro

2059 5538 2130 5594 ad
2161 5537 2430 5593 consulta
2457 5535 2658 5592 Hilarii
2693 5539 2984 5591 monstrat
3009 5537 3118 5606 (ep.
3146 5535 3238 5603 99,
3263 5535 3323 5590 in
3356 5534 3508 5605 ﬁne).

2128 5627 2262 5682 CAP.
2299 5623 2561 5682 XXXVII.
2598 5624 2657 5680 Si
2707 5627 2904 5680 autem
2953 5628 3010 5680 et
3071 5628 3274 5682 contra
3332 5620 3676 5698 prmpositum
