3976 6188
176 321 340 400 989;

1387 325 1487 388 DE
1529 323 2090 392 INSTITU'I‘IGNE
2138 325 2395 390 REGIA.

3477 335 3598 398 990

176 458 346 534 pede,
360 457 432 515 de
451 456 631 515 altero
652 457 797 532 pede
816 457 906 517 vel
929 475 1109 517 manu
1141 457 1252 517 sibi
1283 459 1556 517 subvenit
1574 437 1640 515 ut
1668 459 1832 516 resti-
1861 461 2164 534 Arcentem
2180 469 2234 518 et
2248 463 2600 535 sanguinem,
2620 463 2714 520 sed
2732 463 2993 525 adversus
3019 447 3299 540 spiritalcs
3323 473 3621 544 nequitias

178 551 417 604 tuatur:
443 547 528 605 sic
558 549 772 606 iterum
804 567 908 622 per
927 550 1290 606 devotionem
1312 554 1371 606 et
1397 551 1612 607 bonam
1635 566 1830 621 opera—
1859 581 1868 610 ;

177 637 398 698 tionem
420 641 738 704 certate,ut
757 639 828 695 ad
853 640 1102 714 gratiam
1127 640 1375 696 senioris
1393 640 1566 696 vestri
1597 638 1829 694 Domini
1863 675 1868 683 ι

177 725 281 782 Dei
309 726 653 796 reveniatis;
687 725 828 800 quia
864 732 1174 800 peccantes
1217 733 1274 784 et
1321 743 1440 786 non
1485 728 1832 800 poenitentes

179 812 464 870 Dominus
493 814 593 870 diu
627 819 694 871 ut
722 821 1132 873 convertantur
1161 817 1388 883 tolerat,
1415 817 1515 873 sed
1549 833 1664 874 non
1693 834 1831 873 con-

177 919 380 960 versos
411 903 620 959 durius
649 893 912 961 damnat.
935 905 1099 962 Sicut
1136 905 1312 962 etiam
1358 906 1417 961 in
1448 909 1640 962 vestra
1666 909 1834 961 aetate

183 991 388 1048 audire
415 996 474 1048 et
513 991 709 1048 videre
767 993 1032 1066 potestis,
1064 998 1122 1050 et
1167 995 1241 1050 de
1286 994 1471 1060 vobis,
1496 1011 1568 1050 ne
1618 993 1835 1048 similia

179 1080 350 1137 vobis
395 1081 682 1149 eveniant,
712 1083 918 1138 timere
945 1086 1004 1140 et
1040 1099 1242 1140 cavere
1288 1083 1534 1164 debetis.
1560 1085 1630 1138 Et
1659 1083 1834 1139 talem

181 1185 285 1225 vos
313 1185 455 1242 erga
479 1169 704 1226 cultum
735 1170 1021 1235 divinum,
1043 1176 1101 1227 et
1121 1175 1382 1228 sanctam
1405 1171 1746 1242 Ecclesiam,
1769 1189 1838 1229 ac

184 1239 519 1314 sacerdotes
549 1262 607 1314 et
635 1276 834 1315 servos
864 1260 1356 1333 Dei,caeterosque
1384 1239 1586 1316 fideles
1614 1264 1866 1316 vestros

187 1347 248 1401 in
281 1345 442 1402 omni
475 1350 632 1403 statu
673 1353 998 1417 manentes,
1022 1353 1081 1404 et
1107 1365 1247 1421 erga
1293 1349 1575 1422 populum
1613 1349 1780 1406 vobis
1807 1367 1843 1405 a

187 1435 306 1491 Deo
335 1436 722 1492 commissum
755 1437 1117 1506 exhibete,ut
1137 1455 1240 1494 vos
1259 1437 1530 1510 diligant,
1551 1442 1612 1495 et
1629 1455 1729 1494 eos
1749 1439 1843 1494 dc-

185 1523 362 1604 lectet
385 1527 508 1580 tam
539 1524 596 1579 in
629 1525 880 1598 spiritali
911 1525 1166 1594 servitio,
1195 1544 1372 1599 quam
1425 1525 1485 1582 in
1534 1525 1842 1598 temporali

188 1612 504 1687 adjutorio,
527 1611 863 1686 ubicunque
887 1613 1052 1671 vobis
1086 1631 1325 1670 necesse
1356 1614 1562 1683 fuerit,
1578 1616 1842 1671 debitum

187 1700 542 1774 obsequium
565 1701 864 1768 exhibere;
889 1706 948 1758 et
969 1702 1106 1774 plus
1123 1719 1226 1759 vos
1247 1703 1494 1760 delectet
1514 1703 1845 1760 Christiana

192 1787 421 1897 religio,
454 1793 514 1845 et
542 1791 736 1890 cordis
776 1789 1102 1890 humilitas,
1123 1809 1302 1864 quam
1331 1809 1490 1897 vanae
1533 1810 1756 1897 pompas
1787 1798 1847 1848 et
1877 1832 1924 1897 Β

188 1877 522 1956 voluptates
559 1879 753 1936 carnis
786 1897 800 1934 :
834 1880 1116 1952 quoniam
1156 1879 1542 1953 quantislibet
1587 1880 1845 1938 molibus

191 1967 422 2046 argenti
454 1971 512 2024 et
540 1968 667 2024 auri
715 1967 1132 2037 circumdatur,
1164 1968 1528 2041 quibuslibet
1574 1969 1847 2042 pretiosis

186 2055 458 2134 vestibus
485 2055 766 2112 induatur
799 2073 954 2124 caro,
981 2057 1122 2130 quid
1153 2061 1244 2113 est
1271 2058 1430 2114 aliud
1463 2074 1642 2130 quam
1673 2060 1848 2115 caro?

185 2143 245 2200 id
279 2146 392 2225 est,
423 2145 694 2218 putredo,
717 2150 776 2202 et
803 2145 963 2202 filius
1001 2145 1260 2202 hominis
1286 2145 1522 2212 vermis,
1544 2152 1603 2202 et
1633 2147 1842 2218 pulvis,

184 2251 253 2290 ac
285 2234 484 2291 cinis?
513 2235 636 2290 Non
668 2251 772 2290 vos
814 2239 1046 2291 tantum
1076 2235 1322 2292 delectet
1359 2253 1462 2308 per
1507 2237 1844 2292 venationes

179 2322 423 2396 insequi
454 2323 676 2380 bestias
696 2322 1316 2396 silvestres,quantum
1349 2340 1610 2396 pugnare
1641 2329 1846 2381 contra

183 2411 390 2468 carnis
417 2409 762 2484 voluptates,
795 2416 852 2468 et
881 2412 983 2468 Dei
1012 2429 1078 2467 ac
1109 2416 1323 2468 sanctae
1354 2411 1544 2484 ipsius
1575 2411 1843 2468 Ecclesiae

182 2499 484 2566 inimicos,
516 2505 636 2555 tam
685 2500 1035 2572 corporales,
1061 2517 1236 2573 quam
1286 2499 1625 2574 spirituales
1659 2517 1673 2556 :
1707 2501 1845 2572 quia

184 2590 347 2646 sicut
375 2589 519 2645 dicit
557 2589 843 2646 Dominus
873 2607 977 2662 per
1003 2588 1349 2662 Apostolum
1381 2605 1395 2644 :
1429 2589 1566 2645 Caro
1594 2593 1847 2662 concupi-

181 2663 287 2735 scit
339 2679 600 2736 adversus
627 2681 906 2752 spiritum,
937 2687 990 2735 et
1035 2681 1264 2751 spiritus
1315 2679 1574 2734 adversus
1621 2695 1846 2734 carnem

183 2768 333 2840 (Gal.
356 2786 414 2838 v,
439 2767 550 2840 17).
583 2769 654 2824 Et
684 2789 702 2823 :
731 2769 846 2826 Non
899 2775 980 2824 est
1025 2769 1182 2824 nobis
1228 2769 1540 2824 colluctatio
1585 2767 1843 2824 adversus

1941 549 2157 621 (Ephes.
2191 567 2268 618 v1,
2305 552 2413 622 12).
2448 552 2575 608 Non
2623 570 2724 608 vos
2775 554 3060 628 delectent
3090 561 3336 615 tantum
3385 560 3596 618 divitiae

1938 638 2378 708 possessionum
2409 640 2536 695 auri
2569 645 2628 696 et
2657 643 2880 714 argenti
2915 648 3090 716 atque
3119 655 3510 719 gemmarum,
3532 654 3598 706 ut

1939 724 2092 781 inter
2121 743 2219 782 eos
2241 729 2662 800 computemini
2689 731 2790 802 qui
2823 730 2981 791 idola
3001 733 3265 802 adorant,
3291 737 3594 808 quoniam,

1941 813 2097 869 sicut
2125 815 2268 870 dicit
2303 817 2638 888 Apostolus,
2662 819 2916 875 Avaritia
2947 820 3226 877 idolorum
3261 827 3493 882 servitus
3520 836 3600 884 est

1941 903 2163 1004 {Cottiis
2212 907 2414 1004 111,.5),
2450 911 2739 1004 quantum
2775 909 2980 1004 ‘ﬁdest
3010 926 3164 982 spes,
3216 915 3274 966 et
3319 913 3600 1004 cher-itas,

1935 992 2188 1062 justitia,
2213 995 2446 1066 veritas,
2474 1000 2532 1052 et
2541 997 2771 1066 justum
2795 998 3246 1072 judicium,quaa
3271 992 3602 1074 perducunt

1945 1081 2242 1137 hominem
2268 1083 2326 1139 in
2345 1085 2429 1140 eis
2453 1091 2916 1157 perseverantem
2936 1089 3007 1144 ad
3025 1093 3304 1146 aeternum
3327 1109 3596 1167 regnum,

1945 1175 2001 1224 et
2029 1171 2372 1243 angelorum
2401 1174 2783 1230 consortium.
3602 1247 3608 1258 ι

1991 1253 2154 1314 CAP.
2187 1260 2253 1314 X.
2286 1263 2420 1326 Quae
2454 1279 2610 1319 nunc
2637 1265 2831 1320 verbis
2859 1266 3246 1324 dominationi
3275 1276 3481 1328 vestrae
3511 1275 3600 1331 di-

1947 1365 2160 1415 cerem,
2208 1349 2258 1404 si
2307 1367 2548 1424 corpore
2596 1370 2852 1425 praesens
2901 1355 3192 1424 adessem,
3223 1357 3344 1416 haec
3392 1360 3604 1420 litteris

1951 1453 2237 1509 suggero:
2269 1439 2409 1510 quia
2429 1441 2503 1496 de
2532 1442 2906 1514 generalibus
2935 1443 3205 1501 Ecclesia:
3235 1464 3303 1504 ac
3334 1449 3405 1506 de
3436 1454 3600 1524 regni

1951 1527 2220 1597 negotiis,
2247 1529 2375 1583 sine
2421 1529 2676 1600 generali
2720 1531 3046 1602 primorum
3077 1535 3242 1608 regni
3273 1538 3517 1597 consilio
3545 1545 3622 1598 et‘

1953 1631 2265 1683 consensu,
2289 1617 2542 1690 speciale
2570 1619 2708 1674 dare
2755 1619 3069 1677 consilium
3120 1624 3338 1693 nescio,
3361 1630 3418 1682 et
3463 1645 3603 1686 con.-

1953 1720 2195 1759 sensum
2227 1705 2547 1762 deliberare
2588 1725 2702 1764 non
2752 1708 2934 1777 valeo,
2969 1727 3074 1766 nec
3121 1729 3432 1784 praesumo.
3467 1717 3603 1774 Pro-

1943 1797 2153 1864 ,pterea
2172 1794 2316 1850 mihi
2339 1795 2466 1866 jam
2489 1801 2548 1852 et
2573 1801 2741 1854 astate
2753 1803 2819 1854 et
2846 1798 3187 1857 infirmitate
3209 1819 3276 1858 ac
3305 1804 3606 1864 debilitate

1955 1881 2176 1953 attrito,
2199 1899 2316 1938 non
2339 1901 2576 1942 necesse
2596 1890 2686 1942 est
2704 1903 2740 1943 a
2763 1887 3162 1946 dominatione
3189 1897 3383 1949 vestra
3415 1894 3605 1968 impo-

1957 1971 2036 2039 ni,
2061 1974 2126 2026 ut
2155 1971 2283 2027 sine
2313 1990 2494 2030 causa
2539 1974 2819 2048 laborem,
2853 1981 3170 2052 antequam
3216 1983 3287 2038 ad
3321 1983 3635 2056 placitum-

1954 2065 2211 2148 vestrum
2243 2061 2344 2116 Dei
2393 2067 2452 2119 et
2496 2065 2670 2120 vestri
2720 2065 2923 2122 fideles
2971 2071 3338 2141 conveniant,
3369 2077 3429 2128 et
3475 2089 3604 2148 ego,

1955 2147 2442 2224 qualitercunque
2497 2156 2766 2224 potuero,
2826 2155 3054 2212 favente
3115 2158 3392 2226 Domino,
3454 2161 3608 2218 sicut

1955 2237 2214 2308 praedixi,
2249 2237 2307 2292 in
2348 2239 2446 2294 Dei
2495 2245 2858 2298 et'vestrum
2910 2245 3234 2313 servitium,
3267 2251 3324 2303 et
3369 2247 3606 2306 illorum
3694 2250 3703 2256 ’

1955 2325 2304 2396 obsequium
2351 2327 2602 2383 veniam.
2637 2329 2698 2384 Si
2729 2335 2948 2401 autem,
2971 2334 3128 2404 quod
3159 2334 3316 2392 Deus
3363 2341 3604 2408 avertat,
3633 2374 3638 2378 -

1954 2413 2190 2468 interim
2223 2413 2476 2486 alicujus
2523 2417 2980 2488 perturbationis
3017 2437 3198 2478 causa
3243 2425 3519 2493 evenerit,
3551 2431 3642 2482 et.

1955 2501 2100 2556 mihi
2131 2507 2334 2558 notum
2378 2504 2566 2560 facere
2610 2505 2994 2566 dominationi
3046 2514 3249 2566 vestras
3299 2512 3605 2585 placuerit,

1954 2607 2058 2663 pro
2092 2591 2239 2646 scire
2269 2595 2326 2647 et
2363 2609 2557 2664 posse,
2591 2597 2649 2648 et
2677 2595 2922 2652 consilio
2972 2601 3032 2653 et
3077 2599 3295 2656 auxilio
3323 2602 3384 2660 in
3416 2609 3608 2664 vestro

1953 2678 2234 2751 obsequio
2266 2678 2518 2735 fideliter
2546 2679 2844 2738 laborabo.

1770 3056 2018 3124 VIII.

986 3207 1130 3292 AD
1191 3205 1764 3296 CAROLUM
1819 3209 1849 3292 l

1992 3207 2824 3297 ΙΜΡΕΒΑΤΟΒΕΜ
2933 3243 2938 3246 ·

435 3377 514 3441 Ut
537 3373 833 3439 Ludovici
854 3374 1046 3438 Balbi
1065 3375 1301 3437 sobrim’
1321 3377 1420 3436 sui
1440 3373 1588 3456 ﬁliis
1617 3375 1856 3456 regibus
1895 3375 2130 3436 idoneos
2167 3375 2504 3439 educatores
2531 3388 2587 3439 et
2615 3379 2993 3443 consiliarios
3021 3385 3363 3446 constituat.
3409 3422 3412 3426 -

1459 3507 1650 3581 (Apud
1682 3509 1957 3565 eumdem
1989 3525 2057 3564 ex
2086 3508 2340 3578 eodem.)

1727 3660 2070 3671 ———.

253 3762 510 3821 Domino
544 3761 771 3818 Canum
811 3761 1146 3832 imperatori
1193 3760 1446 3832 glorioso
1492 3761 1840 3816 HINCMARUS
1869 3763 1914 3830 ο
1954 3762 2206 3827 nostros,
2239 3759 2601 3833 propinquos
2625 3765 2870 3828 vestros,
2897 3766 2954 3817 et
2993 3762 3250 3837 pupillos
3279 3765 3405 3821 sine
3445 3771 3608 3838 patre

177 3854 506 3927 episcopus
535 3867 602 3906 ac
631 3849 819 3924 plebis
839 3851 938 3906 Dei
968 3849 1226 3906 famulus
1250 3853 1594 3922 praesentem
1615 3853 1672 3904 ct
1692 3850 1846 3905 futu-

180 3960 313 4000 ram
345 3944 518 4014 optat
542 3938 988 4013 prosperitatem
1021 3942 1078 3994 et
1107 3938 1372 4013 gloriam.

252 4030 525 4089 Audiens
554 4027 870 4086 laudabilis
899 4027 1034 4084 fidei
1062 4031 1264 4084 vestra:
1302 4025 1720 4100 benignitatem
1751 4043 1846 4082 er-

177 4140 258 4197 ga
288 4120 450 4178 ﬁlios
480 4117 703 4177 sobrini
735 4117 908 4174 vestri
950 4115 1558 4189 Ludovici,quondam
1598 4115 1846 4172 senioris

175 4209 402 4278 nostri,
423 4207 644 4283 gratias
678 4209 788 4286 Deo
820 4205 1011 4273 retuli,
1034 4210 1237 4278 petens
1267 4210 1334 4261 ut
1361 4203 1460 4277 qui
1493 4203 1653 4260 dedit
1681 4203 1847 4260 vobis

173 4299 353 4367 velle,
378 4299 560 4354 donet
587 4313 715 4369 qua:
741 4294 998 4368 coepistis
1027 4296 1304 4367 perficere
1333 4311 1436 4366 pro
1467 4293 1620 4349 bona
1647 4292 1850 4350 volun-

174 4393 347 4447 tate:
375 4391 436 4443 et
462 4387 573 4444 hoc
601 4389 725 4442 tam
767 4401 870 4458 per
915 4401 1030 4450 me,
1063 4400 1241 4456 quam
1295 4399 1398 4455 per
1446 4381 1762 4439 familiares
1792 4385 1850 4438 et

173 4479 495 4550 subjectos
523 4473 670 4532 mihi
719 4473 950 4530 Domini
1000 4472 1465 4528 misericordiam
1495 4489 1620 4539 oro,
1653 4475 1720 4526 ut
1747 4489 1847 4528 ve-

172 4573 315 4626 stra
345 4568 609 4640 potestas
655 4567 832 4636 atque
880 4560 1236 4635 prosperitas
1284 4561 1342 4616 in
1393 4579 1502 4618 sua
1551 4560 1849 4617 voluntate

173 4655 626 4721 corroboretur,
657 4655 716 4708 et
744 4655 810 4706 ut
839 4651 900 4707 in
932 4651 1046 4706 ﬁde
1077 4653 1234 4706 recta
1271 4653 1329 4706 et
1365 4650 1642 4722 operibus
1681 4649 1851 4705 bonis

175 4747 668 4820 perseverantem
699 4741 780 4797 de.
813 4739 1120 4814 temporali
1163 4755 1342 4814 regno
1380 4739 1746 4812 quandoque
1778 4739 1855 4794 ad

174 4839 372 4892 atem
381 4849 484 4888 um
515 4831 820 4905 perducat.

256 4924 410 4980 CAP.
454 4921 498 4977 Ι.
551 4921 887 4986 Precamur,
933 4918 1180 4974 Domine
1237 4917 1602 4985 cbarissime,
1653 4921 1719 4972 ut
1767 4935 1852 4972 re-

174 5015 409 5087 spectu
428 5009 531 5066 Dei
555 5008 843 5082 adjutoris
863 5011 920 5064 et
949 5005 1294 5080 protectoris
1322 5004 1496 5060 vestri
1530 5005 1853 5087 regiminis,

175 5101 362 5176 regni
396 5099 578 5172 hujus
631 5095 978 5164 Ecclesium,
1007 5111 1185 5168 quam
1233 5093 1498 5150 Christus
1547 5093 1860 5166 acquisivit

173 5188 494 5264 sanguine
525 5205 654 5255 suo,
679 5185 834 5243 sicut
862 5190 919 5242 et
946 5202 1051 5258 per
1073 5183 1418 5240 universum
1447 5183 1648 5238 orbem
1679 5183 1855 5238 diffu-

168 5297 346 5346 sam,
373 5276 535 5350 apud
565 5293 674 5332 nos
695 5275 753 5330 in
787 5273 991 5330 multis
1021 5273 1364 5346 collapsam,
1386 5275 1584 5328 vestro
1608 5271 1856 5344 sapienti

165 5365 448 5428 consilio
478 5368 536 5422 et
566 5363 873 5437 potestatis
905 5362 1121 5418 auxilio
1162 5360 1444 5427 relevctis,
1479 5365 1536 5415 et
1575 5360 1736 5432 regni
1769 5359 1854 5415 di-

163 5457 484 5516 visionem
516 5452 914 5519 consolidetis,
937 5468 1004 5509 ac
1036 5451 1324 5524 primores
1357 5449 1542 5521 ipsius
1567 5449 1859 5522 compagi-

164 5545 374 5610 natis,
398 5547 460 5600 et
479 5560 608 5616 qua:
637 5541 698 5598 in
716 5542 825 5598 hoc
853 5557 1032 5614 regno
1063 5542 1298 5612 propter
1317 5537 1713 5594 dissensiones
1735 5555 1857 5610 per-

166 5645 406 5712 peer
429 5637 708 5706 aguntur,
722 5629 887 5688 evelli
911 5629 1157 5697 faciatis,
1171 5633 1228 5685 et
1249 5629 1392 5684 istos
1407 5628 1676 5698 juvenes,
1691 5643 1854 5700 reges

1884 5143 1932 5208 D

1953 3847 2080 3904 loco
2113 3847 2368 3904 filiorum
2397 3850 2667 3921 teneatis,
2683 3853 2742 3906 et
2759 3851 2844 3906 eis
2869 3868 3114 3925 regnum
3139 3854 3212 3909 ab
3233 3857 3612 3912 antecessori-

1879 3967 1886 3974 -
1954 3937 2068 3992 bus
2113 3936 2351 3993 illorum
2401 3939 2774 3996 successione
2803 3939 3116 3999 dimissum
3149 3959 3251 4014 per
3279 3945 3610 4018 suggestio-

1954 4042 2088 4081 nem
2112 4024 2436 4097 primorum
2457 4028 2621 4100 regni
2645 4028 2826 4100 hujus
2846 4029 3269 4102 disponatis,et
3283 4033 3383 4104 qui
3407 4034 3478 4090 de
3498 4035 3612 4106 pri-

1955 4112 2219 4169 moribus
2249 4113 2459 4186 cuique
2489 4113 2726 4170 illorum
2754 4117 3098 4174 convenient
3127 4119 3434 4176 ordinatis.
3458 4123 3528 4176 Et
3559 4124 3611 4178 si

1953 4202 2102 4258 forte
2128 4201 2348 4257 fuerint
2395 4219 2464 4258 ex
2511 4203 2896 4272 nostratibus,
2932 4206 3033 4277 qui
3085 4206 3285 4278 potius
3313 4225 3441 4280 qua)
3491 4226 3610 4265 suae

1953 4290 2272 4346 voluntatis
2304 4295 2465 4360 sunt,
2498 4308 2676 4364 quam
2717 4309 2846 4364 quae
2895 4293 2966 4349 ad
3014 4293 3294 4351 honorem
3326 4298 3386 4351 et
3413 4295 3609 4353 defen-

1955 4380 2181 4436 sionem
2211 4383 2424 4436 sanctze
2471 4381 2796 4447 Eccclesiie,
2828 4398 2895 4438 ac
2936 4381 3341 4438 ministrorum
3371 4385 3522 4457 ejus,
3554 4391 3613 4444 et

1957 4469 2030 4525 ad
2062 4485 2264 4542 regum
2297 4487 2366 4525 ac
2397 4469 2556 4542 regni
2590 4487 2794 4543 pacem
2826 4474 2884 4527 et
2911 4469 3403 4544 tranquillitatem
3434 4473 3610 4546 perti-

1958 4561 2158 4626 neant,
2194 4559 2380 4614 facere
2410 4557 2613 4630 velint,
2647 4559 2936 4631 sapientia
2981 4563 3040 4616 et
3087 4563 3372 4633 potestate
3419 4566 3642 4626 vestra

1959 4663 2059 4704 eos
2089 4651 2371 4714 revocate,
2394 4646 2480 4702 vel
2514 4647 2563 4702 si
2612 4647 2789 4704 fuerit
2835 4663 3073 4704 necesse
3105 4650 3497 4723 comprimite,
3527 4656 3612 4709 at-

1961 4753 2074 4808 que
2101 4739 2327 4792 exteros
2353 4737 2730 4795 adversantes
2761 4735 2890 4792 istis
2918 4735 3126 4794 vestris
3166 4737 3324 4807 filiis,
3357 4744 3416 4797 et
3444 4741 3614 4798 nobis

1961 4825 2238 4880 omnibus
2268 4829 2469 4880 vestrae
2497 4823 2881 4880 dominationi
2913 4825 3189 4884 fidelibus
3215 4828 3613 4887 defensionem

1963 4913 2158 4970 solatii
2203 4913 2491 4979 exhibete,
2525 4917 2818 4986 quatenus
2847 4917 2906 4970 et
2935 4917 3089 4988 apud
3122 4916 3304 4974 Deum
3355 4917 3612 4974 debitam

1963 5005 2099 5062 inde
2114 5002 2684 5074 ‘remunerationem,
2705 5007 2764 5059 et
2791 5005 2950 5078 apud
2977 5005 3258 5063 saeculum
3287 5023 3496 5062 nomen
3529 5022 3616 5062 ce-

1963 5093 2120 5149 lebre
2151 5089 2436 5147 habeatis.

2033 5182 2168 5238 CAP.
2196 5181 2264 5236 II.
2289 5180 2358 5236 Et
2379 5180 2518 5252 quia
2547 5179 2801 5254 legimus
2820 5183 2892 5238 de
2906 5182 3230 5240 Alexandro
3261 5185 3487 5254 Magno,
3511 5198 3613 5238 cu-

1959 5271 2060 5341 jus
2093 5269 2443 5342 paedagogus
2474 5268 2757 5325 Leonides
2797 5271 3033 5327 nomine
3064 5270 3194 5338 fuit,
3219 5269 3374 5342 quod
3405 5269 3615 5327 citatos

1968 5375 2157 5414 mores
2188 5362 2244 5413 et
2271 5357 2651 5414 inhonestum
2685 5359 2980 5415 incessum
3019 5359 3242 5416 habens
3271 5359 3332 5413 in
3364 5359 3616 5430 pueritia

1966 5449 2117 5503 idem
2150 5446 2490 5514 Alexander,
2513 5463 2583 5502 ex
2623 5448 2862 5519 prtel'ato
2901 5447 3214 5521 paedagogo
3255 5464 3362 5503 suo
3409 5449 3633 5506 eadem—

1965 5535 2186 5608 accepit
2206 5533 2498 5607 vitia,quae
2523 5535 2762 5592 adultus
2792 5535 2852 5590 in
2874 5535 3066 5608 seipse
3097 5537 3387 5610 corrigam
3408 5536 3612 5608 voluit,

1964 5630 2020 5682 et
2049 5639 2182 5680 cum
2215 5623 2414 5680 omnia
2440 5640 2620 5696 regna
2647 5623 2870 5696 vicerit,
2893 5623 3154 5698 seipsum
3186 5627 3248 5682 in
3275 5627 3374 5683 hoc
3400 5628 3642 5685 vincere.
