3976 6188
381 302 500 362 995

1080 293 1118 346 .’
1160 291 1552 356 HINCMARI
1599 289 1844 352 RHEM.
1877 283 2268 351 'ARCHIEPJ
2300 287 2704 378 OPUSCULA
2747 287 3012 350 VARIA.

3672 287 3791 348 996

343 473 351 486 .
441 435 578 488 CAP.
614 429 706 496 IV.
761 429 1050 502 Legimus.
1079 428 1140 484 in
1169 430 1396 484 sancta
1450 425 1740 497 scriptura
1795 422 2023 479 Veteris
2050 423 2107 490 Α
2134 421 2322 478 domui
2351 423 2520 478 Israel
2548 421 2772 489 (Ezech.
2805 437 2892 488 nr,
2917 417 3025 491 17).
3053 441 3080 468 ››
3103 419 3502 492 Speculatoris
3529 419 3790 476 ofﬁcium

339 517 950 590 oTestamenti,'quia
1003 516 1184 573 David
1239 531 1337 571 rex
1383 513 1560 570 simul
1613 517 1672 569 et
1727 511 2035 584 propheta,

372 606 763 683 praeﬁgurans
795 603 1112 664 Dominum
1145 609 1415 661 nostrum
1464 604 1666 658 Jesum
1713 601 2036 668 Christum,

369 698 477 772 qui
509 698 674 754 solus
706 714 805 753 rex
835 695 1015 752 simul
1049 700 1106 750 et
1127 690 1398 750 sacerdos
1425 690 1548 747 ﬁeri
1573 691 1946 763 potuit,duos
1973 688 2034 744 in

367 787 774 843 sacerdotibus
795 785 1032 842 ordines
1053 781 1379 851 constituit,
1395 780 1455 834 in
1489 779 1740 834 summis
1760 777 2030 834 videlicet

366 873 933 949 pontiﬁcib'us,,et.in
967 871 1212 928 minoris
1243 867 1467 926 ordinis
1497 865 2030 949 sacerdotibus,qui

366 948 990 1035 nunc’presbyteratus
1018 955 1349 1031 funguntur
1390 956 1610 1025 ofﬁcio;
1643 973 1712 1011 ea
1765 948 2033 1011 videlicet

368 1049 720 1123 provisione,
740 1053 802 1104 ut
829 1049 972 1103 dum
995 1043 1241 1119 quilibet
1267 1043 1614 1100 Pontiﬁcum
1645 1043 1766 1098 vita
1793 1043 2033 1099 decede-

369 1137 843 1210 ret,quicunque'
859 1136 1229 1192 sacerdotum
1259 1133 1518 1206 optimus
1561 1135 1882 1205 putaretur,
1897 1130 1948 1186 ei
1968 1130 2028 1186 in

369 1226 776 1297 pontiﬁcatum
827 1223 1180 1280 succederet.
1226 1222 1298 1276 Et
1327 1221 1387 1276 in
1419 1221 1576 1276 Novo
1625 1222 2025 1288 Testamento,
2111 1257 2116 1264 ι

2109 1345 2115 1352 -
2137 1313 2256 1366 tem
2277 1308 2572 1365 custodire
2601 1309 2790 1364 debet.
2806 1309 3030 1365 Nomen
3049 1308 3208 1364 enim
3231 1308 3387 1380 regis
3419 1306 3782 1363 intellectua-

2111 1397 2272 1454 -liter
2289 1397 2400 1454 hoc
2421 1398 2734 1466 retinet,ut
2763 1397 3048 1470 subjectis
3077 1395 3356 1453 omnibus
3385 1395 3626 1454 rectoris
3657 1396 3781 1452 ofﬁ-

2107 1488 2292 1543 cium
2319 1491 2609 1559 procuret.
2634 1487 2746 1542 Sed
2769 1486 3022 1560 qualiter
3060 1485 3207 1543 alios
3237 1485 3524 1560 corrigere
3549 1486 3778 1558 poterit,

2103 1599 2108 1604 ·
2135 1576 2232 1649 qui
2252 1576 2532 1650 proprios
2553 1593 2747 1632 mores
2768 1593 2841 1632 ne
2861 1575 3049 1647 iniqui
3072 1574 3194 1631 sint
3215 1592 3330 1631 non
3351 1574 3628 1648 corrigit?
3643 1581 3782 1646 quo-

367 1313 652 1370 Dominus
685 1317 884 1370 noster
911 1313 1085 1368 Jesus
1105 1310 1373 1366 Christus
1403 1311 1475 1365 de
1504 1308 1886 1364 multitudine
1913 1308 2031 1364 dis-

367 1403 698 1476 cipulorum
729 1399 1166 1470 suorum,sicut
1187 1400 1246 1455 in
1265 1398 1578 1472 Evangelia
1609 1397 2030 1470 legimus,duo-

349 1491 554 1548 .decim
586 1491 960 1564 elegit,.quos
989 1494 1048 1545 et
1074 1488 1384 1560 Apostolos
1427 1487 1770 1543 nominavit.
1805 1486 2026 1542 Horum

366 1581 426 1636 in
456 1579 719 1636 Ecclesia
736 1576 928 1636 loeum
959 1583 1159 1636 tenent
1187 1577 1466 1650 episcOpi,
1501 1577 1655 1632 sicut
1682 1593 1850 1632 sacra
1879 1575 2028 1632 Scri-

375 1674 552 1741 ptura
579 1673 637 1724 et
683 1667 954 1724 catholici
1004 1669 1268 1722 doctores
1319 1666 1652 1721 ostendunt.
1689 1664 2026 1738 Designavit

363 1757 540 1814 etiam
597 1755 1172 1862 aliosseptuagiqta
1223 1756 1378 1862 duos
1435 1756 1584 1827 (Luc.
1643 1771 1722 1862 vi,
1774 1753 1884 1826 13),
1917 1753 2097 1862 (μή-Β

364 1847 476 1902 sub
521 1845 831 1902 duodecim
889 1843 1170 1918 apostolis
1221 1845 1471 1916 ﬁguram
1521 1843 2015 1916 presbyterorum,
2051 1843 2110 1887 ξ’-

365 1937 425 1992 id
457 1940 546 1992 est
573 1935 816 1993 secundi
847 1935 1070 1992 ordinis
1117 1935 1486 1990 sacerdotum
1535 1936 2020 2004 przemonstrave-

367 2027 505 2080 runt
535 2041 550 2080 :
580 2028 646 2080 ut
673 2024 1090 2080 decedentibus
1110 2021 1422 2096 episcopis,
1457 2023 1528 2078 de
1558 2019 1650 2075 his
1689 2019 1929 2076 secundi
1963 2023 2020 2074 et
2072 2052 2081 2058 ι

368 2113 662 2170 inferioris
707 2113 935 2170 ordinis
989 2112 1412 2184 sacerdotibus,
1447 2110 1772 2167 secundum
1822 2125 2020 2164 sacros

365 2221 620 2259 canones
651 2203 858 2276 spiritu
891 2202 990 2258 Dei
1022 2201 1308 2269 conditos,
1327 2205 1384 2256 et
1412 2201 1593 2255 totius
1625 2197 1830 2254 mundi
1862 2213 2017 2252 reve-

367 2293 556 2348 rentia
603 2295 995 2356 consecratos,
1027 2291 1096 2345 ad
1147 2289 1367 2346 summi
1423 2287 1734 2344 sacerdotii
1794 2285 2018 2358 apicem

366 2380 492 2436 loco
539 2381 914 2436 decessurum
961 2377 1366 2452 episcoporum
1420 2376 1834 2450 provehantur,
1867 2375 2021 2430 sicut

337 2483 534 2524 .sacra
591 2467 896 2539 Scriptura
969 2468 1222 2522 A'otuum
1296 2463 1698 2537 apostolorum
1757 2465 2024 2536 patenter

365 2556 643 2624 ostendit,
667 2556 896 2611 dicente
928 2555 1093 2610 Petro
1123 2555 1195 2610 ad
1229 2554 1549 2610 confratres
1594 2569 1754 2618 suos,
1784 2551 2020 2623 quando

347 2646 400 2702 .J
409 2646 580 2720 udas,
611 2644 714 2717 qui
743 2648 1200 2700 connumeratus
1234 2643 1422 2699 fuerat
1463 2643 1523 2697 in
1555 2641 1756 2696 ordine
1785 2643 2018 2713 aposto-

367 2733 586 2802 lorum,
615 2738 675 2790 et
713 2733 956 2790 sortitus
1006 2737 1224 2789 sortem
1275 2730 1587 2787 ministerii
1633 2728 2018 2802 apostolatus,

343 2821 513 2884 .abiit
543 2822 604 2879 in
635 2821 828 2878 locum
860 2838 1076 2878 suum:
1108 2827 1330 2894 oportet,
1353 2819 1732 2892 inquiens,”
1756 2817 1843 2873 his
1862 2817 2017 2884 viris,

368 2913 466 2984 qui
490 2913 774 2968 nobiscum
799 2913 1113 2983 congregati
1155 2917 1284 2966 sunt
1330 2911 1392 2964 in
1438 2910 1590 2965 omni
1635 2916 1888 2980 tempore,
1915 2920 2020 2976 quo

344 3001 601 3056 .intravit
655 3008 707 3056 et
749 3001 924 3056 exivit
969 3001 1113 3056 inter
1156 3015 1254 3054 nos
1302 2999 1563 3054 Dominus
1619 2999 1793 3057 Jesus.
1841 3001 2020 3050 testem

369 3090 784 3144 resurrectionis
803 3089 924 3160 ejus
952 3089 1236 3144 nobiscum
1264 3088 1390 3158 ﬁeri
1414 3103 1590 3141 unum
1617 3101 1686 3140 ea:
1732 3085 1854 3138 istis
1883 3083 2016 3151 (Act.

2145 515 2334 579 est,ut
2362 509 2677 566 commisso
2699 509 2812 566 sibi
2844 507 3080 581 populo,
3095 507 3360 580 exemplo
3380 513 3439 564 et
3459 509 3636 565 verbo
3655 525 3792 580 qua-

2146 599 2282 655 liter
2296 599 2486 656 vivere
2519 599 2727 667 debeat
2765 598 3126 653 incessanter
3155 596 3496 652 annuntiet:
3520 596 3677 651 sicut
3724 596 3788 652 de

2144 688 2396 756 Christo,
2429 687 2528 762 qui
2559 687 2724 760 sequi
2766 703 2848 755 se,
2873 686 2929 741 id
2960 690 3050 741 est
3096 685 3333 752 imitari,
3366 685 3629 758 pracipit
3659 685 3790 740 scri-

2143 781 2308 850 ptum
2340 781 2448 845 est,
2473 791 2600 850 qua
2629 778 2784 849 erepit
2809 778 2964 832 Jesus
2989 778 3173 847 facere
3197 783 3250 830 et
3277 774 3466 830 docere
3492 775 3627 847 (Act.
3653 791 3693 841 ι,
3719 777 3784 842 1).

2141 866 2211 920 Et
2239 865 2323 921 sic
2352 865 2529 921 vitam
2553 883 2619 921 ac
2642 881 2832 920 mores
2854 863 2967 920 sibi
2987 863 3438 920 commissorum
3461 861 3790 935 speculetur

2140 946 2524 1022 attendere,et
2537 957 2850 1027 postquam
2875 953 3205 1020 attenderit,
3219 967 3488 1009 sermone
3509 952 3558 1008 si
3581 951 3786 1024 poterit

2142 1047 2198 1098 et
2222 1047 2356 1099 actu
2384 1043 2692 1116 corrigere,
2714 1047 2772 1098 et
2803 1041 2854 1098 si
2882 1059 2997 1098 non
3037 1041 3269 1115 poterit,
3285 1035 3459 1114 juxta
3495 1040 3786 1114 evangeli-

2139 1150 2268 1188 cam
2291 1132 2553 1205 regulam
2576 1131 2863 1189 scelerum
2894 1130 3192 1204 operarios
3219 1131 3393 1186 debet
3420 1129 3734 1186 declinare.

2209 1221 2348 1277 CAP.
2377 1220 2472 1276 VI.
2493 1221 2561 1276 Et
2581 1237 2680 1276 rex
2707 1220 2767 1275 in
2790 1219 3106 1292 semetipso
3129 1219 3386 1275 nominis
3424 1217 3516 1275 sui
3535 1218 3783 1291 dignita-

2133 1665 2290 1720 niam
2307 1665 2543 1737 justitia
2565 1665 2718 1738 regis
2741 1663 3034 1720 exaltatur
3052 1663 3291 1736 solium,
3308 1669 3367 1719 et
3383 1665 3626 1720 veritate
3647 1663 3779 1719 soli-

2134 1755 2350 1810 dantur
2376 1753 2774 1826 gubernacula
2804 1753 3326 1826 populorum.0uze
3357 1770 3491 1809 vero
3522 1752 3599 1808 sit
3612 1753 3781 1823 justi-

2128 1843 2209 1898 tia
2234 1841 2408 1914 regis,
2439 1843 2596 1898 idem
2627 1843 2834 1898 beatus
2855 1841 3180 1914 Cyprianus
3204 1842 3263 1896 in
3295 1859 3448 1898 nono
3479 1842 3774 1898 abusionis

2128 1931 2313 2004 gradu
2345 1931 2846 1988 sufﬁcientissime
2876 1936 3186 1987 monstrat.
3289 1979 3293 1985 .

2199 2019 2334 2075 CAP.
2367 2019 2484 2076 VII.
2515 2020 2700 2078 Habet
2745 2014 2963 2092 quippe
3009 2021 3154 2076 ordo
3204 2011 3584 2076 sacerdotalis
3627 2019 3776 2092 leges

2085 2175 2092 2181 Π
2127 2107 2405 2178 divinitus
2437 2108 2860 2182 promulgatas,
2884 2108 3136 2182 qualiter
3165 2109 3417 2182 quisque
3444 2109 3516 2164 ad
3547 2108 3774 2164 culmen

2129 2196 2452 2268 regiminis,
2484 2197 2753 2252 videlicet
2773 2197 3186 2275 episcopatus,_
3204 2197 3402 2254 venire
3436 2197 3664 2264 debeat,
3696 2203 3775 2252 at-

2129 2303 2242 2358 que
2271 2287 2342 2341 ad
2370 2285 2478 2342 hoc
2510 2290 2663 2342 recte
2696 2285 3061 2358 perveniens,
3087 2285 3342 2358 qualiter
3359 2286 3532 2354 vivat,
3551 2291 3612 2342 et
3641 2287 3780 2340 bene

2125 2375 2348 2442 vivens,
2365 2374 2618 2446 qualiter
2639 2375 2864 2442 doceat,
2883 2383 2939 2431 el
2963 2381 3118 2431 recte
3137 2375 3780 2440 docens,inﬁrmitatem

2128 2480 2298 2520 suam
2329 2463 2592 2535 quotidie
2639 2469 2864 2536 quanta
2907 2464 3375 2520 consideratione
3423 2469 3776 2536 cognoscat:

2129 2551 2383 2625 qualiter
2407 2552 2584 2608 etiam
2619 2553 2925 2610 ministros
2956 2553 3072 2610 sibi
3093 2553 3433 2626 suppositos
3454 2569 3652 2626 regem
3678 2553 3777 2608 dc-

2131 2642 2266 2697 beat
2298 2659 2311 2696 :
2345 2658 2522 2714 quam
2555 2659 2704 2714 pura
2732 2642 2908 2698 etiam
2939 2642 3261 2698 intentione
3289 2659 3490 2698 sacros
3509 2641 3776 2698 ecclesia-

2129 2729 2306 2785 sticos
2335 2729 2572 2786 ordines
2593 2731 2972 2802 dispensare:
2999 2735 3058 2787 et
3081 2747 3200 2802 qua
3218 2731 3569 2786 discretione
3598 2729 3772 2804 ligare

2127 2817 2214 2874 vel
2247 2817 2465 2875 solvere
2494 2819 2764 2876 subditos
2793 2820 3019 2876 debeat.
3051 2819 3132 2875 De
3179 2819 3398 2892 quibus
3447 2817 3675 2892 legibus
3717 2819 3774 2874 in

2127 2907 2352 2964 eisdem
2371 2908 2657 2980 scriptum
2686 2914 2776 2964 est
2803 2909 2888 2965 ita
2916 2908 3188 2981 (C(elest.,
3207 2925 3294 2982 ep.
3327 2909 3421 2980 8):
3458 2931 3488 2958 α
3511 2906 3666 2963 Nulli
3690 2925 3773 2962 sa-

2127 2997 2344 3052 cerdoti
2367 3014 2506 3053 suos
2528 2997 2701 3053 liceat
2718 3014 2972 3054 canones
3001 2997 3289 3072 ignorare,
3315 3013 3423 3054 nec
3451 2995 3772 3069 quidquam

2129 3085 2314 3141 facere
2359 3086 2514 3158 quod
2565 3085 2801 3142 Patrum
2849 3085 3035 3159 possit
3077 3085 3597 3160 regulis-obviare.
3630 3084 3772 3150 Quia

373 3177 424 3242 1,
454 3179 566 3245 2t).
595 3177 665 3232 Et
689 3175 850 3232 venit
880 3175 1082 3231 electio
1109 3175 1307 3230 divina
1352 3191 1530 3246 super
1577 3172 1878 3240 Mathiam,
1913 3171 2015 3244 qui
2045 3164 2088 3231 C
2127 3191 2241 3230 non
2275 3174 2472 3230 minus
2497 3175 2554 3230 in
2597 3175 2934 3231 sanctarum
2983 3175 3366 3230 traditionum
3415 3173 3773 3246 delinquitur

370 3269 794 3321 annumeratus
825 3267 914 3319 est
943 3279 1078 3318 cum
1112 3263 1384 3318 undecim
1416 3261 1718 3334 apostolis.

344 3394 349 3399 .
439 3353 576 3408 Car.
608 3351 675 3406 V.
709 3352 781 3406 Et
813 3351 874 3408 in
895 3367 1066 3406 sacra
1087 3351 1312 3422 Regum
1335 3350 1583 3406 historia
1603 3349 2024 3424 legimus,quia

371 3439 666 3514 principes
687 3439 1328 3512 sacerdotum,quando
1367 3457 1536 3496 sacra
1566 3439 1836 3496 unctione
1858 3456 2022 3512 reges

371 3529 432 3584 in
461 3543 708 3600 regnum
740 3527 1069 3596 sacrabant,
1095 3545 1372 3584 coronam
1399 3529 1828 3601 signiﬁcantem
1849 3528 2025 3584 victo-

372 3614 520 3672 riam
546 3621 827 3688 ponentes
849 3634 1026 3690 snper
1043 3617 1238 3690 capita
1261 3617 1678 3690 eorum,legem
1701 3619 1759 3674 in
1779 3635 2021 3674 manum

371 3705 501 3778 ejus
534 3705 770 3782 dabant,
805 3711 872 3760 ut
909 3707 1126 3762 scirent
1170 3707 1422 3778 qualiter
1465 3707 1690 3778 seipsos
1721 3723 1936 3778 regere,
1967 3711 2024 3760 et

371 3810 582 3866 pravos
601 3794 910 3866 corrigere,
932 3799 990 3848 et
1019 3795 1204 3850 bonos
1234 3795 1294 3849 in
1326 3795 1478 3850 viam
1511 3799 1728 3850 rectam
1748 3795 2024 3850 deberent

371 3881 820 3953 dirigere.Unde
841 3881 995 3936 sicut
1015 3883 1220 3938 beatus
1261 3900 1413 3955 papa
1441 3883 1707 3938 Gelasius
1738 3883 1811 3938 ad
1839 3884 2022 3938 Anas-

371 3968 590 4025 tasium
620 3969 1040 4042 imperatorem
1062 3973 1236 4042 (epist.
1272 3973 1362 4040 10)
1381 3978 1462 4028 ex
1492 3971 1675 4028 sacris
1707 3971 2024 4044 Scripturis

371 4058 754 4126 demonstrat,
783 4063 840 4114 et
868 4057 929 4114 in
960 4058 1053 4116 his
1083 4077 1212 4132 quae
1244 4077 1431 4133 nuper
1469 4061 1624 4133 apud
1677 4060 2023 4134 martyrium

355 4149 587 4210 .sanctaa
613 4145 818 4205 Macris
842 4145 910 4206 in.
935 4137 1350 4223 synodogesta
1379 4155 1520 4205 sunt
1551 4149 2024 4218 continetur,duo

354 4239 512 4316 ,sunt
527 4235 744 4317 quibus
759 4234 1170 4308 principaliter
1193 4255 1310 4294 una
1329 4255 1464 4294 cum
1485 4238 1816 4310 specialiter
1834 4239 2028 4308 cujus-

369 4339 484 4396 que
513 4339 666 4382 θυι-ω
689 4324 975 4400 subjectis
1021 4326 1279 4382 mundus
1309 4327 1404 4382 hic
1436 4327 1687 4400 regitur,
1710 4327 2027 4392 auctoritas

369 4429 539 4476 sacra
567 4399 936 4486 pontiﬁcum,
953 4419 1012 4470 et
1033 4413 1247 4488 regalis
1269 4399 1558 4486 potestas:
1581 4415 1640 4470 in
1659 4399 1877 4488 quibus
1898 4433 2026 4487 per-

357 4500 532 4558 sonis
549 4500 705 4558 sicut
724 4502 998 4558 ordinum
1021 4507 1165 4562 eunt
1185 4501 1371 4560 divisa
1392 4503 1694 4571 vocabula,
1711 4503 1792 4559 ita
1812 4507 1953 4560 sunt
1971 4507 2029 4560 et

359 4587 559 4650 divisa
586 4587 646 4644 in
680 4607 1034 4664 unoquoque
1065 4591 1269 4648 ordine
1300 4609 1368 4648 ac
1399 4591 1758 4664 professione
1794 4593 2026 4648 ordina-

372 4676 602 4742 tionum
623 4677 836 4742 ofﬁcia.
852 4678 1176 4753 Diligenter
1199 4681 1380 4754 igitur
1397 4681 1649 4754 quisque
1662 4682 1840 4751 debet
1858 4681 1918 4736 in
1939 4699 2028 4738 or-

373 4765 510 4822 dine
537 4769 595 4822 et
623 4766 982 4839 professione
1011 4786 1121 4829 sua
1151 4787 1266 4841 quo
1300 4770 1533 4826 nomine
1554 4775 1828 4828 censetur
1844 4775 2027 4828 atten-

359 4853 530 4921 dere,
545 4857 601 4910 et
630 4869 980 4928 magnopere
1000 4857 1300 4928 providere
1327 4875 1398 4914 ne
1420 4875 1455 4914 a
1475 4857 1710 4916 nomine
1735 4859 2026 4917 discordet

373 4941 584 4999 ofﬁcio.
610 4965 639 4993 ‹‹
673 4943 933 5000 Primum
962 4963 1237 5018 namque,
1275 4969 1302 4996 »
1335 4951 1400 5002 ut
1446 4947 1652 5004 beatus
1701 4947 2025 5022 Cyprianus

364 5031 518 5088 dicit
545 5031 632 5102 (de
659 5032 824 5100 Abas,
859 5050 987 5106 cap.
1018 5036 1132 5106 10),
1167 5057 1195 5084 ‹‹
1229 5034 1302 5111 ab
1335 5035 1608 5108 episcopo
1631 5037 1779 5108 .quid
1803 5037 1894 5093 sui
1919 5055 2025 5093 no-

363 5121 554 5183 .minis
564 5121 821 5194 dignitas
833 5125 1027 5179 teneat
1041 5122 2027 5198 inquiratur,quoni'am.episcopus,

367 5225 511 5276 cum
538 5209 804 5266 Graecum
855 5226 1067 5266 nomen
1115 5209 1212 5278 sit,
1237 5212 1546 5283 speculator
1569 5212 2024 5284 interpretatur.

375 5301 563 5365 Quare
587 5315 720 5354 vero
750 5297 1084 5370 speculator
1105 5299 1427 5372 ponitur,et
1447 5301 1588 5372 quid
1611 5318 1645 5356 a
1665 5301 2028 5373 speculatore

365 5385 725 5469 requiratur,
759 5387 1044 5444 Dominus
1073 5388 1208 5468 ipse,
1235 5389 1514 5456 denudat,
1547 5406 1684 5445 cum
1733 5389 1844 5444 sub
1891 5389 2026 5446 Eze-

366 5473 582 5546 chielis
603 5475 899 5550 prophetae
933 5478 1490 5554 per,sqna,episcopo
1529 5477 1705 5534 ofﬁcii
1745 5479 1828 5535 sei
1853 5479 2025 5536 ratio-

378 5578 514 5624 nem
561 5565 987 5644 denuntiauit
1019 5567 1292 5650 inquiens
1327 5583 1340 5627 :
1373 5566 1780 5642 Speculatorem
1826 5567 1953 5632 dedi
1980 5576 2028 5630 te

2131 3263 2462 3320 sanctiones
2483 3280 2662 3335 quam
2693 3263 2751 3318 in
2783 3263 2970 3336 ipsius
2999 3263 3229 3318 Domini
3253 3263 3533 3336 injuriam
3558 3261 3775 3336 prosili-

2129 3355 2308 3424 tur.»
2341 3353 2502 3418 Quod
2533 3351 2656 3408 tale
2668 3357 2777 3419 est,
2793 3353 2952 3424 quia,
2968 3356 3033 3407 ut
3060 3369 3226 3408 sacra
3254 3355 3544 3408 monstrat
3572 3355 3771 3408 aucto-

2131 3441 2558 3514 ritas,cognata
2587 3445 2728 3498 sunt
2756 3439 3017 3498 schisma
3047 3445 3105 3498 et
3133 3441 3402 3508 haeresis;
3435 3457 3502 3496 ac
3548 3439 3598 3496 si
3645 3438 3776 3495 aliis

2128 3530 2320 3586 verbis
2351 3529 2628 3586 dicatur:
2663 3531 2790 3587 Non
2820 3530 3018 3587 minus
3048 3529 3473 3586 schismaticus
3500 3527 3779 3600 delinquit

2131 3625 2278 3676 cum
2298 3618 2768 3690 pravariCatione
2798 3623 3135 3676 sanctarum
3167 3618 3507 3692 regularum
3539 3634 3636 3690 per
3651 3634 3778 3673 con-

2130 3712 2418 3780 temptum
2449 3725 2510 3762 se
2541 3708 2613 3764 ab
2646 3708 2868 3764 unitate
2885 3712 3098 3764 sanctae
3120 3707 3554 3780 Ecclesim,quai
3569 3721 3775 3777 corpus

2131 3795 2346 3853 Christi
2393 3801 2501 3862 est,
2534 3796 2760 3864 dividit,
2791 3813 2970 3869 quam
3012 3795 3341 3863 haereticus,
3373 3795 3477 3868 qui
3523 3795 3592 3850 de
3634 3795 3770 3860 Deo,

2131 3885 2319 3956 capite
2338 3883 2605 3940 videlicet
2626 3884 2814 3957 ipsius
2839 3883 3129 3953 Ecclesiae,
3163 3883 3316 3941 male
3345 3883 3541 3941 sentit.

2201 3973 2337 4028 Car.
2365 3972 2516 4028 Vlll.
2551 3973 2618 4027 Et
2635 3973 2790 4029 sicut
2817 3973 3041 4029 dictum
3063 3978 3154 4029 est
3174 3975 3244 4030 de
3264 3973 3495 4047 legibus
3515 3971 3772 4029 ecclesia-

2131 4061 2315 4132 sticis,
2331 4061 2486 4134 quod
2520 4060 2664 4116 nulli
2689 4063 2978 4118 sacerdoti
2999 4079 3139 4118 suos
3161 4062 3333 4118 liceat
3351 4079 3602 4118 canones
3614 4061 3770 4134 igno-

2133 4157 2282 4216 rare,
2305 4167 2408 4207 nec
2439 4149 2763 4223 quidquam
2793 4151 2982 4208 facere
3012 4151 3170 4224 quod
3210 4151 3452 4208 Patrum
3483 4149 3660 4224 possit
3688 4165 3772 4204 re-

2134 4238 2292 4312 gulis
2321 4237 2598 4296 obviare:
2630 4238 2712 4294 ita
2740 4238 2970 4312 legibus
2998 4239 3185 4296 sacris
3231 4241 3532 4296 decretum
3576 4241 3682 4306 est,
3713 4240 3775 4292 ut

2133 4325 2293 4400 leges
2326 4325 2552 4382 nescire
2582 4325 2730 4382 nulli
2761 4327 2955 4398 liceat,
2967 4332 3071 4384 aut
3099 4345 3228 4401 qua:
3249 4331 3393 4384 sunt
3411 4331 3623 4384 statuta
3636 4341 3774 4382 con-

2135 4420 2416 4472 temnere.
2451 4415 2596 4471 Cum
2629 4415 2787 4471 enim
2821 4416 3058 4483 dicitur,
3089 4415 3238 4472 nulli
3267 4415 3442 4473 liceat
3468 4415 3620 4488 leges
3643 4429 3774 4468 nes-

2135 4504 2304 4571 scire,
2337 4503 2424 4560 vel
2457 4520 2584 4576 quae
2615 4507 2757 4560 sunt
2787 4508 3008 4561 statuta
3035 4510 3435 4572 contemnere,
3467 4501 3622 4560 nulla
3646 4517 3775 4573 per-

2137 4610 2283 4649 sona
2313 4591 2371 4648 in
2403 4608 2756 4665 quocunque
2776 4593 2978 4650 ordine
3010 4594 3310 4651 mundano
3341 4591 3621 4666 excipitur
3646 4606 3774 4662 qua

2134 4681 2244 4737 hac
2265 4680 2557 4737 sententia
2577 4697 2692 4737 non
2715 4681 3172 4754 constringatur.
3187 4682 3416 4740 Habent
3434 4682 3587 4739 enim
3616 4693 3773 4751 neges

2133 4773 2192 4826 et
2223 4769 2554 4842 reipublicae
2586 4768 2844 4826 ministri
2875 4769 3033 4844 leges
3061 4771 3278 4843 quibus
3327 4771 3389 4826 in
3438 4783 3772 4844 quacunque

2133 4857 2432 4931 provincia
2459 4859 2738 4930 degentes
2770 4873 2970 4932 regere
2997 4859 3244 4916 debent:
3269 4859 3490 4916 habent
3518 4853 3771 4931 Capitula

2131 4947 2599 5005 Christianorum
2614 4965 2820 5021 regum
2835 4965 2901 5005 ac
2921 4946 3361 5022 progenitorum
3382 4961 3766 5018 suorum,qua

2131 5036 2388 5110 generali
2413 5053 2705 5094 consensu
2728 5037 2990 5094 ﬁdelium
3013 5054 3255 5094 suorum
3295 5041 3493 5094 tenere
3526 5033 3771 5108 legaliter

2137 5125 2676 5199 promulgaverunt.
2710 5127 2791 5183 De
2819 5125 3034 5199 quibus
3065 5127 3272 5182 beatus
3301 5123 3656 5200 Augustinus
3683 5121 3766 5176 di-

2136 5213 2217 5269 cit
2247 5216 2368 5284 (lib.
2401 5215 2467 5270 de
2497 5231 2624 5272 vera
2653 5215 2854 5284 Retig.,
2878 5231 2930 5270 c.
2956 5215 3070 5285 31),
3093 5213 3234 5287 quia
3261 5212 3400 5270 licet
3419 5213 3674 5270 homines
3700 5208 3770 5264 de

2136 5303 2232 5360 his
2250 5303 2540 5375 judicent,
2554 5319 2690 5359 cum
2719 5320 2820 5359 eas
2843 5303 3182 5373 instituunt,
3195 5307 3394 5360 tamen
3417 5319 3553 5360 cum
3573 5297 3769 5357 fuerint

2137 5393 2422 5448 institutae
2456 5395 2631 5464 atque
2673 5393 2940 5461 ﬁrmatae,
2967 5409 3082 5448 non
3130 5391 3332 5448 licebit
3373 5391 3657 5463 iudicibus
3703 5385 3771 5440 de

2137 5481 2285 5555 ipsis
2313 5481 2602 5553 judicare,
2636 5481 2737 5536 sed
2769 5481 3092 5538 secundum
3122 5481 3308 5554 ipsas.
3557 5535 3560 5539 .
3605 5495 3608 5504 ‘

2211 5574 2344 5629 Car.
2379 5569 2469 5629 1X.
2503 5568 2687 5629 Multo
2717 5569 2915 5629 minus
2949 5574 3144 5631 autem
3174 5568 3418 5649 regivel
3463 5566 3688 5631 cuilibet
3715 5563 3776 5624 ia
