3976 6188
249 275 366 333 997

993 274 1096 334 AD
1142 271 1545 334 PROCERES
1589 271 1691 332 DE
1735 271 2292 336 INSTITUTIONE
2336 275 2917 340 CAROLOMANNI.

3510 269 3654 345 .998

249 422 604 482 quocunque
633 405 836 462 ordine
877 409 1080 460 contra
1121 405 1281 478 leges
1311 405 1537 460 divinas
1569 403 1704 461 licet
1730 421 1900 479 agere
1927 413 1982 476 Α
2011 423 2186 482 onera
2241 406 2438 480 ipsum
2479 409 2657 466 veluti
2702 411 2995 468 fortiorem
3051 413 3339 472 solidavit.
3401 418 3658 477 Paxillus

205 517 216 523 ε
249 514 356 570 per
383 499 808 567 contemptum.
843 493 1005 550 Unde
1052 493 1304 566 principi
1355 498 1521 550 terra;
1551 510 1904 566 magnopere
2009 496 2167 552 enim
2201 495 2313 552 nisi
2345 497 2490 554 bene
2522 498 2666 554 forte
2695 499 2984 569 ﬁrmetur,
3015 507 3072 558 et
3097 503 3270 560 alicui
3303 507 3522 564 fortiori
3553 509 3656 564 ad-

251 583 677 658 providendum
708 588 883 654 atque
931 584 1252 637 cavendum
1286 587 1396 652 est,
1431 599 1503 637 ne
1535 581 1592 636 in
1623 581 1718 637 his
1749 583 1903 637 Deus

247 673 598 740 offendatur,
630 688 734 744 per
777 687 926 742 quos
972 670 1172 742 religio
1212 671 1542 726 Christiana
1586 671 1906 726 consistere

247 765 440 827 debet,
464 765 522 816 et
540 760 733 817 caeteri
771 760 843 814 ab
874 759 1193 815 offensione
1225 759 1458 815 salvari.
1482 761 1552 814 Et
1582 759 1732 828 ideo,
1765 759 1906 832 quia

247 869 344 908 res
363 848 788 907 ecclesiasticas
808 847 1002 903 divino
1015 847 1240 920 judicio
1262 849 1514 904 tuendas
1525 852 1582 904 et
1603 847 1908 904 defensan-

247 941 358 996 das
388 937 666 1010 suscepit,
699 953 990 992 consensu
1021 938 1172 1008 ejus,
1204 937 1484 992 electione
1515 937 1652 993 cleri
1685 953 1752 992 ac
1784 935 1903 1008 ple-

249 1029 366 1097 bis,
397 1032 455 1084 et
481 1025 903 1100 approbatione
933 1025 1340 1098 episcoporum
1382 1025 1710 1098 provinciae,
1743 1025 1904 1097 quis-

249 1134 370 1192 que
399 1117 471 1172 ad
502 1113 970 1172 ecclesiasticum
1003 1113 1264 1186 regimen
1295 1115 1516 1186 absque
1549 1113 1669 1169 ulla
1699 1112 1909 1168 venali-

248 1212 373 1262 tate
396 1202 630 1278 provehi
652 1203 824 1258 debet
847 1219 860 1257 :
886 1201 1043 1274 quia,
1069 1203 1223 1257 sicut
1253 1201 1537 1257 Dominus
1568 1203 1626 1257 in
1649 1201 1905 1272 Evange-

246 1294 332 1350 lio
359 1293 501 1349 dicit
533 1309 547 1348 :
583 1292 690 1360 Qui
715 1307 828 1347 non
859 1293 1031 1346 intrat
1057 1307 1156 1362 per
1185 1293 1385 1346 ostium
1414 1292 1474 1346 in
1504 1291 1645 1346 ovile
1700 1291 1904 1357 ovium,

244 1384 346 1440 sed
373 1381 617 1438 ascendit
642 1380 896 1446 aliunde,
929 1381 1026 1436 ille
1052 1383 1150 1452 fur
1180 1389 1260 1436 est
1286 1389 1338 1436 et
1366 1381 1503 1436 latro
1530 1381 1706 1448 (Joan.
1738 1395 1795 1446 x,
1831 1378 1904 1449 1).

247 1468 674 1528 Ecclesiasticis
695 1468 916 1542 regulis
938 1469 1065 1525 sine
1080 1469 1426 1524 difficultate
1447 1467 1803 1525 omnimodis
1815 1467 1906 1522 de-

249 1561 357 1617 bet
385 1560 594 1627 favere,
625 1557 675 1614 si
707 1575 825 1614 non
855 1558 980 1614 vult
1011 1559 1227 1630 Regem
1259 1575 1462 1632 regum
1495 1558 1806 1615 offendere.
1841 1557 1911 1612 Et

219 1651 411 1706 'sirut
439 1647 698 1721 episcopi
731 1663 798 1702 ac
830 1663 928 1702 rex
977 1647 1281 1720 providere
1329 1648 1565 1713 debent,
1598 1651 1664 1702 ut
1685 1643 1907 1701 nullius

249 1739 341 1795 rei
357 1735 575 1793 intuitu
603 1735 856 1809 eligatur
885 1736 1250 1809 episcopum,
1272 1735 1391 1792 nisi
1409 1736 1510 1792 Dei
1531 1733 1800 1803 solius,id
1818 1735 1910 1788 est

2012 584 2247 651 luerent,
2272 601 2445 642 omne
2467 588 2619 658 quod
2643 587 2700 640 in
2723 606 2790 643 eo
2813 591 3026 660 pendet
3049 591 3162 647 cito
3182 592 3420 663 labitur,
3444 601 3502 653 et
3531 597 3658 671 ipse

2013 671 2244 729 solutus
2273 692 2307 727 a
2338 674 2525 747 rigore
2573 693 2692 731 suae
2751 676 3065 748 ﬁrmitatis,
3098 679 3234 736 ’cum
3279 685 3554 742 oneribus
3577 675 3656 744 'ad

2014 767 2228 816 terram
2250 762 2558 820 delabitur.
2583 765 2678 820 Sic
2707 771 2764 822 et
2792 766 3064 840 princeps
3090 769 3204 824 nisi
3237 789 3344 827 suo
3373 776 3659 832 conditori

2013 849 2388 922 pertinaciter
2419 853 2746 922 adhaeserit,
2772 861 2829 911 et
2851 856 2996 928 ipse,
3018 863 3074 912 et
3103 875 3274 914 omne
3305 863 3458 932 quod
3485 864 3664 918 conti-

2015 943 2132 1007 net,
2156 939 2272 994 cito
2293 941 2536 1012 deperit.
2566 964 2593 990 ››
2617 943 2684 997 Et
2705 943 2872 1012 sciat,
2897 945 3053 1017 quod
3075 945 3228 1003 sicut
3249 947 3308 1003 in
3329 949 3661 1024 principatu

2013 1025 2322 1084 hominum
2355 1030 2583 1102 primus
2630 1032 2988 1089 constitutus
3029 1038 3136 1102 est,
3169 1035 3250 1092 ita
3281 1053 3664 1113 quoscunque

2015 1123 2348 1188 peccatores
2370 1119 2480 1174 sub
2503 1136 2566 1174 se
2587 1119 2646 1175 in
2677 1121 2946 1192 praesenti
2980 1121 3208 1191 habuit,
3236 1125 3348 1181 nisi
3371 1143 3434 1182 se
3455 1132 3512 1183 et
3533 1127 3665 1186 illos

2015 1206 2540 1280 correxerit,supra
2568 1225 2631 1264 se
2661 1210 2835 1265 modo
2863 1209 3221 1283 implacabili
3246 1213 3304 1270 in
3339 1215 3438 1272 illa
3469 1217 3668 1274 futura

2016 1309 2190 1365 paena
2219 1294 2474 1352 habebit.

2088 1381 2223 1438 CAP.
2247 1382 2340 1438 XI.
2367 1383 2430 1439 In
2463 1386 2800 1442 memoratis
2831 1404 3085 1460 namque
3111 1390 3292 1460 gestis
3324 1394 3478 1466 apud
3511 1412 3665 1452 mar-

2015 1469 2234 1542 tyrium
2293 1477 2507 1528 sanctas
2567 1475 2794 1542 Macros,
2826 1482 2883 1532 et
2911 1478 2984 1532 de
3013 1477 3106 1534 his
3153 1496 3280 1552 quae
3331 1482 3404 1538 ad
3452 1489 3666 1540 sancte:

2016 1559 2284 1616 Ecclesiae
2315 1578 2381 1616 ac
2413 1567 2701 1619 rectorum
2751 1565 2938 1638 ipsius
2992 1566 3272 1624 honorem
3302 1575 3360 1626 et
3388 1571 3666 1644 vigorem,

1993 1652 2075 1703 'et
2103 1649 2174 1704 de
2203 1649 2294 1706 his
2321 1667 2448 1722 quae
2483 1652 2553 1706 ad
2585 1653 2736 1726 regis
2766 1658 2824 1710 et
2872 1655 3034 1726 regni
3093 1655 3447 1715 soliditatem
3495 1665 3668 1734 atque

252 1845 376 1884 non
427 1843 530 1900 pro
578 1795 776 1898 aliquuo
829 1841 1072 1880 munere
1131 1825 1408 1891 dationis,
1441 1841 1551 1881 nec
1577 1842 1681 1898 pro
1711 1823 1910 1895 aliquo
1939 1795 1987 1860 Β

249 1916 539 1989 obsequio
569 1915 850 1986 humano,
865 1915 953 1970 vel
977 1915 1413 1988 propinquitate
1443 1912 1912 1988 consanguinita-

250 2007 360 2074 tis,
384 2023 488 2062 seu
526 2004 805 2075 amicitia,
837 2003 926 2059 vel
957 2003 1190 2060 servitio
1219 2003 1550 2076 temporali,
1585 2008 1688 2060 aut
1715 2001 1913 2074 aliqua

251 2096 587 2162 occasione,
619 2111 748 2167 quae
801 2093 1093 2149 contraria
1133 2109 1262 2149 esse
1307 2093 1493 2166 possit
1525 2092 1776 2161 veritati,
1811 2095 1914 2146 aut

253 2187 470 2242 divinae
501 2182 875 2240 auctoritati:
909 2182 995 2238 ita
1049 2199 1148 2237 rex
1195 2183 1489 2238 custodire
1537 2182 1728 2249 debet,
1761 2181 1915 2236 sicut

254 2279 506 2332 sanctus
535 2271 903 2344 Augustinus
931 2271 1296 2326 demonstrat
1325 2271 1411 2340 (de
1433 2272 1599 2329 Civit.
1625 2272 1722 2326 Dei
1739 2269 1911 2336 lib.v,

252 2383 306 2422 ε.
332 2366 446 2433 24),
468 2379 539 2418 ne
569 2360 936 2430 muneribus,
965 2360 1056 2416 vel
1086 2359 1387 2416 blanditiis
1418 2361 1772 2432 cujusquam
1790 2374 1914 2413 sce-

259 2454 436 2510 lerati
469 2451 818 2526 pelliciatur,
851 2454 908 2505 et
938 2449 1376 2506 adulationibus
1409 2448 1733 2521 decipiatur
1761 2465 1775 2502 :
1809 2463 1916 2502 nec

257 2543 720 2618 quibuscunque
749 2537 1206 2612 propinquitatis
1237 2537 1770 2594 necessitudinibus
1787 2554 1919 2593 con-

251 2633 507 2707 junctis,
538 2634 741 2686 contra
769 2629 953 2684 Deum
985 2633 1366 2700 sanctamque
1399 2626 1716 2683 Ecclesiam
1743 2632 1918 2698 atque

232 2719 695 2793 rempublicam
753 2733 1019 2790 perverse
1077 2717 1406 2790 agentibus,
1441 2717 1651 2772 allectu
1699 2715 1918 2771 carnali

264 2814 496 2886 parcat,
520 2809 748 2864 dicente
776 2806 875 2862 Dei
909 2807 1117 2878 spiritu
1150 2822 1254 2878 per
1297 2805 1473 2861 David
1523 2804 1865 2878 prophetam
1902 2821 1916 2859 :

265 2904 463 2958 Nonne
491 2915 578 2956 eos
605 2899 704 2972 qui
722 2896 950 2952 oderunt
977 2904 1047 2962 te,
1070 2896 1230 2962 Deus,
1261 2895 1502 2962 oderam,
1533 2903 1583 2950 et
1611 2911 1776 2967 super
1803 2897 1920 2950 ini-

265 2994 443 3046 micos
473 2997 590 3044 tuos
619 2985 952 3043 tabescebam
970 2989 996 3040 .9
1024 2985 1267 3056 Perfecto
1323 2983 1446 3040 odio
1501 2983 1721 3040 oderam
1775 2985 1920 3052 illos,

270 3079 499 3136 inimici
523 3077 658 3149 [acti
699 3082 826 3130 sunt
868 3073 1010 3129 mihi
1036 3073 1208 3142 (Psal.
1241 3088 1504 3140 cxxxvm,
1535 3074 1626 3140 21,
1658 3075 1770 3142 22).
1806 3073 1924 3129 Ini-

270 3169 461 3225 micos
489 3167 646 3223 enim
680 3164 783 3220 Dei
831 3163 1084 3236 perfecto
1133 3161 1265 3217 odio
1296 3161 1490 3218 odisse
1520 3167 1629 3230 est,
1663 3163 1734 3218 ad
1767 3163 1922 3234 quod

270 3257 415 3316 facti
437 3259 576 3312 sunt
594 3253 860 3326 diligere,
878 3256 936 3308 et
957 3251 1112 3323 quod
1137 3249 1360 3306 faciunt
1377 3250 1698 3324 increpare,
1733 3268 1924 3308 moros

233 3357 238 3360 '
267 3360 586 3420 pravorum
616 3358 899 3416 premere,
931 3340 1060 3394 vitae
1093 3339 1389 3412 prodesse.

343 3436 483 3493 CAP.
505 3433 572 3490 X.
596 3431 766 3488 Tales
787 3430 964 3486 etiam
997 3429 1240 3485 comites
1257 3432 1314 3484 et
1329 3429 1438 3484 sub
1463 3445 1524 3484 se
1547 3429 1780 3501 judices
1795 3447 1926 3485 con-

267 3525 520 3581 stituere
549 3523 742 3588 debet,
774 3519 877 3593 qui
921 3518 1226 3574 avaritiam
1269 3517 1517 3588 oderint,
1549 3524 1605 3574 et
1625 3519 1924 3590 justitiam

267 3613 544 3687 diligant,
567 3615 624 3668 et
644 3611 754 3666 sub
776 3609 884 3664 hac
916 3607 1250 3664 conditione
1271 3623 1441 3662 suam
1471 3608 1926 3664 administratio-

267 3719 408 3759 nem
441 3704 744 3775 peragant,
779 3703 836 3754 et
865 3698 976 3753 sub
1007 3713 1071 3752 se
1119 3695 1459 3766 hujusmodi
1510 3695 1925 3753 ministeriales

267 3790 656 3847 substituant.
681 3811 708 3838 ‹‹
733 3787 802 3842 Et
831 3785 1169 3859 quicunque
1199 3783 1260 3838 in
1291 3783 1451 3838 omni
1481 3785 1683 3842 ordine
1711 3791 1769 3842 et
1799 3803 1926 3859 pro-

267 3877 528 3934 fessione
571 3876 630 3931 in
673 3872 1070 3930 dominatione
1124 3871 1585 3944 constituuntur,
1615 3879 1672 3928 et
1700 3875 1924 3930 domini

267 3965 665 4041 appellantur,
689 3963 844 4019 sicut
872 3966 1113 4017 sanctus
1145 3961 1468 4033 Cyprianus
1491 3961 1550 4016 in
1573 3966 1732 4018 sexto
1760 3964 1921 4018 Abu-

269 4055 458 4112 sionis
481 4053 665 4126 gradu
697 4052 1062 4107 demonstrat
1081 4051 1222 4122 (cap.
1247 4051 1324 4118 6),
1358 4049 1776 4106 dominationis
1805 4051 1924 4106 vir-

267 4151 460 4200 tutem
481 4148 717 4199 auctore
737 4145 794 4196 et
812 4143 1184 4212 cooperatore
1219 4137 1462 4194 Domino
1485 4143 1720 4196 teneant
1745 4157 1758 4196 :
1784 4142 1926 4212 quia

267 4234 421 4290 nihil
454 4231 685 4306 proficit
713 4228 1056 4286 dominandi
1087 4229 1300 4284 habere
1340 4232 1708 4315 potestatem,
1742 4231 1792 4285 si
1823 4231 1924 4286 do-

267 4325 476 4380 minus
498 4322 624 4394 ipse
643 4336 761 4376 non
800 4318 1014 4374 habeat
1035 4321 1093 4373 et
1120 4317 1353 4373 virtutis
1385 4317 1657 4389 rigorem.
1691 4319 1801 4376 Sed
1831 4320 1926 4376 hic

263 4409 511 4466 virtutis
541 4409 698 4482 rigor
721 4425 837 4464 non
866 4411 989 4462 tam
1028 4405 1296 4462 exteriori
1327 4406 1686 4474 fortitudine,
1719 4425 1846 4481 quae
1871 4411 1940 4467 et"

264 4499 403 4572 ipsa
432 4497 814 4554 saecularibus
865 4494 1120 4552 dominis
1171 4495 1500 4552 necessaria
1537 4501 1649 4565 est,
1679 4496 1924 4572 indiget,
1956 4525 2004 4591 ι)

265 4603 454 4660 quam
505 4585 688 4642 animi
739 4583 999 4640 interiori
1057 4583 1420 4652 fortitudine,
1449 4585 1618 4640 bonis
1661 4587 1924 4645 moribus

264 4673 528 4732 exerceri
559 4673 730 4730 debet
761 4690 776 4729 ε
810 4689 962 4746 saepe
1019 4671 1176 4727 enim
1221 4671 1563 4728 dominandi
1602 4689 1706 4746 per
1744 4675 1926 4731 animi

265 4761 992 4841 negligentiamperditur
1021 4761 1465 4817 fortitudo.Tria
1493 4777 1630 4834 ergo
1657 4779 1924 4820 necessa-

263 4853 358 4908 ria
389 4852 502 4908 bos
533 4851 632 4924 qui
661 4849 1042 4908 dominantur
1097 4849 1310 4905 habere
1369 4855 1616 4922 oportet,
1647 4855 1926 4909 terrorem

265 4941 518 5009 scilicet,
565 4945 624 4996 et
671 4939 1119 5006 ordinationem,
1166 4942 1226 4994 et
1283 4955 1564 4994 amorem.
1596 4939 1720 4996 Nisi
1765 4942 1924 4998 enim

262 5035 508 5087 ametur
536 5029 816 5086 dominus
845 5028 1064 5101 pariter
1091 5031 1149 5083 et
1179 5029 1792 5094 metuatur,ordinatio
1823 5031 1926 5087 mi-

262 5119 433 5176 nime
485 5123 756 5176 constare
803 5117 965 5174 illius
1022 5120 1231 5189 potest.
1263 5116 1368 5172 Per
1395 5117 1678 5174 beneficia
1705 5137 1842 5194 ergo
1872 5125 1930 5177 et

257 5208 678 5265 aﬁ'abilitatem
736 5210 1007 5280 procuret
1053 5209 1119 5260 ut
1164 5205 1462 5278 diligatur,
1497 5211 1554 5262 et
1593 5224 1696 5278 per
1731 5209 1928 5280 justas

249 5297 583 5365 vindictas,
635 5315 753 5353 non
793 5295 1039 5370 propria;
1069 5293 1300 5366 injuria:
1329 5296 1430 5351 sed
1463 5295 1610 5368 legis
1641 5296 1762 5364 Dei,
1797 5302 1928 5354 stu-

254 5386 406 5442 deat
436 5389 505 5441 ut
533 5390 852 5442 metuatur.
885 5373 1198 5456 Propterea
1248 5399 1503 5454 quoque,
1553 5383 1696 5438 dum
1757 5384 1929 5440 multi

248 5474 530 5550 pendent
559 5475 621 5531 in
649 5491 740 5546 eo,
771 5473 896 5547 ipse
928 5471 1045 5528 Deo
1077 5471 1372 5528 adhaerere
1399 5471 1591 5541 debet,
1625 5474 1726 5545 qui
1759 5473 1927 5532 illum

243 5581 328 5655 in
349 5563 646 5626 ducatum
675 5561 1004 5634 constituit,
1037 5561 1139 5640 qui
1171 5561 1242 5620 ad
1287 5562 1574 5637 portanda
1603 5561 1927 5625 multorum

1956 3161 1994 3188 η

1953 3195 1996 3227 υ

2016 1753 2218 1793 curam
2251 1739 2568 1810 pertinent,
2592 1757 2819 1798 necnon
2851 1747 2908 1798 et
2935 1744 3006 1799 de
3036 1745 3248 1802 domus
3278 1749 3447 1820 regiae
3478 1749 3672 1822 dispo-

2019 1825 2324 1895 sitione,ex
2339 1828 2758 1886 catholicorum
2782 1834 3108 1888 secundum
3129 1839 3470 1892 sanctarum
3483 1837 3670 1910 Scrip-

2019 1920 2284 1972 turarum
2307 1918 2600 1974 tramitem
2623 1919 3400 1998 promulgationibus,atque
3424 1943 3493 1981 ex
3511 1926 3671 1982 Chri-

2020 2005 2344 2062 stianorum
2363 2023 2568 2080 regum
2593 2011 3132 2078 constitutionibus,
3153 2030 3258 2086 per
3271 2015 3531 2088 capitula
3547 2017 3672 2074 breo

2020 2094 2168 2150 viter
2195 2111 2262 2150 ac
2289 2095 2624 2164 salubriter,
2644 2099 2693 2154 si
2717 2104 3030 2156 teneantur
3057 2106 3115 2158 et
3142 2105 3673 2176 exsequantur,col-

2021 2181 2169 2238 lecta
2199 2185 2593 2242 continentur.
2625 2186 3042 2244 Verumtamen
3075 2191 3215 2262 quia
3241 2193 3670 2264 Samaritanus,

2022 2288 2194 2328 verus
2221 2272 2490 2329 videlicet
2518 2279 2716 2332 custos
2749 2275 2994 2332 humani
3045 2279 3296 2352 generis,
3330 2281 3669 2352 stabulario,

2023 2359 2080 2415 id
2124 2365 2213 2417 est
2260 2362 2579 2432 pontiﬁcali
2629 2363 2840 2431 ordini,
2875 2367 3046 2438 cujus
3102 2384 3252 2423 curae
3302 2369 3672 2428 vulneratum

2026 2466 2316 2522 quemque
2336 2452 2712 2508 commiserat
2733 2455 2804 2508 ad
2823 2455 3319 2523 sanandum,dam
3333 2459 3482 2516 duos
3503 2461 3676 2516 dena-

2025 2538 2163 2605 rios,
2193 2538 2374 2594 Vetus
2403 2539 2628 2596 scilicet
2657 2558 2723 2596 ac
2753 2543 2977 2600 Novum
3008 2545 3670 2620 Testamentum,dixit:

2027 2627 2186 2697 Quod
2215 2630 2706 2698 supererogaveris,
2738 2646 2835 2698 ego
2890 2649 3015 2686 eum
3057 2634 3267 2690 rediero
3313 2637 3533 2692 reddam
3573 2640 3678 2694 tibi

2027 2717 2180 2783 (Luc.
2216 2731 2270 2781 χ,
2302 2715 2414 2784 35),
2445 2715 2668 2770 eisdem
2721 2717 2922 2788 gestis,
2953 2717 3111 2774 velut
3165 2737 3236 2776 ex
3289 2739 3674 2798 supereroga-

2027 2801 2204 2868 tione,
2239 2819 2366 2874 qua:
2396 2802 2700 2875 praemissa
2727 2810 2868 2860 sunt
2898 2805 2958 2860 in
2987 2806 3098 2862 hoc
3126 2809 3432 2881 opusculo,
3463 2815 3520 2867 et
3548 2829 3676 2885 quae

2030 2895 2370 2964 sequentur,
2401 2893 2654 2964 adjicere
2681 2894 2910 2950 studeo.

2101 2980 2235 3036 CAP.
2263 2980 2385 3036 XII.
2407 2981 2807 3038 Adalhardum
2829 2999 3029 3039 senem
3051 2989 3108 3040 et
3131 2985 3454 3058 sapientem
3476 2991 3676 3046 domni

2029 3068 2216 3125 Caroli
2241 3071 2436 3142 magni
2469 3069 2839 3142 imperatoris
2867 3073 3282 3146 propinquum,
3308 3081 3364 3132 et
3393 3083 3680 3136 monaste-

2033 3159 2100 3213 rii
2133 3158 2384 3213 Corbeias
2415 3159 2707 3227 abbatem,
2739 3159 2892 3216 inter
2919 3161 3143 3235 primos
3171 3164 3538 3223 consiliarios
3561 3167 3677 3240 pri-

2033 3265 2197 3304 mum
2229 3247 2288 3303 in
2321 3246 2714 3304 adolescentia
2762 3266 2892 3305 mea
2932 3250 3070 3306 vidi.
3103 3252 3285 3324 Cujus
3315 3252 3576 3312 libellum
3607 3257 3680 3314 de

2033 3337 2236 3393 ordine
2275 3335 2476 3408 palatii
2507 3336 2619 3408 legi
2653 3341 2709 3392 et
2737 3337 2968 3411 scripsi,
3000 3340 3057 3396 in
3104 3359 3218 3413 quo
3276 3343 3430 3399 inter
3475 3349 3682 3402 caatera

2034 3427 2366 3492 continetur
2395 3427 2626 3482 duabus
2657 3427 3058 3500 principaliter
3085 3430 3472 3489 divisionibus
3501 3435 3681 3490 totius

2032 3515 2196 3589 regni
2219 3519 2440 3571 statum
2463 3519 2748 3582 constare,
2773 3518 3098 3590 anteposito
3128 3535 3360 3594 semper
3388 3526 3446 3578 et
3463 3523 3682 3595 ubique

2033 3605 2452 3676 omnipotentis
2474 3605 2835 3676 Deijudicio.
2862 3605 3114 3662 Primam
3144 3607 3410 3664 videlicet
3439 3611 3681 3667 divisio-

2031 3711 2165 3750 nem
2197 3711 2326 3750 esse
2357 3693 2578 3761 dicens,
2603 3711 2719 3766 qua
2748 3695 2985 3751 assidue
3013 3703 3070 3751 et
3099 3697 3499 3754 indeﬁcienter
3527 3700 3682 3774 regis

2032 3783 2316 3856 palatium
2348 3783 2659 3855 regebatur
2699 3788 2756 3839 et
2798 3784 3216 3852 ordinabatur;
3252 3787 3494 3844 alteram
3523 3806 3680 3856 vero,

2033 3889 2148 3944 qua
2169 3862 2351 3928 totius
2383 3872 2543 3944 regni
2575 3877 2764 3928 status
2795 3875 3118 3929 secundum
3141 3892 3309 3932 suam
3340 3876 3683 3950 qualitatem

2032 3960 2466 4017 studiosissime
2495 3960 2851 4032 providendo
2883 3964 3242 4022 servabatur.

2102 4051 2239 4104 CAP.
2261 4049 2486 4104 XIII.‘In
2507 4047 2696 4120 prima
2715 4049 2896 4122 igitur
2923 4051 3327 4123 dispositione,
3346 4055 3500 4127 regis
3522 4057 3681 4128 pala-

2034 4138 2182 4193 tium
2214 4137 2272 4191 in
2305 4141 2648 4193 ornamento
2704 4137 2887 4193 totius
2945 4139 3145 4210 palatii
3206 4140 3288 4196 ita
3345 4142 3683 4202 ordinatum

2033 4232 2180 4283 erat.
2211 4226 2549 4297 Anteposito
2587 4241 2724 4300 ergo
2757 4241 2892 4298 rege
2933 4231 2990 4280 et
3019 4227 3238 4299 regina,
3271 4245 3404 4284 cum
3437 4229 3684 4287 nobilis-

2035 4317 2186 4372 sima
2205 4314 2365 4388 prole
2381 4331 2516 4394 sua,
2542 4319 2663 4370 tam
2695 4315 2754 4370 in
2789 4315 3172 4388 spiritalibus,
3197 4333 3376 4388 quam
3407 4321 3464 4374 et
3490 4317 3550 4373 in
3583 4336 3684 4374 saa-

2034 4404 2354 4470 cularibus,
2387 4409 2560 4476 atque
2590 4404 2990 4478 corporalibus
3020 4405 3219 4473 rebus,
3239 4423 3341 4478 per
3368 4407 3479 4464 hos
3508 4407 3683 4464 mini-

2035 4501 2190 4550 stros
2245 4493 2406 4550 omni
2459 4498 2715 4566 tempore
2773 4494 3230 4566 gubernabatur.
3261 4487 3544 4552 Videlicet
3582 4513 3686 4570 per

2035 4581 2500 4656 apocrisiarium,
2535 4581 2593 4637 id
2623 4587 2713 4638 est
2741 4581 3139 4654 responsalem
3184 4584 3555 4657 negotiorum
3585 4602 3684 4642 ec-

2035 4671 2496 4728 clesiasticorum
2529 4688 2542 4726 :
2600 4671 2770 4742 cujus
2801 4670 3196 4728 ministerium
3229 4690 3298 4729 ex
3326 4689 3393 4730 eo
3423 4679 3685 4748 tempore

2036 4759 2294 4832 sumpsit
2331 4759 2651 4826 exordium,
2687 4760 2922 4832 quando
2969 4761 3388 4819 Constantinus
3433 4779 3686 4836 magnus

2036 4851 2352 4921 imperator
2381 4847 2754 4905 Christianus
2783 4850 3044 4919 effectus,
3080 4856 3318 4924 propter
3346 4869 3604 4908 amorem
3629 4856 3686 4907 et

2034 4940 2314 4996 honorem
2369 4941 2710 4993 sanctorum
2767 4939 3170 5022 apostolorum
3207 4941 3359 4997 Petri
3403 4945 3460 4996 et
3498 4939 3680 5010 Pauli,

2034 5043 2284 5102 quorum
2333 5025 2598 5081 doctrina
2629 5043 2695 5082 ac
2728 5027 3056 5085 ministerio
3082 5029 3156 5085 ad
3188 5029 3401 5084 Christi
3433 5029 3684 5100 gratiam

2034 5115 2408 5188 baptismatis
2458 5116 2808 5172 sacramenti
2861 5119 3140 5190 pervenit,
3173 5117 3366 5174 locum
3397 5120 3453 5172 et
3484 5115 3682 5172 sedem

2035 5223 2226 5274 suam,
2260 5204 2465 5260 urbem
2499 5203 2722 5260 scilicet
2750 5207 3096 5274 Romanam,
3130 5224 3293 5278 papae
3325 5204 3602 5262 Silvestro
3623 5221 3682 5260 e-

2036 5295 2190 5350 dicto
2207 5293 2489 5366 privilegii
2507 5294 2830 5360 tradidit,et
2846 5297 3043 5352 sedem
3057 5313 3224 5352 suam
3239 5294 3298 5349 in
3311 5292 3541 5349 civitate
3553 5310 3682 5363 sua,

2037 5400 2164 5456 quae
2197 5389 2367 5438 antea
2395 5382 2739 5455 Bysantium
2770 5385 3107 5450 vocabatur,
3137 5381 3398 5438 nominis
3423 5381 3514 5439 sui
3545 5381 3683 5438 civi-

2036 5475 2216 5526 tatem
2248 5469 2580 5543 ampliando
2611 5472 2949 5528 aedificavit:
2973 5476 3030 5527 et
3057 5472 3142 5527 sic
3171 5469 3541 5545 responsales
3561 5474 3684 5530 tam

2037 5561 2310 5652 Romanas
2347 5561 2524 5632 sedis,
2557 5577 2738 5638 quam
2767 5565 2824 5621 et
2853 5560 3101 5621 aliarum
3131 5561 3556 5640 pracipuarum
3587 5559 3684 5625 364
