3976 6188
382 265 511 332 -299

1170 261 1559 324 HINCMARI
1605 259 1850 322 ausu.
1889 221 2267 320 ansulae.
2314 258 2718 320 OPUSCULA
2765 259 3025 320 VARIA.

3641 261 3801 321 1000

391 404 578 475 dium,
597 401 672 460 .in
704 396 920 474 palatio
941 411 1054 470 pro
1083 391 1494 452 ecclesiasticis
1525 392 1774 465 negotiis
1801 391 2045 447 excuba-
2063 391 2127 456 ,Α
2157 405 2361 446 omnes
2395 389 2711 462 aequaliter,
2739 395 2974 464 propter
3004 391 3464 448 ministeriorum
3499 391 3803 448 diversita-

399 493 594 640 “illis.
611 575 758 637 XIV.
775 573 1104 648 Aliquando
1121 589 1228 646 per
1244 567 1891 645 episcopos,aliquando
1912 585 2045 623 vero

389 683 498 744 per
519 669 796 726 diaconos
809 661 1129 738 apostolica
1141 661 1310 717 sedes
1326 656 1440 716 hoc
1462 658 1654 714 ofﬁcio
1670 657 2041 729 fungebatur.

389 761 514 828 Quo
525 755 941 815 oiliciobeatus
953 749 1266 824 Gregorius
1277 749 1335 804 in
1348 747 1574 804 diaconi
1591 745 1793 802 ordine
1808 745 2044 800 functus

389 847 520 916 fuit,
535 851 592 902 et
603 862 673 902 ex
693 841 826 900 aliis
847 839 1158 916 praecipuis
1178 837 1420 894 sedibus
1442 854 1545 910 per
1565 834 1910 891 diaconosid
1923 834 2047 890 ofﬁ-

387 938 545 994 cium
567 932 1014 1007 exsequebatur,
1031 928 1184 985 sicut
1199 927 1351 984 sacri
1370 942 1624 982 canones
1637 925 1869 996 jubent.
1890 923 1961 978 Et
1982 923 2042 978 in

389 1021 820 1097 his‘Cisa'lpinis
846 1015 1206 1093 regionibus,
1231 1019 1542 1090 postquam
1565 1013 1894 1070 Ludovicus
1906 1029 2044 1095 prae-

387 1108 848 1170 dicationebea'ti
864 1105 1112 1184 Remigii
1129 1106 1201 1162 ad
1219 1103 1514 1161 Christum
1541 1119 1876 1169 conversus,
1893 1106 1948 1156 et
1967 1101 2040 1156 ab

388 1203 518 1276 ipso
539 1219 676 1258 cum
697 1191 1148 1256 tribusmilibus
1171 1193 1526 1250 Francorum
1548 1192 1607 1247 in
1628 1189 1828 1264 vigilia
1853 1189 2043 1246 sancti

379 1285 622 1347 Pascha:
651 1287 979 1360 baptizatus
1009 1283 1252 1352 eXstitit,
1272 1299 1377 1355 per
1407 1280 1810 1339 successiones
1835 1295 2040 1352 regum

387 1379 574 1436 sancti
605 1375 859 1454 episcopi
889 1391 958 1430 ex
989 1373 1116 1430 suis
1147 1371 1407 1438 sedibus,
1438 1376 1495 1427 et
1523 1375 1784 1443 tempore
1815 1385 2042 1441 compe-

385 1461 532 1524 tenti
553 1463 838 1540 palatium
859 1461 1188 1530 visitantes,
1212 1458 1470 1516 vicissim
1494 1458 1642 1515 hanc
1666 1457 2038 1514 administra-

375 1555 604 1611 tionem
623 1552 1061 1626 disposuerunt.
1083 1551 1128 1606 A
1150 1553 1412 1622 tempore
1439 1564 1574 1603 vero
1604 1546 1832 1619 Pippini
1864 1549 1921 1601 et
1941 1545 2041 1602 Ca-

386 1642 493 1698 roli
517 1641 706 1698 in‘terd
716 1658 815 1698 um
832 1657 944 1713 per
964 1638 1336 1712 presbyteros
1366 1633 1659 1691 interdum
1692 1652 1796 1708 per
1817 1634 2040 1708 episco-

382 1743 490 1806 pes
521 1729 680 1804 regia
709 1729 1030 1798 voluntate,
1052 1732 1228 1800 atque
1255 1722 1572 1799 episcopali
1604 1741 1916 1792 consensu,
1937 1741 2040 1797 per

382 1819 660 1877 diaconos
681 1818 778 1876 vel
801 1817 1180 1893 presbyteros
1209 1813 1400 1888 magis
1421 1829 1722 1887 quamper
1735 1813 2041 1886 episcopos

382 1908 494 1967 hoc
523 1907 784 1968 ofﬁcium
815 1907 1155 1964 exsecutum
1183 1903 1439 1961 exstitit:
1465 1901 1604 1975 quia
1631 1901 1888 1975 episcopi
1909 1919 2042 1958 con-

382 1999 582 2056 tinuas
610 1993 840 2072 vigilias
866 2011 1048 2070 supra
1085 2009 1323 2068 gregem
1353 2005 1530 2048 stium
1561 1991 1776 2048 debent
1803 1991 2041 2048 assidue

383 2087 650 2160 exemplo
675 2088 737 2142 et
761 2083 935 2142 verbo
963 2081 1290 2157 vigilare,et
1305 2099 1422 2137 non
1454 2073 1682 2136 diutius
1712 2081 2039 2136 secundum

387 2187 584 2234 sacros
604 2191 858 2234 canones
888 2191 923 2229 a
952 2174 1080 2230 suis
1111 2172 1318 2229 abesse
1349 2164 1662 2244 parocbiis.

445 2265 592 2322 CAP.
627 2262 750 2320 XV.
785 2263 989 2336 Neque
1019 2262 1192 2333 juxta
1221 2258 1453 2316 decreta
1484 2275 1553 2315 ex
1583 2259 1767 2314 sacris
1797 2257 2038 2313 canoni-

387 2351 500 2412 bus
532 2353 906 2430 promulgata
930 2351 1089 2407 beati
1114 2347 1402 2422 Gregorii,
1423 2347 1711 2420 praatoria,
1733 2364 1860 2420 quae
1882 2363 2039 2402 nunc

386 2443 566 2516 regia,
591 2445 648 2498 et
669 2440 946 2500 usitatius
967 2438 1186 2515 palatia
1215 2437 1616 2504 nominantur,
1635 2437 1848 2499 debent
1868 2436 2042 2492 inuti-

385 2531 519 2589 liter
548 2529 876 2600 observare,
903 2546 978 2585 ne
1021 2527 1332 2586 incurrant
1373 2525 1694 2598 judicium,
1727 2529 1792 2580 ut
1828 2530 2042 2581 contra

375 2615 600 2698 placita
627 2636 919 2677 canonum
950 2617 1063 2674 sibi
1095 2617 1155 2673 in
1185 2613 1554 2672 ordinatione
1586 2633 1696 2671 sua
1724 2615 1940 2671 tradita
1962 2616 2040 2670 fa-

385 2711 626 2780 cientes,
660 2708 773 2783 ipsi
805 2725 868 2765 se
894 2705 1116 2764 honore
1143 2705 1376 2780 privent
1429 2703 1844 2761 ecclesiastico.
1876 2703 1945 2760 Et
1975 2709 2041 2759 ut

383 2795 458 2856 de
478 2797 656 2856 licitis
675 2795 949 2870 exempla
977 2811 1290 2870 ponamus,
1321 2799 1380 2850 et
1407 2793 1479 2848 de
1509 2792 1706 2848 illicite
1739 2792 2039 2866 usurpatis

389 2902 507 2946 non
537 2891 860 2958 taceamus,
879 2889 1145 2958 tempore
1175 2881 1404 2958 Pippini
1422 2887 1480 2938 et
1495 2881 1681 2938 Caroli
1702 2882 1811 2938 hoc
1842 2881 2041 2938 minis-

390 2977 498 3035 teri
507 2994 607 3034 um
627 2993 918 3034 consensu
930 2973 1339 3049 episcoporum
1349 2989 1457 3044 per
1474 2969 1790 3028 Fulradum
1805 2971 2040 3043 presby-

383 3071 598 3136 terum,
629 3067 894 3138 tempore
937 3063 1112 3120 etiam
1146 3059 1332 3118 Caroli
1361 3078 1468 3134 per
1496 3059 1951 3132 Engelramnum
1979 3062 2040 3114 et

2157 483 2300 551 tem,
2322 479 2686 551 qualitatem,
2710 479 2798 535 vel
2828 479 3318 548 convenientiam,
3343 481 3621 553 prodesse
3643 486 3803 554 pote~

2156 572 2323 623 rant:
2351 585 2485 623 cum
2514 572 2709 624 tamen
2735 569 2932 624 nullus
2951 573 3276 642 se,proptcr
3297 569 3430 624 fidei
3455 570 3802 625 servandam

2153 655 2454 712 veritatem
2479 657 2631 730 regis
2653 662 2710 712 et
2722 657 2882 730 regni
2892 662 2977 728 ,ut
2987 658 3332 730 praedictum
3344 659 3803 727 est,subtrabere

2155 745 2465 818 potuisset,
2496 745 2584 802 vel
2615 746 2792 802 etiam
2819 746 3121 804 voluisset.
3145 748 3228 802 De
3255 764 3508 820 quorum
3540 748 3802 821 personis

2151 834 2240 892 vel
2271 834 2637 902 ministeriis,
2651 853 2990 908 quanquam
3013 835 3184 909 plura
3203 837 3324 892 sint
3352 854 3482 909 quae
3511 837 3798 904 dicantur,

2153 923 2275 979 haec
2307 928 2502 980 tamen
2535 923 2824 997 prmeipue
2853 925 3242 980 habebantur.

2223 1013 2359 1070 CAP.
2381 1013 2578 1080 XVIII.
2605 1013 3178 1086 lmprimis,utjuxta
3205 1016 3613 1088 cujuscunque
3634 1016 3800 1071 mini-

2153 1101 2318 1157 sterii
2348 1101 2694 1174 qualitatem
2744 1102 2830 1158 vel
2883 1102 3292 1174 quantitatem,
3321 1103 3592 1159 minister
3622 1104 3800 1159 nobili

2152 1190 2324 1246 corde
2341 1195 2401 1245 et
2431 1207 2672 1263 corpore
2703 1194 3003 1256 constans,
3027 1189 3412 1258 rationabilis,
3435 1191 3730 1247 discretus
3749 1199 3799 1246 et

2151 1279 2385 1335 sobrius
2415 1279 2750 1352 eligeretur.
2785 1279 2896 1334 Sed
2931 1295 3037 1334 nec
3069 1277 3170 1334 illa
3216 1277 3549 1335 sollicitudo
3581 1281 3796 1345 deerat,

2152 1373 2218 1423 ut
2239 1368 2286 1423 si
2309 1369 2432 1424 ﬁeri
2465 1369 2773 1441 potuisset,
2797 1367 2951 1426 sicut
2978 1368 3088 1424 hoc
3116 1369 3510 1440 regnum,Deo
3539 1375 3794 1438 auctore,

2149 1473 2218 1512 ex
2248 1455 2522 1529 pluribus
2573 1456 2911 1530 regionibus
2959 1460 3208 1525 constat,
3241 1473 3311 1512 ex
3339 1457 3583 1513 diversis
3623 1458 3798 1532 etiam

2150 1545 2370 1601 eisdem
2419 1546 2781 1618 regionibus,
2819 1550 2921 1600 aut
2962 1545 3020 1598 in
3054 1545 3266 1618 primo,
3299 1551 3401 1602 aut
3431 1545 3489 1600 in
3520 1547 3794 1613 secundo,

2150 1639 2252 1690 aut
2275 1635 2452 1691 etiam
2479 1635 2538 1690 in
2571 1634 2833 1708 quolibet
2857 1634 3010 1702 loco,
3037 1635 3213 1690 iidem
3245 1633 3498 1690 ministri
3520 1634 3796 1709 eligeren-

2070 1764 2117 1832 Β
2147 1728 2265 1832 tujr,
2297 1723 2548 1796 qualiter
2577 1721 2927 1832 familiarius
2959 1739 3206 1832 quaeque
3233 1723 3498 1832 regiones
3517 1723 3795 1823 palatium

2150 1812 2314 1868 adire
2346 1817 2606 1886 possent,
2633 1813 2776 1868 dum
2835 1830 2954 1869 suae
3007 1812 3356 1885 genealogia:
3404 1813 3492 1868 vel
3548 1813 3796 1886 regionis

2149 1907 2449 1958 consortes
2469 1901 2528 1957 in
2561 1900 2776 1974 palatio
2809 1901 3002 1958 locum
3033 1907 3230 1958 tenere
3259 1908 3693 1975 cognoscerent.

2222 1991 2358 2048 CAP.
2389 1990 2530 2047 XIX.
2559 1990 2664 2049 His
2693 1989 2775 2046 ita
2805 1990 3055 2047 breviter
3084 1991 3158 2047 de
3187 1990 3472 2065 eligendis
3499 1997 3560 2048 et
3585 1991 3793 2048 consti-

2150 2080 2386 2136 tuendis
2418 2077 2708 2135 ministris
2729 2079 3210 2152 przedictismunc
3241 2081 3315 2136 ad
3343 2081 3679 2136 eorumdem
3697 2081 3797 2135 mi-

2150 2169 2469 2225 nistrorum
2490 2173 2547 2224 et
2567 2167 3070 2224 ministrationum
3095 2168 3367 2225 ordinem
3398 2169 3650 2241 qualiter
3666 2186 3792 2224 eur-

2148 2259 2354 2314 rebant
2367 2257 2607 2313 veniend
2617 2275 2713 2312 um
2728 2257 2990 2313 est.Nam
3005 2258 3275 2330 quamvis
3285 2259 3508 2330 prail'ati
3522 2258 3789 2325 ministri,

2148 2347 2560 2420 unusquisque
2590 2348 2661 2402 de
2691 2365 2798 2402 suo
2839 2347 3186 2415 ministerio,
3220 2365 3337 2403 non
3384 2348 3494 2403 sub
3539 2346 3675 2414 alio,
3707 2345 3790 2403 vel

2147 2454 2251 2510 per
2269 2435 2474 2504 alium,
2500 2435 2613 2492 nisi
2635 2453 2740 2508 per
2759 2436 3043 2508 seipsum,
3066 2435 3259 2492 solum
3282 2436 3600 2508 regem,vel
3621 2453 3796 2509 qual-

2149 2531 2274 2583 tum
2301 2527 2373 2582 ad
2415 2526 2678 2597 reginam
2711 2525 2799 2580 vel
2831 2524 3146 2597 gloriosam
3180 2525 3403 2597 prolem
3433 2526 3585 2598 regis
3616 2525 3794 2598 respi-

2149 2616 2582 2688 ciebant,caput
2603 2619 2914 2687 ponerent:
2931 2631 3048 2670 non
3065 2619 3261 2670 tamen
3279 2632 3482 2670 omnes
3501 2613 3794 2686 aequaliter

2149 2707 2219 2761 de
2250 2704 2471 2760 caeteris
2503 2705 2698 2772 rebus,
2733 2703 2822 2760 vel
2857 2709 3196 2760 caeterorum
3230 2703 3680 2759 necessitatibus
3709 2720 3789 2759 re-

2147 2811 2280 2868 gem
2312 2793 2575 2866 adibant,
2608 2793 2709 2849 sed
2742 2809 3020 2848 mensura
3070 2810 3180 2848 sua
3209 2792 3463 2864 quisque
3493 2797 3792 2848 contentus

2147 2886 2300 2952 erat,’
2313 2887 2369 2940 et
2391 2883 2492 2939 ubi
2513 2881 2600 2940 vel
2623 2881 2723 2938 ubi
2755 2882 2902 2938 ratio
2933 2882 3230 2954 poscebat,
3253 2879 3531 2938 solatium
3557 2879 3790 2936 alterius

2148 2973 2501 3046 requirebat.
2533 2973 2606 3028 Et
2629 2971 2852 3044 quibus
2878 2971 3166 3044 praecipue
3195 2971 3334 3039 duo,
3366 2970 3424 3027 id
3449 2975 3539 3026 est
3565 2970 3781 3043 apocri-

2147 3062 2380 3129 siarius,
2402 3061 2502 3135 qui
2519 3065 2758 3118 vocatur
2786 3062 2940 3134 apud
2971 3078 3080 3117 nos
3109 3059 3469 3132 capellanus,
3491 3059 3580 3115 vel
3595 3057 3785 3132 palatii

384 3137 785 3214 Hildiboldum
813 3151 1138 3227 episcopos,
1163 3155 1431 3224 tempore
1471 3148 1724 3220 denique
1757 3147 2029 3204 Ludovici
2053 3137 2103 3204 Β
2143 3156 2364 3223 custos,
2386 3153 2458 3207 de
2480 3149 2756 3206 omnibus
2785 3150 3034 3224 negotiis
3063 3148 3479 3207 ecclesiasticis
3509 3148 3594 3204 vel
3629 3149 3789 3205 mini-

379 3257 488 3320 per
516 3241 867 3301 ’Hilduinum
899 3239 1329 3313 presbyterum,
1361 3241 1418 3294 et
1444 3243 1578 3310 post
1607 3254 1743 3292 eum
1769 3253 1874 3309 per
1903 3235 2035 3292 Ful-

385 3348 591 3389 conem
632 3329 772 3388 item
825 3329 1254 3402 presbyterum,
1285 3325 1494 3383 deinde
1552 3343 1656 3399 per
1710 3326 2038 3398 Drogonem

384 3417 750 3493 episcopum,
784 3413 1008 3473 exstitit
1036 3413 1145 3472 hoc
1177 3413 1570 3470 ministerium
1603 3419 1964 3471 exsecutum.

455 3505 588 3564 CAP.
601 3500 746 3564 XVI.
760 3497 1191 3580 Apocrisiarius
1211 3509 1612 3578 autem,quem
1631 3508 1921 3562 nostrates
1943 3521 2039 3561 ca-

385 3591 795 3670 pellanum,vei
811 3588 1010 3670 palatii
1028 3593 1333 3652 custodem
1355 3589 1910 3668 appellant,omnem
1923 3595 2038 3649 ele-

384 3701 515 3742 rum
540 3675 740 3758 palatii
761 3683 874 3742 sub
895 3700 1038 3740 cura
1060 3687 1119 3740 et
1140 3683 1525 3756 dispositione
1545 3700 1656 3739 sua
1673 3681 2040 3754 regebat.Cui

385 3775 721 3834 soeiabatur
749 3790 1022 3830 summus
1051 3771 1570 3844 cancellarius,qui
1593 3771 1880 3827 asecretis
1900 3769 2041 3826 olim

385 3861 1102 3938 appellabatur,erantque
1133 3858 1218 3916 illi
1251 3859 1502 3932 subjecti
1532 3860 1849 3933 prudentes
1873 3863 1933 3915 et
1961 3860 2044 3914 in-

384 3949 715 4024 telligentes
745 3967 812 4006 ac
842 3947 1043 4006 fideles
1061 3947 1297 4022 viri,qui
1315 3953 1604 4021 praacepta
1631 3949 1790 4022 regia
1819 3949 2042 4021 absque

385 4039 774 4098 immoderata
829 4033 1172 4112 cupiditatis
1227 4035 1538 4094 venalitate
1595 4037 1938 4106 scriberent,
1986 4042 2044 4093 et

387 4129 611 4188 secreta
629 4123 748 4186 illis
777 4125 1030 4184 ﬁdeliter
1058 4127 1443 4183 custodirent.
1477 4126 1614 4182 Post
1643 4144 1744 4184 eos
1771 4144 1926 4195 vero,
1949 4145 2042 4184 sa-

385 4228 551 4278 crum
570 4217 860 4292 palatium
892 4233 997 4291 per
1024 4213 1134 4274 bos
1163 4207 1468 4274 ministros
1498 4215 2046 4289 disponebatur,per

397 4303 789 4366 ca‘merarium
818 4299 1106 4374 videlicet,
1129 4309 1190 4362 et
1219 4305 1492 4362 comitem
1519 4304 1742 4378 palatii,
1765 4303 2046 4361 sencscal-

394 4389 1284 4466 cum,buticularium,comitem
1307 4392 2041 4462 stabuli,mansionarium,

2147 3241 2285 3297 stris
2305 3239 2582 3310 ecclesiis,
2607 3245 2664 3296 et
2691 3257 2888 3296 comes
2910 3239 3110 3312 palatii
3143 3240 3213 3295 de
3243 3240 3522 3296 omnibus
3547 3238 3788 3295 saecla-

2147 3330 2312 3385 ribus
2332 3328 2641 3398 causis,vel
2658 3328 2900 3402 judiciis
2920 3329 3280 3403 suscipiendi
3301 3346 3503 3385 curam
3517 3329 3792 3385 instanter

2148 3419 2444 3474 habebant
2469 3435 2482 3474 :
2510 3423 2572 3473 ut
2593 3435 2698 3474 nec
2719 3417 3119 3486 ecclesiastici,
3148 3436 3253 3475 nec
3273 3418 3602 3489 saeculares,
3633 3418 3791 3491 prius

2148 3508 2433 3566 domuum
2466 3508 2914 3581 regem,absque
2943 3523 3143 3564 eorum
3175 3508 3446 3564 consultu
3477 3507 3790 3579 inquietare

2150 3614 2387 3654 necesse
2444 3596 2748 3668 haberent,
2803 3615 3112 3670 quousque
3164 3596 3248 3652 illi
3300 3597 3696 3670 praevidet-ent,
3739 3595 3787 3652 si

2151 3687 2470 3744 necessitas
2502 3692 2658 3744 esset
2691 3691 2756 3743 ut
2781 3703 2960 3742 causa
2987 3691 3121 3742 ante
3151 3703 3346 3759 regem
3378 3687 3586 3742 merito
3608 3685 3790 3740 venire

2149 3777 2407 3832 deberet.
2440 3776 2500 3832 Si
2531 3793 2662 3832 vero
2721 3780 2946 3831 secreta
3000 3780 3154 3830 esset
3200 3791 3400 3842 causa,
3433 3791 3608 3848 quam
3634 3771 3789 3846 prius

2151 3869 2501 3938 congrueret
2529 3864 2650 3936 regi
2682 3881 2860 3937 quam
2891 3863 3168 3936 cuiquam
3200 3863 3368 3918 alteri
3395 3863 3604 3932 dicere,
3631 3876 3786 3917 eum-

2151 3954 2284 4008 dem
2317 3953 2548 4009 dicendi
2581 3953 2776 4010 locum
2811 3955 3003 4010 eidem
3033 3953 3146 4026 ipsi
3177 3957 3592 4025 praepararent,
3613 3952 3784 4006 intro-

2151 4043 2326 4100 ducto
2356 4043 2522 4116 prius
2556 4047 2794 4115 regc,ut
2824 4042 2933 4098 hoc
2953 4043 3122 4113 juxta
3151 4041 3396 4098 modum
3426 4038 3786 4114 personae,vel

2154 4130 2590 4199 honorabiliter,
2623 4129 2711 4186 vel
2740 4131 3047 4204 patienter,
3077 4131 3164 4187 vel
3195 4131 3374 4186 etiam
3405 4125 3785 4187 misericordi-

2150 4223 2239 4276 ter
2269 4219 2608 4290 susciperet.

2221 4307 2358 4363 CAP.
2391 4307 2505 4362 ΧΧ.
2539 4307 2964 4380 Apocrisiarius
3022 4307 3259 4380 quidem
3305 4309 3378 4364 de
3419 4309 3580 4365 omni
3615 4304 3786 4362 eccle-

2152 4395 2390 4452 siastica
2417 4395 2697 4468 religione
2725 4395 2812 4452 vel
2843 4396 3296 4464 ordine,necnon
3322 4397 3504 4453 etiam
3532 4398 3602 4453 de
3623 4410 3785 4451 cano-

389 4489 695 4542 venatores
725 4479 1078 4560 principales
1102 4485 1375 4557 quatuor,
1407 4481 1800 4538 falconarium
1835 4499 2040 4538 unum.
2075 4512 2121 4577 Β
2153 4484 2295 4540 nica;
2345 4483 2433 4540 vel
2484 4483 2819 4540 monasticae
2871 4483 3268 4554 altercatione,
3302 4502 3406 4542 seu
3437 4495 3786 4559 quaecunque

455 4565 592 4628 CAP.
625 4569 796 4630 XVII.
827 4570 897 4629 Et
951 4573 1223 4646 quamvis
1279 4571 1390 4629 sub
1449 4571 1616 4645 ipsis,
1649 4575 1708 4627 et
1752 4588 1822 4627 ex
1864 4569 2044 4626 latere
2075 4565 2118 4577 “’
2153 4573 2440 4647 palatium
2472 4573 2715 4629 adibant
2749 4589 2853 4645 pro
2902 4572 3314 4630 ecclesiasticis
3353 4572 3784 4632 necessitatibus

383 4676 609 4734 eorum,
641 4657 740 4718 alii
773 4657 1192 4720 ministeriales
1224 4660 1494 4729 fuissent,
1529 4663 1594 4716 ut
1622 4661 1924 4727 ostiarius,
1952 4677 2038 4717 sa-

385 4745 678 4818 cellarius,
701 4747 1094 4826 dispensator,
1125 4750 1507 4824 scapoardus,
1524 4748 1611 4806 vel
1642 4766 2040 4822 quorumcun-

386 4855 500 4914 que
515 4838 1084 4912 exeisjuniores.aut
1114 4839 1319 4897 decani
1347 4839 1620 4908 fuissent,
1637 4838 1914 4896 veletiam
1941 4838 2039 4894 alii

385 4945 456 4984 ex
499 4923 697 4997 latere,
731 4923 884 4986 sicut
929 4925 1200 4995 bersarii,
1232 4927 1510 4998 veltrarii,
1543 4927 1843 4997 beverarii,
1871 4926 1959 4984 vel
1990 4926 2040 4983 si

385 5013 490 5090 qui
519 5015 712 5073 adhuc
739 5017 1828 5090 supererant:verumtamen,quamvis
1850 5020 1906 5072 et
1927 5016 2040 5090 ipsi

386 5104 602 5179 singuli
617 5106 788 5180 juxta
809 5121 980 5162 suam
1003 5103 1348 5178 qualitatem
1371 5107 1443 5163 ad
1464 5105 1574 5162 hoc
1594 5106 1801 5162 intenti
1821 5107 2038 5174 essent,

387 5202 502 5248 non
533 5194 731 5250 tamen
761 5191 835 5248 ad
865 5208 984 5262 eos,
1019 5189 1175 5248 sicut
1219 5192 1293 5249 ad
1345 5198 1582 5249 ceteros
1612 5191 2036 5266 principaliter.

387 5281 454 5337 ut
482 5279 686 5336 subter
711 5279 1002 5338 insertum
1042 5283 1154 5350 est,
1185 5281 1366 5338 totius
1415 5282 1579 5356 regni
1628 5281 2039 5340 confcederatio

386 5370 448 5425 in
478 5365 808 5444 majoribus
863 5369 952 5427 vel
1014 5368 1365 5439 minoribus,
1397 5361 1647 5443 singulis
1705 5371 2039 5444 quibusque

388 5457 752 5533 q‘uotidianis
782 5457 1233 5517 necessitatibus
1271 5459 1737 5529 occurrentibus,
1770 5477 1906 5516 cum
1936 5478 2038 5534 pa-

387 5541 529 5608 latio
579 5545 1156 5628 oonglu‘tinabaatur.
1210 5547 1323 5608 Sed
1372 5563 1478 5608 nec
1535 5547 1650 5624 ipsi
1707 5551 2040 5627 superiores

2151 4662 2608 4720 sollicitudinem
2640 4661 2961 4733 baberet,et
2990 4681 3059 4720 ea
3085 4665 3495 4721 tantummodo
3525 4664 3593 4720 de
3618 4665 3786 4718 exter-

2149 4753 2242 4809 nis
2266 4769 2459 4826 regem
2480 4752 2727 4821 adirent,
2751 4770 2878 4824 quze
2901 4753 3028 4810 sine
3049 4752 3147 4809 illo
3176 4751 3410 4825 plenius
3437 4750 3654 4809 deliniri
3671 4765 3782 4804 non

2151 4842 2504 4914 potuissent.
2531 4845 2836 4908 Caeterum,
2876 4846 2944 4896 ut
2973 4858 3089 4898 non
3119 4841 3311 4898 solum
3353 4843 3428 4898 de
3457 4842 3549 4898 his
3567 4854 3681 4912 que
3709 4836 3782 4892 ad

2149 4947 2250 4987 eos
2280 4929 2611 5002 specialiter
2640 4930 2712 4986 de
2737 4930 2900 4986 omni
2930 4935 3271 4986 ornamento
3299 4931 3390 4987 vel
3416 4928 3600 4988 ofﬁcio
3617 4924 3783 4983 eccle-

2150 5018 2391 5075 siastico
2423 5017 2578 5075 infra
2607 5017 2893 5090 palatium
2927 5019 3151 5091 agenda
3179 5019 3568 5092 pertinebant,
3591 5029 3780 5073 verum

2149 5124 2384 5181 quoque
2399 5111 2457 5162 et
2468 5124 2702 5164 omnem
2717 5107 3178 5164 consolationem
3189 5106 3645 5180 spiritalem,sive
3654 5116 3782 5158 con-

2150 5197 2349 5254 silium
2374 5196 2555 5253 totius
2579 5196 2780 5270 palatii
2805 5197 3141 5270 quicunque
3159 5202 3465 5270 quaareret,
3488 5193 3633 5269 apud
3648 5206 3778 5248 eum

2151 5290 2215 5342 ut
2237 5303 2474 5343 necesse
2506 5290 2632 5342 erat
2673 5286 2919 5344 ﬁdeliter
2958 5287 3244 5344 inveniret
3265 5305 3280 5343 :
3303 5291 3362 5344 et
3379 5287 3483 5359 qui
3505 5302 3611 5342 non
3631 5293 3776 5354 quc-

2156 5381 2308 5432 reret
2333 5381 2392 5432 et
2423 5379 2618 5431 tamen
2649 5375 2776 5448 ipse
2806 5376 2960 5448 apud
2994 5375 3249 5448 aliquem
3280 5375 3658 5434 necessarium
3682 5381 3780 5424 es-

2150 5481 2212 5521 se
2233 5465 2713 5536 sentirent,juxta
2744 5479 3003 5537 personae
3028 5464 3462 5537 qualitatem,et
3477 5479 3514 5522 a
3531 5472 3777 5537 pene!“

2148 5571 2328 5614 sensu
2355 5553 2445 5613 vel
2475 5570 2646 5628 opere
2693 5553 3010 5624 retrahere,
3040 5558 3098 5614 et
3125 5554 3198 5615 ad
3221 5554 3378 5616 viam
3416 5552 3619 5618 salutis
3640 5563 3781 5610 oon-
