  <div class='ocr_page' id='page_1' title='image "/cluster/home/n/w/nwhite01/storage/ocr_20150623/125/hvd.32044054759873/506.png"; bbox 0 0 3976 6188; ppageno 0'>
   <div class='ocr_carea' id='block_1_1' title="bbox 276 375 437 436">
    <p class='ocr_par' dir='ltr' id='par_1_1' title="bbox 276 375 437 436">
     <span class='ocr_line' id='line_1_1' title="bbox 276 375 437 436; baseline 0 -2"><span class='ocrx_word' id='word_1_1' title='bbox 276 375 437 436; x_wconf 74' lang='grc'><strong>1001</strong></span> 
     </span>
    </p>
   </div>
   <div class='ocr_carea' id='block_1_2' title="bbox 1021 379 2957 447">
    <p class='ocr_par' dir='ltr' id='par_1_2' title="bbox 1021 379 2957 447">
     <span class='ocr_line' id='line_1_2' title="bbox 1021 379 2957 447; baseline 0.005 -9"><span class='ocrx_word' id='word_1_2' title='bbox 1021 380 1123 439; x_wconf 86' lang='grc' dir='ltr'><strong>ΑΙ)</strong></span> <span class='ocrx_word' id='word_1_3' title='bbox 1170 379 1578 440; x_wconf 78' lang='lat' dir='ltr'><strong>PROCEHES</strong></span> <span class='ocrx_word' id='word_1_4' title='bbox 1608 380 1721 440; x_wconf 85' lang='lat' dir='ltr'><strong>.DE</strong></span> <span class='ocrx_word' id='word_1_5' title='bbox 1770 381 2325 442; x_wconf 84' lang='lat' dir='ltr'><strong>INSTITU&#39;I‘IONE</strong></span> <span class='ocrx_word' id='word_1_6' title='bbox 2371 384 2957 447; x_wconf 81' lang='lat' dir='ltr'><strong>CAllOLOMANNI.</strong></span> 
     </span>
    </p>
   </div>
   <div class='ocr_carea' id='block_1_3' title="bbox 3537 391 3695 452">
    <p class='ocr_par' dir='ltr' id='par_1_3' title="bbox 3537 391 3695 452">
     <span class='ocr_line' id='line_1_3' title="bbox 3537 391 3695 452; baseline -0.013 0"><span class='ocrx_word' id='word_1_7' title='bbox 3537 391 3695 452; x_wconf 73' lang='grc'><strong>1002</strong></span> 
     </span>
    </p>
   </div>
   <div class='ocr_carea' id='block_1_4' title="bbox 267 506 3691 591">
    <p class='ocr_par' dir='ltr' id='par_1_4' title="bbox 267 506 3691 591">
     <span class='ocr_line' id='line_1_4' title="bbox 267 506 3691 591; baseline 0.004 -28"><span class='ocrx_word' id='word_1_8' title='bbox 267 510 490 563; x_wconf 85' lang='lat' dir='ltr'><strong>vortere</strong></span> <span class='ocrx_word' id='word_1_9' title='bbox 523 506 801 562; x_wconf 79' lang='lat' dir='ltr'><strong>studeret.</strong></span> <span class='ocrx_word' id='word_1_10' title='bbox 835 509 906 562; x_wconf 82' lang='lat' dir='ltr'><strong>Et</strong></span> <span class='ocrx_word' id='word_1_11' title='bbox 930 513 1137 564; x_wconf 67' lang='lat' dir='ltr'><strong>caetera</strong></span> <span class='ocrx_word' id='word_1_12' title='bbox 1185 509 1535 580; x_wconf 87' lang='lat' dir='ltr'><strong>spiritualia,</strong></span> <span class='ocrx_word' id='word_1_13' title='bbox 1567 527 1927 583; x_wconf 67' lang='lat' dir='ltr'><strong>quaecunque</strong></span> <span class='ocrx_word' id='word_1_14' title='bbox 1955 515 2008 580; x_wconf 81' lang='grc' dir='ltr'><strong>Α</strong></span> <span class='ocrx_word' id='word_1_15' title='bbox 2036 511 2380 585; x_wconf 86' lang='lat' dir='ltr'><strong>exigeretur,</strong></span> <span class='ocrx_word' id='word_1_16' title='bbox 2405 513 2627 570; x_wconf 81' lang='lat' dir='ltr'><strong>familia</strong></span> <span class='ocrx_word' id='word_1_17' title='bbox 2648 515 2860 587; x_wconf 82' lang='lat' dir='ltr'><strong>regalis</strong></span> <span class='ocrx_word' id='word_1_18' title='bbox 2880 534 2982 588; x_wconf 91' lang='lat' dir='ltr'><strong>per</strong></span> <span class='ocrx_word' id='word_1_19' title='bbox 3012 518 3426 591; x_wconf 76' lang='lat' dir='ltr'><strong>negligentiam</strong></span> <span class='ocrx_word' id='word_1_20' title='bbox 3448 521 3574 577; x_wconf 87' lang='lat' dir='ltr'><strong>sine</strong></span> <span class='ocrx_word' id='word_1_21' title='bbox 3598 540 3691 578; x_wconf 90' lang='lat' dir='ltr'><strong>ne-</strong></span> 
     </span>
    </p>
   </div>
   <div class='ocr_carea' id='block_1_5' title="bbox 272 595 3688 681">
    <p class='ocr_par' dir='ltr' id='par_1_5' title="bbox 272 595 3688 681">
     <span class='ocr_line' id='line_1_5' title="bbox 272 595 3688 681; baseline 0.005 -31"><span class='ocrx_word' id='word_1_22' title='bbox 272 595 508 667; x_wconf 84' lang='lat' dir='ltr'><strong>palatio,</strong></span> <span class='ocrx_word' id='word_1_23' title='bbox 534 599 655 650; x_wconf 89' lang='lat' dir='ltr'><strong>tam</strong></span> <span class='ocrx_word' id='word_1_24' title='bbox 680 596 752 651; x_wconf 90' lang='lat' dir='ltr'><strong>ab</strong></span> <span class='ocrx_word' id='word_1_25' title='bbox 777 595 1012 652; x_wconf 83' lang='lat' dir='ltr'><strong>assidue</strong></span> <span class='ocrx_word' id='word_1_26' title='bbox 1033 597 1534 664; x_wconf 90' lang='lat' dir='ltr'><strong>conversantibus,</strong></span> <span class='ocrx_word' id='word_1_27' title='bbox 1555 616 1852 671; x_wconf 88' lang='lat' dir='ltr'><strong>quamque</strong></span> <span class='ocrx_word' id='word_1_28' title='bbox 1871 605 1929 655; x_wconf 91' lang='lat' dir='ltr'><strong>et</strong></span> <span class='ocrx_word' id='word_1_29' title='bbox 2037 601 2307 656; x_wconf 77' lang='lat' dir='ltr'><strong>cessitate</strong></span> <span class='ocrx_word' id='word_1_30' title='bbox 2339 601 2786 673; x_wconf 83' lang='lat' dir='ltr'><strong>opprimeretur.</strong></span> <span class='ocrx_word' id='word_1_31' title='bbox 2821 606 2954 669; x_wconf 67' lang='lat' dir='ltr'><strong>Quae</strong></span> <span class='ocrx_word' id='word_1_32' title='bbox 3012 606 3280 663; x_wconf 84' lang='lat' dir='ltr'><strong>videlicet</strong></span> <span class='ocrx_word' id='word_1_33' title='bbox 3320 622 3464 665; x_wconf 86' lang='lat' dir='ltr'><strong>cura</strong></span> <span class='ocrx_word' id='word_1_34' title='bbox 3499 627 3688 681; x_wconf 88' lang='lat' dir='ltr'><strong>quan-</strong></span> 
     </span>
    </p>
   </div>
   <div class='ocr_carea' id='block_1_6' title="bbox 272 683 1923 756">
    <p class='ocr_par' dir='ltr' id='par_1_6' title="bbox 272 683 1923 756">
     <span class='ocr_line' id='line_1_6' title="bbox 272 683 1923 756; baseline 0.003 -16"><span class='ocrx_word' id='word_1_35' title='bbox 272 702 308 740; x_wconf 89' lang='lat' dir='ltr'><strong>a</strong></span> <span class='ocrx_word' id='word_1_36' title='bbox 337 683 906 756; x_wconf 84' lang='lat' dir='ltr'><strong>supervenientibus,</strong></span> <span class='ocrx_word' id='word_1_37' title='bbox 942 685 1060 742; x_wconf 86' lang='lat' dir='ltr'><strong>sive</strong></span> <span class='ocrx_word' id='word_1_38' title='bbox 1091 689 1416 742; x_wconf 88' lang='lat' dir='ltr'><strong>secundum</strong></span> <span class='ocrx_word' id='word_1_39' title='bbox 1449 688 1653 755; x_wconf 90' lang='lat' dir='ltr'><strong>Deum,</strong></span> <span class='ocrx_word' id='word_1_40' title='bbox 1682 688 1800 743; x_wconf 89' lang='lat' dir='ltr'><strong>sive</strong></span> <span class='ocrx_word' id='word_1_41' title='bbox 1831 706 1923 744; x_wconf 82' lang='lat' dir='ltr'><strong>se-</strong></span> 
     </span>
    </p>
   </div>
   <div class='ocr_carea' id='block_1_7' title="bbox 2036 690 3692 770">
    <p class='ocr_par' dir='ltr' id='par_1_7' title="bbox 2036 690 3692 770">
     <span class='ocr_line' id='line_1_7' title="bbox 2036 690 3692 770; baseline 0.007 -26"><span class='ocrx_word' id='word_1_42' title='bbox 2036 707 2212 761; x_wconf 90' lang='lat' dir='ltr'><strong>quam</strong></span> <span class='ocrx_word' id='word_1_43' title='bbox 2237 691 2308 745; x_wconf 92' lang='lat' dir='ltr'><strong>ad</strong></span> <span class='ocrx_word' id='word_1_44' title='bbox 2331 690 2748 746; x_wconf 88' lang='lat' dir='ltr'><strong>buticularium</strong></span> <span class='ocrx_word' id='word_1_45' title='bbox 2775 691 2860 746; x_wconf 92' lang='lat' dir='ltr'><strong>vel</strong></span> <span class='ocrx_word' id='word_1_46' title='bbox 2880 694 2953 747; x_wconf 91' lang='lat' dir='ltr'><strong>ad</strong></span> <span class='ocrx_word' id='word_1_47' title='bbox 2984 693 3256 750; x_wconf 91' lang='lat' dir='ltr'><strong>comitem</strong></span> <span class='ocrx_word' id='word_1_48' title='bbox 3288 697 3501 753; x_wconf 77' lang='lat' dir='ltr'><strong>stabuli</strong></span> <span class='ocrx_word' id='word_1_49' title='bbox 3518 699 3692 770; x_wconf 84' lang='lat' dir='ltr'><strong>perti-</strong></span> 
     </span>
    </p>
   </div>
   <div class='ocr_carea' id='block_1_8' title="bbox 271 773 3684 856">
    <p class='ocr_par' dir='ltr' id='par_1_8' title="bbox 271 773 3684 856">
     <span class='ocr_line' id='line_1_8' title="bbox 271 773 3684 856; baseline 0.004 -26"><span class='ocrx_word' id='word_1_50' title='bbox 271 773 423 830; x_wconf 88' lang='lat' dir='ltr'><strong>cund</strong></span> <span class='ocrx_word' id='word_1_51' title='bbox 433 790 535 830; x_wconf 92' lang='lat' dir='ltr'><strong>um</strong></span> <span class='ocrx_word' id='word_1_52' title='bbox 554 773 931 845; x_wconf 83' lang='lat' dir='ltr'><strong>saeculum,ut</strong></span> <span class='ocrx_word' id='word_1_53' title='bbox 946 775 1387 845; x_wconf 90' lang='lat' dir='ltr'><strong>providerentur</strong></span> <span class='ocrx_word' id='word_1_54' title='bbox 1401 781 1458 832; x_wconf 90' lang='lat' dir='ltr'><strong>et</strong></span> <span class='ocrx_word' id='word_1_55' title='bbox 1474 777 1927 848; x_wconf 69' lang='lat' dir='ltr'><strong>przeviderentur</strong></span> <span class='ocrx_word' id='word_1_56' title='bbox 2036 781 2216 843; x_wconf 89' lang='lat' dir='ltr'><strong>neret,</strong></span> <span class='ocrx_word' id='word_1_57' title='bbox 2243 776 2497 832; x_wconf 81' lang='lat' dir='ltr'><strong>maxima</strong></span> <span class='ocrx_word' id='word_1_58' title='bbox 2512 782 2707 834; x_wconf 88' lang='lat' dir='ltr'><strong>tamen</strong></span> <span class='ocrx_word' id='word_1_59' title='bbox 2732 796 2873 834; x_wconf 88' lang='lat' dir='ltr'><strong>cura</strong></span> <span class='ocrx_word' id='word_1_60' title='bbox 2893 773 2965 834; x_wconf 83' lang='lat' dir='ltr'><strong>ad</strong></span> <span class='ocrx_word' id='word_1_61' title='bbox 2989 782 3386 838; x_wconf 89' lang='lat' dir='ltr'><strong>senescalcum</strong></span> <span class='ocrx_word' id='word_1_62' title='bbox 3410 786 3684 856; x_wconf 85' lang='lat' dir='ltr'><strong>respicie-</strong></span> 
     </span>
    </p>
   </div>
   <div class='ocr_carea' id='block_1_9' title="bbox 269 861 1924 937">
    <p class='ocr_par' dir='ltr' id='par_1_9' title="bbox 269 861 1924 937">
     <span class='ocr_line' id='line_1_9' title="bbox 269 861 1924 937; baseline 0.002 -19"><span class='ocrx_word' id='word_1_63' title='bbox 269 866 440 918; x_wconf 86' lang='lat' dir='ltr'><strong>erant</strong></span> <span class='ocrx_word' id='word_1_64' title='bbox 469 861 823 934; x_wconf 86' lang='lat' dir='ltr'><strong>necessaria,</strong></span> <span class='ocrx_word' id='word_1_65' title='bbox 857 879 984 934; x_wconf 71' lang='lat' dir='ltr'><strong>quea</strong></span> <span class='ocrx_word' id='word_1_66' title='bbox 1033 879 1378 920; x_wconf 85' lang='lat' dir='ltr'><strong>enumerare</strong></span> <span class='ocrx_word' id='word_1_67' title='bbox 1425 863 1664 937; x_wconf 91' lang='lat' dir='ltr'><strong>longum</strong></span> <span class='ocrx_word' id='word_1_68' title='bbox 1711 870 1818 932; x_wconf 89' lang='lat' dir='ltr'><strong>est,</strong></span> <span class='ocrx_word' id='word_1_69' title='bbox 1851 866 1924 921; x_wconf 89' lang='lat' dir='ltr'><strong>ad</strong></span> 
     </span>
    </p>
   </div>
   <div class='ocr_carea' id='block_1_10' title="bbox 2033 863 3686 941">
    <p class='ocr_par' dir='ltr' id='par_1_10' title="bbox 2033 863 3686 941">
     <span class='ocr_line' id='line_1_10' title="bbox 2033 863 3686 941; baseline 0.008 -23"><span class='ocrx_word' id='word_1_70' title='bbox 2033 863 2152 930; x_wconf 90' lang='lat' dir='ltr'><strong>bat,</strong></span> <span class='ocrx_word' id='word_1_71' title='bbox 2177 881 2244 919; x_wconf 91' lang='lat' dir='ltr'><strong>eo</strong></span> <span class='ocrx_word' id='word_1_72' title='bbox 2275 867 2430 936; x_wconf 90' lang='lat' dir='ltr'><strong>quod</strong></span> <span class='ocrx_word' id='word_1_73' title='bbox 2463 867 2661 922; x_wconf 91' lang='lat' dir='ltr'><strong>omnia</strong></span> <span class='ocrx_word' id='word_1_74' title='bbox 2690 872 2916 938; x_wconf 71' lang='lat' dir='ltr'><strong>caatera,</strong></span> <span class='ocrx_word' id='word_1_75' title='bbox 2937 872 3148 938; x_wconf 72' lang='lat' dir='ltr'><strong>praeter</strong></span> <span class='ocrx_word' id='word_1_76' title='bbox 3175 874 3350 941; x_wconf 91' lang='lat' dir='ltr'><strong>potus</strong></span> <span class='ocrx_word' id='word_1_77' title='bbox 3379 872 3466 927; x_wconf 87' lang='lat' dir='ltr'><strong>vel</strong></span> <span class='ocrx_word' id='word_1_78' title='bbox 3497 873 3686 931; x_wconf 88' lang='lat' dir='ltr'><strong>victus</strong></span> 
     </span>
    </p>
   </div>
   <div class='ocr_carea' id='block_1_11' title="bbox 268 950 3687 1032">
    <p class='ocr_par' dir='ltr' id='par_1_11' title="bbox 268 950 3687 1032">
     <span class='ocr_line' id='line_1_11' title="bbox 268 950 3687 1032; baseline 0.004 -26"><span class='ocrx_word' id='word_1_79' title='bbox 268 952 399 1024; x_wconf 89' lang='lat' dir='ltr'><strong>ejus</strong></span> <span class='ocrx_word' id='word_1_80' title='bbox 419 950 750 1024; x_wconf 85' lang='lat' dir='ltr'><strong>specialiter</strong></span> <span class='ocrx_word' id='word_1_81' title='bbox 771 967 972 1006; x_wconf 90' lang='lat' dir='ltr'><strong>curam</strong></span> <span class='ocrx_word' id='word_1_82' title='bbox 993 951 1383 1022; x_wconf 87' lang='lat' dir='ltr'><strong>pertinebant.</strong></span> <span class='ocrx_word' id='word_1_83' title='bbox 1405 953 1530 1008; x_wconf 84' lang='lat' dir='ltr'><strong>Non</strong></span> <span class='ocrx_word' id='word_1_84' title='bbox 1554 953 1656 1022; x_wconf 90' lang='lat' dir='ltr'><strong>ita,</strong></span> <span class='ocrx_word' id='word_1_85' title='bbox 1674 958 1740 1008; x_wconf 92' lang='lat' dir='ltr'><strong>ut</strong></span> <span class='ocrx_word' id='word_1_86' title='bbox 1759 953 1927 1010; x_wconf 86' lang='lat' dir='ltr'><strong>aliter</strong></span> <span class='ocrx_word' id='word_1_87' title='bbox 2033 951 2413 1021; x_wconf 83' lang='lat' dir='ltr'><strong>caballorum,</strong></span> <span class='ocrx_word' id='word_1_88' title='bbox 2439 955 2511 1009; x_wconf 91' lang='lat' dir='ltr'><strong>ad</strong></span> <span class='ocrx_word' id='word_1_89' title='bbox 2531 955 2805 1016; x_wconf 89' lang='lat' dir='ltr'><strong>eumdem</strong></span> <span class='ocrx_word' id='word_1_90' title='bbox 2829 956 3230 1013; x_wconf 88' lang='lat' dir='ltr'><strong>senescalcum</strong></span> <span class='ocrx_word' id='word_1_91' title='bbox 3249 959 3578 1032; x_wconf 88' lang='lat' dir='ltr'><strong>respiceret.</strong></span> <span class='ocrx_word' id='word_1_92' title='bbox 3600 962 3687 1018; x_wconf 89' lang='lat' dir='ltr'><strong>In-</strong></span> 
     </span>
    </p>
   </div>
   <div class='ocr_carea' id='block_1_12' title="bbox 269 1038 1921 1113">
    <p class='ocr_par' dir='ltr' id='par_1_12' title="bbox 269 1038 1921 1113">
     <span class='ocr_line' id='line_1_12' title="bbox 269 1038 1921 1113; baseline 0.002 -19"><span class='ocrx_word' id='word_1_93' title='bbox 269 1039 450 1107; x_wconf 90' lang='lat' dir='ltr'><strong>ullus,</strong></span> <span class='ocrx_word' id='word_1_94' title='bbox 485 1039 603 1095; x_wconf 86' lang='lat' dir='ltr'><strong>sive</strong></span> <span class='ocrx_word' id='word_1_95' title='bbox 632 1038 950 1111; x_wconf 81' lang='lat' dir='ltr'><strong>palatinas,</strong></span> <span class='ocrx_word' id='word_1_96' title='bbox 985 1038 1105 1095; x_wconf 86' lang='lat' dir='ltr'><strong>sive</strong></span> <span class='ocrx_word' id='word_1_97' title='bbox 1153 1045 1429 1096; x_wconf 85' lang='lat' dir='ltr'><strong>externus</strong></span> <span class='ocrx_word' id='word_1_98' title='bbox 1484 1042 1921 1113; x_wconf 85' lang='lat' dir='ltr'><strong>superveniens,</strong></span> 
     </span>
    </p>
   </div>
   <div class='ocr_carea' id='block_1_13' title="bbox 265 1126 1925 1201">
    <p class='ocr_par' dir='ltr' id='par_1_13' title="bbox 265 1126 1925 1201">
     <span class='ocr_line' id='line_1_13' title="bbox 265 1126 1925 1201; baseline 0 -17"><span class='ocrx_word' id='word_1_99' title='bbox 265 1126 559 1200; x_wconf 86' lang='lat' dir='ltr'><strong>sapientia</strong></span> <span class='ocrx_word' id='word_1_100' title='bbox 587 1132 644 1183; x_wconf 89' lang='lat' dir='ltr'><strong>et</strong></span> <span class='ocrx_word' id='word_1_101' title='bbox 671 1144 806 1183; x_wconf 90' lang='lat' dir='ltr'><strong>vera</strong></span> <span class='ocrx_word' id='word_1_102' title='bbox 835 1127 1138 1183; x_wconf 89' lang='lat' dir='ltr'><strong>devotione</strong></span> <span class='ocrx_word' id='word_1_103' title='bbox 1168 1145 1270 1199; x_wconf 89' lang='lat' dir='ltr'><strong>per</strong></span> <span class='ocrx_word' id='word_1_104' title='bbox 1300 1127 1400 1183; x_wconf 89' lang='lat' dir='ltr'><strong>Dei</strong></span> <span class='ocrx_word' id='word_1_105' title='bbox 1429 1129 1678 1201; x_wconf 78' lang='lat' dir='ltr'><strong>gratiam</strong></span> <span class='ocrx_word' id='word_1_106' title='bbox 1710 1129 1925 1185; x_wconf 84' lang='lat' dir='ltr'><strong>illumi-</strong></span> 
     </span>
    </p>
   </div>
   <div class='ocr_carea' id='block_1_14' title="bbox 267 1215 1922 1290">
    <p class='ocr_par' dir='ltr' id='par_1_14' title="bbox 267 1215 1922 1290">
     <span class='ocr_line' id='line_1_14' title="bbox 267 1215 1922 1290; baseline 0.002 -18"><span class='ocrx_word' id='word_1_107' title='bbox 267 1223 464 1284; x_wconf 90' lang='lat' dir='ltr'><strong>natus,</strong></span> <span class='ocrx_word' id='word_1_108' title='bbox 499 1216 614 1273; x_wconf 88' lang='lat' dir='ltr'><strong>tale</strong></span> <span class='ocrx_word' id='word_1_109' title='bbox 668 1215 891 1288; x_wconf 89' lang='lat' dir='ltr'><strong>aliquid</strong></span> <span class='ocrx_word' id='word_1_110' title='bbox 953 1216 1196 1272; x_wconf 89' lang='lat' dir='ltr'><strong>minime</strong></span> <span class='ocrx_word' id='word_1_111' title='bbox 1252 1222 1484 1290; x_wconf 89' lang='lat' dir='ltr'><strong>ageret;</strong></span> <span class='ocrx_word' id='word_1_112' title='bbox 1519 1219 1619 1274; x_wconf 91' lang='lat' dir='ltr'><strong>sed</strong></span> <span class='ocrx_word' id='word_1_113' title='bbox 1669 1218 1922 1276; x_wconf 86' lang='lat' dir='ltr'><strong>maxime</strong></span> 
     </span>
    </p>
   </div>
   <div class='ocr_carea' id='block_1_15' title="bbox 265 1306 1920 1380">
    <p class='ocr_par' dir='ltr' id='par_1_15' title="bbox 265 1306 1920 1380">
     <span class='ocr_line' id='line_1_15' title="bbox 265 1306 1920 1380; baseline 0.001 -18"><span class='ocrx_word' id='word_1_114' title='bbox 265 1306 631 1363; x_wconf 83' lang='lat' dir='ltr'><strong>consuetudo</strong></span> <span class='ocrx_word' id='word_1_115' title='bbox 664 1311 808 1373; x_wconf 89' lang='lat' dir='ltr'><strong>erat,</strong></span> <span class='ocrx_word' id='word_1_116' title='bbox 841 1310 909 1362; x_wconf 91' lang='lat' dir='ltr'><strong>ut</strong></span> <span class='ocrx_word' id='word_1_117' title='bbox 940 1311 1044 1362; x_wconf 88' lang='lat' dir='ltr'><strong>aut</strong></span> <span class='ocrx_word' id='word_1_118' title='bbox 1087 1322 1223 1362; x_wconf 84' lang='lat' dir='ltr'><strong>cum</strong></span> <span class='ocrx_word' id='word_1_119' title='bbox 1281 1307 1486 1363; x_wconf 89' lang='lat' dir='ltr'><strong>eodem</strong></span> <span class='ocrx_word' id='word_1_120' title='bbox 1545 1307 1920 1380; x_wconf 88' lang='lat' dir='ltr'><strong>apocrisiario</strong></span> 
     </span>
    </p>
   </div>
   <div class='ocr_carea' id='block_1_16' title="bbox 263 1394 1922 1467">
    <p class='ocr_par' dir='ltr' id='par_1_16' title="bbox 263 1394 1922 1467">
     <span class='ocr_line' id='line_1_16' title="bbox 263 1394 1922 1467; baseline 0.001 -16"><span class='ocrx_word' id='word_1_121' title='bbox 263 1395 505 1467; x_wconf 86' lang='lat' dir='ltr'><strong>pariter,</strong></span> <span class='ocrx_word' id='word_1_122' title='bbox 540 1398 642 1450; x_wconf 88' lang='lat' dir='ltr'><strong>aut</strong></span> <span class='ocrx_word' id='word_1_123' title='bbox 669 1397 822 1450; x_wconf 87' lang='lat' dir='ltr'><strong>certe</strong></span> <span class='ocrx_word' id='word_1_124' title='bbox 870 1410 973 1466; x_wconf 91' lang='lat' dir='ltr'><strong>per</strong></span> <span class='ocrx_word' id='word_1_125' title='bbox 1026 1394 1155 1465; x_wconf 82' lang='lat' dir='ltr'><strong>ejus</strong></span> <span class='ocrx_word' id='word_1_126' title='bbox 1213 1394 1526 1451; x_wconf 89' lang='lat' dir='ltr'><strong>consilium</strong></span> <span class='ocrx_word' id='word_1_127' title='bbox 1584 1396 1741 1467; x_wconf 92' lang='lat' dir='ltr'><strong>quod</strong></span> <span class='ocrx_word' id='word_1_128' title='bbox 1798 1400 1922 1453; x_wconf 87' lang='lat' dir='ltr'><strong>erat</strong></span> 
     </span>
    </p>
   </div>
   <div class='ocr_carea' id='block_1_17' title="bbox 262 1482 1918 1556">
    <p class='ocr_par' dir='ltr' id='par_1_17' title="bbox 262 1482 1918 1556">
     <span class='ocr_line' id='line_1_17' title="bbox 262 1482 1918 1556; baseline 0.001 -18"><span class='ocrx_word' id='word_1_129' title='bbox 262 1482 562 1556; x_wconf 86' lang='lat' dir='ltr'><strong>agendum</strong></span> <span class='ocrx_word' id='word_1_130' title='bbox 585 1486 800 1555; x_wconf 84' lang='lat' dir='ltr'><strong>ageret,</strong></span> <span class='ocrx_word' id='word_1_131' title='bbox 824 1499 895 1539; x_wconf 91' lang='lat' dir='ltr'><strong>ne</strong></span> <span class='ocrx_word' id='word_1_132' title='bbox 916 1483 1063 1539; x_wconf 89' lang='lat' dir='ltr'><strong>forte</strong></span> <span class='ocrx_word' id='word_1_133' title='bbox 1101 1483 1244 1554; x_wconf 91' lang='lat' dir='ltr'><strong>quid</strong></span> <span class='ocrx_word' id='word_1_134' title='bbox 1267 1484 1464 1540; x_wconf 91' lang='lat' dir='ltr'><strong>minus</strong></span> <span class='ocrx_word' id='word_1_135' title='bbox 1485 1483 1626 1540; x_wconf 89' lang='lat' dir='ltr'><strong>utile</strong></span> <span class='ocrx_word' id='word_1_136' title='bbox 1645 1488 1748 1540; x_wconf 88' lang='lat' dir='ltr'><strong>aut</strong></span> <span class='ocrx_word' id='word_1_137' title='bbox 1766 1484 1918 1541; x_wconf 85' lang='lat' dir='ltr'><strong>indi-</strong></span> 
     </span>
    </p>
   </div>
   <div class='ocr_carea' id='block_1_18' title="bbox 259 1571 987 1644">
    <p class='ocr_par' dir='ltr' id='par_1_18' title="bbox 259 1571 987 1644">
     <span class='ocr_line' id='line_1_18' title="bbox 259 1571 987 1644; baseline 0.005 -18"><span class='ocrx_word' id='word_1_138' title='bbox 259 1587 448 1644; x_wconf 84' lang='lat' dir='ltr'><strong>gnum</strong></span> <span class='ocrx_word' id='word_1_139' title='bbox 482 1571 603 1644; x_wconf 91' lang='lat' dir='ltr'><strong>regi</strong></span> <span class='ocrx_word' id='word_1_140' title='bbox 635 1572 987 1643; x_wconf 81' lang='lat' dir='ltr'><strong>subriperet.</strong></span> 
     </span>
    </p>
   </div>
   <div class='ocr_carea' id='block_1_19' title="bbox 263 1659 1919 1733">
    <p class='ocr_par' dir='ltr' id='par_1_19' title="bbox 263 1659 1919 1733">
     <span class='ocr_line' id='line_1_19' title="bbox 263 1659 1919 1733; baseline 0.002 -17"><span class='ocrx_word' id='word_1_141' title='bbox 263 1707 268 1709; x_wconf 94' lang='lat'><strong>.</strong></span> <span class='ocrx_word' id='word_1_142' title='bbox 337 1660 470 1716; x_wconf 73' lang='lat' dir='ltr'><strong>CAP.</strong></span> <span class='ocrx_word' id='word_1_143' title='bbox 502 1659 644 1717; x_wconf 85' lang='lat' dir='ltr'><strong>XXI.</strong></span> <span class='ocrx_word' id='word_1_144' title='bbox 685 1659 929 1717; x_wconf 87' lang='lat' dir='ltr'><strong>Comitis</strong></span> <span class='ocrx_word' id='word_1_145' title='bbox 978 1664 1173 1717; x_wconf 88' lang='lat' dir='ltr'><strong>autem</strong></span> <span class='ocrx_word' id='word_1_146' title='bbox 1234 1661 1456 1733; x_wconf 85' lang='lat' dir='ltr'><strong>palatii,</strong></span> <span class='ocrx_word' id='word_1_147' title='bbox 1504 1662 1658 1718; x_wconf 89' lang='lat' dir='ltr'><strong>inter</strong></span> <span class='ocrx_word' id='word_1_148' title='bbox 1713 1665 1919 1720; x_wconf 61' lang='lat' dir='ltr'><strong>cetera</strong></span> 
     </span>
    </p>
   </div>
   <div class='ocr_carea' id='block_1_20' title="bbox 259 1748 1912 1822">
    <p class='ocr_par' dir='ltr' id='par_1_20' title="bbox 259 1748 1912 1822">
     <span class='ocr_line' id='line_1_20' title="bbox 259 1748 1912 1822; baseline 0.001 -17"><span class='ocrx_word' id='word_1_149' title='bbox 259 1765 414 1822; x_wconf 87' lang='lat' dir='ltr'><strong>pene</strong></span> <span class='ocrx_word' id='word_1_150' title='bbox 440 1748 913 1820; x_wconf 85' lang='lat' dir='ltr'><strong>innumerabilia,</strong></span> <span class='ocrx_word' id='word_1_151' title='bbox 935 1749 995 1804; x_wconf 91' lang='lat' dir='ltr'><strong>in</strong></span> <span class='ocrx_word' id='word_1_152' title='bbox 1012 1750 1120 1807; x_wconf 89' lang='lat' dir='ltr'><strong>hoc</strong></span> <span class='ocrx_word' id='word_1_153' title='bbox 1141 1750 1392 1806; x_wconf 81' lang='lat' dir='ltr'><strong>maxime</strong></span> <span class='ocrx_word' id='word_1_154' title='bbox 1421 1750 1752 1807; x_wconf 88' lang='lat' dir='ltr'><strong>sollicitudo</strong></span> <span class='ocrx_word' id='word_1_155' title='bbox 1768 1755 1912 1820; x_wconf 91' lang='lat' dir='ltr'><strong>erat,</strong></span> 
     </span>
    </p>
   </div>
   <div class='ocr_carea' id='block_1_21' title="bbox 2033 1043 3684 1121">
    <p class='ocr_par' dir='ltr' id='par_1_21' title="bbox 2033 1043 3684 1121">
     <span class='ocr_line' id='line_1_21' title="bbox 2033 1043 3684 1121; baseline 0.007 -25"><span class='ocrx_word' id='word_1_156' title='bbox 2033 1044 2121 1097; x_wconf 91' lang='lat' dir='ltr'><strong>ter</strong></span> <span class='ocrx_word' id='word_1_157' title='bbox 2141 1058 2289 1112; x_wconf 88' lang='lat' dir='ltr'><strong>quos</strong></span> <span class='ocrx_word' id='word_1_158' title='bbox 2309 1043 2484 1098; x_wconf 90' lang='lat' dir='ltr'><strong>etiam</strong></span> <span class='ocrx_word' id='word_1_159' title='bbox 2507 1047 2562 1098; x_wconf 87' lang='lat' dir='ltr'><strong>et</strong></span> <span class='ocrx_word' id='word_1_160' title='bbox 2587 1044 3021 1101; x_wconf 89' lang='lat' dir='ltr'><strong>mansionarius</strong></span> <span class='ocrx_word' id='word_1_161' title='bbox 3052 1045 3349 1118; x_wconf 86' lang='lat' dir='ltr'><strong>intererat,</strong></span> <span class='ocrx_word' id='word_1_162' title='bbox 3374 1065 3553 1121; x_wconf 87' lang='lat' dir='ltr'><strong>super</strong></span> <span class='ocrx_word' id='word_1_163' title='bbox 3576 1067 3684 1107; x_wconf 92' lang='lat' dir='ltr'><strong>cu-</strong></span> 
     </span>
    </p>
   </div>
   <div class='ocr_carea' id='block_1_22' title="bbox 2023 1129 3681 1208">
    <p class='ocr_par' dir='ltr' id='par_1_22' title="bbox 2023 1129 3681 1208">
     <span class='ocr_line' id='line_1_22' title="bbox 2023 1129 3681 1208; baseline 0.007 -24"><span class='ocrx_word' id='word_1_164' title='bbox 2023 1129 2126 1200; x_wconf 85' lang='lat' dir='ltr'><strong>jus</strong></span> <span class='ocrx_word' id='word_1_165' title='bbox 2151 1129 2546 1186; x_wconf 88' lang='lat' dir='ltr'><strong>ministerium</strong></span> <span class='ocrx_word' id='word_1_166' title='bbox 2568 1131 3124 1201; x_wconf 88' lang='lat' dir='ltr'><strong>incumhebat,sicut</strong></span> <span class='ocrx_word' id='word_1_167' title='bbox 3138 1139 3196 1191; x_wconf 87' lang='lat' dir='ltr'><strong>et</strong></span> <span class='ocrx_word' id='word_1_168' title='bbox 3217 1152 3431 1194; x_wconf 88' lang='lat' dir='ltr'><strong>nomen</strong></span> <span class='ocrx_word' id='word_1_169' title='bbox 3455 1138 3506 1208; x_wconf 89' lang='lat' dir='ltr'><strong>ej</strong></span> <span class='ocrx_word' id='word_1_170' title='bbox 3517 1138 3681 1196; x_wconf 90' lang='lat' dir='ltr'><strong>usin-</strong></span> 
     </span>
    </p>
   </div>
   <div class='ocr_carea' id='block_1_23' title="bbox 2031 1217 3680 1296">
    <p class='ocr_par' dir='ltr' id='par_1_23' title="bbox 2031 1217 3680 1296">
     <span class='ocr_line' id='line_1_23' title="bbox 2031 1217 3680 1296; baseline 0.006 -23"><span class='ocrx_word' id='word_1_171' title='bbox 2031 1217 2282 1288; x_wconf 90' lang='lat' dir='ltr'><strong>dicat,ut</strong></span> <span class='ocrx_word' id='word_1_172' title='bbox 2301 1219 2362 1274; x_wconf 93' lang='lat' dir='ltr'><strong>in</strong></span> <span class='ocrx_word' id='word_1_173' title='bbox 2383 1219 2492 1275; x_wconf 90' lang='lat' dir='ltr'><strong>hoc</strong></span> <span class='ocrx_word' id='word_1_174' title='bbox 2515 1221 2766 1277; x_wconf 79' lang='lat' dir='ltr'><strong>maxime</strong></span> <span class='ocrx_word' id='word_1_175' title='bbox 2787 1221 3120 1279; x_wconf 90' lang='lat' dir='ltr'><strong>sollicitudo</strong></span> <span class='ocrx_word' id='word_1_176' title='bbox 3131 1224 3680 1296; x_wconf 86' lang='lat' dir='ltr'><strong>ejusintentaesset,</strong></span> 
     </span>
    </p>
   </div>
   <div class='ocr_carea' id='block_1_24' title="bbox 2031 1308 3683 1388">
    <p class='ocr_par' dir='ltr' id='par_1_24' title="bbox 2031 1308 3683 1388">
     <span class='ocr_line' id='line_1_24' title="bbox 2031 1308 3683 1388; baseline 0.007 -26"><span class='ocrx_word' id='word_1_177' title='bbox 2031 1310 2097 1362; x_wconf 92' lang='lat' dir='ltr'><strong>ut</strong></span> <span class='ocrx_word' id='word_1_178' title='bbox 2118 1311 2239 1362; x_wconf 87' lang='lat' dir='ltr'><strong>tam</strong></span> <span class='ocrx_word' id='word_1_179' title='bbox 2262 1308 2587 1380; x_wconf 86' lang='lat' dir='ltr'><strong>supradicti</strong></span> <span class='ocrx_word' id='word_1_180' title='bbox 2617 1314 2861 1379; x_wconf 89' lang='lat' dir='ltr'><strong>actores,</strong></span> <span class='ocrx_word' id='word_1_181' title='bbox 2883 1327 3180 1383; x_wconf 91' lang='lat' dir='ltr'><strong>quamque</strong></span> <span class='ocrx_word' id='word_1_182' title='bbox 3209 1317 3266 1369; x_wconf 90' lang='lat' dir='ltr'><strong>et</strong></span> <span class='ocrx_word' id='word_1_183' title='bbox 3293 1319 3683 1388; x_wconf 80' lang='lat' dir='ltr'><strong>susceptores,</strong></span> 
     </span>
    </p>
   </div>
   <div class='ocr_carea' id='block_1_25' title="bbox 2029 1397 3682 1486">
    <p class='ocr_par' dir='ltr' id='par_1_25' title="bbox 2029 1397 3682 1486">
     <span class='ocr_line' id='line_1_25' title="bbox 2029 1397 3682 1486; baseline 0.005 -36"><span class='ocrx_word' id='word_1_184' title='bbox 2029 1411 2145 1467; x_wconf 90' lang='lat' dir='ltr'><strong>quo</strong></span> <span class='ocrx_word' id='word_1_185' title='bbox 2166 1399 2428 1467; x_wconf 86' lang='lat' dir='ltr'><strong>tempore</strong></span> <span class='ocrx_word' id='word_1_186' title='bbox 2443 1397 2516 1452; x_wconf 92' lang='lat' dir='ltr'><strong>ad</strong></span> <span class='ocrx_word' id='word_1_187' title='bbox 2533 1413 2632 1454; x_wconf 90' lang='lat' dir='ltr'><strong>eos</strong></span> <span class='ocrx_word' id='word_1_188' title='bbox 2651 1397 2750 1454; x_wconf 91' lang='lat' dir='ltr'><strong>illo</strong></span> <span class='ocrx_word' id='word_1_189' title='bbox 2779 1397 2868 1455; x_wconf 89' lang='lat' dir='ltr'><strong>vel</strong></span> <span class='ocrx_word' id='word_1_190' title='bbox 2899 1397 3000 1454; x_wconf 94' lang='lat' dir='ltr'><strong>illo</strong></span> <span class='ocrx_word' id='word_1_191' title='bbox 3031 1399 3091 1455; x_wconf 92' lang='lat' dir='ltr'><strong>in</strong></span> <span class='ocrx_word' id='word_1_192' title='bbox 3109 1398 3246 1486; x_wconf 59' lang='lat' dir='ltr'><strong>loco</strong></span> <span class='ocrx_word' id='word_1_193' title='bbox 3276 1416 3376 1458; x_wconf 88' lang='lat' dir='ltr'><strong>rex</strong></span> <span class='ocrx_word' id='word_1_194' title='bbox 3401 1406 3682 1459; x_wconf 87' lang='lat' dir='ltr'><strong>venturus</strong></span> 
     </span>
    </p>
   </div>
   <div class='ocr_carea' id='block_1_26' title="bbox 2028 1485 3686 1564">
    <p class='ocr_par' dir='ltr' id='par_1_26' title="bbox 2028 1485 3686 1564">
     <span class='ocr_line' id='line_1_26' title="bbox 2028 1485 3686 1564; baseline 0.007 -25"><span class='ocrx_word' id='word_1_195' title='bbox 2028 1489 2205 1553; x_wconf 85' lang='lat' dir='ltr'><strong>esset,</strong></span> <span class='ocrx_word' id='word_1_196' title='bbox 2231 1489 2471 1557; x_wconf 90' lang='lat' dir='ltr'><strong>propter</strong></span> <span class='ocrx_word' id='word_1_197' title='bbox 2492 1485 2868 1543; x_wconf 89' lang='lat' dir='ltr'><strong>mansionum</strong></span> <span class='ocrx_word' id='word_1_198' title='bbox 2892 1485 3467 1561; x_wconf 82' lang='lat' dir='ltr'><strong>praeparationem,ut</strong></span> <span class='ocrx_word' id='word_1_199' title='bbox 3481 1507 3686 1564; x_wconf 84' lang='lat' dir='ltr'><strong>oppor-</strong></span> 
     </span>
    </p>
   </div>
   <div class='ocr_carea' id='block_1_27' title="bbox 2026 1575 3679 1648">
    <p class='ocr_par' dir='ltr' id='par_1_27' title="bbox 2026 1575 3679 1648">
     <span class='ocr_line' id='line_1_27' title="bbox 2026 1575 3679 1648; baseline 0.007 -22"><span class='ocrx_word' id='word_1_200' title='bbox 2026 1575 2169 1628; x_wconf 89' lang='lat' dir='ltr'><strong>tuno</strong></span> <span class='ocrx_word' id='word_1_201' title='bbox 2189 1577 2451 1645; x_wconf 90' lang='lat' dir='ltr'><strong>tempore</strong></span> <span class='ocrx_word' id='word_1_202' title='bbox 2481 1575 2752 1646; x_wconf 81' lang='lat' dir='ltr'><strong>praescire</strong></span> <span class='ocrx_word' id='word_1_203' title='bbox 2769 1575 3127 1648; x_wconf 90' lang='lat' dir='ltr'><strong>potuissent:</strong></span> <span class='ocrx_word' id='word_1_204' title='bbox 3145 1594 3216 1634; x_wconf 91' lang='lat' dir='ltr'><strong>ne</strong></span> <span class='ocrx_word' id='word_1_205' title='bbox 3236 1582 3340 1635; x_wconf 90' lang='lat' dir='ltr'><strong>aut</strong></span> <span class='ocrx_word' id='word_1_206' title='bbox 3359 1579 3496 1636; x_wconf 89' lang='lat' dir='ltr'><strong>inde</strong></span> <span class='ocrx_word' id='word_1_207' title='bbox 3513 1582 3679 1638; x_wconf 85' lang='lat' dir='ltr'><strong>tarde</strong></span> 
     </span>
    </p>
   </div>
   <div class='ocr_carea' id='block_1_28' title="bbox 2026 1660 3678 1740">
    <p class='ocr_par' dir='ltr' id='par_1_28' title="bbox 2026 1660 3678 1740">
     <span class='ocr_line' id='line_1_28' title="bbox 2026 1660 3678 1740; baseline 0.006 -24"><span class='ocrx_word' id='word_1_208' title='bbox 2026 1660 2300 1729; x_wconf 88' lang='lat' dir='ltr'><strong>scientes,</strong></span> <span class='ocrx_word' id='word_1_209' title='bbox 2335 1667 2574 1734; x_wconf 89' lang='lat' dir='ltr'><strong>propter</strong></span> <span class='ocrx_word' id='word_1_210' title='bbox 2630 1664 3009 1721; x_wconf 88' lang='lat' dir='ltr'><strong>afflictionem</strong></span> <span class='ocrx_word' id='word_1_211' title='bbox 3068 1666 3302 1724; x_wconf 80' lang='lat' dir='ltr'><strong>familias</strong></span> <span class='ocrx_word' id='word_1_212' title='bbox 3340 1666 3678 1740; x_wconf 89' lang='lat' dir='ltr'><strong>importuno</strong></span> 
     </span>
    </p>
   </div>
   <div class='ocr_carea' id='block_1_29' title="bbox 2025 1752 3675 1831">
    <p class='ocr_par' dir='ltr' id='par_1_29' title="bbox 2025 1752 3675 1831">
     <span class='ocr_line' id='line_1_29' title="bbox 2025 1752 3675 1831; baseline 0.007 -27"><span class='ocrx_word' id='word_1_213' title='bbox 2025 1752 2286 1823; x_wconf 89' lang='lat' dir='ltr'><strong>tempore</strong></span> <span class='ocrx_word' id='word_1_214' title='bbox 2316 1756 2643 1823; x_wconf 88' lang='lat' dir='ltr'><strong>peccatum,</strong></span> <span class='ocrx_word' id='word_1_215' title='bbox 2671 1757 2774 1809; x_wconf 91' lang='lat' dir='ltr'><strong>aut</strong></span> <span class='ocrx_word' id='word_1_216' title='bbox 2801 1753 2860 1810; x_wconf 90' lang='lat' dir='ltr'><strong>hi</strong></span> <span class='ocrx_word' id='word_1_217' title='bbox 2887 1759 3124 1827; x_wconf 87' lang='lat' dir='ltr'><strong>propter</strong></span> <span class='ocrx_word' id='word_1_218' title='bbox 3169 1773 3284 1813; x_wconf 92' lang='lat' dir='ltr'><strong>non</strong></span> <span class='ocrx_word' id='word_1_219' title='bbox 3324 1756 3675 1831; x_wconf 82' lang='lat' dir='ltr'><strong>condignam</strong></span> 
     </span>
    </p>
   </div>
   <div class='ocr_carea' id='block_1_30' title="bbox 266 1838 3674 1913">
    <p class='ocr_par' dir='ltr' id='par_1_30' title="bbox 266 1838 3674 1913">
     <span class='ocr_line' id='line_1_30' title="bbox 266 1838 3674 1913; baseline 0.002 -18"><span class='ocrx_word' id='word_1_220' title='bbox 266 1844 554 1895; x_wconf 90' lang='lat' dir='ltr'><strong>utomnes</strong></span> <span class='ocrx_word' id='word_1_221' title='bbox 567 1838 965 1895; x_wconf 85' lang='lat' dir='ltr'><strong>contentiones</strong></span> <span class='ocrx_word' id='word_1_222' title='bbox 985 1838 1364 1910; x_wconf 82' lang='lat' dir='ltr'><strong>regales,quae</strong></span> <span class='ocrx_word' id='word_1_223' title='bbox 1377 1839 1666 1896; x_wconf 69' lang='lat' dir='ltr'><strong>alibiortaa</strong></span> <span class='ocrx_word' id='word_1_224' title='bbox 1679 1845 1917 1912; x_wconf 89' lang='lat' dir='ltr'><strong>propter</strong></span> <span class='ocrx_word' id='word_1_225' title='bbox 1944 1887 1992 1913; x_wconf 68' lang='grc' dir='ltr'><strong>η</strong></span> <span class='ocrx_word' id='word_1_226' title='bbox 2024 1840 2478 1912; x_wconf 87' lang='lat' dir='ltr'><strong>susceptionem,</strong></span> <span class='ocrx_word' id='word_1_227' title='bbox 2498 1858 2564 1896; x_wconf 89' lang='lat' dir='ltr'><strong>ac</strong></span> <span class='ocrx_word' id='word_1_228' title='bbox 2595 1842 2644 1896; x_wconf 87' lang='lat' dir='ltr'><strong>si</strong></span> <span class='ocrx_word' id='word_1_229' title='bbox 2676 1843 2821 1898; x_wconf 89' lang='lat' dir='ltr'><strong>bene</strong></span> <span class='ocrx_word' id='word_1_230' title='bbox 2851 1842 3343 1913; x_wconf 88' lang='lat' dir='ltr'><strong>noluissent,cum</strong></span> <span class='ocrx_word' id='word_1_231' title='bbox 3375 1849 3528 1902; x_wconf 88' lang='lat' dir='ltr'><strong>certe</strong></span> <span class='ocrx_word' id='word_1_232' title='bbox 3557 1863 3674 1903; x_wconf 91' lang='lat' dir='ltr'><strong>non</strong></span> 
     </span>
    </p>
   </div>
   <div class='ocr_carea' id='block_1_31' title="bbox 254 1926 1913 2001">
    <p class='ocr_par' dir='ltr' id='par_1_31' title="bbox 254 1926 1913 2001">
     <span class='ocr_line' id='line_1_31' title="bbox 254 1926 1913 2001; baseline 0.002 -19"><span class='ocrx_word' id='word_1_233' title='bbox 254 1927 554 2000; x_wconf 69' lang='lat' dir='ltr'><strong>aequitatis</strong></span> <span class='ocrx_word' id='word_1_234' title='bbox 578 1926 869 1998; x_wconf 88' lang='lat' dir='ltr'><strong>judicium</strong></span> <span class='ocrx_word' id='word_1_235' title='bbox 900 1926 1183 1999; x_wconf 87' lang='lat' dir='ltr'><strong>palatium</strong></span> <span class='ocrx_word' id='word_1_236' title='bbox 1215 1928 1724 2001; x_wconf 89' lang='lat' dir='ltr'><strong>aggredicbantur,</strong></span> <span class='ocrx_word' id='word_1_237' title='bbox 1750 1930 1913 2000; x_wconf 83' lang='lat' dir='ltr'><strong>juste</strong></span> 
     </span>
    </p>
   </div>
   <div class='ocr_carea' id='block_1_32' title="bbox 254 2016 1912 2090">
    <p class='ocr_par' dir='ltr' id='par_1_32' title="bbox 254 2016 1912 2090">
     <span class='ocr_line' id='line_1_32' title="bbox 254 2016 1912 2090; baseline -0.001 -14"><span class='ocrx_word' id='word_1_238' title='bbox 254 2035 332 2076; x_wconf 84' lang='lat' dir='ltr'><strong>ac</strong></span> <span class='ocrx_word' id='word_1_239' title='bbox 351 2016 770 2073; x_wconf 87' lang='lat' dir='ltr'><strong>rationabiliter</strong></span> <span class='ocrx_word' id='word_1_240' title='bbox 785 2016 1220 2083; x_wconf 85' lang='lat' dir='ltr'><strong>determinaret,</strong></span> <span class='ocrx_word' id='word_1_241' title='bbox 1245 2034 1345 2072; x_wconf 89' lang='lat' dir='ltr'><strong>seu</strong></span> <span class='ocrx_word' id='word_1_242' title='bbox 1367 2017 1912 2090; x_wconf 89' lang='lat' dir='ltr'><strong>perversejudicata</strong></span> 
     </span>
    </p>
   </div>
   <div class='ocr_carea' id='block_1_33' title="bbox 249 2105 1909 2178">
    <p class='ocr_par' dir='ltr' id='par_1_33' title="bbox 249 2105 1909 2178">
     <span class='ocr_line' id='line_1_33' title="bbox 249 2105 1909 2178; baseline 0 -16"><span class='ocrx_word' id='word_1_243' title='bbox 249 2107 334 2162; x_wconf 85' lang='lat' dir='ltr'><strong>ad</strong></span> <span class='ocrx_word' id='word_1_244' title='bbox 362 2105 650 2178; x_wconf 71' lang='lat' dir='ltr'><strong>mquitatis</strong></span> <span class='ocrx_word' id='word_1_245' title='bbox 691 2105 985 2161; x_wconf 90' lang='lat' dir='ltr'><strong>tramitem</strong></span> <span class='ocrx_word' id='word_1_246' title='bbox 1036 2107 1358 2174; x_wconf 88' lang='lat' dir='ltr'><strong>reduceret,</strong></span> <span class='ocrx_word' id='word_1_247' title='bbox 1388 2110 1452 2161; x_wconf 93' lang='lat' dir='ltr'><strong>ut</strong></span> <span class='ocrx_word' id='word_1_248' title='bbox 1481 2111 1538 2161; x_wconf 92' lang='lat' dir='ltr'><strong>et</strong></span> <span class='ocrx_word' id='word_1_249' title='bbox 1568 2123 1763 2162; x_wconf 90' lang='lat' dir='ltr'><strong>coram</strong></span> <span class='ocrx_word' id='word_1_250' title='bbox 1794 2107 1909 2163; x_wconf 90' lang='lat' dir='ltr'><strong>Deo</strong></span> 
     </span>
    </p>
   </div>
   <div class='ocr_carea' id='block_1_34' title="bbox 248 2193 1910 2268">
    <p class='ocr_par' dir='ltr' id='par_1_34' title="bbox 248 2193 1910 2268">
     <span class='ocr_line' id='line_1_34' title="bbox 248 2193 1910 2268; baseline 0 -18"><span class='ocrx_word' id='word_1_251' title='bbox 248 2199 496 2267; x_wconf 75' lang='lat' dir='ltr'><strong>propter</strong></span> <span class='ocrx_word' id='word_1_252' title='bbox 539 2193 860 2265; x_wconf 89' lang='lat' dir='ltr'><strong>justitiam,</strong></span> <span class='ocrx_word' id='word_1_253' title='bbox 909 2199 966 2249; x_wconf 90' lang='lat' dir='ltr'><strong>et</strong></span> <span class='ocrx_word' id='word_1_254' title='bbox 1023 2211 1218 2250; x_wconf 87' lang='lat' dir='ltr'><strong>coram</strong></span> <span class='ocrx_word' id='word_1_255' title='bbox 1279 2194 1619 2251; x_wconf 85' lang='lat' dir='ltr'><strong>hominibus</strong></span> <span class='ocrx_word' id='word_1_256' title='bbox 1677 2201 1910 2268; x_wconf 91' lang='lat' dir='ltr'><strong>propter</strong></span> 
     </span>
    </p>
   </div>
   <div class='ocr_carea' id='block_1_35' title="bbox 247 2281 1905 2357">
    <p class='ocr_par' dir='ltr' id='par_1_35' title="bbox 247 2281 1905 2357">
     <span class='ocr_line' id='line_1_35' title="bbox 247 2281 1905 2357; baseline 0.001 -18"><span class='ocrx_word' id='word_1_257' title='bbox 247 2284 453 2357; x_wconf 88' lang='lat' dir='ltr'><strong>legum</strong></span> <span class='ocrx_word' id='word_1_258' title='bbox 513 2281 998 2351; x_wconf 87' lang='lat' dir='ltr'><strong>observationem,</strong></span> <span class='ocrx_word' id='word_1_259' title='bbox 1047 2283 1275 2339; x_wconf 87' lang='lat' dir='ltr'><strong>cunctis</strong></span> <span class='ocrx_word' id='word_1_260' title='bbox 1338 2283 1610 2356; x_wconf 87' lang='lat' dir='ltr'><strong>placeret.</strong></span> <span class='ocrx_word' id='word_1_261' title='bbox 1657 2283 1717 2340; x_wconf 90' lang='lat' dir='ltr'><strong>Si</strong></span> <span class='ocrx_word' id='word_1_262' title='bbox 1767 2284 1905 2356; x_wconf 88' lang='lat' dir='ltr'><strong>quid</strong></span> 
     </span>
    </p>
   </div>
   <div class='ocr_carea' id='block_1_36' title="bbox 243 2371 1906 2444">
    <p class='ocr_par' dir='ltr' id='par_1_36' title="bbox 243 2371 1906 2444">
     <span class='ocr_line' id='line_1_36' title="bbox 243 2371 1906 2444; baseline -0.001 -15"><span class='ocrx_word' id='word_1_263' title='bbox 243 2390 389 2429; x_wconf 86' lang='lat' dir='ltr'><strong>vero</strong></span> <span class='ocrx_word' id='word_1_264' title='bbox 421 2371 534 2427; x_wconf 87' lang='lat' dir='ltr'><strong>tale</strong></span> <span class='ocrx_word' id='word_1_265' title='bbox 583 2376 756 2440; x_wconf 87' lang='lat' dir='ltr'><strong>esset,</strong></span> <span class='ocrx_word' id='word_1_266' title='bbox 805 2372 959 2443; x_wconf 90' lang='lat' dir='ltr'><strong>quod</strong></span> <span class='ocrx_word' id='word_1_267' title='bbox 1013 2371 1170 2444; x_wconf 88' lang='lat' dir='ltr'><strong>leges</strong></span> <span class='ocrx_word' id='word_1_268' title='bbox 1210 2373 1521 2428; x_wconf 70' lang='lat' dir='ltr'><strong>mundanae</strong></span> <span class='ocrx_word' id='word_1_269' title='bbox 1553 2373 1660 2432; x_wconf 88' lang='lat' dir='ltr'><strong>hoc</strong></span> <span class='ocrx_word' id='word_1_270' title='bbox 1690 2372 1749 2431; x_wconf 91' lang='lat' dir='ltr'><strong>in</strong></span> <span class='ocrx_word' id='word_1_271' title='bbox 1781 2373 1906 2429; x_wconf 89' lang='lat' dir='ltr'><strong>suis</strong></span> 
     </span>
    </p>
   </div>
   <div class='ocr_carea' id='block_1_37' title="bbox 244 2460 1906 2530">
    <p class='ocr_par' dir='ltr' id='par_1_37' title="bbox 244 2460 1906 2530">
     <span class='ocr_line' id='line_1_37' title="bbox 244 2460 1906 2530; baseline 0 -14"><span class='ocrx_word' id='word_1_272' title='bbox 244 2460 704 2516; x_wconf 81' lang='lat' dir='ltr'><strong>diflinitionibus</strong></span> <span class='ocrx_word' id='word_1_273' title='bbox 723 2464 1011 2516; x_wconf 90' lang='lat' dir='ltr'><strong>statutum</strong></span> <span class='ocrx_word' id='word_1_274' title='bbox 1028 2478 1142 2516; x_wconf 90' lang='lat' dir='ltr'><strong>non</strong></span> <span class='ocrx_word' id='word_1_275' title='bbox 1157 2461 1566 2530; x_wconf 81' lang='lat' dir='ltr'><strong>haberent,aut</strong></span> <span class='ocrx_word' id='word_1_276' title='bbox 1581 2462 1906 2517; x_wconf 89' lang='lat' dir='ltr'><strong>secundum</strong></span> 
     </span>
    </p>
   </div>
   <div class='ocr_carea' id='block_1_38' title="bbox 249 2549 1902 2623">
    <p class='ocr_par' dir='ltr' id='par_1_38' title="bbox 249 2549 1902 2623">
     <span class='ocr_line' id='line_1_38' title="bbox 249 2549 1902 2623; baseline 0 -18"><span class='ocrx_word' id='word_1_277' title='bbox 249 2549 569 2623; x_wconf 82' lang='lat' dir='ltr'><strong>gentilium</strong></span> <span class='ocrx_word' id='word_1_278' title='bbox 589 2549 1073 2606; x_wconf 89' lang='lat' dir='ltr'><strong>consuetudinem</strong></span> <span class='ocrx_word' id='word_1_279' title='bbox 1098 2550 1394 2605; x_wconf 88' lang='lat' dir='ltr'><strong>crudelius</strong></span> <span class='ocrx_word' id='word_1_280' title='bbox 1417 2550 1707 2605; x_wconf 88' lang='lat' dir='ltr'><strong>sancitum</strong></span> <span class='ocrx_word' id='word_1_281' title='bbox 1729 2556 1902 2618; x_wconf 86' lang='lat' dir='ltr'><strong>esset,</strong></span> 
     </span>
    </p>
   </div>
   <div class='ocr_carea' id='block_1_39' title="bbox 248 2638 1904 2711">
    <p class='ocr_par' dir='ltr' id='par_1_39' title="bbox 248 2638 1904 2711">
     <span class='ocr_line' id='line_1_39' title="bbox 248 2638 1904 2711; baseline 0 -17"><span class='ocrx_word' id='word_1_282' title='bbox 248 2657 436 2711; x_wconf 84' lang='lat' dir='ltr'><strong>quam</strong></span> <span class='ocrx_word' id='word_1_283' title='bbox 458 2639 911 2695; x_wconf 81' lang='lat' dir='ltr'><strong>Christianitatis</strong></span> <span class='ocrx_word' id='word_1_284' title='bbox 935 2639 1241 2705; x_wconf 85' lang='lat' dir='ltr'><strong>rectitudo,</strong></span> <span class='ocrx_word' id='word_1_285' title='bbox 1257 2638 1340 2694; x_wconf 89' lang='lat' dir='ltr'><strong>vel</strong></span> <span class='ocrx_word' id='word_1_286' title='bbox 1369 2643 1570 2693; x_wconf 84' lang='lat' dir='ltr'><strong>sancta</strong></span> <span class='ocrx_word' id='word_1_287' title='bbox 1587 2640 1904 2694; x_wconf 89' lang='lat' dir='ltr'><strong>auctoritas</strong></span> 
     </span>
    </p>
   </div>
   <div class='ocr_carea' id='block_1_40' title="bbox 193 2728 1901 2799">
    <p class='ocr_par' dir='ltr' id='par_1_40' title="bbox 193 2728 1901 2799">
     <span class='ocr_line' id='line_1_40' title="bbox 193 2728 1901 2799; baseline -0.001 -16"><span class='ocrx_word' id='word_1_288' title='bbox 193 2753 196 2755; x_wconf 94' lang='grc'><strong>·</strong></span> <span class='ocrx_word' id='word_1_289' title='bbox 244 2729 461 2784; x_wconf 86' lang='lat' dir='ltr'><strong>merito</strong></span> <span class='ocrx_word' id='word_1_290' title='bbox 491 2745 602 2784; x_wconf 91' lang='lat' dir='ltr'><strong>non</strong></span> <span class='ocrx_word' id='word_1_291' title='bbox 636 2729 1133 2795; x_wconf 84' lang='lat' dir='ltr'><strong>consentiret,hoe</strong></span> <span class='ocrx_word' id='word_1_292' title='bbox 1155 2728 1227 2782; x_wconf 90' lang='lat' dir='ltr'><strong>ad</strong></span> <span class='ocrx_word' id='word_1_293' title='bbox 1262 2728 1413 2799; x_wconf 78' lang='lat' dir='ltr'><strong>regis</strong></span> <span class='ocrx_word' id='word_1_294' title='bbox 1447 2728 1901 2782; x_wconf 84' lang='lat' dir='ltr'><strong>moderationem</strong></span> 
     </span>
    </p>
   </div>
   <div class='ocr_carea' id='block_1_41' title="bbox 241 2814 1902 2888">
    <p class='ocr_par' dir='ltr' id='par_1_41' title="bbox 241 2814 1902 2888">
     <span class='ocr_line' id='line_1_41' title="bbox 241 2814 1902 2888; baseline -0.001 -16"><span class='ocrx_word' id='word_1_295' title='bbox 241 2819 690 2888; x_wconf 84' lang='lat' dir='ltr'><strong>perduceretur,</strong></span> <span class='ocrx_word' id='word_1_296' title='bbox 711 2821 777 2872; x_wconf 91' lang='lat' dir='ltr'><strong>ut</strong></span> <span class='ocrx_word' id='word_1_297' title='bbox 805 2817 932 2888; x_wconf 89' lang='lat' dir='ltr'><strong>ipse</strong></span> <span class='ocrx_word' id='word_1_298' title='bbox 960 2834 1096 2872; x_wconf 90' lang='lat' dir='ltr'><strong>cum</strong></span> <span class='ocrx_word' id='word_1_299' title='bbox 1129 2817 1220 2872; x_wconf 90' lang='lat' dir='ltr'><strong>his</strong></span> <span class='ocrx_word' id='word_1_300' title='bbox 1252 2816 1351 2888; x_wconf 88' lang='lat' dir='ltr'><strong>qui</strong></span> <span class='ocrx_word' id='word_1_301' title='bbox 1384 2821 1694 2887; x_wconf 89' lang='lat' dir='ltr'><strong>utramque</strong></span> <span class='ocrx_word' id='word_1_302' title='bbox 1717 2814 1902 2887; x_wconf 84' lang='lat' dir='ltr'><strong>legem</strong></span> 
     </span>
    </p>
   </div>
   <div class='ocr_carea' id='block_1_42' title="bbox 244 2903 1902 2978">
    <p class='ocr_par' dir='ltr' id='par_1_42' title="bbox 244 2903 1902 2978">
     <span class='ocr_line' id='line_1_42' title="bbox 244 2903 1902 2978; baseline -0.001 -17"><span class='ocrx_word' id='word_1_303' title='bbox 244 2909 517 2978; x_wconf 87' lang='lat' dir='ltr'><strong>nossent,</strong></span> <span class='ocrx_word' id='word_1_304' title='bbox 548 2909 605 2962; x_wconf 89' lang='lat' dir='ltr'><strong>et</strong></span> <span class='ocrx_word' id='word_1_305' title='bbox 634 2905 736 2961; x_wconf 91' lang='lat' dir='ltr'><strong>Dei</strong></span> <span class='ocrx_word' id='word_1_306' title='bbox 779 2905 968 2977; x_wconf 88' lang='lat' dir='ltr'><strong>magis</strong></span> <span class='ocrx_word' id='word_1_307' title='bbox 1017 2921 1196 2977; x_wconf 89' lang='lat' dir='ltr'><strong>quam</strong></span> <span class='ocrx_word' id='word_1_308' title='bbox 1253 2905 1644 2961; x_wconf 87' lang='lat' dir='ltr'><strong>humanarum</strong></span> <span class='ocrx_word' id='word_1_309' title='bbox 1704 2903 1902 2976; x_wconf 90' lang='lat' dir='ltr'><strong>legum</strong></span> 
     </span>
    </p>
   </div>
   <div class='ocr_carea' id='block_1_43' title="bbox 249 2993 1903 3062">
    <p class='ocr_par' dir='ltr' id='par_1_43' title="bbox 249 2993 1903 3062">
     <span class='ocr_line' id='line_1_43' title="bbox 249 2993 1903 3062; baseline -0.002 -10"><span class='ocrx_word' id='word_1_310' title='bbox 249 2999 476 3052; x_wconf 87' lang='lat' dir='ltr'><strong>statuta</strong></span> <span class='ocrx_word' id='word_1_311' title='bbox 504 2998 846 3062; x_wconf 90' lang='lat' dir='ltr'><strong>metuerent,</strong></span> <span class='ocrx_word' id='word_1_312' title='bbox 881 2994 962 3050; x_wconf 89' lang='lat' dir='ltr'><strong>ita</strong></span> <span class='ocrx_word' id='word_1_313' title='bbox 1002 2995 1357 3061; x_wconf 91' lang='lat' dir='ltr'><strong>decerneret,</strong></span> <span class='ocrx_word' id='word_1_314' title='bbox 1391 2993 1472 3048; x_wconf 89' lang='lat' dir='ltr'><strong>ita</strong></span> <span class='ocrx_word' id='word_1_315' title='bbox 1501 2996 1804 3062; x_wconf 88' lang='lat' dir='ltr'><strong>statueret,</strong></span> <span class='ocrx_word' id='word_1_316' title='bbox 1836 2997 1903 3050; x_wconf 91' lang='lat' dir='ltr'><strong>ut</strong></span> 
     </span>
    </p>
   </div>
   <div class='ocr_carea' id='block_1_44' title="bbox 250 3082 1898 3155">
    <p class='ocr_par' dir='ltr' id='par_1_44' title="bbox 250 3082 1898 3155">
     <span class='ocr_line' id='line_1_44' title="bbox 250 3082 1898 3155; baseline 0 -17"><span class='ocrx_word' id='word_1_317' title='bbox 250 3084 352 3139; x_wconf 90' lang='lat' dir='ltr'><strong>ubi</strong></span> <span class='ocrx_word' id='word_1_318' title='bbox 382 3087 693 3154; x_wconf 90' lang='lat' dir='ltr'><strong>utrumque</strong></span> <span class='ocrx_word' id='word_1_319' title='bbox 715 3082 930 3140; x_wconf 89' lang='lat' dir='ltr'><strong>servari</strong></span> <span class='ocrx_word' id='word_1_320' title='bbox 962 3086 1178 3154; x_wconf 90' lang='lat' dir='ltr'><strong>posset,</strong></span> <span class='ocrx_word' id='word_1_321' title='bbox 1205 3086 1521 3155; x_wconf 89' lang='lat' dir='ltr'><strong>utrumque</strong></span> <span class='ocrx_word' id='word_1_322' title='bbox 1543 3086 1898 3138; x_wconf 87' lang='lat' dir='ltr'><strong>servaretur:</strong></span> 
     </span>
    </p>
   </div>
   <div class='ocr_carea' id='block_1_45' title="bbox 246 3171 1903 3244">
    <p class='ocr_par' dir='ltr' id='par_1_45' title="bbox 246 3171 1903 3244">
     <span class='ocr_line' id='line_1_45' title="bbox 246 3171 1903 3244; baseline -0.002 -15"><span class='ocrx_word' id='word_1_323' title='bbox 246 3173 343 3229; x_wconf 89' lang='lat' dir='ltr'><strong>sin</strong></span> <span class='ocrx_word' id='word_1_324' title='bbox 367 3176 587 3239; x_wconf 90' lang='lat' dir='ltr'><strong>autem,</strong></span> <span class='ocrx_word' id='word_1_325' title='bbox 619 3171 710 3229; x_wconf 90' lang='lat' dir='ltr'><strong>lex</strong></span> <span class='ocrx_word' id='word_1_326' title='bbox 739 3171 936 3229; x_wconf 67' lang='lat' dir='ltr'><strong>saeculi</strong></span> <span class='ocrx_word' id='word_1_327' title='bbox 967 3171 1175 3228; x_wconf 91' lang='lat' dir='ltr'><strong>merito</strong></span> <span class='ocrx_word' id='word_1_328' title='bbox 1209 3173 1712 3244; x_wconf 88' lang='lat' dir='ltr'><strong>comprimeretur,</strong></span> <span class='ocrx_word' id='word_1_329' title='bbox 1729 3171 1903 3242; x_wconf 90' lang='lat' dir='ltr'><strong>justi-</strong></span> 
     </span>
    </p>
   </div>
   <div class='ocr_carea' id='block_1_46' title="bbox 244 3259 956 3316">
    <p class='ocr_par' dir='ltr' id='par_1_46' title="bbox 244 3259 956 3316">
     <span class='ocr_line' id='line_1_46' title="bbox 244 3259 956 3316; baseline -0.003 0"><span class='ocrx_word' id='word_1_330' title='bbox 244 3259 333 3316; x_wconf 89' lang='lat' dir='ltr'><strong>tia</strong></span> <span class='ocrx_word' id='word_1_331' title='bbox 363 3259 464 3316; x_wconf 88' lang='lat' dir='ltr'><strong>Dei</strong></span> <span class='ocrx_word' id='word_1_332' title='bbox 496 3266 956 3316; x_wconf 86' lang='lat' dir='ltr'><strong>conservaretur.</strong></span> 
     </span>
    </p>
   </div>
   <div class='ocr_carea' id='block_1_47' title="bbox 317 3346 1894 3420">
    <p class='ocr_par' dir='ltr' id='par_1_47' title="bbox 317 3346 1894 3420">
     <span class='ocr_line' id='line_1_47' title="bbox 317 3346 1894 3420; baseline -0.001 -15"><span class='ocrx_word' id='word_1_333' title='bbox 317 3349 456 3406; x_wconf 77' lang='lat' dir='ltr'><strong>CAP.</strong></span> <span class='ocrx_word' id='word_1_334' title='bbox 481 3348 644 3404; x_wconf 81' lang='lat' dir='ltr'><strong>XXII.</strong></span> <span class='ocrx_word' id='word_1_335' title='bbox 670 3348 749 3404; x_wconf 90' lang='lat' dir='ltr'><strong>De</strong></span> <span class='ocrx_word' id='word_1_336' title='bbox 770 3347 1072 3405; x_wconf 84' lang='lat' dir='ltr'><strong>honestate</strong></span> <span class='ocrx_word' id='word_1_337' title='bbox 1110 3364 1244 3404; x_wconf 91' lang='lat' dir='ltr'><strong>vero</strong></span> <span class='ocrx_word' id='word_1_338' title='bbox 1284 3346 1506 3420; x_wconf 88' lang='lat' dir='ltr'><strong>palatii,</strong></span> <span class='ocrx_word' id='word_1_339' title='bbox 1542 3366 1642 3405; x_wconf 89' lang='lat' dir='ltr'><strong>seu</strong></span> <span class='ocrx_word' id='word_1_340' title='bbox 1675 3347 1894 3420; x_wconf 86' lang='lat' dir='ltr'><strong>specia-</strong></span> 
     </span>
    </p>
   </div>
   <div class='ocr_carea' id='block_1_48' title="bbox 238 3435 1897 3510">
    <p class='ocr_par' dir='ltr' id='par_1_48' title="bbox 238 3435 1897 3510">
     <span class='ocr_line' id='line_1_48' title="bbox 238 3435 1897 3510; baseline -0.002 -15"><span class='ocrx_word' id='word_1_341' title='bbox 238 3439 380 3496; x_wconf 89' lang='lat' dir='ltr'><strong>liter</strong></span> <span class='ocrx_word' id='word_1_342' title='bbox 412 3440 754 3494; x_wconf 89' lang='lat' dir='ltr'><strong>ornamento</strong></span> <span class='ocrx_word' id='word_1_343' title='bbox 803 3436 1004 3510; x_wconf 89' lang='lat' dir='ltr'><strong>regali,</strong></span> <span class='ocrx_word' id='word_1_344' title='bbox 1038 3453 1262 3494; x_wconf 91' lang='lat' dir='ltr'><strong>necnon</strong></span> <span class='ocrx_word' id='word_1_345' title='bbox 1295 3441 1353 3492; x_wconf 92' lang='lat' dir='ltr'><strong>et</strong></span> <span class='ocrx_word' id='word_1_346' title='bbox 1383 3437 1454 3492; x_wconf 90' lang='lat' dir='ltr'><strong>de</strong></span> <span class='ocrx_word' id='word_1_347' title='bbox 1485 3435 1654 3492; x_wconf 91' lang='lat' dir='ltr'><strong>donis</strong></span> <span class='ocrx_word' id='word_1_348' title='bbox 1685 3437 1897 3492; x_wconf 87' lang='lat' dir='ltr'><strong>annuis</strong></span> 
     </span>
    </p>
   </div>
   <div class='ocr_carea' id='block_1_49' title="bbox 241 3524 1897 3598">
    <p class='ocr_par' dir='ltr' id='par_1_49' title="bbox 241 3524 1897 3598">
     <span class='ocr_line' id='line_1_49' title="bbox 241 3524 1897 3598; baseline -0.001 -15"><span class='ocrx_word' id='word_1_349' title='bbox 241 3526 526 3594; x_wconf 90' lang='lat' dir='ltr'><strong>militum,</strong></span> <span class='ocrx_word' id='word_1_350' title='bbox 553 3526 772 3598; x_wconf 88' lang='lat' dir='ltr'><strong>absque</strong></span> <span class='ocrx_word' id='word_1_351' title='bbox 792 3526 922 3582; x_wconf 86' lang='lat' dir='ltr'><strong>cibo</strong></span> <span class='ocrx_word' id='word_1_352' title='bbox 944 3530 1002 3583; x_wconf 89' lang='lat' dir='ltr'><strong>et</strong></span> <span class='ocrx_word' id='word_1_353' title='bbox 1023 3531 1188 3598; x_wconf 89' lang='lat' dir='ltr'><strong>potu,</strong></span> <span class='ocrx_word' id='word_1_354' title='bbox 1210 3525 1297 3581; x_wconf 91' lang='lat' dir='ltr'><strong>vel</strong></span> <span class='ocrx_word' id='word_1_355' title='bbox 1321 3524 1509 3597; x_wconf 87' lang='lat' dir='ltr'><strong>equis,</strong></span> <span class='ocrx_word' id='word_1_356' title='bbox 1533 3526 1605 3580; x_wconf 87' lang='lat' dir='ltr'><strong>ad</strong></span> <span class='ocrx_word' id='word_1_357' title='bbox 1634 3524 1897 3598; x_wconf 83' lang='lat' dir='ltr'><strong>reginam</strong></span> 
     </span>
    </p>
   </div>
   <div class='ocr_carea' id='block_1_50' title="bbox 237 3614 1896 3690">
    <p class='ocr_par' dir='ltr' id='par_1_50' title="bbox 237 3614 1896 3690">
     <span class='ocr_line' id='line_1_50' title="bbox 237 3614 1896 3690; baseline 0.001 -19"><span class='ocrx_word' id='word_1_358' title='bbox 237 3615 558 3690; x_wconf 66' lang='lat' dir='ltr'><strong>praecipue,</strong></span> <span class='ocrx_word' id='word_1_359' title='bbox 583 3619 640 3670; x_wconf 89' lang='lat' dir='ltr'><strong>et</strong></span> <span class='ocrx_word' id='word_1_360' title='bbox 675 3615 784 3672; x_wconf 90' lang='lat' dir='ltr'><strong>sub</strong></span> <span class='ocrx_word' id='word_1_361' title='bbox 826 3615 956 3686; x_wconf 89' lang='lat' dir='ltr'><strong>ipsa</strong></span> <span class='ocrx_word' id='word_1_362' title='bbox 995 3616 1068 3670; x_wconf 90' lang='lat' dir='ltr'><strong>ad</strong></span> <span class='ocrx_word' id='word_1_363' title='bbox 1101 3615 1489 3670; x_wconf 86' lang='lat' dir='ltr'><strong>camerarium</strong></span> <span class='ocrx_word' id='word_1_364' title='bbox 1521 3614 1849 3686; x_wconf 87' lang='lat' dir='ltr'><strong>pertinebat</strong></span> <span class='ocrx_word' id='word_1_365' title='bbox 1882 3631 1896 3672; x_wconf 90' lang='lat'><strong>:</strong></span> 
     </span>
    </p>
   </div>
   <div class='ocr_carea' id='block_1_51' title="bbox 238 3702 1899 3776">
    <p class='ocr_par' dir='ltr' id='par_1_51' title="bbox 238 3702 1899 3776">
     <span class='ocr_line' id='line_1_51' title="bbox 238 3702 1899 3776; baseline -0.002 -16"><span class='ocrx_word' id='word_1_366' title='bbox 238 3710 300 3760; x_wconf 89' lang='lat' dir='ltr'><strong>et</strong></span> <span class='ocrx_word' id='word_1_367' title='bbox 321 3704 652 3762; x_wconf 89' lang='lat' dir='ltr'><strong>secundum</strong></span> <span class='ocrx_word' id='word_1_368' title='bbox 674 3705 964 3776; x_wconf 86' lang='lat' dir='ltr'><strong>cujusque</strong></span> <span class='ocrx_word' id='word_1_369' title='bbox 986 3705 1066 3760; x_wconf 91' lang='lat' dir='ltr'><strong>rei</strong></span> <span class='ocrx_word' id='word_1_370' title='bbox 1090 3703 1726 3775; x_wconf 90' lang='lat' dir='ltr'><strong>qualitatem,ipsorum</strong></span> <span class='ocrx_word' id='word_1_371' title='bbox 1744 3702 1899 3759; x_wconf 91' lang='lat' dir='ltr'><strong>solli-</strong></span> 
     </span>
    </p>
   </div>
   <div class='ocr_carea' id='block_1_52' title="bbox 239 3792 1900 3866">
    <p class='ocr_par' dir='ltr' id='par_1_52' title="bbox 239 3792 1900 3866">
     <span class='ocr_line' id='line_1_52' title="bbox 239 3792 1900 3866; baseline -0.001 -17"><span class='ocrx_word' id='word_1_372' title='bbox 239 3794 445 3850; x_wconf 89' lang='lat' dir='ltr'><strong>citudo</strong></span> <span class='ocrx_word' id='word_1_373' title='bbox 468 3798 614 3862; x_wconf 90' lang='lat' dir='ltr'><strong>erat,</strong></span> <span class='ocrx_word' id='word_1_374' title='bbox 639 3798 706 3849; x_wconf 91' lang='lat' dir='ltr'><strong>ut</strong></span> <span class='ocrx_word' id='word_1_375' title='bbox 725 3797 988 3866; x_wconf 90' lang='lat' dir='ltr'><strong>tempore</strong></span> <span class='ocrx_word' id='word_1_376' title='bbox 1018 3810 1276 3866; x_wconf 88' lang='lat' dir='ltr'><strong>congruo</strong></span> <span class='ocrx_word' id='word_1_377' title='bbox 1303 3809 1534 3864; x_wconf 89' lang='lat' dir='ltr'><strong>semper</strong></span> <span class='ocrx_word' id='word_1_378' title='bbox 1556 3792 1753 3848; x_wconf 88' lang='lat' dir='ltr'><strong>futura</strong></span> <span class='ocrx_word' id='word_1_379' title='bbox 1773 3809 1900 3864; x_wconf 89' lang='lat' dir='ltr'><strong>pro-</strong></span> 
     </span>
    </p>
   </div>
   <div class='ocr_carea' id='block_1_53' title="bbox 240 3880 1897 3955">
    <p class='ocr_par' dir='ltr' id='par_1_53' title="bbox 240 3880 1897 3955">
     <span class='ocr_line' id='line_1_53' title="bbox 240 3880 1897 3955; baseline -0.001 -18"><span class='ocrx_word' id='word_1_380' title='bbox 240 3883 639 3955; x_wconf 82' lang='lat' dir='ltr'><strong>spicerent,ne</strong></span> <span class='ocrx_word' id='word_1_381' title='bbox 651 3883 792 3954; x_wconf 92' lang='lat' dir='ltr'><strong>quid</strong></span> <span class='ocrx_word' id='word_1_382' title='bbox 809 3883 950 3938; x_wconf 89' lang='lat' dir='ltr'><strong>dum</strong></span> <span class='ocrx_word' id='word_1_383' title='bbox 970 3900 1119 3955; x_wconf 93' lang='lat' dir='ltr'><strong>opus</strong></span> <span class='ocrx_word' id='word_1_384' title='bbox 1134 3886 1291 3938; x_wconf 90' lang='lat' dir='ltr'><strong>esset</strong></span> <span class='ocrx_word' id='word_1_385' title='bbox 1312 3880 1604 3937; x_wconf 90' lang='lat' dir='ltr'><strong>ullatenus</strong></span> <span class='ocrx_word' id='word_1_386' title='bbox 1621 3885 1897 3952; x_wconf 91' lang='lat' dir='ltr'><strong>opportu-</strong></span> 
     </span>
    </p>
   </div>
   <div class='ocr_carea' id='block_1_54' title="bbox 241 3970 1900 4044">
    <p class='ocr_par' dir='ltr' id='par_1_54' title="bbox 241 3970 1900 4044">
     <span class='ocr_line' id='line_1_54' title="bbox 241 3970 1900 4044; baseline -0.001 -17"><span class='ocrx_word' id='word_1_387' title='bbox 241 3990 319 4027; x_wconf 92' lang='lat' dir='ltr'><strong>no</strong></span> <span class='ocrx_word' id='word_1_388' title='bbox 351 3978 616 4044; x_wconf 88' lang='lat' dir='ltr'><strong>tempore</strong></span> <span class='ocrx_word' id='word_1_389' title='bbox 647 3971 1046 4028; x_wconf 89' lang='lat' dir='ltr'><strong>defuisset.De</strong></span> <span class='ocrx_word' id='word_1_390' title='bbox 1077 3971 1248 4028; x_wconf 91' lang='lat' dir='ltr'><strong>donis</strong></span> <span class='ocrx_word' id='word_1_391' title='bbox 1277 3987 1409 4026; x_wconf 92' lang='lat' dir='ltr'><strong>vero</strong></span> <span class='ocrx_word' id='word_1_392' title='bbox 1441 3970 1803 4025; x_wconf 90' lang='lat' dir='ltr'><strong>diversarum</strong></span> <span class='ocrx_word' id='word_1_393' title='bbox 1824 3970 1900 4026; x_wconf 90' lang='lat' dir='ltr'><strong>le-</strong></span> 
     </span>
    </p>
   </div>
   <div class='ocr_carea' id='block_1_55' title="bbox 241 4058 1899 4134">
    <p class='ocr_par' dir='ltr' id='par_1_55' title="bbox 241 4058 1899 4134">
     <span class='ocr_line' id='line_1_55' title="bbox 241 4058 1899 4134; baseline -0.002 -17"><span class='ocrx_word' id='word_1_394' title='bbox 241 4061 577 4134; x_wconf 85' lang='lat' dir='ltr'><strong>gationum,</strong></span> <span class='ocrx_word' id='word_1_395' title='bbox 635 4061 706 4117; x_wconf 92' lang='lat' dir='ltr'><strong>ad</strong></span> <span class='ocrx_word' id='word_1_396' title='bbox 759 4060 1148 4118; x_wconf 86' lang='lat' dir='ltr'><strong>camerarium</strong></span> <span class='ocrx_word' id='word_1_397' title='bbox 1196 4059 1563 4132; x_wconf 88' lang='lat' dir='ltr'><strong>aspiciebat:</strong></span> <span class='ocrx_word' id='word_1_398' title='bbox 1598 4058 1711 4113; x_wconf 86' lang='lat' dir='ltr'><strong>nisi</strong></span> <span class='ocrx_word' id='word_1_399' title='bbox 1753 4058 1899 4114; x_wconf 89' lang='lat' dir='ltr'><strong>forte</strong></span> 
     </span>
    </p>
   </div>
   <div class='ocr_carea' id='block_1_56' title="bbox 232 4146 1897 4222">
    <p class='ocr_par' dir='ltr' id='par_1_56' title="bbox 232 4146 1897 4222">
     <span class='ocr_line' id='line_1_56' title="bbox 232 4146 1897 4222; baseline -0.001 -17"><span class='ocrx_word' id='word_1_400' title='bbox 232 4150 488 4220; x_wconf 85' lang='lat' dir='ltr'><strong>jubente</strong></span> <span class='ocrx_word' id='word_1_401' title='bbox 509 4166 641 4222; x_wconf 90' lang='lat' dir='ltr'><strong>rege</strong></span> <span class='ocrx_word' id='word_1_402' title='bbox 662 4149 775 4206; x_wconf 88' lang='lat' dir='ltr'><strong>tale</strong></span> <span class='ocrx_word' id='word_1_403' title='bbox 811 4149 1034 4222; x_wconf 87' lang='lat' dir='ltr'><strong>aliquid</strong></span> <span class='ocrx_word' id='word_1_404' title='bbox 1067 4153 1242 4216; x_wconf 90' lang='lat' dir='ltr'><strong>esset,</strong></span> <span class='ocrx_word' id='word_1_405' title='bbox 1267 4147 1424 4220; x_wconf 90' lang='lat' dir='ltr'><strong>quod</strong></span> <span class='ocrx_word' id='word_1_406' title='bbox 1446 4146 1655 4220; x_wconf 71' lang='lat' dir='ltr'><strong>reginae</strong></span> <span class='ocrx_word' id='word_1_407' title='bbox 1679 4147 1751 4202; x_wconf 87' lang='lat' dir='ltr'><strong>ad</strong></span> <span class='ocrx_word' id='word_1_408' title='bbox 1782 4149 1897 4203; x_wconf 88' lang='lat' dir='ltr'><strong>tra-</strong></span> 
     </span>
    </p>
   </div>
   <div class='ocr_carea' id='block_1_57' title="bbox 239 4235 1900 4312">
    <p class='ocr_par' dir='ltr' id='par_1_57' title="bbox 239 4235 1900 4312">
     <span class='ocr_line' id='line_1_57' title="bbox 239 4235 1900 4312; baseline -0.002 -18"><span class='ocrx_word' id='word_1_409' title='bbox 239 4239 532 4294; x_wconf 89' lang='lat' dir='ltr'><strong>ctandum</strong></span> <span class='ocrx_word' id='word_1_410' title='bbox 555 4255 689 4294; x_wconf 91' lang='lat' dir='ltr'><strong>cum</strong></span> <span class='ocrx_word' id='word_1_411' title='bbox 711 4238 838 4312; x_wconf 88' lang='lat' dir='ltr'><strong>ipso</strong></span> <span class='ocrx_word' id='word_1_412' title='bbox 867 4242 1234 4312; x_wconf 89' lang='lat' dir='ltr'><strong>congrueret.</strong></span> <span class='ocrx_word' id='word_1_413' title='bbox 1258 4237 1388 4292; x_wconf 73' lang='lat' dir='ltr'><strong>Haec</strong></span> <span class='ocrx_word' id='word_1_414' title='bbox 1409 4240 1607 4292; x_wconf 91' lang='lat' dir='ltr'><strong>autem</strong></span> <span class='ocrx_word' id='word_1_415' title='bbox 1625 4235 1822 4291; x_wconf 88' lang='lat' dir='ltr'><strong>omnia</strong></span> <span class='ocrx_word' id='word_1_416' title='bbox 1842 4238 1900 4291; x_wconf 91' lang='lat' dir='ltr'><strong>et</strong></span> 
     </span>
    </p>
   </div>
   <div class='ocr_carea' id='block_1_58' title="bbox 238 4323 1898 4395">
    <p class='ocr_par' dir='ltr' id='par_1_58' title="bbox 238 4323 1898 4395">
     <span class='ocr_line' id='line_1_58' title="bbox 238 4323 1898 4395; baseline -0.002 -12"><span class='ocrx_word' id='word_1_417' title='bbox 238 4327 336 4384; x_wconf 88' lang='lat' dir='ltr'><strong>bis</strong></span> <span class='ocrx_word' id='word_1_418' title='bbox 358 4326 584 4383; x_wconf 88' lang='lat' dir='ltr'><strong>similia</strong></span> <span class='ocrx_word' id='word_1_419' title='bbox 612 4345 679 4384; x_wconf 91' lang='lat' dir='ltr'><strong>eo</strong></span> <span class='ocrx_word' id='word_1_420' title='bbox 711 4327 1116 4395; x_wconf 87' lang='lat' dir='ltr'><strong>intendebant,</strong></span> <span class='ocrx_word' id='word_1_421' title='bbox 1142 4330 1205 4384; x_wconf 87' lang='lat' dir='ltr'><strong>ut</strong></span> <span class='ocrx_word' id='word_1_422' title='bbox 1221 4326 1294 4381; x_wconf 87' lang='lat' dir='ltr'><strong>ab</strong></span> <span class='ocrx_word' id='word_1_423' title='bbox 1311 4323 1471 4382; x_wconf 92' lang='lat' dir='ltr'><strong>omni</strong></span> <span class='ocrx_word' id='word_1_424' title='bbox 1502 4323 1898 4381; x_wconf 89' lang='lat' dir='ltr'><strong>sollicitudine</strong></span> 
     </span>
    </p>
   </div>
   <div class='ocr_carea' id='block_1_59' title="bbox 238 4413 1900 4488">
    <p class='ocr_par' dir='ltr' id='par_1_59' title="bbox 238 4413 1900 4488">
     <span class='ocr_line' id='line_1_59' title="bbox 238 4413 1900 4488; baseline -0.002 -16"><span class='ocrx_word' id='word_1_425' title='bbox 238 4416 570 4472; x_wconf 87' lang='lat' dir='ltr'><strong>domestica</strong></span> <span class='ocrx_word' id='word_1_426' title='bbox 597 4416 683 4472; x_wconf 89' lang='lat' dir='ltr'><strong>vel</strong></span> <span class='ocrx_word' id='word_1_427' title='bbox 714 4414 1060 4488; x_wconf 90' lang='lat' dir='ltr'><strong>palatina,in</strong></span> <span class='ocrx_word' id='word_1_428' title='bbox 1082 4420 1369 4487; x_wconf 90' lang='lat' dir='ltr'><strong>quantum</strong></span> <span class='ocrx_word' id='word_1_429' title='bbox 1401 4413 1828 4470; x_wconf 86' lang='lat' dir='ltr'><strong>rationabiliter</strong></span> <span class='ocrx_word' id='word_1_430' title='bbox 1841 4417 1900 4469; x_wconf 90' lang='lat' dir='ltr'><strong>et</strong></span> 
     </span>
    </p>
   </div>
   <div class='ocr_carea' id='block_1_60' title="bbox 237 4503 1897 4578">
    <p class='ocr_par' dir='ltr' id='par_1_60' title="bbox 237 4503 1897 4578">
     <span class='ocr_line' id='line_1_60' title="bbox 237 4503 1897 4578; baseline -0.001 -16"><span class='ocrx_word' id='word_1_431' title='bbox 237 4508 495 4562; x_wconf 88' lang='lat' dir='ltr'><strong>honeste</strong></span> <span class='ocrx_word' id='word_1_432' title='bbox 525 4521 653 4562; x_wconf 89' lang='lat' dir='ltr'><strong>esse</strong></span> <span class='ocrx_word' id='word_1_433' title='bbox 682 4509 927 4578; x_wconf 89' lang='lat' dir='ltr'><strong>poterat,</strong></span> <span class='ocrx_word' id='word_1_434' title='bbox 950 4506 1206 4561; x_wconf 91' lang='lat' dir='ltr'><strong>domnus</strong></span> <span class='ocrx_word' id='word_1_435' title='bbox 1237 4521 1334 4560; x_wconf 84' lang='lat' dir='ltr'><strong>rex</strong></span> <span class='ocrx_word' id='word_1_436' title='bbox 1363 4503 1749 4575; x_wconf 89' lang='lat' dir='ltr'><strong>omnipotenti</strong></span> <span class='ocrx_word' id='word_1_437' title='bbox 1781 4503 1897 4560; x_wconf 91' lang='lat' dir='ltr'><strong>Deo</strong></span> 
     </span>
    </p>
   </div>
   <div class='ocr_carea' id='block_1_61' title="bbox 234 4592 1975 4692">
    <p class='ocr_par' dir='ltr' id='par_1_61' title="bbox 234 4592 1975 4692">
     <span class='ocr_line' id='line_1_61' title="bbox 234 4592 1975 4692; baseline -0.003 -40"><span class='ocrx_word' id='word_1_438' title='bbox 234 4612 409 4669; x_wconf 87' lang='lat' dir='ltr'><strong>spem</strong></span> <span class='ocrx_word' id='word_1_439' title='bbox 434 4611 606 4650; x_wconf 90' lang='lat' dir='ltr'><strong>suam</strong></span> <span class='ocrx_word' id='word_1_440' title='bbox 635 4594 1033 4652; x_wconf 86' lang='lat' dir='ltr'><strong>indesinenter</strong></span> <span class='ocrx_word' id='word_1_441' title='bbox 1047 4593 1520 4661; x_wconf 89' lang='lat' dir='ltr'><strong>committens,ad</strong></span> <span class='ocrx_word' id='word_1_442' title='bbox 1538 4593 1717 4648; x_wconf 91' lang='lat' dir='ltr'><strong>totius</strong></span> <span class='ocrx_word' id='word_1_443' title='bbox 1733 4592 1896 4666; x_wconf 90' lang='lat' dir='ltr'><strong>regni</strong></span> <span class='ocrx_word' id='word_1_444' title='bbox 1928 4627 1975 4692; x_wconf 72' lang='grc' dir='ltr'><strong>Β</strong></span> 
     </span>
    </p>
   </div>
   <div class='ocr_carea' id='block_1_62' title="bbox 235 4681 1901 4741">
    <p class='ocr_par' dir='ltr' id='par_1_62' title="bbox 235 4681 1901 4741">
     <span class='ocr_line' id='line_1_62' title="bbox 235 4681 1901 4741; baseline -0.002 0"><span class='ocrx_word' id='word_1_445' title='bbox 235 4688 467 4741; x_wconf 85' lang='lat' dir='ltr'><strong>statum</strong></span> <span class='ocrx_word' id='word_1_446' title='bbox 481 4683 875 4740; x_wconf 88' lang='lat' dir='ltr'><strong>ordinandum</strong></span> <span class='ocrx_word' id='word_1_447' title='bbox 888 4682 976 4740; x_wconf 90' lang='lat' dir='ltr'><strong>vel</strong></span> <span class='ocrx_word' id='word_1_448' title='bbox 988 4683 1346 4740; x_wconf 88' lang='lat' dir='ltr'><strong>conservand</strong></span> <span class='ocrx_word' id='word_1_449' title='bbox 1357 4699 1453 4738; x_wconf 90' lang='lat' dir='ltr'><strong>um</strong></span> <span class='ocrx_word' id='word_1_450' title='bbox 1476 4681 1739 4738; x_wconf 90' lang='lat' dir='ltr'><strong>animum</strong></span> <span class='ocrx_word' id='word_1_451' title='bbox 1753 4698 1901 4738; x_wconf 90' lang='lat' dir='ltr'><strong>sem-</strong></span> 
     </span>
    </p>
   </div>
   <div class='ocr_carea' id='block_1_63' title="bbox 235 4773 1218 4845">
    <p class='ocr_par' dir='ltr' id='par_1_63' title="bbox 235 4773 1218 4845">
     <span class='ocr_line' id='line_1_63' title="bbox 235 4773 1218 4845; baseline -0.001 -16"><span class='ocrx_word' id='word_1_452' title='bbox 235 4790 345 4845; x_wconf 87' lang='lat' dir='ltr'><strong>per</strong></span> <span class='ocrx_word' id='word_1_453' title='bbox 370 4789 554 4829; x_wconf 88' lang='lat' dir='ltr'><strong>suum</strong></span> <span class='ocrx_word' id='word_1_454' title='bbox 586 4777 924 4845; x_wconf 90' lang='lat' dir='ltr'><strong>promptum</strong></span> <span class='ocrx_word' id='word_1_455' title='bbox 955 4773 1218 4830; x_wconf 89' lang='lat' dir='ltr'><strong>haberet.</strong></span> 
     </span>
    </p>
   </div>
   <div class='ocr_carea' id='block_1_64' title="bbox 310 4859 1897 4929">
    <p class='ocr_par' dir='ltr' id='par_1_64' title="bbox 310 4859 1897 4929">
     <span class='ocr_line' id='line_1_64' title="bbox 310 4859 1897 4929; baseline -0.001 -11"><span class='ocrx_word' id='word_1_456' title='bbox 310 4865 450 4918; x_wconf 78' lang='lat' dir='ltr'><strong>CAP.</strong></span> <span class='ocrx_word' id='word_1_457' title='bbox 482 4861 678 4918; x_wconf 84' lang='lat' dir='ltr'><strong>XXIII.</strong></span> <span class='ocrx_word' id='word_1_458' title='bbox 708 4862 796 4918; x_wconf 89' lang='lat' dir='ltr'><strong>Ad</strong></span> <span class='ocrx_word' id='word_1_459' title='bbox 844 4865 962 4918; x_wconf 89' lang='lat' dir='ltr'><strong>tres</strong></span> <span class='ocrx_word' id='word_1_460' title='bbox 1021 4864 1217 4918; x_wconf 90' lang='lat' dir='ltr'><strong>autem</strong></span> <span class='ocrx_word' id='word_1_461' title='bbox 1277 4859 1897 4929; x_wconf 87' lang='lat' dir='ltr'><strong>ministeriales,sene-</strong></span> 
     </span>
    </p>
   </div>
   <div class='ocr_carea' id='block_1_65' title="bbox 237 4948 1901 5019">
    <p class='ocr_par' dir='ltr' id='par_1_65' title="bbox 237 4948 1901 5019">
     <span class='ocr_line' id='line_1_65' title="bbox 237 4948 1901 5019; baseline -0.002 -12"><span class='ocrx_word' id='word_1_462' title='bbox 237 4950 530 5018; x_wconf 87' lang='lat' dir='ltr'><strong>scalcum,</strong></span> <span class='ocrx_word' id='word_1_463' title='bbox 564 4950 1006 5019; x_wconf 88' lang='lat' dir='ltr'><strong>buticularium,</strong></span> <span class='ocrx_word' id='word_1_464' title='bbox 1040 4953 1098 5006; x_wconf 89' lang='lat' dir='ltr'><strong>et</strong></span> <span class='ocrx_word' id='word_1_465' title='bbox 1125 4950 1398 5007; x_wconf 91' lang='lat' dir='ltr'><strong>comitem</strong></span> <span class='ocrx_word' id='word_1_466' title='bbox 1430 4948 1666 5015; x_wconf 89' lang='lat' dir='ltr'><strong>stabuli,</strong></span> <span class='ocrx_word' id='word_1_467' title='bbox 1701 4965 1901 5006; x_wconf 89' lang='lat' dir='ltr'><strong>secun-</strong></span> 
     </span>
    </p>
   </div>
   <div class='ocr_carea' id='block_1_66' title="bbox 239 5037 1900 5112">
    <p class='ocr_par' dir='ltr' id='par_1_66' title="bbox 239 5037 1900 5112">
     <span class='ocr_line' id='line_1_66' title="bbox 239 5037 1900 5112; baseline -0.002 -16"><span class='ocrx_word' id='word_1_468' title='bbox 239 5041 390 5096; x_wconf 85' lang='lat' dir='ltr'><strong>dum</strong></span> <span class='ocrx_word' id='word_1_469' title='bbox 414 5039 885 5112; x_wconf 86' lang='lat' dir='ltr'><strong>uniuscujusque</strong></span> <span class='ocrx_word' id='word_1_470' title='bbox 902 5038 1213 5096; x_wconf 85' lang='lat' dir='ltr'><strong>ministerii</strong></span> <span class='ocrx_word' id='word_1_471' title='bbox 1242 5037 1584 5111; x_wconf 87' lang='lat' dir='ltr'><strong>qualitatem</strong></span> <span class='ocrx_word' id='word_1_472' title='bbox 1605 5037 1692 5094; x_wconf 90' lang='lat' dir='ltr'><strong>vel</strong></span> <span class='ocrx_word' id='word_1_473' title='bbox 1713 5055 1900 5110; x_wconf 89' lang='lat' dir='ltr'><strong>quan-</strong></span> 
     </span>
    </p>
   </div>
   <div class='ocr_carea' id='block_1_67' title="bbox 232 5127 1899 5201">
    <p class='ocr_par' dir='ltr' id='par_1_67' title="bbox 232 5127 1899 5201">
     <span class='ocr_line' id='line_1_67' title="bbox 232 5127 1899 5201; baseline -0.001 -17"><span class='ocrx_word' id='word_1_474' title='bbox 232 5130 476 5186; x_wconf 80' lang='lat' dir='ltr'><strong>titatem</strong></span> <span class='ocrx_word' id='word_1_475' title='bbox 507 5128 856 5201; x_wconf 90' lang='lat' dir='ltr'><strong>pertinebat,</strong></span> <span class='ocrx_word' id='word_1_476' title='bbox 890 5133 956 5186; x_wconf 92' lang='lat' dir='ltr'><strong>ut</strong></span> <span class='ocrx_word' id='word_1_477' title='bbox 986 5145 1120 5185; x_wconf 88' lang='lat' dir='ltr'><strong>cum</strong></span> <span class='ocrx_word' id='word_1_478' title='bbox 1170 5127 1468 5185; x_wconf 90' lang='lat' dir='ltr'><strong>communi</strong></span> <span class='ocrx_word' id='word_1_479' title='bbox 1509 5144 1798 5183; x_wconf 89' lang='lat' dir='ltr'><strong>consensu</strong></span> <span class='ocrx_word' id='word_1_480' title='bbox 1830 5127 1899 5182; x_wconf 91' lang='lat' dir='ltr'><strong>de</strong></span> 
     </span>
    </p>
   </div>
   <div class='ocr_carea' id='block_1_68' title="bbox 236 5216 1897 5290">
    <p class='ocr_par' dir='ltr' id='par_1_68' title="bbox 236 5216 1897 5290">
     <span class='ocr_line' id='line_1_68' title="bbox 236 5216 1897 5290; baseline -0.001 -16"><span class='ocrx_word' id='word_1_481' title='bbox 236 5234 352 5276; x_wconf 87' lang='lat' dir='ltr'><strong>suo</strong></span> <span class='ocrx_word' id='word_1_482' title='bbox 364 5218 618 5290; x_wconf 91' lang='lat' dir='ltr'><strong>quisque</strong></span> <span class='ocrx_word' id='word_1_483' title='bbox 631 5217 956 5275; x_wconf 87' lang='lat' dir='ltr'><strong>ministerio</strong></span> <span class='ocrx_word' id='word_1_484' title='bbox 969 5216 1319 5274; x_wconf 89' lang='lat' dir='ltr'><strong>admonendi</strong></span> <span class='ocrx_word' id='word_1_485' title='bbox 1336 5234 1450 5272; x_wconf 91' lang='lat' dir='ltr'><strong>non</strong></span> <span class='ocrx_word' id='word_1_486' title='bbox 1463 5220 1658 5272; x_wconf 87' lang='lat' dir='ltr'><strong>essent</strong></span> <span class='ocrx_word' id='word_1_487' title='bbox 1670 5231 1897 5288; x_wconf 88' lang='lat' dir='ltr'><strong>segnes,</strong></span> 
     </span>
    </p>
   </div>
   <div class='ocr_carea' id='block_1_69' title="bbox 235 5304 1897 5380">
    <p class='ocr_par' dir='ltr' id='par_1_69' title="bbox 235 5304 1897 5380">
     <span class='ocr_line' id='line_1_69' title="bbox 235 5304 1897 5380; baseline -0.002 -17"><span class='ocrx_word' id='word_1_488' title='bbox 235 5314 307 5363; x_wconf 85' lang='lat' dir='ltr'><strong>ut</strong></span> <span class='ocrx_word' id='word_1_489' title='bbox 317 5307 669 5380; x_wconf 84' lang='lat' dir='ltr'><strong>quantocius</strong></span> <span class='ocrx_word' id='word_1_490' title='bbox 684 5323 813 5363; x_wconf 88' lang='lat' dir='ltr'><strong>esse</strong></span> <span class='ocrx_word' id='word_1_491' title='bbox 825 5305 1342 5380; x_wconf 88' lang='lat' dir='ltr'><strong>potuisset,omnes</strong></span> <span class='ocrx_word' id='word_1_492' title='bbox 1358 5309 1582 5360; x_wconf 90' lang='lat' dir='ltr'><strong>actores</strong></span> <span class='ocrx_word' id='word_1_493' title='bbox 1595 5304 1747 5376; x_wconf 89' lang='lat' dir='ltr'><strong>regis</strong></span> <span class='ocrx_word' id='word_1_494' title='bbox 1759 5321 1897 5376; x_wconf 66' lang='lat' dir='ltr'><strong>pra:-</strong></span> 
     </span>
    </p>
   </div>
   <div class='ocr_carea' id='block_1_70' title="bbox 231 5392 1895 5465">
    <p class='ocr_par' dir='ltr' id='par_1_70' title="bbox 231 5392 1895 5465">
     <span class='ocr_line' id='line_1_70' title="bbox 231 5392 1895 5465; baseline -0.003 -12"><span class='ocrx_word' id='word_1_495' title='bbox 231 5397 482 5464; x_wconf 81' lang='lat' dir='ltr'><strong>scirent,</strong></span> <span class='ocrx_word' id='word_1_496' title='bbox 507 5396 608 5452; x_wconf 91' lang='lat' dir='ltr'><strong>ubi</strong></span> <span class='ocrx_word' id='word_1_497' title='bbox 628 5395 718 5452; x_wconf 90' lang='lat' dir='ltr'><strong>vel</strong></span> <span class='ocrx_word' id='word_1_498' title='bbox 741 5395 840 5453; x_wconf 91' lang='lat' dir='ltr'><strong>ubi</strong></span> <span class='ocrx_word' id='word_1_499' title='bbox 869 5412 967 5452; x_wconf 81' lang='lat' dir='ltr'><strong>rex</strong></span> <span class='ocrx_word' id='word_1_500' title='bbox 982 5393 1082 5450; x_wconf 92' lang='lat' dir='ltr'><strong>illo</strong></span> <span class='ocrx_word' id='word_1_501' title='bbox 1096 5392 1186 5450; x_wconf 89' lang='lat' dir='ltr'><strong>vel</strong></span> <span class='ocrx_word' id='word_1_502' title='bbox 1207 5392 1302 5448; x_wconf 93' lang='lat' dir='ltr'><strong>illo</strong></span> <span class='ocrx_word' id='word_1_503' title='bbox 1320 5399 1600 5465; x_wconf 89' lang='lat' dir='ltr'><strong>tempore,</strong></span> <span class='ocrx_word' id='word_1_504' title='bbox 1624 5398 1786 5448; x_wconf 90' lang='lat' dir='ltr'><strong>tanto</strong></span> <span class='ocrx_word' id='word_1_505' title='bbox 1808 5393 1895 5450; x_wconf 89' lang='lat' dir='ltr'><strong>vel</strong></span> 
     </span>
    </p>
   </div>
   <div class='ocr_carea' id='block_1_71' title="bbox 231 5482 1891 5557">
    <p class='ocr_par' dir='ltr' id='par_1_71' title="bbox 231 5482 1891 5557">
     <span class='ocr_line' id='line_1_71' title="bbox 231 5482 1891 5557; baseline -0.002 -15"><span class='ocrx_word' id='word_1_506' title='bbox 231 5490 407 5542; x_wconf 80' lang='lat' dir='ltr'><strong>tanto</strong></span> <span class='ocrx_word' id='word_1_507' title='bbox 421 5486 613 5557; x_wconf 87' lang='lat' dir='ltr'><strong>spatio</strong></span> <span class='ocrx_word' id='word_1_508' title='bbox 627 5502 864 5542; x_wconf 88' lang='lat' dir='ltr'><strong>manere</strong></span> <span class='ocrx_word' id='word_1_509' title='bbox 885 5483 1447 5554; x_wconf 89' lang='lat' dir='ltr'><strong>debuisset,propter</strong></span> <span class='ocrx_word' id='word_1_510' title='bbox 1459 5482 1891 5551; x_wconf 90' lang='lat' dir='ltr'><strong>adductionem,</strong></span> 
     </span>
    </p>
   </div>
   <div class='ocr_carea' id='block_1_72' title="bbox 225 5571 1894 5648">
    <p class='ocr_par' dir='ltr' id='par_1_72' title="bbox 225 5571 1894 5648">
     <span class='ocr_line' id='line_1_72' title="bbox 225 5571 1894 5648; baseline -0.002 -16"><span class='ocrx_word' id='word_1_511' title='bbox 225 5574 326 5632; x_wconf 79' lang='lat' dir='ltr'><strong>vel</strong></span> <span class='ocrx_word' id='word_1_512' title='bbox 362 5575 851 5648; x_wconf 65' lang='lat' dir='ltr'><strong>praeparationem</strong></span> <span class='ocrx_word' id='word_1_513' title='bbox 885 5591 898 5631; x_wconf 86' lang='lat'><strong>:</strong></span> <span class='ocrx_word' id='word_1_514' title='bbox 934 5590 1005 5629; x_wconf 91' lang='lat' dir='ltr'><strong>ne</strong></span> <span class='ocrx_word' id='word_1_515' title='bbox 1037 5573 1184 5630; x_wconf 89' lang='lat' dir='ltr'><strong>forte</strong></span> <span class='ocrx_word' id='word_1_516' title='bbox 1228 5571 1390 5628; x_wconf 87' lang='lat' dir='ltr'><strong>tarde</strong></span> <span class='ocrx_word' id='word_1_517' title='bbox 1447 5572 1720 5642; x_wconf 86' lang='lat' dir='ltr'><strong>scientes,</strong></span> <span class='ocrx_word' id='word_1_518' title='bbox 1753 5573 1894 5628; x_wconf 92' lang='lat' dir='ltr'><strong>dum</strong></span> 
     </span>
    </p>
   </div>
   <div class='ocr_carea' id='block_1_73' title="bbox 232 5658 1894 5739">
    <p class='ocr_par' dir='ltr' id='par_1_73' title="bbox 232 5658 1894 5739">
     <span class='ocr_line' id='line_1_73' title="bbox 232 5658 1894 5739; baseline 0 -17"><span class='ocrx_word' id='word_1_519' title='bbox 232 5665 638 5739; x_wconf 85' lang='lat' dir='ltr'><strong>inopportuno</strong></span> <span class='ocrx_word' id='word_1_520' title='bbox 689 5667 974 5739; x_wconf 89' lang='lat' dir='ltr'><strong>tempore,</strong></span> <span class='ocrx_word' id='word_1_521' title='bbox 1003 5660 1092 5720; x_wconf 89' lang='lat' dir='ltr'><strong>vel</strong></span> <span class='ocrx_word' id='word_1_522' title='bbox 1125 5676 1260 5720; x_wconf 90' lang='lat' dir='ltr'><strong>cum</strong></span> <span class='ocrx_word' id='word_1_523' title='bbox 1297 5658 1479 5719; x_wconf 85' lang='lat' dir='ltr'><strong>nimia</strong></span> <span class='ocrx_word' id='word_1_524' title='bbox 1527 5660 1894 5722; x_wconf 82' lang='lat' dir='ltr'><strong>festinatione</strong></span> 
     </span>
    </p>
   </div>
   <div class='ocr_carea' id='block_1_74' title="bbox 571 5789 1124 5856">
    <p class='ocr_par' dir='ltr' id='par_1_74' title="bbox 571 5789 1124 5856">
     <span class='ocr_line' id='line_1_74' title="bbox 571 5789 1124 5856; baseline -0.002 -1"><span class='ocrx_word' id='word_1_525' title='bbox 571 5792 846 5856; x_wconf 74' lang='grc' dir='ltr'><strong>ΡΑτιιοι..</strong></span> <span class='ocrx_word' id='word_1_526' title='bbox 892 5789 1124 5855; x_wconf 84' lang='lat' dir='ltr'><strong>CXXV.</strong></span> 
     </span>
    </p>
   </div>
   <div class='ocr_carea' id='block_1_75' title="bbox 1944 1887 1992 1953">
    <p class='ocr_par' dir='ltr' id='par_1_75' title="bbox 1944 1887 1992 1953">
     <span class='ocr_line' id='line_1_75' title="bbox 1944 1887 1992 1953; baseline 0 0"><span class='ocrx_word' id='word_1_527' title='bbox 1944 1887 1992 1953; x_wconf 92' lang='lat' dir='ltr'><strong>B</strong></span> 
     </span>
    </p>
   </div>
   <div class='ocr_carea' id='block_1_76' title="bbox 2024 1927 3670 1996">
    <p class='ocr_par' dir='ltr' id='par_1_76' title="bbox 2024 1927 3670 1996">
     <span class='ocr_line' id='line_1_76' title="bbox 2024 1927 3670 1996; baseline 0.005 -13"><span class='ocrx_word' id='word_1_528' title='bbox 2024 1927 2288 1996; x_wconf 91' lang='lat' dir='ltr'><strong>volendo,</strong></span> <span class='ocrx_word' id='word_1_529' title='bbox 2315 1929 2415 1985; x_wconf 90' lang='lat' dir='ltr'><strong>sed</strong></span> <span class='ocrx_word' id='word_1_530' title='bbox 2448 1947 2563 1986; x_wconf 92' lang='lat' dir='ltr'><strong>non</strong></span> <span class='ocrx_word' id='word_1_531' title='bbox 2594 1931 2838 1988; x_wconf 89' lang='lat' dir='ltr'><strong>valendo</strong></span> <span class='ocrx_word' id='word_1_532' title='bbox 2870 1932 3251 1990; x_wconf 71' lang='lat' dir='ltr'><strong>offensionem</strong></span> <span class='ocrx_word' id='word_1_533' title='bbox 3283 1933 3670 1993; x_wconf 87' lang='lat' dir='ltr'><strong>incurrerent.</strong></span> 
     </span>
    </p>
   </div>
   <div class='ocr_carea' id='block_1_77' title="bbox 2092 2017 3668 2093">
    <p class='ocr_par' dir='ltr' id='par_1_77' title="bbox 2092 2017 3668 2093">
     <span class='ocr_line' id='line_1_77' title="bbox 2092 2017 3668 2093; baseline 0.006 -22"><span class='ocrx_word' id='word_1_534' title='bbox 2092 2017 2228 2072; x_wconf 79' lang='lat' dir='ltr'><strong>CAP.</strong></span> <span class='ocrx_word' id='word_1_535' title='bbox 2257 2017 2445 2072; x_wconf 87' lang='lat' dir='ltr'><strong>XXIV.</strong></span> <span class='ocrx_word' id='word_1_536' title='bbox 2479 2018 2764 2074; x_wconf 87' lang='lat' dir='ltr'><strong>Similiter</strong></span> <span class='ocrx_word' id='word_1_537' title='bbox 2795 2036 3028 2092; x_wconf 89' lang='lat' dir='ltr'><strong>quoque</strong></span> <span class='ocrx_word' id='word_1_538' title='bbox 3059 2026 3314 2093; x_wconf 89' lang='lat' dir='ltr'><strong>quatuor</strong></span> <span class='ocrx_word' id='word_1_539' title='bbox 3341 2027 3668 2091; x_wconf 85' lang='lat' dir='ltr'><strong>venatores,</strong></span> 
     </span>
    </p>
   </div>
   <div class='ocr_carea' id='block_1_78' title="bbox 2020 2106 3670 2177">
    <p class='ocr_par' dir='ltr' id='par_1_78' title="bbox 2020 2106 3670 2177">
     <span class='ocr_line' id='line_1_78' title="bbox 2020 2106 3670 2177; baseline 0.006 -18"><span class='ocrx_word' id='word_1_540' title='bbox 2020 2109 2077 2160; x_wconf 92' lang='lat' dir='ltr'><strong>et</strong></span> <span class='ocrx_word' id='word_1_541' title='bbox 2107 2106 2350 2177; x_wconf 88' lang='lat' dir='ltr'><strong>quintus</strong></span> <span class='ocrx_word' id='word_1_542' title='bbox 2382 2106 2896 2175; x_wconf 89' lang='lat' dir='ltr'><strong>falconarius,cum</strong></span> <span class='ocrx_word' id='word_1_543' title='bbox 2929 2111 3131 2166; x_wconf 89' lang='lat' dir='ltr'><strong>eadem</strong></span> <span class='ocrx_word' id='word_1_544' title='bbox 3162 2111 3550 2168; x_wconf 88' lang='lat' dir='ltr'><strong>unanimitate</strong></span> <span class='ocrx_word' id='word_1_545' title='bbox 3581 2129 3670 2169; x_wconf 85' lang='lat' dir='ltr'><strong>se-</strong></span> 
     </span>
    </p>
   </div>
   <div class='ocr_carea' id='block_1_79' title="bbox 2019 2195 3667 2268">
    <p class='ocr_par' dir='ltr' id='par_1_79' title="bbox 2019 2195 3667 2268">
     <span class='ocr_line' id='line_1_79' title="bbox 2019 2195 3667 2268; baseline 0.004 -19"><span class='ocrx_word' id='word_1_546' title='bbox 2019 2196 2279 2250; x_wconf 90' lang='lat' dir='ltr'><strong>cundum</strong></span> <span class='ocrx_word' id='word_1_547' title='bbox 2314 2195 2593 2267; x_wconf 86' lang='lat' dir='ltr'><strong>temporis</strong></span> <span class='ocrx_word' id='word_1_548' title='bbox 2623 2196 2965 2268; x_wconf 88' lang='lat' dir='ltr'><strong>qualitatem</strong></span> <span class='ocrx_word' id='word_1_549' title='bbox 2990 2199 3302 2254; x_wconf 88' lang='lat' dir='ltr'><strong>admonere</strong></span> <span class='ocrx_word' id='word_1_550' title='bbox 3331 2200 3667 2268; x_wconf 89' lang='lat' dir='ltr'><strong>studebant,</strong></span> 
     </span>
    </p>
   </div>
   <div class='ocr_carea' id='block_1_80' title="bbox 2018 2281 3788 2356">
    <p class='ocr_par' dir='ltr' id='par_1_80' title="bbox 2018 2281 3788 2356">
     <span class='ocr_line' id='line_1_80' title="bbox 2018 2281 3788 2356; baseline 0.003 -20"><span class='ocrx_word' id='word_1_551' title='bbox 2018 2281 2271 2352; x_wconf 89' lang='lat' dir='ltr'><strong>qualiter</strong></span> <span class='ocrx_word' id='word_1_552' title='bbox 2301 2298 2387 2348; x_wconf 91' lang='lat' dir='ltr'><strong>ea,</strong></span> <span class='ocrx_word' id='word_1_553' title='bbox 2423 2299 2548 2352; x_wconf 68' lang='lat' dir='ltr'><strong>quae</strong></span> <span class='ocrx_word' id='word_1_554' title='bbox 2579 2283 2650 2338; x_wconf 88' lang='lat' dir='ltr'><strong>ad</strong></span> <span class='ocrx_word' id='word_1_555' title='bbox 2685 2283 3052 2356; x_wconf 88' lang='lat' dir='ltr'><strong>singulorum</strong></span> <span class='ocrx_word' id='word_1_556' title='bbox 3087 2285 3546 2342; x_wconf 89' lang='lat' dir='ltr'><strong>ministeriorum</strong></span> <span class='ocrx_word' id='word_1_557' title='bbox 3576 2303 3672 2341; x_wconf 89' lang='lat' dir='ltr'><strong>cu-</strong></span> <span class='ocrx_word' id='word_1_558' title='bbox 3777 2319 3788 2328; x_wconf 81' lang='grc'><strong>-</strong></span> 
     </span>
    </p>
   </div>
   <div class='ocr_carea' id='block_1_81' title="bbox 2017 2371 3669 2445">
    <p class='ocr_par' dir='ltr' id='par_1_81' title="bbox 2017 2371 3669 2445">
     <span class='ocr_line' id='line_1_81' title="bbox 2017 2371 3669 2445; baseline 0.002 -21"><span class='ocrx_word' id='word_1_559' title='bbox 2017 2387 2142 2425; x_wconf 90' lang='lat' dir='ltr'><strong>ram</strong></span> <span class='ocrx_word' id='word_1_560' title='bbox 2166 2371 2552 2442; x_wconf 87' lang='lat' dir='ltr'><strong>pertinebant,</strong></span> <span class='ocrx_word' id='word_1_561' title='bbox 2569 2376 2634 2426; x_wconf 91' lang='lat' dir='ltr'><strong>ut</strong></span> <span class='ocrx_word' id='word_1_562' title='bbox 2655 2375 2980 2443; x_wconf 89' lang='lat' dir='ltr'><strong>opportuno</strong></span> <span class='ocrx_word' id='word_1_563' title='bbox 3005 2376 3348 2445; x_wconf 88' lang='lat' dir='ltr'><strong>tempore,et</strong></span> <span class='ocrx_word' id='word_1_564' title='bbox 3368 2390 3483 2429; x_wconf 91' lang='lat' dir='ltr'><strong>non</strong></span> <span class='ocrx_word' id='word_1_565' title='bbox 3507 2375 3669 2430; x_wconf 86' lang='lat' dir='ltr'><strong>tarde</strong></span> 
     </span>
    </p>
   </div>
   <div class='ocr_carea' id='block_1_82' title="bbox 2015 2459 3669 2535">
    <p class='ocr_par' dir='ltr' id='par_1_82' title="bbox 2015 2459 3669 2535">
     <span class='ocr_line' id='line_1_82' title="bbox 2015 2459 3669 2535; baseline 0.002 -21"><span class='ocrx_word' id='word_1_566' title='bbox 2015 2459 2747 2531; x_wconf 87' lang='lat' dir='ltr'><strong>consideraretur,quando</strong></span> <span class='ocrx_word' id='word_1_567' title='bbox 2773 2462 2918 2516; x_wconf 90' lang='lat' dir='ltr'><strong>tanti</strong></span> <span class='ocrx_word' id='word_1_568' title='bbox 2942 2461 3029 2517; x_wconf 90' lang='lat' dir='ltr'><strong>vel</strong></span> <span class='ocrx_word' id='word_1_569' title='bbox 3051 2464 3287 2533; x_wconf 88' lang='lat' dir='ltr'><strong>quando</strong></span> <span class='ocrx_word' id='word_1_570' title='bbox 3314 2464 3669 2535; x_wconf 88' lang='lat' dir='ltr'><strong>tanti,quan-</strong></span> 
     </span>
    </p>
   </div>
   <div class='ocr_carea' id='block_1_83' title="bbox 2014 2546 3663 2621">
    <p class='ocr_par' dir='ltr' id='par_1_83' title="bbox 2014 2546 3663 2621">
     <span class='ocr_line' id='line_1_83' title="bbox 2014 2546 3663 2621; baseline 0.005 -21"><span class='ocrx_word' id='word_1_571' title='bbox 2014 2546 2086 2601; x_wconf 94' lang='lat' dir='ltr'><strong>do</strong></span> <span class='ocrx_word' id='word_1_572' title='bbox 2109 2547 2212 2601; x_wconf 89' lang='lat' dir='ltr'><strong>toti</strong></span> <span class='ocrx_word' id='word_1_573' title='bbox 2233 2553 2290 2601; x_wconf 88' lang='lat' dir='ltr'><strong>et</strong></span> <span class='ocrx_word' id='word_1_574' title='bbox 2312 2549 2547 2618; x_wconf 87' lang='lat' dir='ltr'><strong>quando</strong></span> <span class='ocrx_word' id='word_1_575' title='bbox 2589 2548 2758 2614; x_wconf 91' lang='lat' dir='ltr'><strong>nulli,</strong></span> <span class='ocrx_word' id='word_1_576' title='bbox 2782 2555 2884 2603; x_wconf 89' lang='lat' dir='ltr'><strong>aut</strong></span> <span class='ocrx_word' id='word_1_577' title='bbox 2915 2550 2973 2603; x_wconf 90' lang='lat' dir='ltr'><strong>in</strong></span> <span class='ocrx_word' id='word_1_578' title='bbox 3006 2550 3221 2621; x_wconf 87' lang='lat' dir='ltr'><strong>palatio</strong></span> <span class='ocrx_word' id='word_1_579' title='bbox 3253 2553 3663 2621; x_wconf 86' lang='lat' dir='ltr'><strong>retinerentur,</strong></span> 
     </span>
    </p>
   </div>
   <div class='ocr_carea' id='block_1_84' title="bbox 2015 2635 3664 2711">
    <p class='ocr_par' dir='ltr' id='par_1_84' title="bbox 2015 2635 3664 2711">
     <span class='ocr_line' id='line_1_84' title="bbox 2015 2635 3664 2711; baseline 0.004 -23"><span class='ocrx_word' id='word_1_580' title='bbox 2015 2640 2116 2688; x_wconf 89' lang='lat' dir='ltr'><strong>aut</strong></span> <span class='ocrx_word' id='word_1_581' title='bbox 2137 2652 2296 2690; x_wconf 87' lang='lat' dir='ltr'><strong>more</strong></span> <span class='ocrx_word' id='word_1_582' title='bbox 2319 2635 2488 2690; x_wconf 89' lang='lat' dir='ltr'><strong>solito</strong></span> <span class='ocrx_word' id='word_1_583' title='bbox 2513 2636 2652 2690; x_wconf 82' lang='lat' dir='ltr'><strong>foris</strong></span> <span class='ocrx_word' id='word_1_584' title='bbox 2676 2637 2972 2692; x_wconf 89' lang='lat' dir='ltr'><strong>nutriendi</strong></span> <span class='ocrx_word' id='word_1_585' title='bbox 2997 2655 3181 2709; x_wconf 86' lang='lat' dir='ltr'><strong>usque</strong></span> <span class='ocrx_word' id='word_1_586' title='bbox 3193 2639 3265 2693; x_wconf 87' lang='lat' dir='ltr'><strong>ad</strong></span> <span class='ocrx_word' id='word_1_587' title='bbox 3284 2645 3518 2711; x_wconf 87' lang='lat' dir='ltr'><strong>tempus</strong></span> <span class='ocrx_word' id='word_1_588' title='bbox 3533 2643 3664 2695; x_wconf 89' lang='lat' dir='ltr'><strong>mit-</strong></span> 
     </span>
    </p>
   </div>
   <div class='ocr_carea' id='block_1_85' title="bbox 2013 2727 3667 2796">
    <p class='ocr_par' dir='ltr' id='par_1_85' title="bbox 2013 2727 3667 2796">
     <span class='ocr_line' id='line_1_85' title="bbox 2013 2727 3667 2796; baseline 0.006 -20"><span class='ocrx_word' id='word_1_589' title='bbox 2013 2727 2301 2792; x_wconf 86' lang='lat' dir='ltr'><strong>terentur,</strong></span> <span class='ocrx_word' id='word_1_590' title='bbox 2325 2729 2427 2778; x_wconf 88' lang='lat' dir='ltr'><strong>aut</strong></span> <span class='ocrx_word' id='word_1_591' title='bbox 2449 2728 2706 2795; x_wconf 87' lang='lat' dir='ltr'><strong>tempore</strong></span> <span class='ocrx_word' id='word_1_592' title='bbox 2739 2741 2996 2796; x_wconf 84' lang='lat' dir='ltr'><strong>congruo</strong></span> <span class='ocrx_word' id='word_1_593' title='bbox 3019 2743 3120 2796; x_wconf 87' lang='lat' dir='ltr'><strong>per</strong></span> <span class='ocrx_word' id='word_1_594' title='bbox 3149 2729 3667 2786; x_wconf 84' lang='lat' dir='ltr'><strong>denominataloca</strong></span> 
     </span>
    </p>
   </div>
   <div class='ocr_carea' id='block_1_86' title="bbox 2011 2812 3659 2886">
    <p class='ocr_par' dir='ltr' id='par_1_86' title="bbox 2011 2812 3659 2886">
     <span class='ocr_line' id='line_1_86' title="bbox 2011 2812 3659 2886; baseline 0.001 -18"><span class='ocrx_word' id='word_1_595' title='bbox 2011 2812 2262 2869; x_wconf 87' lang='lat' dir='ltr'><strong>venandi</strong></span> <span class='ocrx_word' id='word_1_596' title='bbox 2309 2829 2490 2867; x_wconf 85' lang='lat' dir='ltr'><strong>causa</strong></span> <span class='ocrx_word' id='word_1_597' title='bbox 2539 2813 2757 2883; x_wconf 88' lang='lat' dir='ltr'><strong>pariter</strong></span> <span class='ocrx_word' id='word_1_598' title='bbox 2785 2818 2842 2868; x_wconf 87' lang='lat' dir='ltr'><strong>et</strong></span> <span class='ocrx_word' id='word_1_599' title='bbox 2868 2814 3162 2868; x_wconf 88' lang='lat' dir='ltr'><strong>nutriendi</strong></span> <span class='ocrx_word' id='word_1_600' title='bbox 3195 2813 3659 2886; x_wconf 87' lang='lat' dir='ltr'><strong>disponerentur.</strong></span> 
     </span>
    </p>
   </div>
   <div class='ocr_carea' id='block_1_87' title="bbox 2013 2899 3662 2975">
    <p class='ocr_par' dir='ltr' id='par_1_87' title="bbox 2013 2899 3662 2975">
     <span class='ocr_line' id='line_1_87' title="bbox 2013 2899 3662 2975; baseline 0.002 -19"><span class='ocrx_word' id='word_1_601' title='bbox 2013 2901 2125 2956; x_wconf 91' lang='lat' dir='ltr'><strong>Sed</strong></span> <span class='ocrx_word' id='word_1_602' title='bbox 2149 2900 2334 2957; x_wconf 90' lang='lat' dir='ltr'><strong>ethoc</strong></span> <span class='ocrx_word' id='word_1_603' title='bbox 2353 2905 2409 2956; x_wconf 90' lang='lat' dir='ltr'><strong>et</strong></span> <span class='ocrx_word' id='word_1_604' title='bbox 2428 2899 2596 2968; x_wconf 92' lang='lat' dir='ltr'><strong>illud,</strong></span> <span class='ocrx_word' id='word_1_605' title='bbox 2621 2901 2677 2955; x_wconf 92' lang='lat' dir='ltr'><strong>id</strong></span> <span class='ocrx_word' id='word_1_606' title='bbox 2700 2906 2791 2956; x_wconf 91' lang='lat' dir='ltr'><strong>est</strong></span> <span class='ocrx_word' id='word_1_607' title='bbox 2811 2906 2867 2956; x_wconf 92' lang='lat' dir='ltr'><strong>et</strong></span> <span class='ocrx_word' id='word_1_608' title='bbox 2887 2901 3041 2957; x_wconf 89' lang='lat' dir='ltr'><strong>intra</strong></span> <span class='ocrx_word' id='word_1_609' title='bbox 3071 2907 3130 2958; x_wconf 91' lang='lat' dir='ltr'><strong>et</strong></span> <span class='ocrx_word' id='word_1_610' title='bbox 3158 2906 3320 2957; x_wconf 82' lang='lat' dir='ltr'><strong>extra</strong></span> <span class='ocrx_word' id='word_1_611' title='bbox 3351 2903 3662 2975; x_wconf 85' lang='lat' dir='ltr'><strong>palatium,</strong></span> 
     </span>
    </p>
   </div>
   <div class='ocr_carea' id='block_1_88' title="bbox 2013 2988 3664 3062">
    <p class='ocr_par' dir='ltr' id='par_1_88' title="bbox 2013 2988 3664 3062">
     <span class='ocr_line' id='line_1_88' title="bbox 2013 2988 3664 3062; baseline 0.005 -19"><span class='ocrx_word' id='word_1_612' title='bbox 2013 2988 2094 3046; x_wconf 90' lang='lat' dir='ltr'><strong>ita</strong></span> <span class='ocrx_word' id='word_1_613' title='bbox 2126 3006 2356 3062; x_wconf 89' lang='lat' dir='ltr'><strong>semper</strong></span> <span class='ocrx_word' id='word_1_614' title='bbox 2385 3005 2520 3045; x_wconf 92' lang='lat' dir='ltr'><strong>cum</strong></span> <span class='ocrx_word' id='word_1_615' title='bbox 2552 3004 2830 3046; x_wconf 90' lang='lat' dir='ltr'><strong>mensura</strong></span> <span class='ocrx_word' id='word_1_616' title='bbox 2859 2995 2914 3046; x_wconf 89' lang='lat' dir='ltr'><strong>et</strong></span> <span class='ocrx_word' id='word_1_617' title='bbox 2942 2991 3165 3046; x_wconf 87' lang='lat' dir='ltr'><strong>ratione</strong></span> <span class='ocrx_word' id='word_1_618' title='bbox 3195 2990 3664 3062; x_wconf 84' lang='lat' dir='ltr'><strong>ordinaretur,ut</strong></span> 
     </span>
    </p>
   </div>
   <div class='ocr_carea' id='block_1_89' title="bbox 2012 3080 3661 3154">
    <p class='ocr_par' dir='ltr' id='par_1_89' title="bbox 2012 3080 3661 3154">
     <span class='ocr_line' id='line_1_89' title="bbox 2012 3080 3661 3154; baseline 0.003 -19"><span class='ocrx_word' id='word_1_619' title='bbox 2012 3085 2300 3152; x_wconf 89' lang='lat' dir='ltr'><strong>quantum</strong></span> <span class='ocrx_word' id='word_1_620' title='bbox 2321 3080 2623 3152; x_wconf 89' lang='lat' dir='ltr'><strong>prodesset</strong></span> <span class='ocrx_word' id='word_1_621' title='bbox 2653 3085 2892 3146; x_wconf 88' lang='lat' dir='ltr'><strong>esset,et</strong></span> <span class='ocrx_word' id='word_1_622' title='bbox 2907 3085 3196 3152; x_wconf 91' lang='lat' dir='ltr'><strong>quantum</strong></span> <span class='ocrx_word' id='word_1_623' title='bbox 3214 3097 3330 3137; x_wconf 91' lang='lat' dir='ltr'><strong>non</strong></span> <span class='ocrx_word' id='word_1_624' title='bbox 3352 3083 3661 3154; x_wconf 89' lang='lat' dir='ltr'><strong>prodesset</strong></span> 
     </span>
    </p>
   </div>
   <div class='ocr_carea' id='block_1_90' title="bbox 2013 3168 3659 3241">
    <p class='ocr_par' dir='ltr' id='par_1_90' title="bbox 2013 3168 3659 3241">
     <span class='ocr_line' id='line_1_90' title="bbox 2013 3168 3659 3241; baseline 0.002 -16"><span class='ocrx_word' id='word_1_625' title='bbox 2013 3185 2126 3225; x_wconf 91' lang='lat' dir='ltr'><strong>non</strong></span> <span class='ocrx_word' id='word_1_626' title='bbox 2167 3175 2320 3225; x_wconf 90' lang='lat' dir='ltr'><strong>esset</strong></span> <span class='ocrx_word' id='word_1_627' title='bbox 2351 3185 2384 3224; x_wconf 57' lang='grc' dir='ltr'><strong>εκ</strong></span> <span class='ocrx_word' id='word_1_628' title='bbox 2409 3168 2548 3241; x_wconf 89' lang='lat' dir='ltr'><strong>quia</strong></span> <span class='ocrx_word' id='word_1_629' title='bbox 2582 3169 2640 3224; x_wconf 91' lang='lat' dir='ltr'><strong>in</strong></span> <span class='ocrx_word' id='word_1_630' title='bbox 2673 3169 2820 3240; x_wconf 87' lang='lat' dir='ltr'><strong>ipsis</strong></span> <span class='ocrx_word' id='word_1_631' title='bbox 2851 3169 3193 3226; x_wconf 89' lang='lat' dir='ltr'><strong>ministeriis</strong></span> <span class='ocrx_word' id='word_1_632' title='bbox 3225 3186 3342 3226; x_wconf 92' lang='lat' dir='ltr'><strong>non</strong></span> <span class='ocrx_word' id='word_1_633' title='bbox 3373 3171 3457 3226; x_wconf 90' lang='lat' dir='ltr'><strong>sic</strong></span> <span class='ocrx_word' id='word_1_634' title='bbox 3491 3171 3659 3228; x_wconf 87' lang='lat' dir='ltr'><strong>facile</strong></span> 
     </span>
    </p>
   </div>
   <div class='ocr_carea' id='block_1_91' title="bbox 1927 3253 3658 3331">
    <p class='ocr_par' dir='ltr' id='par_1_91' title="bbox 1927 3253 3658 3331">
     <span class='ocr_line' id='line_1_91' title="bbox 1927 3253 3658 3331; baseline 0.002 -18"><span class='ocrx_word' id='word_1_635' title='bbox 1927 3253 1969 3320; x_wconf 90' lang='lat' dir='ltr'>C</span> <span class='ocrx_word' id='word_1_636' title='bbox 2010 3263 2205 3314; x_wconf 90' lang='lat' dir='ltr'><strong>certus</strong></span> <span class='ocrx_word' id='word_1_637' title='bbox 2219 3263 2630 3325; x_wconf 90' lang='lat' dir='ltr'><strong>numerus,aut</strong></span> <span class='ocrx_word' id='word_1_638' title='bbox 2643 3257 3080 3327; x_wconf 78' lang='lat' dir='ltr'><strong>hominum,aut</strong></span> <span class='ocrx_word' id='word_1_639' title='bbox 3100 3275 3336 3331; x_wconf 86' lang='lat' dir='ltr'><strong>canum,</strong></span> <span class='ocrx_word' id='word_1_640' title='bbox 3349 3259 3658 3318; x_wconf 89' lang='lat' dir='ltr'><strong>autavium</strong></span> 
     </span>
    </p>
   </div>
   <div class='ocr_carea' id='block_1_92' title="bbox 2007 3346 3654 3420">
    <p class='ocr_par' dir='ltr' id='par_1_92' title="bbox 2007 3346 3654 3420">
     <span class='ocr_line' id='line_1_92' title="bbox 2007 3346 3654 3420; baseline 0.002 -17"><span class='ocrx_word' id='word_1_641' title='bbox 2007 3347 2246 3403; x_wconf 80' lang='lat' dir='ltr'><strong>diffiniri</strong></span> <span class='ocrx_word' id='word_1_642' title='bbox 2285 3351 2508 3419; x_wconf 88' lang='lat' dir='ltr'><strong>potest:</strong></span> <span class='ocrx_word' id='word_1_643' title='bbox 2546 3346 2674 3402; x_wconf 90' lang='lat' dir='ltr'><strong>ideo</strong></span> <span class='ocrx_word' id='word_1_644' title='bbox 2704 3347 2762 3402; x_wconf 91' lang='lat' dir='ltr'><strong>in</strong></span> <span class='ocrx_word' id='word_1_645' title='bbox 2797 3347 3059 3420; x_wconf 90' lang='lat' dir='ltr'><strong>ipsorum</strong></span> <span class='ocrx_word' id='word_1_646' title='bbox 3091 3348 3330 3405; x_wconf 86' lang='lat' dir='ltr'><strong>arbitrio</strong></span> <span class='ocrx_word' id='word_1_647' title='bbox 3359 3349 3654 3419; x_wconf 83' lang='lat' dir='ltr'><strong>manebat,</strong></span> 
     </span>
    </p>
   </div>
   <div class='ocr_carea' id='block_1_93' title="bbox 2006 3435 3655 3509">
    <p class='ocr_par' dir='ltr' id='par_1_93' title="bbox 2006 3435 3655 3509">
     <span class='ocr_line' id='line_1_93' title="bbox 2006 3435 3655 3509; baseline 0.002 -18"><span class='ocrx_word' id='word_1_648' title='bbox 2006 3437 2210 3508; x_wconf 89' lang='lat' dir='ltr'><strong>quanti</strong></span> <span class='ocrx_word' id='word_1_649' title='bbox 2241 3442 2298 3493; x_wconf 92' lang='lat' dir='ltr'><strong>et</strong></span> <span class='ocrx_word' id='word_1_650' title='bbox 2328 3435 2529 3509; x_wconf 89' lang='lat' dir='ltr'><strong>quales</strong></span> <span class='ocrx_word' id='word_1_651' title='bbox 2557 3438 2999 3494; x_wconf 87' lang='lat' dir='ltr'><strong>essent.Sensus</strong></span> <span class='ocrx_word' id='word_1_652' title='bbox 3031 3443 3229 3496; x_wconf 89' lang='lat' dir='ltr'><strong>autem</strong></span> <span class='ocrx_word' id='word_1_653' title='bbox 3261 3437 3321 3494; x_wconf 92' lang='lat' dir='ltr'><strong>in</strong></span> <span class='ocrx_word' id='word_1_654' title='bbox 3351 3438 3447 3495; x_wconf 91' lang='lat' dir='ltr'><strong>his</strong></span> <span class='ocrx_word' id='word_1_655' title='bbox 3468 3439 3655 3496; x_wconf 89' lang='lat' dir='ltr'><strong>omni-</strong></span> 
     </span>
    </p>
   </div>
   <div class='ocr_carea' id='block_1_94' title="bbox 2006 3523 3658 3599">
    <p class='ocr_par' dir='ltr' id='par_1_94' title="bbox 2006 3523 3658 3599">
     <span class='ocr_line' id='line_1_94' title="bbox 2006 3523 3658 3599; baseline 0.002 -19"><span class='ocrx_word' id='word_1_656' title='bbox 2006 3525 2117 3582; x_wconf 88' lang='lat' dir='ltr'><strong>bus</strong></span> <span class='ocrx_word' id='word_1_657' title='bbox 2148 3525 2282 3582; x_wconf 87' lang='lat' dir='ltr'><strong>talis</strong></span> <span class='ocrx_word' id='word_1_658' title='bbox 2314 3529 2456 3593; x_wconf 91' lang='lat' dir='ltr'><strong>erat,</strong></span> <span class='ocrx_word' id='word_1_659' title='bbox 2493 3530 2555 3581; x_wconf 93' lang='lat' dir='ltr'><strong>ut</strong></span> <span class='ocrx_word' id='word_1_660' title='bbox 2584 3543 2888 3598; x_wconf 89' lang='lat' dir='ltr'><strong>nunquam</strong></span> <span class='ocrx_word' id='word_1_661' title='bbox 2936 3523 3152 3599; x_wconf 89' lang='lat' dir='ltr'><strong>palatio</strong></span> <span class='ocrx_word' id='word_1_662' title='bbox 3203 3526 3350 3584; x_wconf 88' lang='lat' dir='ltr'><strong>tales</strong></span> <span class='ocrx_word' id='word_1_663' title='bbox 3390 3527 3479 3584; x_wconf 91' lang='lat' dir='ltr'><strong>vel</strong></span> <span class='ocrx_word' id='word_1_664' title='bbox 3510 3527 3658 3585; x_wconf 87' lang='lat' dir='ltr'><strong>tanti</strong></span> 
     </span>
    </p>
   </div>
   <div class='ocr_carea' id='block_1_95' title="bbox 2007 3615 3659 3690">
    <p class='ocr_par' dir='ltr' id='par_1_95' title="bbox 2007 3615 3659 3690">
     <span class='ocr_line' id='line_1_95' title="bbox 2007 3615 3659 3690; baseline 0.004 -21"><span class='ocrx_word' id='word_1_665' title='bbox 2007 3615 2278 3670; x_wconf 90' lang='lat' dir='ltr'><strong>deessent</strong></span> <span class='ocrx_word' id='word_1_666' title='bbox 2290 3615 2569 3684; x_wconf 86' lang='lat' dir='ltr'><strong>ministri,</strong></span> <span class='ocrx_word' id='word_1_667' title='bbox 2585 3620 2822 3688; x_wconf 90' lang='lat' dir='ltr'><strong>propter</strong></span> <span class='ocrx_word' id='word_1_668' title='bbox 2833 3617 2940 3673; x_wconf 88' lang='lat' dir='ltr'><strong>has</strong></span> <span class='ocrx_word' id='word_1_669' title='bbox 2953 3617 3241 3690; x_wconf 66' lang='lat' dir='ltr'><strong>praecipue</strong></span> <span class='ocrx_word' id='word_1_670' title='bbox 3253 3617 3408 3674; x_wconf 90' lang='lat' dir='ltr'><strong>inter</strong></span> <span class='ocrx_word' id='word_1_671' title='bbox 3417 3621 3659 3676; x_wconf 65' lang='lat' dir='ltr'><strong>caeteras</strong></span> 
     </span>
    </p>
   </div>
   <div class='ocr_carea' id='block_1_96' title="bbox 2008 3703 2892 3762">
    <p class='ocr_par' dir='ltr' id='par_1_96' title="bbox 2008 3703 2892 3762">
     <span class='ocr_line' id='line_1_96' title="bbox 2008 3703 2892 3762; baseline 0.002 -4"><span class='ocrx_word' id='word_1_672' title='bbox 2008 3704 2385 3760; x_wconf 87' lang='lat' dir='ltr'><strong>necessitates</strong></span> <span class='ocrx_word' id='word_1_673' title='bbox 2416 3703 2503 3760; x_wconf 91' lang='lat' dir='ltr'><strong>vel</strong></span> <span class='ocrx_word' id='word_1_674' title='bbox 2535 3704 2892 3762; x_wconf 84' lang='lat' dir='ltr'><strong>honestates.</strong></span> 
     </span>
    </p>
   </div>
   <div class='ocr_carea' id='block_1_97' title="bbox 2077 3791 3658 3868">
    <p class='ocr_par' dir='ltr' id='par_1_97' title="bbox 2077 3791 3658 3868">
     <span class='ocr_line' id='line_1_97' title="bbox 2077 3791 3658 3868; baseline 0.003 -20"><span class='ocrx_word' id='word_1_675' title='bbox 2077 3793 2214 3848; x_wconf 77' lang='lat' dir='ltr'><strong>CAP.</strong></span> <span class='ocrx_word' id='word_1_676' title='bbox 2237 3791 2400 3848; x_wconf 89' lang='lat' dir='ltr'><strong>XXV.</strong></span> <span class='ocrx_word' id='word_1_677' title='bbox 2427 3791 2641 3859; x_wconf 91' lang='lat' dir='ltr'><strong>Primo,</strong></span> <span class='ocrx_word' id='word_1_678' title='bbox 2675 3796 2741 3848; x_wconf 92' lang='lat' dir='ltr'><strong>ut</strong></span> <span class='ocrx_word' id='word_1_679' title='bbox 2770 3793 2890 3849; x_wconf 90' lang='lat' dir='ltr'><strong>sive</strong></span> <span class='ocrx_word' id='word_1_680' title='bbox 2927 3795 3272 3866; x_wconf 86' lang='lat' dir='ltr'><strong>generaliter</strong></span> <span class='ocrx_word' id='word_1_681' title='bbox 3311 3796 3658 3868; x_wconf 87' lang='lat' dir='ltr'><strong>majoribus,</strong></span> 
     </span>
    </p>
   </div>
   <div class='ocr_carea' id='block_1_98' title="bbox 2008 3881 3661 3957">
    <p class='ocr_par' dir='ltr' id='par_1_98' title="bbox 2008 3881 3661 3957">
     <span class='ocr_line' id='line_1_98' title="bbox 2008 3881 3661 3957; baseline 0.002 -20"><span class='ocrx_word' id='word_1_682' title='bbox 2008 3882 2126 3938; x_wconf 90' lang='lat' dir='ltr'><strong>sive</strong></span> <span class='ocrx_word' id='word_1_683' title='bbox 2147 3881 2478 3954; x_wconf 88' lang='lat' dir='ltr'><strong>specialiter</strong></span> <span class='ocrx_word' id='word_1_684' title='bbox 2493 3881 2581 3937; x_wconf 90' lang='lat' dir='ltr'><strong>vel</strong></span> <span class='ocrx_word' id='word_1_685' title='bbox 2595 3881 2879 3955; x_wconf 92' lang='lat' dir='ltr'><strong>singulari</strong></span> <span class='ocrx_word' id='word_1_686' title='bbox 2889 3885 3319 3957; x_wconf 89' lang='lat' dir='ltr'><strong>terquibusque</strong></span> <span class='ocrx_word' id='word_1_687' title='bbox 3331 3886 3661 3943; x_wconf 86' lang='lat' dir='ltr'><strong>minoribus</strong></span> 
     </span>
    </p>
   </div>
   <div class='ocr_carea' id='block_1_99' title="bbox 2008 3971 3659 4048">
    <p class='ocr_par' dir='ltr' id='par_1_99' title="bbox 2008 3971 3659 4048">
     <span class='ocr_line' id='line_1_99' title="bbox 2008 3971 3659 4048; baseline 0.004 -23"><span class='ocrx_word' id='word_1_688' title='bbox 2008 3971 2600 4039; x_wconf 88' lang='lat' dir='ltr'><strong>recedentibus,omni</strong></span> <span class='ocrx_word' id='word_1_689' title='bbox 2625 3977 2953 4044; x_wconf 89' lang='lat' dir='ltr'><strong>temporeet</strong></span> <span class='ocrx_word' id='word_1_690' title='bbox 2975 3973 3355 4031; x_wconf 89' lang='lat' dir='ltr'><strong>multitudine</strong></span> <span class='ocrx_word' id='word_1_691' title='bbox 3381 3992 3659 4048; x_wconf 88' lang='lat' dir='ltr'><strong>congrua,</strong></span> 
     </span>
    </p>
   </div>
   <div class='ocr_carea' id='block_1_100' title="bbox 2007 4059 3660 4136">
    <p class='ocr_par' dir='ltr' id='par_1_100' title="bbox 2007 4059 3660 4136">
     <span class='ocr_line' id='line_1_100' title="bbox 2007 4059 3660 4136; baseline 0.004 -21"><span class='ocrx_word' id='word_1_692' title='bbox 2007 4059 2133 4115; x_wconf 90' lang='lat' dir='ltr'><strong>sine</strong></span> <span class='ocrx_word' id='word_1_693' title='bbox 2162 4077 2278 4131; x_wconf 91' lang='lat' dir='ltr'><strong>qua</strong></span> <span class='ocrx_word' id='word_1_694' title='bbox 2308 4060 2733 4116; x_wconf 88' lang='lat' dir='ltr'><strong>rationabiliter</strong></span> <span class='ocrx_word' id='word_1_695' title='bbox 2762 4065 2820 4116; x_wconf 88' lang='lat' dir='ltr'><strong>et</strong></span> <span class='ocrx_word' id='word_1_696' title='bbox 2848 4062 3092 4118; x_wconf 90' lang='lat' dir='ltr'><strong>honeste</strong></span> <span class='ocrx_word' id='word_1_697' title='bbox 3133 4080 3262 4120; x_wconf 90' lang='lat' dir='ltr'><strong>esse</strong></span> <span class='ocrx_word' id='word_1_698' title='bbox 3294 4081 3410 4121; x_wconf 92' lang='lat' dir='ltr'><strong>non</strong></span> <span class='ocrx_word' id='word_1_699' title='bbox 3440 4069 3660 4136; x_wconf 89' lang='lat' dir='ltr'><strong>posset,</strong></span> 
     </span>
    </p>
   </div>
   <div class='ocr_carea' id='block_1_101' title="bbox 2007 4149 3660 4220">
    <p class='ocr_par' dir='ltr' id='par_1_101' title="bbox 2007 4149 3660 4220">
     <span class='ocr_line' id='line_1_101' title="bbox 2007 4149 3660 4220; baseline 0.003 -17"><span class='ocrx_word' id='word_1_700' title='bbox 2007 4164 2240 4220; x_wconf 90' lang='lat' dir='ltr'><strong>semper</strong></span> <span class='ocrx_word' id='word_1_701' title='bbox 2267 4152 2422 4204; x_wconf 89' lang='lat' dir='ltr'><strong>esset</strong></span> <span class='ocrx_word' id='word_1_702' title='bbox 2449 4153 2720 4204; x_wconf 88' lang='lat' dir='ltr'><strong>ornatum</strong></span> <span class='ocrx_word' id='word_1_703' title='bbox 2753 4149 3124 4220; x_wconf 88' lang='lat' dir='ltr'><strong>palatium,et</strong></span> <span class='ocrx_word' id='word_1_704' title='bbox 3152 4151 3502 4206; x_wconf 90' lang='lat' dir='ltr'><strong>consiliariis</strong></span> <span class='ocrx_word' id='word_1_705' title='bbox 3523 4169 3660 4207; x_wconf 92' lang='lat' dir='ltr'><strong>con-</strong></span> 
     </span>
    </p>
   </div>
   <div class='ocr_carea' id='block_1_102' title="bbox 2007 4237 3659 4310">
    <p class='ocr_par' dir='ltr' id='par_1_102' title="bbox 2007 4237 3659 4310">
     <span class='ocr_line' id='line_1_102' title="bbox 2007 4237 3659 4310; baseline 0.001 -18"><span class='ocrx_word' id='word_1_706' title='bbox 2007 4237 2201 4309; x_wconf 88' lang='lat' dir='ltr'><strong>dignis</strong></span> <span class='ocrx_word' id='word_1_707' title='bbox 2230 4253 2536 4307; x_wconf 89' lang='lat' dir='ltr'><strong>nunquam</strong></span> <span class='ocrx_word' id='word_1_708' title='bbox 2583 4237 2934 4292; x_wconf 90' lang='lat' dir='ltr'><strong>destitutum</strong></span> <span class='ocrx_word' id='word_1_709' title='bbox 2978 4238 3207 4294; x_wconf 84' lang='lat' dir='ltr'><strong>fuisset.</strong></span> <span class='ocrx_word' id='word_1_710' title='bbox 3242 4239 3314 4294; x_wconf 87' lang='lat' dir='ltr'><strong>Et</strong></span> <span class='ocrx_word' id='word_1_711' title='bbox 3346 4243 3410 4294; x_wconf 89' lang='lat' dir='ltr'><strong>ut</strong></span> <span class='ocrx_word' id='word_1_712' title='bbox 3437 4239 3659 4310; x_wconf 90' lang='lat' dir='ltr'><strong>qualis-</strong></span> 
     </span>
    </p>
   </div>
   <div class='ocr_carea' id='block_1_103' title="bbox 2007 4324 3659 4398">
    <p class='ocr_par' dir='ltr' id='par_1_103' title="bbox 2007 4324 3659 4398">
     <span class='ocr_line' id='line_1_103' title="bbox 2007 4324 3659 4398; baseline 0 -16"><span class='ocrx_word' id='word_1_713' title='bbox 2007 4342 2239 4398; x_wconf 90' lang='lat' dir='ltr'><strong>cunque</strong></span> <span class='ocrx_word' id='word_1_714' title='bbox 2259 4324 2491 4398; x_wconf 90' lang='lat' dir='ltr'><strong>legatio,</strong></span> <span class='ocrx_word' id='word_1_715' title='bbox 2517 4325 2638 4382; x_wconf 89' lang='lat' dir='ltr'><strong>sive</strong></span> <span class='ocrx_word' id='word_1_716' title='bbox 2662 4325 3030 4398; x_wconf 89' lang='lat' dir='ltr'><strong>speculandi,</strong></span> <span class='ocrx_word' id='word_1_717' title='bbox 3050 4326 3170 4382; x_wconf 89' lang='lat' dir='ltr'><strong>sive</strong></span> <span class='ocrx_word' id='word_1_718' title='bbox 3199 4326 3378 4382; x_wconf 89' lang='lat' dir='ltr'><strong>etiam</strong></span> <span class='ocrx_word' id='word_1_719' title='bbox 3409 4327 3659 4382; x_wconf 89' lang='lat' dir='ltr'><strong>subden-</strong></span> 
     </span>
    </p>
   </div>
   <div class='ocr_carea' id='block_1_104' title="bbox 2007 4413 3660 4489">
    <p class='ocr_par' dir='ltr' id='par_1_104' title="bbox 2007 4413 3660 4489">
     <span class='ocr_line' id='line_1_104' title="bbox 2007 4413 3660 4489; baseline 0 -18"><span class='ocrx_word' id='word_1_720' title='bbox 2007 4415 2065 4471; x_wconf 91' lang='lat' dir='ltr'><strong>di</strong></span> <span class='ocrx_word' id='word_1_721' title='bbox 2096 4414 2284 4489; x_wconf 91' lang='lat' dir='ltr'><strong>gratia</strong></span> <span class='ocrx_word' id='word_1_722' title='bbox 2309 4413 2553 4482; x_wconf 90' lang='lat' dir='ltr'><strong>veniret,</strong></span> <span class='ocrx_word' id='word_1_723' title='bbox 2588 4414 2837 4487; x_wconf 89' lang='lat' dir='ltr'><strong>qualiter</strong></span> <span class='ocrx_word' id='word_1_724' title='bbox 2884 4431 3089 4470; x_wconf 90' lang='lat' dir='ltr'><strong>omnes</strong></span> <span class='ocrx_word' id='word_1_725' title='bbox 3139 4413 3376 4485; x_wconf 91' lang='lat' dir='ltr'><strong>quidem</strong></span> <span class='ocrx_word' id='word_1_726' title='bbox 3414 4415 3660 4471; x_wconf 89' lang='lat' dir='ltr'><strong>honeste</strong></span> 
     </span>
    </p>
   </div>
   <div class='ocr_carea' id='block_1_105' title="bbox 2007 4501 3663 4577">
    <p class='ocr_par' dir='ltr' id='par_1_105' title="bbox 2007 4501 3663 4577">
     <span class='ocr_line' id='line_1_105' title="bbox 2007 4501 3663 4577; baseline -0.001 -16"><span class='ocrx_word' id='word_1_727' title='bbox 2007 4504 2227 4577; x_wconf 90' lang='lat' dir='ltr'><strong>suscipi</strong></span> <span class='ocrx_word' id='word_1_728' title='bbox 2258 4502 2604 4577; x_wconf 90' lang='lat' dir='ltr'><strong>potuissent.</strong></span> <span class='ocrx_word' id='word_1_729' title='bbox 2621 4503 2838 4560; x_wconf 91' lang='lat' dir='ltr'><strong>Deinde</strong></span> <span class='ocrx_word' id='word_1_730' title='bbox 2854 4503 3082 4575; x_wconf 90' lang='lat' dir='ltr'><strong>primus</strong></span> <span class='ocrx_word' id='word_1_731' title='bbox 3111 4501 3341 4558; x_wconf 90' lang='lat' dir='ltr'><strong>consilii</strong></span> <span class='ocrx_word' id='word_1_732' title='bbox 3366 4503 3663 4559; x_wconf 81' lang='lat' dir='ltr'><strong>rectitudi-</strong></span> 
     </span>
    </p>
   </div>
   <div class='ocr_carea' id='block_1_106' title="bbox 2008 4591 3662 4665">
    <p class='ocr_par' dir='ltr' id='par_1_106' title="bbox 2008 4591 3662 4665">
     <span class='ocr_line' id='line_1_106' title="bbox 2008 4591 3662 4665; baseline -0.001 -14"><span class='ocrx_word' id='word_1_733' title='bbox 2008 4593 2468 4663; x_wconf 89' lang='lat' dir='ltr'><strong>nem,secundus</strong></span> <span class='ocrx_word' id='word_1_734' title='bbox 2489 4592 2904 4649; x_wconf 78' lang='lat' dir='ltr'><strong>misericordiae</strong></span> <span class='ocrx_word' id='word_1_735' title='bbox 2922 4596 2979 4647; x_wconf 89' lang='lat' dir='ltr'><strong>et</strong></span> <span class='ocrx_word' id='word_1_736' title='bbox 2995 4591 3374 4665; x_wconf 87' lang='lat' dir='ltr'><strong>benignitatis</strong></span> <span class='ocrx_word' id='word_1_737' title='bbox 3403 4592 3662 4650; x_wconf 89' lang='lat' dir='ltr'><strong>consola-</strong></span> 
     </span>
    </p>
   </div>
   <div class='ocr_carea' id='block_1_107' title="bbox 2009 4680 3660 4749">
    <p class='ocr_par' dir='ltr' id='par_1_107' title="bbox 2009 4680 3660 4749">
     <span class='ocr_line' id='line_1_107' title="bbox 2009 4680 3660 4749; baseline 0 -10"><span class='ocrx_word' id='word_1_738' title='bbox 2009 4684 2252 4749; x_wconf 90' lang='lat' dir='ltr'><strong>tionem,</strong></span> <span class='ocrx_word' id='word_1_739' title='bbox 2274 4682 2486 4738; x_wconf 88' lang='lat' dir='ltr'><strong>tertius</strong></span> <span class='ocrx_word' id='word_1_740' title='bbox 2507 4698 2640 4737; x_wconf 88' lang='lat' dir='ltr'><strong>vero</strong></span> <span class='ocrx_word' id='word_1_741' title='bbox 2660 4681 2929 4736; x_wconf 63' lang='lat' dir='ltr'><strong>versutia:</strong></span> <span class='ocrx_word' id='word_1_742' title='bbox 2954 4697 3057 4736; x_wconf 92' lang='lat' dir='ltr'><strong>seu</strong></span> <span class='ocrx_word' id='word_1_743' title='bbox 3089 4680 3437 4738; x_wconf 87' lang='lat' dir='ltr'><strong>temeritatis</strong></span> <span class='ocrx_word' id='word_1_744' title='bbox 3466 4698 3660 4739; x_wconf 90' lang='lat' dir='ltr'><strong>sermo</strong></span> 
     </span>
    </p>
   </div>
   <div class='ocr_carea' id='block_1_108' title="bbox 2008 4770 3661 4845">
    <p class='ocr_par' dir='ltr' id='par_1_108' title="bbox 2008 4770 3661 4845">
     <span class='ocr_line' id='line_1_108' title="bbox 2008 4770 3661 4845; baseline 0.001 -18"><span class='ocrx_word' id='word_1_745' title='bbox 2008 4773 2247 4828; x_wconf 88' lang='lat' dir='ltr'><strong>referret</strong></span> <span class='ocrx_word' id='word_1_746' title='bbox 2276 4770 2650 4827; x_wconf 89' lang='lat' dir='ltr'><strong>medicinam.</strong></span> <span class='ocrx_word' id='word_1_747' title='bbox 2686 4770 2756 4826; x_wconf 90' lang='lat' dir='ltr'><strong>Et</strong></span> <span class='ocrx_word' id='word_1_748' title='bbox 2785 4775 2852 4826; x_wconf 89' lang='lat' dir='ltr'><strong>ut</strong></span> <span class='ocrx_word' id='word_1_749' title='bbox 2879 4787 2948 4827; x_wconf 85' lang='lat' dir='ltr'><strong>ex</strong></span> <span class='ocrx_word' id='word_1_750' title='bbox 2988 4786 3339 4843; x_wconf 89' lang='lat' dir='ltr'><strong>quacunque</strong></span> <span class='ocrx_word' id='word_1_751' title='bbox 3380 4775 3544 4845; x_wconf 90' lang='lat' dir='ltr'><strong>parte</strong></span> <span class='ocrx_word' id='word_1_752' title='bbox 3573 4777 3661 4829; x_wconf 86' lang='lat' dir='ltr'><strong>to-</strong></span> 
     </span>
    </p>
   </div>
   <div class='ocr_carea' id='block_1_109' title="bbox 2007 4858 3663 4932">
    <p class='ocr_par' dir='ltr' id='par_1_109' title="bbox 2007 4858 3663 4932">
     <span class='ocr_line' id='line_1_109' title="bbox 2007 4858 3663 4932; baseline 0 -16"><span class='ocrx_word' id='word_1_753' title='bbox 2007 4861 2126 4917; x_wconf 91' lang='lat' dir='ltr'><strong>tius</strong></span> <span class='ocrx_word' id='word_1_754' title='bbox 2151 4859 2334 4932; x_wconf 91' lang='lat' dir='ltr'><strong>regni,</strong></span> <span class='ocrx_word' id='word_1_755' title='bbox 2361 4858 2698 4930; x_wconf 91' lang='lat' dir='ltr'><strong>quicunque</strong></span> <span class='ocrx_word' id='word_1_756' title='bbox 2719 4859 3037 4928; x_wconf 90' lang='lat' dir='ltr'><strong>desolatus,</strong></span> <span class='ocrx_word' id='word_1_757' title='bbox 3062 4859 3520 4928; x_wconf 89' lang='lat' dir='ltr'><strong>orbatus,alieno</strong></span> <span class='ocrx_word' id='word_1_758' title='bbox 3551 4877 3663 4916; x_wconf 65' lang='lat' dir='ltr'><strong>aere</strong></span> 
     </span>
    </p>
   </div>
   <div class='ocr_carea' id='block_1_110' title="bbox 2009 4946 3661 5023">
    <p class='ocr_par' dir='ltr' id='par_1_110' title="bbox 2009 4946 3661 5023">
     <span class='ocr_line' id='line_1_110' title="bbox 2009 4946 3661 5023; baseline -0.003 -16"><span class='ocrx_word' id='word_1_759' title='bbox 2009 4948 2572 5023; x_wconf 88' lang='lat' dir='ltr'><strong>oppressus,injuste</strong></span> <span class='ocrx_word' id='word_1_760' title='bbox 2595 4946 2892 5004; x_wconf 89' lang='lat' dir='ltr'><strong>calumnia</strong></span> <span class='ocrx_word' id='word_1_761' title='bbox 2907 4949 3196 5021; x_wconf 90' lang='lat' dir='ltr'><strong>cujusque</strong></span> <span class='ocrx_word' id='word_1_762' title='bbox 3210 4951 3661 5016; x_wconf 81' lang='lat' dir='ltr'><strong>suﬂ&#39;ocatus,seu</strong></span> 
     </span>
    </p>
   </div>
   <div class='ocr_carea' id='block_1_111' title="bbox 2010 5035 3658 5111">
    <p class='ocr_par' dir='ltr' id='par_1_111' title="bbox 2010 5035 3658 5111">
     <span class='ocr_line' id='line_1_111' title="bbox 2010 5035 3658 5111; baseline -0.001 -17"><span class='ocrx_word' id='word_1_763' title='bbox 2010 5043 2215 5096; x_wconf 81' lang='lat' dir='ltr'><strong>caetera</strong></span> <span class='ocrx_word' id='word_1_764' title='bbox 2235 5036 2327 5093; x_wconf 89' lang='lat' dir='ltr'><strong>his</strong></span> <span class='ocrx_word' id='word_1_765' title='bbox 2359 5035 2596 5104; x_wconf 90' lang='lat' dir='ltr'><strong>similia,</strong></span> <span class='ocrx_word' id='word_1_766' title='bbox 2621 5054 2748 5108; x_wconf 82' lang='lat' dir='ltr'><strong>quae</strong></span> <span class='ocrx_word' id='word_1_767' title='bbox 2765 5054 2920 5093; x_wconf 89' lang='lat' dir='ltr'><strong>nunc</strong></span> <span class='ocrx_word' id='word_1_768' title='bbox 2945 5053 3290 5095; x_wconf 88' lang='lat' dir='ltr'><strong>enumerare</strong></span> <span class='ocrx_word' id='word_1_769' title='bbox 3313 5037 3658 5111; x_wconf 85' lang='lat' dir='ltr'><strong>perlongum</strong></span> 
     </span>
    </p>
   </div>
   <div class='ocr_carea' id='block_1_112' title="bbox 2011 5122 3658 5198">
    <p class='ocr_par' dir='ltr' id='par_1_112' title="bbox 2011 5122 3658 5198">
     <span class='ocr_line' id='line_1_112' title="bbox 2011 5122 3658 5198; baseline -0.003 -15"><span class='ocrx_word' id='word_1_770' title='bbox 2011 5125 2378 5196; x_wconf 81' lang='lat' dir='ltr'><strong>est,maxime</strong></span> <span class='ocrx_word' id='word_1_771' title='bbox 2401 5130 2596 5182; x_wconf 90' lang='lat' dir='ltr'><strong>tamen</strong></span> <span class='ocrx_word' id='word_1_772' title='bbox 2620 5125 2690 5180; x_wconf 93' lang='lat' dir='ltr'><strong>de</strong></span> <span class='ocrx_word' id='word_1_773' title='bbox 2711 5125 2903 5183; x_wconf 81' lang='lat' dir='ltr'><strong>viduis</strong></span> <span class='ocrx_word' id='word_1_774' title='bbox 2927 5130 2983 5182; x_wconf 90' lang='lat' dir='ltr'><strong>et</strong></span> <span class='ocrx_word' id='word_1_775' title='bbox 3003 5126 3302 5198; x_wconf 87' lang='lat' dir='ltr'><strong>orphanis,</strong></span> <span class='ocrx_word' id='word_1_776' title='bbox 3327 5129 3446 5181; x_wconf 90' lang='lat' dir='ltr'><strong>tam</strong></span> <span class='ocrx_word' id='word_1_777' title='bbox 3467 5122 3658 5179; x_wconf 88' lang='lat' dir='ltr'><strong>senio-</strong></span> 
     </span>
    </p>
   </div>
   <div class='ocr_carea' id='block_1_113' title="bbox 2012 5214 3659 5287">
    <p class='ocr_par' dir='ltr' id='par_1_113' title="bbox 2012 5214 3659 5287">
     <span class='ocr_line' id='line_1_113' title="bbox 2012 5214 3659 5287; baseline -0.003 -16"><span class='ocrx_word' id='word_1_778' title='bbox 2012 5233 2142 5273; x_wconf 91' lang='lat' dir='ltr'><strong>rum</strong></span> <span class='ocrx_word' id='word_1_779' title='bbox 2166 5231 2460 5287; x_wconf 90' lang='lat' dir='ltr'><strong>quamque</strong></span> <span class='ocrx_word' id='word_1_780' title='bbox 2480 5217 2536 5269; x_wconf 90' lang='lat' dir='ltr'><strong>et</strong></span> <span class='ocrx_word' id='word_1_781' title='bbox 2557 5214 3440 5284; x_wconf 87' lang='lat' dir='ltr'><strong>mediocrium,uniuscujusque</strong></span> <span class='ocrx_word' id='word_1_782' title='bbox 3456 5227 3659 5267; x_wconf 87' lang='lat' dir='ltr'><strong>secun-</strong></span> 
     </span>
    </p>
   </div>
   <div class='ocr_carea' id='block_1_114' title="bbox 2006 5301 3657 5377">
    <p class='ocr_par' dir='ltr' id='par_1_114' title="bbox 2006 5301 3657 5377">
     <span class='ocr_line' id='line_1_114' title="bbox 2006 5301 3657 5377; baseline -0.002 -16"><span class='ocrx_word' id='word_1_783' title='bbox 2006 5307 2148 5361; x_wconf 92' lang='lat' dir='ltr'><strong>dum</strong></span> <span class='ocrx_word' id='word_1_784' title='bbox 2172 5321 2340 5361; x_wconf 90' lang='lat' dir='ltr'><strong>suam</strong></span> <span class='ocrx_word' id='word_1_785' title='bbox 2362 5303 2770 5377; x_wconf 89' lang='lat' dir='ltr'><strong>indigentiam,</strong></span> <span class='ocrx_word' id='word_1_786' title='bbox 2792 5305 2880 5360; x_wconf 91' lang='lat' dir='ltr'><strong>vel</strong></span> <span class='ocrx_word' id='word_1_787' title='bbox 2912 5301 3657 5376; x_wconf 88' lang='lat' dir='ltr'><strong>qualitatem,dominorum</strong></span> 
     </span>
    </p>
   </div>
   <div class='ocr_carea' id='block_1_115' title="bbox 2005 5391 3658 5464">
    <p class='ocr_par' dir='ltr' id='par_1_115' title="bbox 2005 5391 3658 5464">
     <span class='ocr_line' id='line_1_115' title="bbox 2005 5391 3658 5464; baseline -0.002 -13"><span class='ocrx_word' id='word_1_788' title='bbox 2005 5413 2137 5451; x_wconf 88' lang='lat' dir='ltr'><strong>vero</strong></span> <span class='ocrx_word' id='word_1_789' title='bbox 2160 5391 2622 5448; x_wconf 89' lang='lat' dir='ltr'><strong>misericordiam</strong></span> <span class='ocrx_word' id='word_1_790' title='bbox 2653 5398 2709 5448; x_wconf 91' lang='lat' dir='ltr'><strong>et</strong></span> <span class='ocrx_word' id='word_1_791' title='bbox 2740 5393 3040 5464; x_wconf 87' lang='lat' dir='ltr'><strong>pietatem,</strong></span> <span class='ocrx_word' id='word_1_792' title='bbox 3066 5405 3298 5462; x_wconf 89' lang='lat' dir='ltr'><strong>semper</strong></span> <span class='ocrx_word' id='word_1_793' title='bbox 3317 5391 3389 5448; x_wconf 90' lang='lat' dir='ltr'><strong>ad</strong></span> <span class='ocrx_word' id='word_1_794' title='bbox 3414 5406 3658 5448; x_wconf 89' lang='lat' dir='ltr'><strong>manum</strong></span> 
     </span>
    </p>
   </div>
   <div class='ocr_carea' id='block_1_116' title="bbox 2004 5479 3658 5554">
    <p class='ocr_par' dir='ltr' id='par_1_116' title="bbox 2004 5479 3658 5554">
     <span class='ocr_line' id='line_1_116' title="bbox 2004 5479 3658 5554; baseline -0.001 -14"><span class='ocrx_word' id='word_1_795' title='bbox 2004 5484 2261 5550; x_wconf 87' lang='lat' dir='ltr'><strong>haberet,</strong></span> <span class='ocrx_word' id='word_1_796' title='bbox 2293 5498 2395 5554; x_wconf 90' lang='lat' dir='ltr'><strong>per</strong></span> <span class='ocrx_word' id='word_1_797' title='bbox 2437 5498 2610 5553; x_wconf 88' lang='lat' dir='ltr'><strong>quem</strong></span> <span class='ocrx_word' id='word_1_798' title='bbox 2657 5481 2874 5554; x_wconf 90' lang='lat' dir='ltr'><strong>singuli</strong></span> <span class='ocrx_word' id='word_1_799' title='bbox 2909 5482 2980 5536; x_wconf 92' lang='lat' dir='ltr'><strong>ad</strong></span> <span class='ocrx_word' id='word_1_800' title='bbox 3013 5479 3142 5552; x_wconf 90' lang='lat' dir='ltr'><strong>pias</strong></span> <span class='ocrx_word' id='word_1_801' title='bbox 3171 5497 3342 5538; x_wconf 86' lang='lat' dir='ltr'><strong>aures</strong></span> <span class='ocrx_word' id='word_1_802' title='bbox 3373 5480 3658 5554; x_wconf 83' lang='lat' dir='ltr'><strong>principis</strong></span> 
     </span>
    </p>
   </div>
   <div class='ocr_carea' id='block_1_117' title="bbox 2004 5570 2642 5648">
    <p class='ocr_par' dir='ltr' id='par_1_117' title="bbox 2004 5570 2642 5648">
     <span class='ocr_line' id='line_1_117' title="bbox 2004 5570 2642 5648; baseline -0.005 -20"><span class='ocrx_word' id='word_1_803' title='bbox 2004 5572 2257 5648; x_wconf 89' lang='lat' dir='ltr'><strong>perferre</strong></span> <span class='ocrx_word' id='word_1_804' title='bbox 2290 5570 2642 5642; x_wconf 87' lang='lat' dir='ltr'><strong>potuissent.</strong></span> 
     </span>
    </p>
   </div>
   <div class='ocr_carea' id='block_1_118' title="bbox 2075 5657 3657 5736">
    <p class='ocr_par' dir='ltr' id='par_1_118' title="bbox 2075 5657 3657 5736">
     <span class='ocr_line' id='line_1_118' title="bbox 2075 5657 3657 5736; baseline -0.003 -13"><span class='ocrx_word' id='word_1_805' title='bbox 2075 5663 2208 5723; x_wconf 74' lang='lat' dir='ltr'><strong>CAP.</strong></span> <span class='ocrx_word' id='word_1_806' title='bbox 2234 5657 2425 5720; x_wconf 87' lang='lat' dir='ltr'><strong>XXVI.</strong></span> <span class='ocrx_word' id='word_1_807' title='bbox 2468 5658 2772 5729; x_wconf 85' lang='lat' dir='ltr'><strong>Similiter,</strong></span> <span class='ocrx_word' id='word_1_808' title='bbox 2811 5659 2913 5734; x_wconf 89' lang='lat' dir='ltr'><strong>qui</strong></span> <span class='ocrx_word' id='word_1_809' title='bbox 2943 5663 3181 5736; x_wconf 86' lang='lat' dir='ltr'><strong>propter</strong></span> <span class='ocrx_word' id='word_1_810' title='bbox 3211 5657 3506 5718; x_wconf 84' lang='lat' dir='ltr'><strong>diutinum</strong></span> <span class='ocrx_word' id='word_1_811' title='bbox 3536 5675 3657 5720; x_wconf 86' lang='lat' dir='ltr'><strong>ser-</strong></span> 
     </span>
    </p>
   </div>
   <div class='ocr_carea' id='block_1_119' title="bbox 3260 5788 3338 5851">
    <p class='ocr_par' dir='ltr' id='par_1_119' title="bbox 3260 5788 3338 5851">
     <span class='ocr_line' id='line_1_119' title="bbox 3260 5788 3338 5851; baseline -0.038 0"><span class='ocrx_word' id='word_1_812' title='bbox 3260 5788 3338 5851; x_wconf 78' lang='lat'><strong>32</strong></span> 
     </span>
    </p>
   </div>
  </div>
