3976 6188
346 388 502 451 1003

1125 389 1500 451 HINCMARI
1545 386 1788 449 RHEM.
1837 384 2203 448 ARCHIEP.
2250 383 2660 446 OPUSCULA
2708 384 2968 445 VARIA.

3592 383 3752 443 1004

342 522 551 576 vitium
582 520 741 591 digni
774 524 941 575 erant
971 525 1036 575 ut
1067 521 1425 577 remunerari
1456 519 1889 583 debuissent,ct
1914 516 1989 574 lo-
2016 516 2074 583 Α
2101 515 2628 587 gnoincumbobat,
2654 516 3012 571 mutabatur.
3037 515 3101 569 In
3136 530 3252 586 quo
3282 513 3495 587 placito
3516 530 3758 587 genera-

346 607 596 664 custalis
607 608 1079 677 occurrebat,ubi
1093 624 1162 664 ex
1172 606 1881 681 praedictisindigentibus
1898 621 1992 661 ne-

346 713 444 754 mo
467 695 593 753 sine
614 713 894 753 mensura
913 696 1345 762 destitueretur,
1369 696 1640 757 similiter
1665 695 1989 751 secundum

345 803 549 842 eorum
578 784 922 858 qualitatem
944 787 1015 841 ad
1038 786 1381 842 memoriam
1405 785 1739 859 principum
1760 799 1990 840 revoca-

347 878 570 941 rentur,
604 891 721 929 non
751 877 874 929 tam
904 874 1050 946 ipsis
1083 874 1449 947 urgentibus,
1482 890 1660 946 quam
1690 872 1992 939 eorum,de

349 963 567 1035 quibus
589 978 768 1034 supra
789 962 1009 1018 dictum
1031 967 1141 1031 est,
1157 962 1333 1018 ﬁdem
1352 966 1411 1018 et
1430 962 1695 1018 debitum
1717 959 1993 1033 exigenti-

351 1052 486 1123 bus,
503 1054 570 1106 ut
596 1050 657 1107 in
686 1049 772 1107 eis
800 1050 859 1106 id
892 1045 1055 1107 ﬁeret
1084 1050 1273 1123 primo
1304 1055 1542 1123 propter
1570 1051 1726 1122 quod
1757 1066 1889 1106 cum
1901 1050 1994 1121 ju-

352 1138 515 1196 stitia
528 1142 588 1196 et
606 1137 1006 1196 misericordia
1025 1138 1141 1194 Deo
1162 1132 1434 1210 placeret.
1460 1139 1678 1195 Deinde
1699 1138 1757 1194 in
1785 1137 1994 1216 militia

352 1227 793 1284 remanentibus
818 1226 1207 1283 certissimam
1234 1227 1484 1284 ﬁdeliter
1512 1227 1798 1284 serviendi
1816 1227 1991 1282 ﬁdem

352 1315 815 1374 etconstantiam
837 1305 1260 1371 ministrarent.
1286 1315 1503 1371 Deinde
1528 1319 1594 1372 ut
1617 1315 1793 1372 etiam
1822 1315 1993 1387 longe

353 1403 561 1478 positis
572 1419 675 1476 per
684 1403 862 1459 totius
876 1403 1038 1476 regni
1061 1403 1348 1459 ambitum
1369 1403 1630 1461 lmtitiam
1643 1408 1701 1460 et
1709 1404 1993 1477 gaudium

354 1494 841 1554 demonstrarent.
866 1492 936 1547 Et
964 1492 1014 1547 si
1045 1491 1269 1567 aliquis,
1290 1509 1359 1549 ex
1394 1492 1879 1549 ministerialibus
1906 1491 1994 1548 vel

351 1578 700 1638 consiliariis
738 1581 1075 1648 decedebat,
1105 1580 1233 1637 loco
1262 1582 1391 1652 ejus
1420 1597 1717 1655 oongruus
1746 1585 1803 1637 et
1836 1580 1997 1653 utilis

351 1668 787 1727 restituebatur.

421 1759 557 1815 CAP.
590 1758 804 1815 XXVII.
829 1759 898 1814 Et
930 1763 994 1814 ut
1025 1758 1124 1814 illa
1157 1758 1491 1825 multitudo,
1528 1777 1653 1832 qua:
1687 1760 1744 1815 in
1780 1758 1997 1832 palatio

352 1862 584 1920 semper
611 1864 739 1903 esse
768 1848 960 1914 debet,
992 1847 1393 1903 indeﬁcieuter
1441 1848 1750 1920 persistere
1778 1852 1997 1920 posset,

353 1938 446 1993 bis
498 1936 688 1991 tribus
748 1936 1054 1991 ordinibus
1105 1936 1426 1991 fovebatur.
1464 1936 1587 1991 Uno
1619 1936 1904 2002 videlicet,
1938 1942 2002 1991 ut

354 2026 577 2098 absque
607 2025 953 2080 ministeriis
983 2024 1231 2097 expediti
1265 2024 1502 2091 milites,
1539 2026 1867 2098 anteposita
1899 2026 1999 2081 do-

356 2114 651 2170 minorum
709 2113 1085 2185 benignitate,
1118 2118 1175 2167 et
1232 2113 1642 2181 sollicitudine,
1679 2131 1791 2187 qua
1844 2131 1999 2170 nunc

354 2203 530 2267 victu,
550 2218 706 2257 nunc
734 2203 971 2272 vestitu,
992 2218 1147 2257 nunc
1179 2218 1340 2267 auro,
1363 2219 1517 2258 nunc
1547 2209 1810 2274 argento,
1828 2204 1999 2258 modo

356 2292 542 2364 equis,
567 2289 653 2346 vel
675 2291 897 2346 czeteris
917 2291 1297 2357 ornamentis,
1320 2291 1616 2347 interdum
1649 2291 1996 2363 specialiter,

355 2379 670 2453 aliquando
700 2383 873 2451 prout
901 2383 1157 2451 tempus,
1191 2378 1357 2448 ratio,
1392 2383 1449 2435 et
1479 2381 1618 2436 ordo
1649 2379 2000 2451 condignam

354 2471 701 2543 potestatem
731 2467 1204 2534 administrabat,
1247 2466 1461 2539 sazpius
1510 2469 1808 2539 porrectis,
1843 2468 1902 2522 in
1932 2485 2000 2524 eo

353 2562 549 2614 tamen
561 2556 988 2613 indeﬂcientem
1001 2554 1711 2625 consolationem,necnon
1725 2557 1796 2612 ad
1812 2555 2001 2629 regale

352 2644 703 2718 obsequium
724 2644 1156 2700 inﬂammatum
1174 2644 1440 2701 animum
1458 2645 1758 2701 ardentius
1772 2661 2003 2717 semper

353 2733 669 2806 habebant,
691 2734 846 2806 quod
870 2731 1001 2789 illos
1022 2733 1244 2805 praefati
1275 2734 1562 2807 capitanei
1588 2733 2000 2790 ministeriales

352 2822 618 2880 certatim
650 2823 720 2879 de
752 2821 846 2878 die
875 2823 934 2877 in
972 2822 1147 2892 diem,
1174 2839 1329 2878 nunc
1362 2823 1529 2893 istos,
1553 2840 1710 2879 nunc
1742 2822 1893 2892 illos,
1928 2824 2001 2879 ad

352 2911 690 2968 mansiones
720 2928 860 2968 suas
887 2911 1194 2978 vocabant,
1229 2914 1286 2967 et
1315 2927 1429 2967 non
1460 2916 1581 2967 tam
1612 2911 1760 2985 gulae
1789 2911 2005 2969 voraci-

352 3005 494 3068 tate,
515 3016 692 3073 quam
707 3016 855 3057 verae
876 2999 1297 3056 familiaritatis
1319 3016 1422 3056 seu
1439 2999 1769 3058 dilectionis
1782 3018 1999 3070 amore,

353 3094 529 3163 prout
555 3089 770 3161 cuique
798 3087 1079 3161 possibile
1108 3092 1252 3157 erat,
1284 3088 1622 3161 impendere
1651 3090 1998 3146 studebant:

2100 602 2236 659 litas
2264 602 2668 659 universorum
2700 604 2990 674 majorum
3020 606 3143 658 tam
3175 602 3521 659 clericorum
3571 610 3756 675 quam

2100 691 2386 748 laicorum
2414 691 2829 748 conveniebat:
2859 690 3140 756 seniores,
3165 694 3401 763 propter
3436 691 3755 748 concilium

2099 779 2521 848 ordinandum;
2551 779 2826 848 minores,
2851 783 3087 853 propter
3106 779 3262 835 idem
3276 778 3610 835 comsilium
3628 796 3759 836 sus-

2100 867 2456 941 cipiendum,
2491 871 2548 923 et
2576 868 2873 924 interdum
2899 867 3118 940 pariter
3146 868 3606 935 tractandum,et
3635 885 3757 925 non

2100 973 2169 1013 ex
2191 960 2497 1029 potestate,
2532 957 2633 1012 sed
2665 973 2735 1012 ex
2764 955 3000 1028 proprio
3049 954 3264 1011 mentis
3310 954 3610 1012 intellectu
3664 956 3758 1013 vel

2102 1044 2393 1101 sententia
2417 1045 2913 1101 confirmandum.
3216 1040 3219 1041 ⁷

2174 1133 2308 1189 CAP.
2340 1133 2498 1189 XXX.
2531 1133 2817 1189 Caeterum
2865 1137 3061 1189 autem
3113 1137 3349 1206 propter
3391 1134 3547 1190 dona
3575 1148 3762 1206 gene-

2102 1220 2303 1278 raliter
2320 1220 2699 1291 danda,aliud
2721 1220 3004 1293 placitum
3025 1237 3161 1277 cum
3175 1221 3505 1278 senioribus
3524 1226 3760 1278 tantum

2103 1308 2161 1365 et
2190 1309 2500 1382 praecipuis
2554 1309 2908 1366 consiliariis
2963 1308 3293 1365 habebatur
3325 1326 3339 1365 :
3366 1309 3426 1365 in
3476 1327 3592 1383 quo
3626 1311 3761 1383 jam

2106 1397 2285 1454 futuri
2308 1397 2446 1454 anni
2468 1397 2659 1454 statu's
2678 1397 2915 1453 tractari
2936 1396 3350 1469 incipiebatur,
3368 1398 3417 1453 si
3442 1398 3589 1455 forte
3616 1397 3764 1455 talia

2107 1485 2306 1558 aliqua
2328 1503 2390 1543 se
2413 1487 2961 1560 praemonstrabant,
2984 1503 3088 1559 pro
3126 1487 3342 1559 quibus
3366 1504 3606 1545 necesse
3635 1494 3767 1545 erat

2106 1574 2563 1647 praemeditando
2584 1576 2875 1643 ordinare,
2899 1575 2948 1631 si
2971 1574 3115 1648 quid
3134 1592 3270 1632 mox
3288 1580 3584 1634 transacto
3603 1594 3763 1634 anno

2107 1662 2299 1735 priore
2320 1664 2703 1731 incumberet,
2728 1682 2831 1736 pro
2853 1681 2970 1736 quo
2991 1664 3366 1736 anticipando
3398 1665 3622 1738 aliquid
3639 1669 3762 1722 sta-

2107 1757 2272 1809 tuere
2305 1757 2403 1808 aut
2435 1753 2733 1825 providere
2765 1752 3086 1809 necessitas
3117 1755 3271 1808 esset
3304 1769 3317 1807 :
3345 1754 3505 1809 verbi
3546 1754 3759 1828 gratia,

2110 1842 2159 1897 si
2190 1841 2343 1896 inter
2371 1841 2696 1897 marchisos
2728 1840 2788 1896 in
2818 1840 3078 1913 qualibet
3109 1841 3268 1912 regni
3304 1846 3466 1914 parte
3498 1843 3568 1898 ad
3594 1842 3762 1899 aliud

2109 1934 2343 2003 tempus
2366 1931 2579 1985 dextrae
2601 1932 2749 1985 datm
2767 1930 3037 1995 fuissent,
3062 1929 3201 2001 quid
3226 1947 3358 1986 mox
3379 1936 3511 2003 post
3524 1932 3763 1988 dextras

2110 2023 2340 2074 exactas
2398 2020 2692 2091 agendum
2746 2024 2921 2086 esset,
2988 2023 3186 2073 utrum
3262 2020 3623 2087 renovandae,
3681 2037 3762 2076 an

2110 2107 2375 2163 ﬁniendae
2393 2113 2615 2163 essent:
2626 2109 2797 2179 juxta
2814 2112 3153 2162 cmtcrarum
3179 2108 3436 2180 partium
3451 2108 3765 2164 imminen-

2107 2196 2268 2253 tibus
2299 2197 2421 2251 rixa
2452 2201 2509 2250 et
2539 2213 2700 2268 pace,
2725 2202 2790 2251 ut
2820 2196 3146 2252 secundum
3177 2196 3235 2250 id
3267 2198 3422 2269 quod
3452 2202 3593 2253 tunc
3617 2203 3765 2254 tem-
3847 2228 3859 2235 -

2109 2286 2268 2357 poris
2300 2286 2447 2340 ratio
2474 2286 2772 2358 poscebat,
2806 2284 2856 2340 si
2886 2302 2954 2340 ex
2986 2302 3104 2340 una
3133 2289 3296 2358 parte
3326 2286 3463 2342 hinc
3494 2292 3593 2342 aut
3622 2287 3764 2342 inde

2108 2372 2196 2428 vel
2228 2371 2493 2429 facienda
2531 2372 2620 2429 vel
2670 2372 2975 2429 toleranda
3030 2373 3372 2446 inquietudo
3432 2374 3765 2432 necessario

2109 2461 2509 2530 incumbebat,
2537 2478 2605 2517 ex
2633 2461 2766 2517 aliis
2796 2462 3067 2534 partibus
3094 2462 3494 2535 tranquillitas
3521 2463 3765 2522 ordina-

2110 2551 2366 2605 retur.Et
2384 2567 2520 2606 cum
2541 2551 2623 2606 ita
2640 2568 2742 2624 per
2761 2551 3103 2608 earumdem
3127 2551 3424 2608 seniorum
3445 2552 3763 2610 consilium

2110 2639 2250 2711 quid
2275 2639 2458 2695 futuri
2478 2639 2762 2713 temporis
2784 2640 2935 2697 actio
2956 2641 3043 2697 vel
3073 2641 3213 2698 ordo
3244 2641 3451 2715 agendi
3474 2644 3763 2714 posceret,

2110 2728 2335 2801 alonge
2363 2729 2834 2785 considerarent:
2860 2732 2918 2785 et
2945 2745 3082 2785 cum
3114 2730 3420 2786 inventum
3440 2736 3617 2799 esset,
3649 2732 3764 2788 sub

2111 2816 2340 2873 silentio
2371 2818 2527 2873 idem
2559 2818 2862 2874 inventum
2909 2819 3243 2888 consilium,
3275 2818 3359 2875 ita
3387 2819 3656 2876 funditus
3687 2822 3763 2878 ah

2110 2905 2386 2962 omnibus
2412 2905 2619 2963 alienis
2649 2906 3018 2980 incognitum
3050 2923 3236 2980 usque
3258 2909 3333 2964 ad
3362 2908 3525 2964 aliud
3546 2909 3762 2967 iterum

2110 2994 2435 3052 secundum
2467 2994 2735 3068 generale
2766 2994 3070 3069 placitum,
3093 3012 3162 3052 ac
3190 2996 3241 3052 si
3270 2996 3578 3053 inventum
3607 2996 3697 3054 vel
3728 3015 3765 3054 ο.

2112 3083 2272 3140 nullo
2293 3087 2609 3140 tractatum
2633 3088 2809 3154 esset,
2831 3089 3131 3142 maneret:
3156 3090 3223 3141 ut
3251 3084 3301 3142 si
3332 3086 3478 3143 forte
3509 3086 3630 3144 tale
3656 3086 3761 3144 ali-

354 3177 557 3251 sicque
585 3178 851 3247 ﬁebat,ut
876 3192 1075 3232 rarum
1109 3175 1358 3248 quisque
1389 3177 1542 3233 infra
1570 3177 2002 3234 hebdomadam
2113 3173 2251 3246 quid
2286 3179 2388 3230 aut
2415 3175 2568 3231 infra
2595 3180 2697 3232 aut
2737 3179 2899 3231 extra
2944 3191 3191 3249 regnum
3241 3176 3641 3234 ordinandum
3670 3195 3760 3235 es-

353 3263 807 3337 remaneret,qui
838 3280 953 3320 non
979 3264 1053 3319 ab
1083 3263 1279 3336 aliquo
1299 3281 1404 3337 pro
1433 3264 1772 3337 hujusmodi
1805 3266 1999 3323 studio
2029 3251 2072 3318 C
2109 3267 2219 3329 set,
2254 3262 2408 3334 quod
2445 3263 2810 3335 praescientia
2860 3264 3272 3336 quorumdam,
3304 3270 3406 3321 aut
3434 3266 3757 3337 destruere,

352 3357 788 3411 convocaretur.

422 3441 560 3497 ΟΑΡ.
591 3439 835 3496 XXVIII.
867 3439 1027 3497 Alter
1054 3442 1197 3496 ordo
1230 3458 1332 3514 per
1379 3442 1614 3516 singula
1671 3443 2000 3513 ministeria

348 3527 656 3602 discipulis
685 3530 1061 3603 congruebat,
1077 3530 1177 3603 qui
1209 3531 1489 3603 magistro
1519 3550 1626 3588 suo
1655 3528 1872 3607 singuli
1895 3535 1996 3590 ad-

348 3617 718 3688 haerentes,et
742 3617 1209 3676 honoriﬁcabant
1238 3625 1294 3676 et
1321 3621 1878 3690 honoriﬁcabantur,
1911 3622 1995 3679 lo-

347 3707 548 3781 cisque
578 3706 794 3781 singuli
826 3707 971 3780 suis,
995 3713 1169 3780 prout
1196 3710 1601 3782 opportunitas
1631 3712 1991 3781 occurrebat,

348 3802 463 3853 uta
481 3796 729 3853 Domino
757 3797 1008 3853 videndo
1035 3797 1124 3854 vel
1157 3797 1507 3871 alloquendo
1533 3800 1992 3858 consolarentur.

346 3885 583 3941 Tertius
613 3885 754 3940 ordo
784 3885 925 3940 item
956 3890 1100 3957 erat,
1120 3890 1243 3942 tam
1275 3888 1772 3961 majorum,quam
1806 3891 1992 3945 mino-

345 3967 499 4040 rum,
535 3973 595 4028 in
621 3971 838 4045 pueris,
865 3973 952 4028 vel
1012 3975 1303 4042 vassallis,
1357 3994 1504 4048 quos
1560 3980 1990 4052 unusquisque,

345 4064 521 4133 prout
551 4061 878 4134 gubernare
909 4067 966 4118 et
996 4067 1323 4121 sustentare
1353 4067 1574 4139 absque
1605 4073 1858 4140 peccato,
1895 4087 1991 4125 ra-

344 4149 484 4222 pina
496 4148 767 4206 videlicet
780 4150 871 4206 vel
892 4151 1045 4207 furto
1058 4157 1302 4224 poterat,
1327 4156 1587 4211 studiose
1618 4156 1832 4213 habere
1858 4176 1989 4231 pro-

341 4239 719 4296 curahant.ln
746 4240 963 4312 quibus
994 4241 1213 4299 scilicet
1243 4244 1631 4300 denominatis
1661 4246 1986 4315 ordinibus,

342 4328 563 4401 absque
583 4329 676 4384 his
702 4330 802 4400 qui
824 4346 1055 4403 semper
1075 4333 1265 4387 eundo
1295 4337 1351 4388 et
1381 4334 1674 4389 redeundo
1706 4335 2011 4406 palatium‘

340 4417 809 4490 frequentabant,
843 4424 967 4475 erat
1012 4420 1372 4490 delectabile,
1404 4424 1558 4495 quod
1607 4424 1900 4480 interdum
1934 4429 1990 4481 et

338 4505 748 4572 necessitati,si
772 4512 1006 4579 repente
1025 4508 1340 4581 ingrueret,
1366 4528 1597 4584 semper
1615 4513 1951 4569 sufficerent
1970 4532 1983 4569 :

2108 3354 2210 3407 aut
2229 3354 2382 3407 certe
2401 3350 2606 3407 inutile
2640 3353 2902 3419 reddere,
2926 3358 3029 3409 aut
3048 3369 3153 3427 per
3174 3353 3435 3427 aliquam
3469 3355 3757 3412 diversam

2105 3440 2382 3497 astutiam
2395 3439 2744 3497 laboriosius
2761 3440 3093 3498 faciendum
3108 3447 3441 3500 convertere
3451 3443 3756 3512 voluisset,

2105 3528 2214 3584 hoc
2244 3528 2583 3585 nullatenus
2612 3529 2799 3585 facere
2829 3531 3139 3603 potuisset.
3166 3531 3231 3588 In
3262 3533 3390 3604 ipso
3421 3537 3621 3589 autem
3641 3532 3759 3606 pla-

2104 3616 2239 3685 cito,
2263 3617 2312 3672 si
2334 3617 2475 3689 quid
2498 3618 2580 3673 ita
2607 3618 2880 3691 exigeret,
2904 3619 2991 3676 vel
3024 3624 3261 3694 propter
3289 3621 3751 3678 satisfactionem

2103 3709 2441 3762 caeterorum
2472 3706 2796 3776 seniorum,
2828 3708 2915 3763 vel
2962 3712 3201 3781 propter
3229 3726 3345 3765 non
3370 3710 3567 3766 solum
3598 3710 3753 3765 miti-

2100 3796 2589 3868 gandum,verum
2621 3797 2796 3853 etiam
2829 3799 3266 3855 accendendum
3289 3799 3561 3856 animum
3577 3815 3750 3872 popu~

2101 3884 2314 3953 lorum,
2346 3902 2411 3942 ac
2442 3886 2491 3942 si
2522 3886 2606 3942 ita
2634 3887 2799 3958 prius
2842 3887 3049 3943 exinde
3106 3888 3549 3960 praecogitatum
3608 3886 3749 3944 nihil

2100 3973 2413 4045 fuisset,ita
2434 3992 2589 4030 nunc
2616 3993 2649 4030 a
2673 3993 2818 4031 novo
2840 3976 3104 4043 consilio,
3129 3982 3186 4032 et
3205 3993 3500 4033 consensu
3516 3976 3745 4033 illorum

2100 4067 2157 4117 et
2186 4062 2561 4132 inveniretur,
2596 4068 2654 4119 et
2683 4058 2817 4119 cum
2867 4064 3261 4138 magnanimis
3311 4055 3479 4121 ordo'
3505 4064 3744 4122 Domino

2099 4151 2244 4207 duce
2267 4152 2658 4224 perﬁceretur.
2689 4152 2776 4207 Ita
2805 4157 3001 4208 autem
3024 4170 3176 4209 anno
3197 4154 3387 4225 priore
3414 4155 3744 4221 terminato,

2097 4240 2333 4310 praefato
2364 4240 2536 4295 modo
2569 4241 2940 4297 ordinaretur
2966 4245 3024 4297 et
3055 4243 3126 4297 de
3153 4242 3435 4299 secundo.

2168 4328 2302 4384 CAP.
2339 4328 2525 4384 XXXI.
2552 4329 2875 4385 Consiliarii
2901 4334 3116 4402 autem,
3145 4335 3435 4403 quantum
3456 4329 3743 4405 possibile

2097 4421 2365 4485 crat,tam
2384 4417 2576 4473 clerici
2594 4434 2772 4490 quam
2790 4417 3100 4486 laici,tales
3128 4418 3620 4493 eligebantur,qui
3633 4419 3745 4492 pri-

2096 4522 2190 4561 mo
2223 4507 2546 4561 secundum
2579 4523 2747 4562 suam
2774 4507 3023 4579 quisque
3053 4507 3403 4580 qualitatem
3426 4509 3517 4565 vel
3550 4507 3743 4564 minis-

337 4598 396 4649 et
424 4597 622 4685 tamen
654 4611 904 4685 semper,
938 4600 1003 4652 ut
1028 4598 1250 4654 dictum
1283 4604 1390 4667 est,
1427 4602 1615 4672 major
1662 4619 1796 4674 pars
1826 4602 1987 4659 illius
2015 4622 2064 4685 υ
2095 4594 2306 4651 terium
2324 4594 2508 4685 Deum
2531 4594 3235 4685 timerent,deindetalem
3251 4597 3427 4653 fidem
3443 4597 3737 4663 haberent,

335 4684 575 4754 propter
598 4682 873 4756 superius
900 4693 1389 4744 commemoratae
1420 4689 1982 4762 benignitates,cum
2015 4682 2050 4685 —
2096 4687 2160 4739 ut
2179 4689 2416 4755 excepta
2435 4684 2554 4739 Vita
2583 4687 2795 4739 aeterna
2828 4683 2973 4740 nihil
3006 4686 3127 4759 regi
3159 4691 3217 4742 et
3246 4702 3427 4759 regno
3446 4700 3740 4759 praepone-

328 4770 704 4842 Jucunditate
733 4776 791 4829 et
818 4771 1112 4831 hilaritate
1168 4780 1438 4849 prompta
1484 4782 1541 4834 et
1581 4778 1756 4834 alacri
1790 4784 1981 4837 mente

334 4857 738 4932 persisterent.

402 4948 537 5012 ω.
559 4946 750 5006 XXIX.
785 4951 1056 5009 Secunda
1083 4951 1287 5010 divisio
1317 4959 1423 5022 est,
1458 4972 1574 5027 qua
1603 4958 1785 5014 totius
1816 4959 1978 5032 regni

331 5039 874 5112 status,anteposito
903 5040 1077 5097 sicuti
1107 5058 1336 5114 semper
1354 5048 1410 5099 et
1432 5044 1766 5118 ubicunque
1789 5049 1978 5104 omni-

329 5128 583 5199 potentis
594 5127 1245 5201 Deijudicio,quantum
1260 5132 1331 5187 ad
1355 5132 1675 5189 humanam
1692 5136 1976 5193 rationem

325 5214 672 5287 pertinebat,
696 5218 1027 5275 conservari
1057 5218 1382 5288 videbatur,
1417 5222 1537 5278 hinc
1577 5228 1686 5279 est.
1719 5224 1975 5281 Consue-

324 5303 466 5361 tudo
486 5308 683 5361 autem
705 5310 845 5361 tunc
872 5307 1154 5381 temporis
1174 5307 1309 5365 talis
1330 5315 1472 5380 erat,
1493 5315 1557 5368 ut
1588 5329 1703 5367 non
1735 5313 1970 5386 sepius,

324 5392 426 5449 sed
456 5392 549 5450 bis
590 5393 652 5451 in
708 5411 880 5462 anno,
914 5394 1131 5468 placita
1187 5398 1303 5453 duo
1361 5403 1718 5456 tenerentur.
1755 5401 1968 5471 Unum,

323 5481 559 5552 quando
588 5483 971 5541 ordinabatur
1000 5490 1191 5542 status
1220 5487 1401 5543 totius
1420 5488 1579 5559 regni
1600 5490 1668 5544 ad
1688 5491 1825 5546 anni
1854 5507 1974 5547 ver-

323 5569 502 5626 tentis
527 5571 807 5643 spatium,
841 5573 997 5645 quod
1019 5574 1351 5630 ordinatum
1388 5573 1587 5631 nullus
1618 5581 1860 5633 eventus
1890 5593 1973 5633 re-

324 5668 480 5725 rum,
502 5657 616 5716 nisi
635 5674 873 5735 summa
910 5661 1249 5733 necessitas,
1274 5678 1402 5737 quae
1431 5663 1702 5723 similiter
1728 5669 1848 5723 toto
1880 5683 1971 5724 re-

2093 4776 2240 4839 rent,
2260 4789 2373 4828 non
2396 4771 2638 4840 amicos,
2664 4789 2780 4828 non
2822 4772 3115 4845 inimicos,
3148 4790 3266 4830 non
3300 4779 3596 4846 parentes,
3626 4789 3736 4829 non

2090 4878 2335 4918 munera
2363 4861 2723 4927 dantes,non
2764 4860 3151 4931 blandientes,
3167 4879 3285 4919 non
3305 4867 3732 4936 exasperantes,

2089 4968 2203 5006 non
2225 4949 2543 5023 sophistice
2556 4948 2646 5006 vel
2667 4954 3030 5018 versute,aut
3045 4952 3377 5008 secundum
3391 4951 3733 5025 sapientiam

2088 5039 2455 5096 solummodo
2470 5037 2648 5110 hujus
2661 5038 2858 5095 saeculi
2874 5055 3004 5111 qua:
3018 5039 3258 5096 inimica
3269 5044 3361 5096 est
3386 5041 3504 5097 Deo
3521 5039 3736 5113 sapien-

2086 5133 2192 5196 tes,
2210 5129 2311 5185 sed
2339 5127 2501 5183 illam
2526 5128 2876 5200 sapientiam
2903 5133 2962 5185 et
2985 5128 3441 5202 intelligentiam
3470 5129 3732 5194 scientes,

2085 5234 2203 5290 qua
2220 5216 2353 5273 illos
2371 5215 2471 5288 qui
2491 5216 2551 5272 in
2569 5216 2907 5288 supradicta
2928 5217 3189 5274 humana
3208 5219 3434 5274 astutia
3464 5218 3730 5275 ﬁduciam

2084 5323 2253 5363 suam
2284 5305 2652 5372 habuissent,
2677 5306 2927 5378 pleniter
2946 5324 3050 5379 per
3069 5308 3298 5379 justam
3328 5311 3389 5363 et
3418 5313 3732 5364 rectamsa.

2084 5393 2362 5467 pientiam
2376 5410 2490 5450 non
2506 5392 2698 5449 solum
2712 5394 3158 5466 reprimere,sed
3171 5396 3443 5453 funditus
3454 5395 3732 5469 opprime-

2082 5502 2142 5540 re
2160 5483 2507 5558 potuissent.
2530 5481 2713 5539 Electi
2739 5488 2936 5541 autem
2959 5483 3279 5541 consiliarii
3304 5500 3423 5540 una
3451 5500 3587 5541 cum
3604 5495 3732 5554 rege

2081 5573 2190 5630 hoc
2222 5573 2375 5628 inter
2403 5587 2465 5627 se
2494 5569 2897 5644 principaliter
2922 5573 3310 5630 constitutum
3340 5572 3649 5638 habebant,
3662 5574 3731 5626 ut

2082 5661 2368 5737 quidquid
2400 5660 2555 5718 inter
2571 5676 2635 5717 se
2655 5660 3022 5722 familiariter
3048 5661 3227 5721 locuti
3247 5662 3639 5734 fuissent,tam
3652 5660 3729 5718 de
