  <div class='ocr_page' id='page_1' title='image "/cluster/home/n/w/nwhite01/storage/ocr_20150623/125/hvd.32044054759873/510.png"; bbox 0 0 3976 6188; ppageno 0'>
   <div class='ocr_carea' id='block_1_1' title="bbox 267 316 426 380">
    <p class='ocr_par' dir='ltr' id='par_1_1' title="bbox 267 316 426 380">
     <span class='ocr_line' id='line_1_1' title="bbox 267 316 426 380; baseline 0.013 -2"><span class='ocrx_word' id='word_1_1' title='bbox 267 316 426 380; x_wconf 76' lang='grc'>1009</span> 
     </span>
    </p>
   </div>
   <div class='ocr_carea' id='block_1_2' title="bbox 1036 317 2991 406">
    <p class='ocr_par' dir='ltr' id='par_1_2' title="bbox 1036 317 2991 406">
     <span class='ocr_line' id='line_1_2' title="bbox 1036 317 2991 406; baseline 0.009 -28"><span class='ocrx_word' id='word_1_2' title='bbox 1036 317 1138 379; x_wconf 85' lang='lat' dir='ltr'>AD</span> <span class='ocrx_word' id='word_1_3' title='bbox 1183 317 1610 382; x_wconf 82' lang='lat' dir='ltr'>EPISCOPOS</span> <span class='ocrx_word' id='word_1_4' title='bbox 1655 321 1758 382; x_wconf 86' lang='lat' dir='ltr'>DE</span> <span class='ocrx_word' id='word_1_5' title='bbox 1801 321 2358 388; x_wconf 81' lang='lat' dir='ltr'>INSTITUTIONE</span> <span class='ocrx_word' id='word_1_6' title='bbox 2402 327 2991 406; x_wconf 77' lang='lat' dir='ltr'>CAROLOMANNI,</span> 
     </span>
    </p>
   </div>
   <div class='ocr_carea' id='block_1_3' title="bbox 3518 314 3679 402">
    <p class='ocr_par' dir='ltr' id='par_1_3' title="bbox 3518 314 3679 402">
     <span class='ocr_line' id='line_1_3' title="bbox 3518 314 3679 402; baseline 0 0"><span class='ocrx_word' id='word_1_7' title='bbox 3518 314 3679 402; x_wconf 67' lang='lat' dir='ltr'>toto</span> 
     </span>
    </p>
   </div>
   <div class='ocr_carea' id='block_1_4' title="bbox 271 445 3677 545">
    <p class='ocr_par' dir='ltr' id='par_1_4' title="bbox 271 445 3677 545">
     <span class='ocr_line' id='line_1_4' title="bbox 271 445 3677 545; baseline 0.008 -38"><span class='ocrx_word' id='word_1_8' title='bbox 271 445 288 451; x_wconf 54' lang='grc'><em>”</em></span> <span class='ocrx_word' id='word_1_9' title='bbox 335 450 472 508; x_wconf 79' lang='lat' dir='ltr'>CAP.</span> <span class='ocrx_word' id='word_1_10' title='bbox 488 447 557 506; x_wconf 85' lang='lat' dir='ltr'>II.</span> <span class='ocrx_word' id='word_1_11' title='bbox 573 448 684 545; x_wconf 60' lang='lat' dir='ltr'>Sed</span> <span class='ocrx_word' id='word_1_12' title='bbox 705 451 874 545; x_wconf 81' lang='lat' dir='ltr'>tanto</span> <span class='ocrx_word' id='word_1_13' title='bbox 889 450 1128 545; x_wconf 82' lang='lat' dir='ltr'>gravius</span> <span class='ocrx_word' id='word_1_14' title='bbox 1145 452 1388 545; x_wconf 80' lang='lat' dir='ltr'>pondus</span> <span class='ocrx_word' id='word_1_15' title='bbox 1421 457 1512 545; x_wconf 86' lang='lat' dir='ltr'>est</span> <span class='ocrx_word' id='word_1_16' title='bbox 1542 454 1911 545; x_wconf 85' lang='lat' dir='ltr'>sacerdotum</span> <span class='ocrx_word' id='word_1_17' title='bbox 1943 463 1996 528; x_wconf 76' lang='grc' dir='ltr'><strong>Α</strong></span> <span class='ocrx_word' id='word_1_18' title='bbox 2028 457 2054 512; x_wconf 92' lang='grc'><strong><em>1</em></strong></span> <span class='ocrx_word' id='word_1_19' title='bbox 2084 458 2322 527; x_wconf 88' lang='lat' dir='ltr'><strong>Tim.111;</strong></span> <span class='ocrx_word' id='word_1_20' title='bbox 2356 457 2468 516; x_wconf 84' lang='lat' dir='ltr'>Act.</span> <span class='ocrx_word' id='word_1_21' title='bbox 2501 461 2857 535; x_wconf 82' lang='lat' dir='ltr'>xx),utrique</span> <span class='ocrx_word' id='word_1_22' title='bbox 2887 458 3473 545; x_wconf 65' lang='lat' dir='ltr'>presbyterimtrique</span> <span class='ocrx_word' id='word_1_23' title='bbox 3500 463 3677 532; x_wconf 48' lang='lat' dir='ltr'>voca-4</span> 
     </span>
    </p>
   </div>
   <div class='ocr_carea' id='block_1_5' title="bbox 263 539 1912 616">
    <p class='ocr_par' dir='ltr' id='par_1_5' title="bbox 263 539 1912 616">
     <span class='ocr_line' id='line_1_5' title="bbox 263 539 1912 616; baseline 0.001 -17"><span class='ocrx_word' id='word_1_24' title='bbox 263 546 486 616; x_wconf 90' lang='lat' dir='ltr'>quanto</span> <span class='ocrx_word' id='word_1_25' title='bbox 515 539 691 598; x_wconf 90' lang='lat' dir='ltr'>etiam</span> <span class='ocrx_word' id='word_1_26' title='bbox 725 557 830 613; x_wconf 89' lang='lat' dir='ltr'>pro</span> <span class='ocrx_word' id='word_1_27' title='bbox 862 541 1008 614; x_wconf 83' lang='lat' dir='ltr'>ipsis</span> <span class='ocrx_word' id='word_1_28' title='bbox 1039 543 1276 615; x_wconf 78' lang='lat' dir='ltr'>regibus</span> <span class='ocrx_word' id='word_1_29' title='bbox 1305 543 1614 600; x_wconf 84' lang='lat' dir='ltr'>hominum</span> <span class='ocrx_word' id='word_1_30' title='bbox 1636 543 1694 600; x_wconf 91' lang='lat' dir='ltr'>in</span> <span class='ocrx_word' id='word_1_31' title='bbox 1718 544 1912 602; x_wconf 90' lang='lat' dir='ltr'>divino</span> 
     </span>
    </p>
   </div>
   <div class='ocr_carea' id='block_1_6' title="bbox 263 631 1911 690">
    <p class='ocr_par' dir='ltr' id='par_1_6' title="bbox 263 631 1911 690">
     <span class='ocr_line' id='line_1_6' title="bbox 263 631 1911 690; baseline 0 0"><span class='ocrx_word' id='word_1_32' title='bbox 263 631 561 690; x_wconf 81' lang='lat' dir='ltr'>reddituri</span> <span class='ocrx_word' id='word_1_33' title='bbox 576 633 715 686; x_wconf 90' lang='lat' dir='ltr'>sunt</span> <span class='ocrx_word' id='word_1_34' title='bbox 743 631 1010 686; x_wconf 85' lang='lat' dir='ltr'>examine</span> <span class='ocrx_word' id='word_1_35' title='bbox 1057 631 1343 686; x_wconf 87' lang='lat' dir='ltr'>rationem</span> <span class='ocrx_word' id='word_1_36' title='bbox 1371 651 1383 687; x_wconf 91' lang='lat'>:</span> <span class='ocrx_word' id='word_1_37' title='bbox 1417 637 1475 687; x_wconf 90' lang='lat' dir='ltr'>et</span> <span class='ocrx_word' id='word_1_38' title='bbox 1507 637 1666 688; x_wconf 84' lang='lat' dir='ltr'>tanto</span> <span class='ocrx_word' id='word_1_39' title='bbox 1697 638 1788 690; x_wconf 90' lang='lat' dir='ltr'>est</span> <span class='ocrx_word' id='word_1_40' title='bbox 1818 634 1911 690; x_wconf 91' lang='lat' dir='ltr'>di-</span> 
     </span>
    </p>
   </div>
   <div class='ocr_carea' id='block_1_7' title="bbox 259 718 1912 796">
    <p class='ocr_par' dir='ltr' id='par_1_7' title="bbox 259 718 1912 796">
     <span class='ocr_line' id='line_1_7' title="bbox 259 718 1912 796; baseline 0.002 -19"><span class='ocrx_word' id='word_1_41' title='bbox 259 721 456 795; x_wconf 90' lang='lat' dir='ltr'>gnitas</span> <span class='ocrx_word' id='word_1_42' title='bbox 481 718 826 792; x_wconf 83' lang='lat' dir='ltr'>pontificum</span> <span class='ocrx_word' id='word_1_43' title='bbox 857 721 1046 791; x_wconf 81' lang='lat' dir='ltr'>major</span> <span class='ocrx_word' id='word_1_44' title='bbox 1072 735 1250 792; x_wconf 89' lang='lat' dir='ltr'>quam</span> <span class='ocrx_word' id='word_1_45' title='bbox 1301 736 1528 792; x_wconf 86' lang='lat' dir='ltr'>regum,</span> <span class='ocrx_word' id='word_1_46' title='bbox 1563 721 1702 794; x_wconf 88' lang='lat' dir='ltr'>quia</span> <span class='ocrx_word' id='word_1_47' title='bbox 1745 739 1912 796; x_wconf 89' lang='lat' dir='ltr'>reges</span> 
     </span>
    </p>
   </div>
   <div class='ocr_carea' id='block_1_8' title="bbox 257 807 1910 882">
    <p class='ocr_par' dir='ltr' id='par_1_8' title="bbox 257 807 1910 882">
     <span class='ocr_line' id='line_1_8' title="bbox 257 807 1910 882; baseline 0 -15"><span class='ocrx_word' id='word_1_48' title='bbox 257 809 319 866; x_wconf 89' lang='lat' dir='ltr'>in</span> <span class='ocrx_word' id='word_1_49' title='bbox 336 809 568 866; x_wconf 85' lang='lat' dir='ltr'>culmen</span> <span class='ocrx_word' id='word_1_50' title='bbox 589 807 814 882; x_wconf 87' lang='lat' dir='ltr'>regium</span> <span class='ocrx_word' id='word_1_51' title='bbox 838 808 1713 882; x_wconf 78' lang='lat' dir='ltr'>sacranturapontiﬁcibus,pon</span> <span class='ocrx_word' id='word_1_52' title='bbox 1723 811 1910 868; x_wconf 81' lang='lat' dir='ltr'>tiﬁces</span> 
     </span>
    </p>
   </div>
   <div class='ocr_carea' id='block_1_9' title="bbox 259 895 1908 970">
    <p class='ocr_par' dir='ltr' id='par_1_9' title="bbox 259 895 1908 970">
     <span class='ocr_line' id='line_1_9' title="bbox 259 895 1908 970; baseline 0 -14"><span class='ocrx_word' id='word_1_53' title='bbox 259 903 454 956; x_wconf 89' lang='lat' dir='ltr'>autem</span> <span class='ocrx_word' id='word_1_54' title='bbox 485 914 520 953; x_wconf 92' lang='lat' dir='ltr'>a</span> <span class='ocrx_word' id='word_1_55' title='bbox 541 895 781 970; x_wconf 77' lang='lat' dir='ltr'>regibus</span> <span class='ocrx_word' id='word_1_56' title='bbox 809 897 1136 953; x_wconf 89' lang='lat' dir='ltr'>consecrari</span> <span class='ocrx_word' id='word_1_57' title='bbox 1167 915 1282 953; x_wconf 91' lang='lat' dir='ltr'>non</span> <span class='ocrx_word' id='word_1_58' title='bbox 1316 903 1567 970; x_wconf 90' lang='lat' dir='ltr'>possunt</span> <span class='ocrx_word' id='word_1_59' title='bbox 1599 895 1704 954; x_wconf 83' lang='lat' dir='ltr'>:&#39;et</span> <span class='ocrx_word' id='word_1_60' title='bbox 1745 905 1908 956; x_wconf 88' lang='lat' dir='ltr'>tanto</span> 
     </span>
    </p>
   </div>
   <div class='ocr_carea' id='block_1_10' title="bbox 258 985 1906 1063">
    <p class='ocr_par' dir='ltr' id='par_1_10' title="bbox 258 985 1906 1063">
     <span class='ocr_line' id='line_1_10' title="bbox 258 985 1906 1063; baseline 0.001 -18"><span class='ocrx_word' id='word_1_61' title='bbox 258 990 320 1045; x_wconf 90' lang='lat' dir='ltr'>in</span> <span class='ocrx_word' id='word_1_62' title='bbox 349 986 630 1045; x_wconf 82' lang='lat' dir='ltr'>humanis</span> <span class='ocrx_word' id='word_1_63' title='bbox 659 985 835 1042; x_wconf 90' lang='lat' dir='ltr'>rebus</span> <span class='ocrx_word' id='word_1_64' title='bbox 865 1001 1068 1060; x_wconf 87' lang='lat' dir='ltr'>regum</span> <span class='ocrx_word' id='word_1_65' title='bbox 1093 1003 1234 1043; x_wconf 91' lang='lat' dir='ltr'>cura</span> <span class='ocrx_word' id='word_1_66' title='bbox 1257 992 1346 1044; x_wconf 88' lang='lat' dir='ltr'>est</span> <span class='ocrx_word' id='word_1_67' title='bbox 1365 989 1710 1060; x_wconf 87' lang='lat' dir='ltr'>propensior</span> <span class='ocrx_word' id='word_1_68' title='bbox 1729 1007 1906 1063; x_wconf 88' lang='lat' dir='ltr'>quam</span> 
     </span>
    </p>
   </div>
   <div class='ocr_carea' id='block_1_11' title="bbox 257 1076 1909 1148">
    <p class='ocr_par' dir='ltr' id='par_1_11' title="bbox 257 1076 1909 1148">
     <span class='ocr_line' id='line_1_11' title="bbox 257 1076 1909 1148; baseline 0 -13"><span class='ocrx_word' id='word_1_69' title='bbox 257 1077 650 1144; x_wconf 80' lang='lat' dir='ltr'>sacerdotum,</span> <span class='ocrx_word' id='word_1_70' title='bbox 681 1078 899 1148; x_wconf 90' lang='lat' dir='ltr'>quanto</span> <span class='ocrx_word' id='word_1_71' title='bbox 945 1093 1050 1148; x_wconf 90' lang='lat' dir='ltr'>pro</span> <span class='ocrx_word' id='word_1_72' title='bbox 1100 1076 1320 1134; x_wconf 89' lang='lat' dir='ltr'>honore</span> <span class='ocrx_word' id='word_1_73' title='bbox 1363 1081 1422 1133; x_wconf 89' lang='lat' dir='ltr'>et</span> <span class='ocrx_word' id='word_1_74' title='bbox 1468 1077 1804 1134; x_wconf 80' lang='lat' dir='ltr'>defensione</span> <span class='ocrx_word' id='word_1_75' title='bbox 1853 1084 1909 1135; x_wconf 90' lang='lat' dir='ltr'>et</span> 
     </span>
    </p>
   </div>
   <div class='ocr_carea' id='block_1_12' title="bbox 256 1163 1906 1244">
    <p class='ocr_par' dir='ltr' id='par_1_12' title="bbox 256 1163 1906 1244">
     <span class='ocr_line' id='line_1_12' title="bbox 256 1163 1906 1244; baseline 0.001 -21"><span class='ocrx_word' id='word_1_76' title='bbox 256 1167 460 1244; x_wconf 72' lang='lat' dir='ltr'>quiete</span> <span class='ocrx_word' id='word_1_77' title='bbox 482 1169 695 1222; x_wconf 67' lang='lat' dir='ltr'>sanctas</span> <span class='ocrx_word' id='word_1_78' title='bbox 717 1163 1080 1230; x_wconf 67' lang='lat' dir='ltr'>Ecclesiae,ac</span> <span class='ocrx_word' id='word_1_79' title='bbox 1100 1170 1390 1222; x_wconf 89' lang='lat' dir='ltr'>rectorum</span> <span class='ocrx_word' id='word_1_80' title='bbox 1412 1171 1470 1223; x_wconf 92' lang='lat' dir='ltr'>et</span> <span class='ocrx_word' id='word_1_81' title='bbox 1499 1167 1906 1224; x_wconf 75' lang='lat' dir='ltr'>ministrorum</span> 
     </span>
    </p>
   </div>
   <div class='ocr_carea' id='block_1_13' title="bbox 255 1251 1907 1330">
    <p class='ocr_par' dir='ltr' id='par_1_13' title="bbox 255 1251 1907 1330">
     <span class='ocr_line' id='line_1_13' title="bbox 255 1251 1907 1330; baseline 0 -18"><span class='ocrx_word' id='word_1_82' title='bbox 255 1255 465 1330; x_wconf 83' lang='lat' dir='ltr'>ipsius,</span> <span class='ocrx_word' id='word_1_83' title='bbox 497 1257 553 1310; x_wconf 88' lang='lat' dir='ltr'>et</span> <span class='ocrx_word' id='word_1_84' title='bbox 581 1252 738 1326; x_wconf 84' lang='lat' dir='ltr'>leges</span> <span class='ocrx_word' id='word_1_85' title='bbox 765 1251 1215 1327; x_wconf 88' lang='lat' dir='ltr'>promulgando,</span> <span class='ocrx_word' id='word_1_86' title='bbox 1250 1271 1316 1310; x_wconf 92' lang='lat' dir='ltr'>ac</span> <span class='ocrx_word' id='word_1_87' title='bbox 1348 1255 1674 1322; x_wconf 83' lang='lat' dir='ltr'>militando,</span> <span class='ocrx_word' id='word_1_88' title='bbox 1698 1274 1732 1311; x_wconf 91' lang='lat' dir='ltr'>a</span> <span class='ocrx_word' id='word_1_89' title='bbox 1754 1257 1907 1330; x_wconf 81' lang='lat' dir='ltr'>Rege</span> 
     </span>
    </p>
   </div>
   <div class='ocr_carea' id='block_1_14' title="bbox 255 1335 1458 1417">
    <p class='ocr_par' dir='ltr' id='par_1_14' title="bbox 255 1335 1458 1417">
     <span class='ocr_line' id='line_1_14' title="bbox 255 1335 1458 1417; baseline -0.002 -16"><span class='ocrx_word' id='word_1_90' title='bbox 255 1359 464 1417; x_wconf 86' lang='lat' dir='ltr'>regum</span> <span class='ocrx_word' id='word_1_91' title='bbox 492 1345 582 1398; x_wconf 90' lang='lat' dir='ltr'>est</span> <span class='ocrx_word' id='word_1_92' title='bbox 610 1341 695 1398; x_wconf 91' lang='lat' dir='ltr'>eis</span> <span class='ocrx_word' id='word_1_93' title='bbox 726 1335 878 1397; x_wconf 71' lang='lat' dir='ltr'>curae</span> <span class='ocrx_word' id='word_1_94' title='bbox 908 1358 1058 1398; x_wconf 89' lang='lat' dir='ltr'>onus</span> <span class='ocrx_word' id='word_1_95' title='bbox 1089 1341 1458 1415; x_wconf 90' lang='lat' dir='ltr'>impositum.</span> 
     </span>
    </p>
   </div>
   <div class='ocr_carea' id='block_1_15' title="bbox 325 1428 1906 1504">
    <p class='ocr_par' dir='ltr' id='par_1_15' title="bbox 325 1428 1906 1504">
     <span class='ocr_line' id='line_1_15' title="bbox 325 1428 1906 1504; baseline 0.001 -16"><span class='ocrx_word' id='word_1_96' title='bbox 325 1434 457 1488; x_wconf 72' lang='lat' dir='ltr'>CAP.</span> <span class='ocrx_word' id='word_1_97' title='bbox 491 1429 589 1488; x_wconf 89' lang='lat' dir='ltr'>IlI.</span> <span class='ocrx_word' id='word_1_98' title='bbox 621 1428 940 1504; x_wconf 88' lang='lat' dir='ltr'>Diligenter</span> <span class='ocrx_word' id='word_1_99' title='bbox 957 1429 1137 1504; x_wconf 88' lang='lat' dir='ltr'>igitur</span> <span class='ocrx_word' id='word_1_100' title='bbox 1156 1430 1406 1504; x_wconf 88' lang='lat' dir='ltr'>quisque</span> <span class='ocrx_word' id='word_1_101' title='bbox 1427 1433 1598 1489; x_wconf 82' lang='lat' dir='ltr'>debet</span> <span class='ocrx_word' id='word_1_102' title='bbox 1618 1432 1676 1488; x_wconf 92' lang='lat' dir='ltr'>in</span> <span class='ocrx_word' id='word_1_103' title='bbox 1705 1434 1906 1490; x_wconf 89' lang='lat' dir='ltr'>ordine</span> 
     </span>
    </p>
   </div>
   <div class='ocr_carea' id='block_1_16' title="bbox 251 1517 1902 1593">
    <p class='ocr_par' dir='ltr' id='par_1_16' title="bbox 251 1517 1902 1593">
     <span class='ocr_line' id='line_1_16' title="bbox 251 1517 1902 1593; baseline 0.001 -16"><span class='ocrx_word' id='word_1_104' title='bbox 251 1525 311 1577; x_wconf 89' lang='lat' dir='ltr'>et</span> <span class='ocrx_word' id='word_1_105' title='bbox 341 1517 700 1593; x_wconf 83' lang='lat' dir='ltr'>professione</span> <span class='ocrx_word' id='word_1_106' title='bbox 730 1535 840 1575; x_wconf 89' lang='lat' dir='ltr'>sua</span> <span class='ocrx_word' id='word_1_107' title='bbox 869 1534 984 1590; x_wconf 90' lang='lat' dir='ltr'>quo</span> <span class='ocrx_word' id='word_1_108' title='bbox 1015 1520 1251 1575; x_wconf 89' lang='lat' dir='ltr'>nomine</span> <span class='ocrx_word' id='word_1_109' title='bbox 1275 1525 1546 1577; x_wconf 87' lang='lat' dir='ltr'>censetur</span> <span class='ocrx_word' id='word_1_110' title='bbox 1583 1522 1902 1588; x_wconf 87' lang='lat' dir='ltr'>attendere,</span> 
     </span>
    </p>
   </div>
   <div class='ocr_carea' id='block_1_17' title="bbox 251 1607 1906 1682">
    <p class='ocr_par' dir='ltr' id='par_1_17' title="bbox 251 1607 1906 1682">
     <span class='ocr_line' id='line_1_17' title="bbox 251 1607 1906 1682; baseline 0 -15"><span class='ocrx_word' id='word_1_111' title='bbox 251 1611 310 1667; x_wconf 85' lang='lat' dir='ltr'>et</span> <span class='ocrx_word' id='word_1_112' title='bbox 339 1609 625 1682; x_wconf 80' lang='lat' dir='ltr'>majorem</span> <span class='ocrx_word' id='word_1_113' title='bbox 658 1607 715 1663; x_wconf 92' lang='lat' dir='ltr'>in</span> <span class='ocrx_word' id='word_1_114' title='bbox 749 1608 990 1663; x_wconf 90' lang='lat' dir='ltr'>modum</span> <span class='ocrx_word' id='word_1_115' title='bbox 1021 1607 1343 1681; x_wconf 85' lang='lat' dir='ltr'>providere,</span> <span class='ocrx_word' id='word_1_116' title='bbox 1371 1626 1442 1665; x_wconf 91' lang='lat' dir='ltr'>ne</span> <span class='ocrx_word' id='word_1_117' title='bbox 1475 1627 1509 1665; x_wconf 91' lang='lat' dir='ltr'>a</span> <span class='ocrx_word' id='word_1_118' title='bbox 1535 1611 1772 1667; x_wconf 89' lang='lat' dir='ltr'>nomine</span> <span class='ocrx_word' id='word_1_119' title='bbox 1791 1610 1906 1668; x_wconf 88' lang='lat' dir='ltr'>dis-</span> 
     </span>
    </p>
   </div>
   <div class='ocr_carea' id='block_1_18' title="bbox 249 1695 1903 1770">
    <p class='ocr_par' dir='ltr' id='par_1_18' title="bbox 249 1695 1903 1770">
     <span class='ocr_line' id='line_1_18' title="bbox 249 1695 1903 1770; baseline -0.001 -14"><span class='ocrx_word' id='word_1_120' title='bbox 249 1697 453 1756; x_wconf 86' lang='lat' dir='ltr'>cordet</span> <span class='ocrx_word' id='word_1_121' title='bbox 478 1695 690 1753; x_wconf 78' lang='lat' dir='ltr'>ofﬁcio.</span> <span class='ocrx_word' id='word_1_122' title='bbox 723 1695 888 1762; x_wconf 88' lang='lat' dir='ltr'>Quia,</span> <span class='ocrx_word' id='word_1_123' title='bbox 923 1695 1075 1752; x_wconf 83' lang='lat' dir='ltr'>sicut</span> <span class='ocrx_word' id='word_1_124' title='bbox 1105 1695 1358 1770; x_wconf 91' lang='lat' dir='ltr'>legimus</span> <span class='ocrx_word' id='word_1_125' title='bbox 1396 1697 1456 1752; x_wconf 93' lang='lat' dir='ltr'>in</span> <span class='ocrx_word' id='word_1_126' title='bbox 1504 1715 1670 1755; x_wconf 90' lang='lat' dir='ltr'>sacra</span> <span class='ocrx_word' id='word_1_127' title='bbox 1715 1699 1903 1755; x_wconf 90' lang='lat' dir='ltr'>histo-</span> 
     </span>
    </p>
   </div>
   <div class='ocr_carea' id='block_1_19' title="bbox 249 1784 1900 1860">
    <p class='ocr_par' dir='ltr' id='par_1_19' title="bbox 249 1784 1900 1860">
     <span class='ocr_line' id='line_1_19' title="bbox 249 1784 1900 1860; baseline -0.001 -15"><span class='ocrx_word' id='word_1_128' title='bbox 249 1785 358 1855; x_wconf 85' lang='lat' dir='ltr'>ria,</span> <span class='ocrx_word' id='word_1_129' title='bbox 391 1784 560 1844; x_wconf 86' lang='lat' dir='ltr'>Ozias</span> <span class='ocrx_word' id='word_1_130' title='bbox 589 1798 689 1841; x_wconf 91' lang='lat' dir='ltr'>rex</span> <span class='ocrx_word' id='word_1_131' title='bbox 717 1800 1082 1858; x_wconf 69' lang='lat' dir='ltr'>prmsumens</span> <span class='ocrx_word' id='word_1_132' title='bbox 1121 1786 1428 1842; x_wconf 88' lang='lat' dir='ltr'>incensum</span> <span class='ocrx_word' id='word_1_133' title='bbox 1478 1803 1712 1859; x_wconf 89' lang='lat' dir='ltr'>ponere,</span> <span class='ocrx_word' id='word_1_134' title='bbox 1745 1788 1900 1860; x_wconf 89' lang='lat' dir='ltr'>quod</span> 
     </span>
    </p>
   </div>
   <div class='ocr_carea' id='block_1_20' title="bbox 249 1872 1905 1947">
    <p class='ocr_par' dir='ltr' id='par_1_20' title="bbox 249 1872 1905 1947">
     <span class='ocr_line' id='line_1_20' title="bbox 249 1872 1905 1947; baseline -0.001 -14"><span class='ocrx_word' id='word_1_135' title='bbox 249 1893 369 1933; x_wconf 90' lang='lat' dir='ltr'>non</span> <span class='ocrx_word' id='word_1_136' title='bbox 401 1873 566 1947; x_wconf 80' lang='lat' dir='ltr'>regii,</span> <span class='ocrx_word' id='word_1_137' title='bbox 598 1873 700 1929; x_wconf 89' lang='lat' dir='ltr'>sed</span> <span class='ocrx_word' id='word_1_138' title='bbox 731 1872 1112 1930; x_wconf 86' lang='lat' dir='ltr'>sacerdotalis</span> <span class='ocrx_word' id='word_1_139' title='bbox 1142 1879 1266 1930; x_wconf 88' lang='lat' dir='ltr'>erat</span> <span class='ocrx_word' id='word_1_140' title='bbox 1295 1875 1798 1947; x_wconf 89' lang='lat' dir='ltr'>ministerii,lepra</span> <span class='ocrx_word' id='word_1_141' title='bbox 1818 1884 1905 1932; x_wconf 83' lang='lat' dir='ltr'>est</span> 
     </span>
    </p>
   </div>
   <div class='ocr_carea' id='block_1_21' title="bbox 247 1961 1902 2036">
    <p class='ocr_par' dir='ltr' id='par_1_21' title="bbox 247 1961 1902 2036">
     <span class='ocr_line' id='line_1_21' title="bbox 247 1961 1902 2036; baseline -0.001 -14"><span class='ocrx_word' id='word_1_142' title='bbox 247 1982 284 2022; x_wconf 85' lang='lat' dir='ltr'>a</span> <span class='ocrx_word' id='word_1_143' title='bbox 308 1964 428 2022; x_wconf 91' lang='lat' dir='ltr'>Deo</span> <span class='ocrx_word' id='word_1_144' title='bbox 459 1977 795 2036; x_wconf 89' lang='lat' dir='ltr'>percussus,</span> <span class='ocrx_word' id='word_1_145' title='bbox 829 1965 887 2017; x_wconf 91' lang='lat' dir='ltr'>et</span> <span class='ocrx_word' id='word_1_146' title='bbox 914 1962 986 2018; x_wconf 92' lang='lat' dir='ltr'>de</span> <span class='ocrx_word' id='word_1_147' title='bbox 1017 1961 1236 2036; x_wconf 88' lang='lat' dir='ltr'>templo</span> <span class='ocrx_word' id='word_1_148' title='bbox 1267 1980 1301 2018; x_wconf 92' lang='lat' dir='ltr'>a</span> <span class='ocrx_word' id='word_1_149' title='bbox 1333 1963 1738 2020; x_wconf 85' lang='lat' dir='ltr'>sacerdotibus</span> <span class='ocrx_word' id='word_1_150' title='bbox 1788 1966 1902 2036; x_wconf 83' lang='lat' dir='ltr'>eje-</span> 
     </span>
    </p>
   </div>
   <div class='ocr_carea' id='block_1_22' title="bbox 245 2050 1902 2122">
    <p class='ocr_par' dir='ltr' id='par_1_22' title="bbox 245 2050 1902 2122">
     <span class='ocr_line' id='line_1_22' title="bbox 245 2050 1902 2122; baseline -0.001 -11"><span class='ocrx_word' id='word_1_151' title='bbox 245 2057 400 2120; x_wconf 91' lang='lat' dir='ltr'>ctus,</span> <span class='ocrx_word' id='word_1_152' title='bbox 433 2056 492 2108; x_wconf 91' lang='lat' dir='ltr'>et</span> <span class='ocrx_word' id='word_1_153' title='bbox 519 2050 579 2106; x_wconf 92' lang='lat' dir='ltr'>in</span> <span class='ocrx_word' id='word_1_154' title='bbox 613 2051 785 2106; x_wconf 91' lang='lat' dir='ltr'>domo</span> <span class='ocrx_word' id='word_1_155' title='bbox 808 2066 917 2106; x_wconf 89' lang='lat' dir='ltr'>sua</span> <span class='ocrx_word' id='word_1_156' title='bbox 941 2055 1030 2106; x_wconf 90' lang='lat' dir='ltr'>est</span> <span class='ocrx_word' id='word_1_157' title='bbox 1049 2067 1236 2122; x_wconf 87' lang='lat' dir='ltr'>usque</span> <span class='ocrx_word' id='word_1_158' title='bbox 1259 2052 1329 2106; x_wconf 90' lang='lat' dir='ltr'>ad</span> <span class='ocrx_word' id='word_1_159' title='bbox 1355 2056 1604 2108; x_wconf 89' lang='lat' dir='ltr'>mortem</span> <span class='ocrx_word' id='word_1_160' title='bbox 1637 2052 1902 2110; x_wconf 86' lang='lat' dir='ltr'>reclusus</span> 
     </span>
    </p>
   </div>
   <div class='ocr_carea' id='block_1_23' title="bbox 245 2138 1900 2214">
    <p class='ocr_par' dir='ltr' id='par_1_23' title="bbox 245 2138 1900 2214">
     <span class='ocr_line' id='line_1_23' title="bbox 245 2138 1900 2214; baseline -0.001 -14"><span class='ocrx_word' id='word_1_161' title='bbox 245 2143 338 2214; x_wconf 79' lang='lat' dir='ltr'>(IV</span> <span class='ocrx_word' id='word_1_162' title='bbox 363 2143 490 2214; x_wconf 82' lang='lat' dir='ltr'>Reg.</span> <span class='ocrx_word' id='word_1_163' title='bbox 523 2157 628 2208; x_wconf 84' lang='lat' dir='ltr'>xx;</span> <span class='ocrx_word' id='word_1_164' title='bbox 663 2138 714 2196; x_wconf 89' lang='lat' dir='ltr'>Il</span> <span class='ocrx_word' id='word_1_165' title='bbox 741 2139 852 2194; x_wconf 87' lang='lat' dir='ltr'>Par</span> <span class='ocrx_word' id='word_1_166' title='bbox 873 2141 1048 2208; x_wconf 73' lang='lat' dir='ltr'>xxvr).</span> <span class='ocrx_word' id='word_1_167' title='bbox 1081 2139 1152 2195; x_wconf 87' lang='lat' dir='ltr'>Et</span> <span class='ocrx_word' id='word_1_168' title='bbox 1199 2145 1440 2196; x_wconf 85' lang='lat' dir='ltr'>sanctus</span> <span class='ocrx_word' id='word_1_169' title='bbox 1489 2141 1810 2214; x_wconf 84' lang='lat' dir='ltr'>Cyprianus</span> <span class='ocrx_word' id='word_1_170' title='bbox 1843 2143 1900 2198; x_wconf 89' lang='lat' dir='ltr'>in</span> 
     </span>
    </p>
   </div>
   <div class='ocr_carea' id='block_1_24' title="bbox 245 2227 1898 2302">
    <p class='ocr_par' dir='ltr' id='par_1_24' title="bbox 245 2227 1898 2302">
     <span class='ocr_line' id='line_1_24' title="bbox 245 2227 1898 2302; baseline -0.002 -14"><span class='ocrx_word' id='word_1_171' title='bbox 245 2230 476 2288; x_wconf 86' lang='lat' dir='ltr'>decimo</span> <span class='ocrx_word' id='word_1_172' title='bbox 504 2229 690 2302; x_wconf 78' lang='lat' dir='ltr'>gradu</span> <span class='ocrx_word' id='word_1_173' title='bbox 721 2227 1106 2295; x_wconf 82' lang='lat' dir='ltr'>Abusionum,</span> <span class='ocrx_word' id='word_1_174' title='bbox 1135 2245 1237 2300; x_wconf 89' lang='lat' dir='ltr'>per</span> <span class='ocrx_word' id='word_1_175' title='bbox 1264 2244 1438 2300; x_wconf 86' lang='lat' dir='ltr'>quem</span> <span class='ocrx_word' id='word_1_176' title='bbox 1471 2228 1665 2285; x_wconf 70' lang='lat' dir='ltr'>saeculi</span> <span class='ocrx_word' id='word_1_177' title='bbox 1699 2231 1898 2292; x_wconf 88' lang='lat' dir='ltr'>rota,si</span> 
     </span>
    </p>
   </div>
   <div class='ocr_carea' id='block_1_25' title="bbox 243 2315 1898 2389">
    <p class='ocr_par' dir='ltr' id='par_1_25' title="bbox 243 2315 1898 2389">
     <span class='ocr_line' id='line_1_25' title="bbox 243 2315 1898 2389; baseline -0.001 -12"><span class='ocrx_word' id='word_1_178' title='bbox 243 2321 305 2377; x_wconf 88' lang='lat' dir='ltr'>in</span> <span class='ocrx_word' id='word_1_179' title='bbox 335 2318 438 2376; x_wconf 92' lang='lat' dir='ltr'>illo</span> <span class='ocrx_word' id='word_1_180' title='bbox 473 2315 666 2388; x_wconf 84' lang='lat' dir='ltr'>fuerit,</span> <span class='ocrx_word' id='word_1_181' title='bbox 688 2315 996 2389; x_wconf 87' lang='lat' dir='ltr'>decipitur,</span> <span class='ocrx_word' id='word_1_182' title='bbox 1022 2320 1079 2372; x_wconf 89' lang='lat' dir='ltr'>et</span> <span class='ocrx_word' id='word_1_183' title='bbox 1107 2317 1180 2372; x_wconf 91' lang='lat' dir='ltr'>ad</span> <span class='ocrx_word' id='word_1_184' title='bbox 1211 2319 1412 2373; x_wconf 85' lang='lat' dir='ltr'>tartari</span> <span class='ocrx_word' id='word_1_185' title='bbox 1446 2319 1717 2376; x_wconf 90' lang='lat' dir='ltr'>tenebras</span> <span class='ocrx_word' id='word_1_186' title='bbox 1739 2319 1898 2376; x_wconf 90' lang='lat' dir='ltr'>nullo</span> 
     </span>
    </p>
   </div>
   <div class='ocr_carea' id='block_1_26' title="bbox 247 2403 1900 2482">
    <p class='ocr_par' dir='ltr' id='par_1_26' title="bbox 247 2403 1900 2482">
     <span class='ocr_line' id='line_1_26' title="bbox 247 2403 1900 2482; baseline -0.001 -18"><span class='ocrx_word' id='word_1_187' title='bbox 247 2407 605 2482; x_wconf 88' lang='lat' dir='ltr'>impediente</span> <span class='ocrx_word' id='word_1_188' title='bbox 627 2403 874 2478; x_wconf 70' lang='lat' dir='ltr'>justitiae</span> <span class='ocrx_word' id='word_1_189' title='bbox 907 2403 1206 2478; x_wconf 72' lang='lat' dir='ltr'>suifragio,</span> <span class='ocrx_word' id='word_1_190' title='bbox 1231 2423 1332 2478; x_wconf 89' lang='lat' dir='ltr'>per</span> <span class='ocrx_word' id='word_1_191' title='bbox 1353 2406 1585 2478; x_wconf 89' lang='lat' dir='ltr'>justum</span> <span class='ocrx_word' id='word_1_192' title='bbox 1617 2407 1717 2463; x_wconf 90' lang='lat' dir='ltr'>Dei</span> <span class='ocrx_word' id='word_1_193' title='bbox 1743 2408 1900 2478; x_wconf 88' lang='lat' dir='ltr'>judi-</span> 
     </span>
    </p>
   </div>
   <div class='ocr_carea' id='block_1_27' title="bbox 245 2493 1892 2568">
    <p class='ocr_par' dir='ltr' id='par_1_27' title="bbox 245 2493 1892 2568">
     <span class='ocr_line' id='line_1_27' title="bbox 245 2493 1892 2568; baseline -0.002 -14"><span class='ocrx_word' id='word_1_194' title='bbox 245 2498 405 2554; x_wconf 90' lang='lat' dir='ltr'>cium</span> <span class='ocrx_word' id='word_1_195' title='bbox 439 2494 763 2562; x_wconf 85' lang='lat' dir='ltr'>rotatur,de</span> <span class='ocrx_word' id='word_1_196' title='bbox 791 2493 1121 2566; x_wconf 88' lang='lat' dir='ltr'>negligente</span> <span class='ocrx_word' id='word_1_197' title='bbox 1151 2494 1422 2566; x_wconf 87' lang='lat' dir='ltr'>episcopo</span> <span class='ocrx_word' id='word_1_198' title='bbox 1454 2495 1595 2550; x_wconf 86' lang='lat' dir='ltr'>dicit</span> <span class='ocrx_word' id='word_1_199' title='bbox 1621 2497 1892 2568; x_wconf 60' lang='lat' dir='ltr'>(capiti):</span> 
     </span>
    </p>
   </div>
   <div class='ocr_carea' id='block_1_28' title="bbox 246 2582 1894 2656">
    <p class='ocr_par' dir='ltr' id='par_1_28' title="bbox 246 2582 1894 2656">
     <span class='ocr_line' id='line_1_28' title="bbox 246 2582 1894 2656; baseline 0.003 -20"><span class='ocrx_word' id='word_1_200' title='bbox 246 2611 275 2636; x_wconf 87' lang='grc'>‹‹</span> <span class='ocrx_word' id='word_1_201' title='bbox 305 2585 368 2643; x_wconf 86' lang='lat' dir='ltr'>Si</span> <span class='ocrx_word' id='word_1_202' title='bbox 399 2584 576 2640; x_wconf 82' lang='lat' dir='ltr'>fuerit</span> <span class='ocrx_word' id='word_1_203' title='bbox 603 2582 914 2656; x_wconf 89' lang='lat' dir='ltr'>episcopus</span> <span class='ocrx_word' id='word_1_204' title='bbox 944 2582 1267 2656; x_wconf 83' lang='lat' dir='ltr'>negligens,</span> <span class='ocrx_word' id='word_1_205' title='bbox 1303 2583 1402 2656; x_wconf 90' lang='lat' dir='ltr'>qui</span> <span class='ocrx_word' id='word_1_206' title='bbox 1432 2585 1650 2656; x_wconf 87' lang='lat' dir='ltr'>gradus</span> <span class='ocrx_word' id='word_1_207' title='bbox 1679 2585 1771 2641; x_wconf 88' lang='lat' dir='ltr'>sui</span> <span class='ocrx_word' id='word_1_208' title='bbox 1794 2585 1894 2641; x_wconf 90' lang='lat' dir='ltr'>ho-</span> 
     </span>
    </p>
   </div>
   <div class='ocr_carea' id='block_1_29' title="bbox 246 2671 1894 2744">
    <p class='ocr_par' dir='ltr' id='par_1_29' title="bbox 246 2671 1894 2744">
     <span class='ocr_line' id='line_1_29' title="bbox 246 2671 1894 2744; baseline -0.001 -14"><span class='ocrx_word' id='word_1_209' title='bbox 246 2689 445 2730; x_wconf 84' lang='lat' dir='ltr'>norem</span> <span class='ocrx_word' id='word_1_210' title='bbox 478 2673 632 2728; x_wconf 86' lang='lat' dir='ltr'>inter</span> <span class='ocrx_word' id='word_1_211' title='bbox 677 2671 948 2727; x_wconf 87' lang='lat' dir='ltr'>homines</span> <span class='ocrx_word' id='word_1_212' title='bbox 996 2671 1260 2744; x_wconf 89' lang='lat' dir='ltr'>requirit,</span> <span class='ocrx_word' id='word_1_213' title='bbox 1292 2672 1392 2728; x_wconf 89' lang='lat' dir='ltr'>sed</span> <span class='ocrx_word' id='word_1_214' title='bbox 1444 2673 1752 2729; x_wconf 85' lang='lat' dir='ltr'>ministerii</span> <span class='ocrx_word' id='word_1_215' title='bbox 1803 2674 1894 2730; x_wconf 91' lang='lat' dir='ltr'>sui</span> 
     </span>
    </p>
   </div>
   <div class='ocr_carea' id='block_1_30' title="bbox 245 2759 1890 2836">
    <p class='ocr_par' dir='ltr' id='par_1_30' title="bbox 245 2759 1890 2836">
     <span class='ocr_line' id='line_1_30' title="bbox 245 2759 1890 2836; baseline -0.001 -17"><span class='ocrx_word' id='word_1_216' title='bbox 245 2761 591 2836; x_wconf 84' lang='lat' dir='ltr'>dignitatem</span> <span class='ocrx_word' id='word_1_217' title='bbox 624 2775 821 2816; x_wconf 87' lang='lat' dir='ltr'>coram</span> <span class='ocrx_word' id='word_1_218' title='bbox 852 2760 990 2826; x_wconf 89' lang='lat' dir='ltr'>Dec,</span> <span class='ocrx_word' id='word_1_219' title='bbox 1023 2777 1128 2832; x_wconf 89' lang='lat' dir='ltr'>pro</span> <span class='ocrx_word' id='word_1_220' title='bbox 1160 2777 1274 2832; x_wconf 90' lang='lat' dir='ltr'>quo</span> <span class='ocrx_word' id='word_1_221' title='bbox 1297 2759 1584 2834; x_wconf 79' lang='lat' dir='ltr'>legatione</span> <span class='ocrx_word' id='word_1_222' title='bbox 1607 2762 1890 2834; x_wconf 86' lang='lat' dir='ltr'>fungitur,</span> 
     </span>
    </p>
   </div>
   <div class='ocr_carea' id='block_1_31' title="bbox 244 2849 1892 2923">
    <p class='ocr_par' dir='ltr' id='par_1_31' title="bbox 244 2849 1892 2923">
     <span class='ocr_line' id='line_1_31' title="bbox 244 2849 1892 2923; baseline -0.002 -15"><span class='ocrx_word' id='word_1_223' title='bbox 244 2869 360 2908; x_wconf 91' lang='lat' dir='ltr'>non</span> <span class='ocrx_word' id='word_1_224' title='bbox 395 2849 938 2908; x_wconf 89' lang='lat' dir='ltr'>custodit.Primum</span> <span class='ocrx_word' id='word_1_225' title='bbox 959 2865 1216 2920; x_wconf 89' lang='lat' dir='ltr'>namque</span> <span class='ocrx_word' id='word_1_226' title='bbox 1239 2850 1311 2904; x_wconf 90' lang='lat' dir='ltr'>ab</span> <span class='ocrx_word' id='word_1_227' title='bbox 1333 2849 1776 2923; x_wconf 90' lang='lat' dir='ltr'>episcopo,quid</span> <span class='ocrx_word' id='word_1_228' title='bbox 1799 2851 1892 2906; x_wconf 90' lang='lat' dir='ltr'>sui</span> 
     </span>
    </p>
   </div>
   <div class='ocr_carea' id='block_1_32' title="bbox 245 2937 1891 3018">
    <p class='ocr_par' dir='ltr' id='par_1_32' title="bbox 245 2937 1891 3018">
     <span class='ocr_line' id='line_1_32' title="bbox 245 2937 1891 3018; baseline -0.002 -20"><span class='ocrx_word' id='word_1_229' title='bbox 245 2939 506 2998; x_wconf 88' lang='lat' dir='ltr'>nominis</span> <span class='ocrx_word' id='word_1_230' title='bbox 537 2937 793 3018; x_wconf 82' lang='lat' dir='ltr'>dignitas</span> <span class='ocrx_word' id='word_1_231' title='bbox 820 2941 1032 3006; x_wconf 88' lang='lat' dir='ltr'>teneat,</span> <span class='ocrx_word' id='word_1_232' title='bbox 1056 2937 1391 3010; x_wconf 90' lang='lat' dir='ltr'>inquiratur</span> <span class='ocrx_word' id='word_1_233' title='bbox 1417 2955 1430 2993; x_wconf 90' lang='lat'>:</span> <span class='ocrx_word' id='word_1_234' title='bbox 1457 2938 1733 3010; x_wconf 87' lang='lat' dir='ltr'>quoniam</span> <span class='ocrx_word' id='word_1_235' title='bbox 1755 2956 1891 2996; x_wconf 91' lang='lat' dir='ltr'>cum</span> 
     </span>
    </p>
   </div>
   <div class='ocr_carea' id='block_1_33' title="bbox 241 3026 1889 3102">
    <p class='ocr_par' dir='ltr' id='par_1_33' title="bbox 241 3026 1889 3102">
     <span class='ocr_line' id='line_1_33' title="bbox 241 3026 1889 3102; baseline -0.002 -16"><span class='ocrx_word' id='word_1_236' title='bbox 241 3030 554 3102; x_wconf 87' lang='lat' dir='ltr'>episcopus</span> <span class='ocrx_word' id='word_1_237' title='bbox 588 3026 852 3083; x_wconf 70' lang='lat' dir='ltr'>Grmcum</span> <span class='ocrx_word' id='word_1_238' title='bbox 884 3041 1098 3082; x_wconf 91' lang='lat' dir='ltr'>nomen</span> <span class='ocrx_word' id='word_1_239' title='bbox 1119 3026 1889 3099; x_wconf 84' lang='lat' dir='ltr'>sit,speculatorinterpreta-</span> 
     </span>
    </p>
   </div>
   <div class='ocr_carea' id='block_1_34' title="bbox 238 3113 1892 3188">
    <p class='ocr_par' dir='ltr' id='par_1_34' title="bbox 238 3113 1892 3188">
     <span class='ocr_line' id='line_1_34' title="bbox 238 3113 1892 3188; baseline -0.001 -15"><span class='ocrx_word' id='word_1_240' title='bbox 238 3123 356 3174; x_wconf 84' lang='lat' dir='ltr'>tur.</span> <span class='ocrx_word' id='word_1_241' title='bbox 388 3119 578 3182; x_wconf 82' lang='lat' dir='ltr'>Quare</span> <span class='ocrx_word' id='word_1_242' title='bbox 605 3131 738 3170; x_wconf 90' lang='lat' dir='ltr'>vero</span> <span class='ocrx_word' id='word_1_243' title='bbox 769 3113 1098 3186; x_wconf 89' lang='lat' dir='ltr'>speculator</span> <span class='ocrx_word' id='word_1_244' title='bbox 1126 3116 1447 3187; x_wconf 88' lang='lat' dir='ltr'>ponitur,et</span> <span class='ocrx_word' id='word_1_245' title='bbox 1475 3115 1615 3188; x_wconf 91' lang='lat' dir='ltr'>quid</span> <span class='ocrx_word' id='word_1_246' title='bbox 1638 3134 1672 3172; x_wconf 90' lang='lat' dir='ltr'>a</span> <span class='ocrx_word' id='word_1_247' title='bbox 1692 3133 1892 3188; x_wconf 82' lang='lat' dir='ltr'>specu-</span> 
     </span>
    </p>
   </div>
   <div class='ocr_carea' id='block_1_35' title="bbox 2023 545 3672 630">
    <p class='ocr_par' dir='ltr' id='par_1_35' title="bbox 2023 545 3672 630">
     <span class='ocr_line' id='line_1_35' title="bbox 2023 545 3672 630; baseline 0.012 -29"><span class='ocrx_word' id='word_1_248' title='bbox 2023 545 2239 602; x_wconf 87' lang='lat' dir='ltr'>bantur</span> <span class='ocrx_word' id='word_1_249' title='bbox 2257 547 2795 622; x_wconf 89' lang='lat' dir='ltr'>episcopi,quorum</span> <span class='ocrx_word' id='word_1_250' title='bbox 2809 553 2908 610; x_wconf 90' lang='lat' dir='ltr'>uni</span> <span class='ocrx_word' id='word_1_251' title='bbox 2923 556 3223 628; x_wconf 79' lang='lat' dir='ltr'>sapientiae</span> <span class='ocrx_word' id='word_1_252' title='bbox 3245 561 3672 630; x_wconf 80' lang='lat' dir='ltr'>maturitatem,</span> 
     </span>
    </p>
   </div>
   <div class='ocr_carea' id='block_1_36' title="bbox 2020 635 3674 722">
    <p class='ocr_par' dir='ltr' id='par_1_36' title="bbox 2020 635 3674 722">
     <span class='ocr_line' id='line_1_36' title="bbox 2020 635 3674 722; baseline 0.011 -32"><span class='ocrx_word' id='word_1_253' title='bbox 2020 635 2182 691; x_wconf 83' lang='lat' dir='ltr'>alteri</span> <span class='ocrx_word' id='word_1_254' title='bbox 2203 636 2554 694; x_wconf 84' lang='lat' dir='ltr'>industriam</span> <span class='ocrx_word' id='word_1_255' title='bbox 2570 656 2723 694; x_wconf 68' lang='lat' dir='ltr'>cura:</span> <span class='ocrx_word' id='word_1_256' title='bbox 2737 641 3047 712; x_wconf 86' lang='lat' dir='ltr'>pastoralis</span> <span class='ocrx_word' id='word_1_257' title='bbox 3059 644 3674 722; x_wconf 84' lang='lat' dir='ltr'>significant,quorum</span> 
     </span>
    </p>
   </div>
   <div class='ocr_carea' id='block_1_37' title="bbox 2019 723 3672 809">
    <p class='ocr_par' dir='ltr' id='par_1_37' title="bbox 2019 723 3672 809">
     <span class='ocr_line' id='line_1_37' title="bbox 2019 723 3672 809; baseline 0.011 -30"><span class='ocrx_word' id='word_1_258' title='bbox 2019 723 2154 780; x_wconf 81' lang='lat' dir='ltr'>licet</span> <span class='ocrx_word' id='word_1_259' title='bbox 2177 725 2234 780; x_wconf 92' lang='lat' dir='ltr'>in</span> <span class='ocrx_word' id='word_1_260' title='bbox 2257 725 2616 798; x_wconf 88' lang='lat' dir='ltr'>quibusdam</span> <span class='ocrx_word' id='word_1_261' title='bbox 2649 727 2768 785; x_wconf 88' lang='lat' dir='ltr'>sint</span> <span class='ocrx_word' id='word_1_262' title='bbox 2797 729 3051 786; x_wconf 86' lang='lat' dir='ltr'>discreta</span> <span class='ocrx_word' id='word_1_263' title='bbox 3079 733 3272 790; x_wconf 80' lang='lat' dir='ltr'>ofﬁcia</span> <span class='ocrx_word' id='word_1_264' title='bbox 3301 737 3672 809; x_wconf 86' lang='lat' dir='ltr'>dignitatem,</span> 
     </span>
    </p>
   </div>
   <div class='ocr_carea' id='block_1_38' title="bbox 2020 813 3670 894">
    <p class='ocr_par' dir='ltr' id='par_1_38' title="bbox 2020 813 3670 894">
     <span class='ocr_line' id='line_1_38' title="bbox 2020 813 3670 894; baseline 0.008 -27"><span class='ocrx_word' id='word_1_265' title='bbox 2020 829 2135 868; x_wconf 89' lang='lat' dir='ltr'>uno</span> <span class='ocrx_word' id='word_1_266' title='bbox 2169 813 2402 870; x_wconf 86' lang='lat' dir='ltr'>nomine</span> <span class='ocrx_word' id='word_1_267' title='bbox 2431 831 2610 870; x_wconf 73' lang='lat' dir='ltr'>sacra:</span> <span class='ocrx_word' id='word_1_268' title='bbox 2642 815 2853 888; x_wconf 67' lang='lat' dir='ltr'>regulae</span> <span class='ocrx_word' id='word_1_269' title='bbox 2887 818 3414 890; x_wconf 89' lang='lat' dir='ltr'>comprehendunt.</span> <span class='ocrx_word' id='word_1_270' title='bbox 3439 847 3467 872; x_wconf 91' lang='grc'>‹‹</span> <span class='ocrx_word' id='word_1_271' title='bbox 3490 825 3670 894; x_wconf 91' lang='lat' dir='ltr'>Nulli,</span> 
     </span>
    </p>
   </div>
   <div class='ocr_carea' id='block_1_39' title="bbox 2016 899 3674 983">
    <p class='ocr_par' dir='ltr' id='par_1_39' title="bbox 2016 899 3674 983">
     <span class='ocr_line' id='line_1_39' title="bbox 2016 899 3674 983; baseline 0.008 -29"><span class='ocrx_word' id='word_1_272' title='bbox 2016 899 2296 971; x_wconf 88' lang='lat' dir='ltr'>inquiunt</span> <span class='ocrx_word' id='word_1_273' title='bbox 2325 899 2708 974; x_wconf 67' lang='lat' dir='ltr'>(leest.ep.2</span> <span class='ocrx_word' id='word_1_274' title='bbox 2726 903 2796 958; x_wconf 87' lang='lat' dir='ltr'>ad</span> <span class='ocrx_word' id='word_1_275' title='bbox 2825 906 3095 976; x_wconf 75' lang='lat' dir='ltr'>episc.pei&#39;</span> <span class='ocrx_word' id='word_1_276' title='bbox 3121 905 3282 978; x_wconf 84' lang='lat' dir='ltr'>Apul.</span> <span class='ocrx_word' id='word_1_277' title='bbox 3315 915 3368 964; x_wconf 88' lang='lat' dir='ltr'>et</span> <span class='ocrx_word' id='word_1_278' title='bbox 3397 908 3674 983; x_wconf 83' lang='lat' dir='ltr'>Cal.),sa-</span> 
     </span>
    </p>
   </div>
   <div class='ocr_carea' id='block_1_40' title="bbox 2017 987 3672 1070">
    <p class='ocr_par' dir='ltr' id='par_1_40' title="bbox 2017 987 3672 1070">
     <span class='ocr_line' id='line_1_40' title="bbox 2017 987 3672 1070; baseline 0.007 -26"><span class='ocrx_word' id='word_1_279' title='bbox 2017 987 2235 1044; x_wconf 89' lang='lat' dir='ltr'>cerdoti</span> <span class='ocrx_word' id='word_1_280' title='bbox 2257 1005 2398 1044; x_wconf 90' lang='lat' dir='ltr'>suos</span> <span class='ocrx_word' id='word_1_281' title='bbox 2429 988 2599 1046; x_wconf 89' lang='lat' dir='ltr'>liceat</span> <span class='ocrx_word' id='word_1_282' title='bbox 2629 1007 2882 1048; x_wconf 89' lang='lat' dir='ltr'>canones</span> <span class='ocrx_word' id='word_1_283' title='bbox 2911 991 3200 1064; x_wconf 88' lang='lat' dir='ltr'>ignorare,</span> <span class='ocrx_word' id='word_1_284' title='bbox 3219 1010 3325 1051; x_wconf 87' lang='lat' dir='ltr'>nec</span> <span class='ocrx_word' id='word_1_285' title='bbox 3347 995 3672 1070; x_wconf 88' lang='lat' dir='ltr'>quidquam</span> 
     </span>
    </p>
   </div>
   <div class='ocr_carea' id='block_1_41' title="bbox 2017 1077 3676 1158">
    <p class='ocr_par' dir='ltr' id='par_1_41' title="bbox 2017 1077 3676 1158">
     <span class='ocr_line' id='line_1_41' title="bbox 2017 1077 3676 1158; baseline 0.007 -27"><span class='ocrx_word' id='word_1_286' title='bbox 2017 1077 2204 1132; x_wconf 81' lang='lat' dir='ltr'>facere</span> <span class='ocrx_word' id='word_1_287' title='bbox 2234 1078 2388 1150; x_wconf 89' lang='lat' dir='ltr'>quod</span> <span class='ocrx_word' id='word_1_288' title='bbox 2424 1078 2657 1134; x_wconf 87' lang='lat' dir='ltr'>Patrum</span> <span class='ocrx_word' id='word_1_289' title='bbox 2691 1079 2876 1151; x_wconf 86' lang='lat' dir='ltr'>possit</span> <span class='ocrx_word' id='word_1_290' title='bbox 2915 1081 3133 1154; x_wconf 90' lang='lat' dir='ltr'>regulis</span> <span class='ocrx_word' id='word_1_291' title='bbox 3180 1083 3434 1153; x_wconf 86' lang='lat' dir='ltr'>obviare,</span> <span class='ocrx_word' id='word_1_292' title='bbox 3472 1107 3500 1136; x_wconf 86' lang='lat'><strong>»</strong></span> <span class='ocrx_word' id='word_1_293' title='bbox 3531 1087 3676 1158; x_wconf 82' lang='lat' dir='ltr'>quia‘</span> 
     </span>
    </p>
   </div>
   <div class='ocr_carea' id='block_1_42' title="bbox 2018 1166 3673 1246">
    <p class='ocr_par' dir='ltr' id='par_1_42' title="bbox 2018 1166 3673 1246">
     <span class='ocr_line' id='line_1_42' title="bbox 2018 1166 3673 1246; baseline 0.007 -26"><span class='ocrx_word' id='word_1_294' title='bbox 2018 1181 2131 1221; x_wconf 92' lang='lat' dir='ltr'>non</span> <span class='ocrx_word' id='word_1_295' title='bbox 2164 1166 2361 1222; x_wconf 90' lang='lat' dir='ltr'>minus</span> <span class='ocrx_word' id='word_1_296' title='bbox 2393 1167 2452 1222; x_wconf 92' lang='lat' dir='ltr'>in</span> <span class='ocrx_word' id='word_1_297' title='bbox 2485 1173 2822 1224; x_wconf 90' lang='lat' dir='ltr'>sanctarum</span> <span class='ocrx_word' id='word_1_298' title='bbox 2869 1170 3253 1227; x_wconf 89' lang='lat' dir='ltr'>traditionum</span> <span class='ocrx_word' id='word_1_299' title='bbox 3306 1171 3673 1246; x_wconf 85' lang='lat' dir='ltr'>delinquitur</span> 
     </span>
    </p>
   </div>
   <div class='ocr_carea' id='block_1_43' title="bbox 2016 1254 3672 1334">
    <p class='ocr_par' dir='ltr' id='par_1_43' title="bbox 2016 1254 3672 1334">
     <span class='ocr_line' id='line_1_43' title="bbox 2016 1254 3672 1334; baseline 0.007 -26"><span class='ocrx_word' id='word_1_300' title='bbox 2016 1254 2367 1324; x_wconf 87' lang='lat' dir='ltr'>sanctiones,</span> <span class='ocrx_word' id='word_1_301' title='bbox 2403 1271 2578 1327; x_wconf 89' lang='lat' dir='ltr'>quam</span> <span class='ocrx_word' id='word_1_302' title='bbox 2609 1255 2668 1311; x_wconf 93' lang='lat' dir='ltr'>in</span> <span class='ocrx_word' id='word_1_303' title='bbox 2701 1257 2889 1328; x_wconf 87' lang='lat' dir='ltr'>ipsius</span> <span class='ocrx_word' id='word_1_304' title='bbox 2921 1257 3154 1314; x_wconf 90' lang='lat' dir='ltr'>Domini</span> <span class='ocrx_word' id='word_1_305' title='bbox 3183 1259 3466 1332; x_wconf 86' lang='lat' dir='ltr'>injuriam</span> <span class='ocrx_word' id='word_1_306' title='bbox 3490 1263 3672 1334; x_wconf 89' lang='lat' dir='ltr'>prosi-</span> 
     </span>
    </p>
   </div>
   <div class='ocr_carea' id='block_1_44' title="bbox 2015 1341 3667 1410">
    <p class='ocr_par' dir='ltr' id='par_1_44' title="bbox 2015 1341 3667 1410">
     <span class='ocr_line' id='line_1_44' title="bbox 2015 1341 3667 1410; baseline 0.007 -14"><span class='ocrx_word' id='word_1_307' title='bbox 2015 1341 2174 1408; x_wconf 87' lang='lat' dir='ltr'>litur,</span> <span class='ocrx_word' id='word_1_308' title='bbox 2208 1343 2264 1398; x_wconf 91' lang='lat' dir='ltr'>id</span> <span class='ocrx_word' id='word_1_309' title='bbox 2296 1348 2402 1410; x_wconf 87' lang='lat' dir='ltr'>est,</span> <span class='ocrx_word' id='word_1_310' title='bbox 2437 1361 2551 1400; x_wconf 92' lang='lat' dir='ltr'>non</span> <span class='ocrx_word' id='word_1_311' title='bbox 2583 1345 2781 1400; x_wconf 90' lang='lat' dir='ltr'>minus</span> <span class='ocrx_word' id='word_1_312' title='bbox 2812 1345 3175 1403; x_wconf 86' lang='lat' dir='ltr'>schismatici</span> <span class='ocrx_word' id='word_1_313' title='bbox 3219 1347 3280 1404; x_wconf 89' lang='lat' dir='ltr'>in</span> <span class='ocrx_word' id='word_1_314' title='bbox 3329 1355 3667 1408; x_wconf 72' lang='lat' dir='ltr'>sanctarum</span> 
     </span>
    </p>
   </div>
   <div class='ocr_carea' id='block_1_45' title="bbox 2013 1431 3672 1508">
    <p class='ocr_par' dir='ltr' id='par_1_45' title="bbox 2013 1431 3672 1508">
     <span class='ocr_line' id='line_1_45' title="bbox 2013 1431 3672 1508; baseline 0.005 -23"><span class='ocrx_word' id='word_1_315' title='bbox 2013 1431 2395 1487; x_wconf 90' lang='lat' dir='ltr'>traditionum</span> <span class='ocrx_word' id='word_1_316' title='bbox 2426 1431 2758 1490; x_wconf 88' lang='lat' dir='ltr'>sanctiones</span> <span class='ocrx_word' id='word_1_317' title='bbox 2789 1433 3218 1507; x_wconf 87' lang='lat' dir='ltr'>delinquentes,</span> <span class='ocrx_word' id='word_1_318' title='bbox 3238 1451 3418 1508; x_wconf 88' lang='lat' dir='ltr'>quam</span> <span class='ocrx_word' id='word_1_319' title='bbox 3449 1437 3672 1497; x_wconf 79' lang='lat' dir='ltr'>heraeti-</span> 
     </span>
    </p>
   </div>
   <div class='ocr_carea' id='block_1_46' title="bbox 2014 1519 3668 1594">
    <p class='ocr_par' dir='ltr' id='par_1_46' title="bbox 2014 1519 3668 1594">
     <span class='ocr_line' id='line_1_46' title="bbox 2014 1519 3668 1594; baseline 0.006 -20"><span class='ocrx_word' id='word_1_320' title='bbox 2014 1519 2064 1575; x_wconf 92' lang='lat' dir='ltr'>ci</span> <span class='ocrx_word' id='word_1_321' title='bbox 2095 1537 2130 1575; x_wconf 89' lang='lat' dir='ltr'>a</span> <span class='ocrx_word' id='word_1_322' title='bbox 2159 1525 2318 1576; x_wconf 89' lang='lat' dir='ltr'>recta</span> <span class='ocrx_word' id='word_1_323' title='bbox 2347 1521 2460 1576; x_wconf 79' lang='lat' dir='ltr'>fide</span> <span class='ocrx_word' id='word_1_324' title='bbox 2492 1521 2878 1589; x_wconf 87' lang='lat' dir='ltr'>discedentes,</span> <span class='ocrx_word' id='word_1_325' title='bbox 2911 1523 3095 1579; x_wconf 90' lang='lat' dir='ltr'>donec</span> <span class='ocrx_word' id='word_1_326' title='bbox 3143 1529 3573 1594; x_wconf 87' lang='lat' dir='ltr'>convertantur,</span> <span class='ocrx_word' id='word_1_327' title='bbox 3609 1532 3668 1586; x_wconf 90' lang='lat' dir='ltr'>et</span> 
     </span>
    </p>
   </div>
   <div class='ocr_carea' id='block_1_47' title="bbox 2013 1608 3666 1684">
    <p class='ocr_par' dir='ltr' id='par_1_47' title="bbox 2013 1608 3666 1684">
     <span class='ocr_line' id='line_1_47' title="bbox 2013 1608 3666 1684; baseline 0.006 -20"><span class='ocrx_word' id='word_1_328' title='bbox 2013 1608 2223 1664; x_wconf 86' lang='lat' dir='ltr'>unitati</span> <span class='ocrx_word' id='word_1_329' title='bbox 2263 1615 2478 1666; x_wconf 79' lang='lat' dir='ltr'>sanctae</span> <span class='ocrx_word' id='word_1_330' title='bbox 2522 1611 2791 1667; x_wconf 82' lang='lat' dir='ltr'>Ecclesiae</span> <span class='ocrx_word' id='word_1_331' title='bbox 2839 1612 3306 1684; x_wconf 86' lang='lat' dir='ltr'>incorporentur,</span> <span class='ocrx_word' id='word_1_332' title='bbox 3339 1616 3412 1672; x_wconf 89' lang='lat' dir='ltr'>ab</span> <span class='ocrx_word' id='word_1_333' title='bbox 3460 1618 3666 1674; x_wconf 88' lang='lat' dir='ltr'>eadem</span> 
     </span>
    </p>
   </div>
   <div class='ocr_carea' id='block_1_48' title="bbox 2013 1697 3670 1774">
    <p class='ocr_par' dir='ltr' id='par_1_48' title="bbox 2013 1697 3670 1774">
     <span class='ocr_line' id='line_1_48' title="bbox 2013 1697 3670 1774; baseline 0.005 -20"><span class='ocrx_word' id='word_1_334' title='bbox 2013 1697 2268 1754; x_wconf 90' lang='lat' dir='ltr'>Ecclesia</span> <span class='ocrx_word' id='word_1_335' title='bbox 2298 1703 2438 1754; x_wconf 89' lang='lat' dir='ltr'>sunt</span> <span class='ocrx_word' id='word_1_336' title='bbox 2467 1701 2798 1772; x_wconf 87' lang='lat' dir='ltr'>separandi.</span> <span class='ocrx_word' id='word_1_337' title='bbox 2835 1701 2897 1756; x_wconf 90' lang='lat' dir='ltr'>In</span> <span class='ocrx_word' id='word_1_338' title='bbox 2930 1702 3220 1774; x_wconf 86' lang='lat' dir='ltr'>episcopis</span> <span class='ocrx_word' id='word_1_339' title='bbox 3250 1704 3430 1772; x_wconf 87' lang='lat' dir='ltr'>enim,</span> <span class='ocrx_word' id='word_1_340' title='bbox 3455 1709 3519 1760; x_wconf 91' lang='lat' dir='ltr'>ut</span> <span class='ocrx_word' id='word_1_341' title='bbox 3539 1705 3670 1762; x_wconf 86' lang='lat' dir='ltr'>bea-</span> 
     </span>
    </p>
   </div>
   <div class='ocr_carea' id='block_1_49' title="bbox 2011 1786 3665 1865">
    <p class='ocr_par' dir='ltr' id='par_1_49' title="bbox 2011 1786 3665 1865">
     <span class='ocr_line' id='line_1_49' title="bbox 2011 1786 3665 1865; baseline 0.004 -24"><span class='ocrx_word' id='word_1_342' title='bbox 2011 1791 2107 1842; x_wconf 90' lang='lat' dir='ltr'>tus</span> <span class='ocrx_word' id='word_1_343' title='bbox 2138 1786 2279 1842; x_wconf 90' lang='lat' dir='ltr'>dicit</span> <span class='ocrx_word' id='word_1_344' title='bbox 2306 1787 2674 1856; x_wconf 88' lang='lat' dir='ltr'>Ambrosius,</span> <span class='ocrx_word' id='word_1_345' title='bbox 2709 1805 2913 1846; x_wconf 89' lang='lat' dir='ltr'>omnes</span> <span class='ocrx_word' id='word_1_346' title='bbox 2944 1789 3180 1846; x_wconf 81' lang='lat' dir='ltr'>ordines</span> <span class='ocrx_word' id='word_1_347' title='bbox 3201 1794 3360 1858; x_wconf 89' lang='lat' dir='ltr'>sunt,</span> <span class='ocrx_word' id='word_1_348' title='bbox 3383 1791 3524 1864; x_wconf 89' lang='lat' dir='ltr'>quia</span> <span class='ocrx_word' id='word_1_349' title='bbox 3547 1792 3665 1865; x_wconf 90' lang='lat' dir='ltr'>pri-</span> 
     </span>
    </p>
   </div>
   <div class='ocr_carea' id='block_1_50' title="bbox 2014 1876 3666 1950">
    <p class='ocr_par' dir='ltr' id='par_1_50' title="bbox 2014 1876 3666 1950">
     <span class='ocr_line' id='line_1_50' title="bbox 2014 1876 3666 1950; baseline 0.005 -21"><span class='ocrx_word' id='word_1_350' title='bbox 2014 1891 2148 1930; x_wconf 89' lang='lat' dir='ltr'>mus</span> <span class='ocrx_word' id='word_1_351' title='bbox 2178 1876 2450 1931; x_wconf 89' lang='lat' dir='ltr'>sacerdos</span> <span class='ocrx_word' id='word_1_352' title='bbox 2481 1881 2593 1943; x_wconf 89' lang='lat' dir='ltr'>est,</span> <span class='ocrx_word' id='word_1_353' title='bbox 2624 1876 2734 1932; x_wconf 88' lang='lat' dir='ltr'>hoc</span> <span class='ocrx_word' id='word_1_354' title='bbox 2765 1882 2855 1933; x_wconf 89' lang='lat' dir='ltr'>est</span> <span class='ocrx_word' id='word_1_355' title='bbox 2886 1878 3158 1950; x_wconf 87' lang='lat' dir='ltr'>princeps</span> <span class='ocrx_word' id='word_1_356' title='bbox 3181 1879 3572 1948; x_wconf 88' lang='lat' dir='ltr'>sacerdotum,</span> <span class='ocrx_word' id='word_1_357' title='bbox 3607 1885 3666 1938; x_wconf 88' lang='lat' dir='ltr'>et</span> 
     </span>
    </p>
   </div>
   <div class='ocr_carea' id='block_1_51' title="bbox 2013 1964 3664 2038">
    <p class='ocr_par' dir='ltr' id='par_1_51' title="bbox 2013 1964 3664 2038">
     <span class='ocr_line' id='line_1_51' title="bbox 2013 1964 3664 2038; baseline 0.005 -20"><span class='ocrx_word' id='word_1_358' title='bbox 2013 1964 2314 2036; x_wconf 86' lang='lat' dir='ltr'>propheta,</span> <span class='ocrx_word' id='word_1_359' title='bbox 2343 1967 2400 2018; x_wconf 89' lang='lat' dir='ltr'>et</span> <span class='ocrx_word' id='word_1_360' title='bbox 2430 1965 2875 2038; x_wconf 86' lang='lat' dir='ltr'>evangelista,et</span> <span class='ocrx_word' id='word_1_361' title='bbox 2897 1971 3235 2024; x_wconf 82' lang='lat' dir='ltr'>caeterorum</span> <span class='ocrx_word' id='word_1_362' title='bbox 3259 1967 3664 2026; x_wconf 86' lang='lat' dir='ltr'>ministrorum</span> 
     </span>
    </p>
   </div>
   <div class='ocr_carea' id='block_1_52' title="bbox 2014 2051 3662 2128">
    <p class='ocr_par' dir='ltr' id='par_1_52' title="bbox 2014 2051 3662 2128">
     <span class='ocr_line' id='line_1_52' title="bbox 2014 2051 3662 2128; baseline 0.004 -21"><span class='ocrx_word' id='word_1_363' title='bbox 2014 2053 2072 2108; x_wconf 92' lang='lat' dir='ltr'>in</span> <span class='ocrx_word' id='word_1_364' title='bbox 2104 2069 2165 2108; x_wconf 91' lang='lat' dir='ltr'>se</span> <span class='ocrx_word' id='word_1_365' title='bbox 2191 2051 2382 2108; x_wconf 76' lang='lat' dir='ltr'>officia</span> <span class='ocrx_word' id='word_1_366' title='bbox 2407 2053 2716 2110; x_wconf 89' lang='lat' dir='ltr'>continens</span> <span class='ocrx_word' id='word_1_367' title='bbox 2747 2055 2816 2110; x_wconf 88' lang='lat' dir='ltr'>ad</span> <span class='ocrx_word' id='word_1_368' title='bbox 2848 2054 3146 2128; x_wconf 88' lang='lat' dir='ltr'>implenda</span> <span class='ocrx_word' id='word_1_369' title='bbox 3167 2072 3235 2112; x_wconf 86' lang='lat' dir='ltr'>ea</span> <span class='ocrx_word' id='word_1_370' title='bbox 3255 2056 3312 2111; x_wconf 90' lang='lat' dir='ltr'>in</span> <span class='ocrx_word' id='word_1_371' title='bbox 3335 2055 3662 2114; x_wconf 89' lang='lat' dir='ltr'>ministerio</span> 
     </span>
    </p>
   </div>
   <div class='ocr_carea' id='block_1_53' title="bbox 2014 2141 2298 2198">
    <p class='ocr_par' dir='ltr' id='par_1_53' title="bbox 2014 2141 2298 2198">
     <span class='ocr_line' id='line_1_53' title="bbox 2014 2141 2298 2198; baseline 0.004 -3"><span class='ocrx_word' id='word_1_372' title='bbox 2014 2141 2167 2198; x_wconf 85' lang='lat' dir='ltr'>ﬁdeli</span> <span class='ocrx_word' id='word_1_373' title='bbox 2177 2157 2298 2196; x_wconf 90' lang='lat' dir='ltr'>um.</span> 
     </span>
    </p>
   </div>
   <div class='ocr_carea' id='block_1_54' title="bbox 2081 2229 3660 2305">
    <p class='ocr_par' dir='ltr' id='par_1_54' title="bbox 2081 2229 3660 2305">
     <span class='ocr_line' id='line_1_54' title="bbox 2081 2229 3660 2305; baseline 0.003 -21"><span class='ocrx_word' id='word_1_374' title='bbox 2081 2229 2216 2285; x_wconf 72' lang='lat' dir='ltr'>CAP.</span> <span class='ocrx_word' id='word_1_375' title='bbox 2253 2234 2320 2284; x_wconf 90' lang='lat' dir='ltr'>V.</span> <span class='ocrx_word' id='word_1_376' title='bbox 2353 2229 2614 2296; x_wconf 77' lang='lat' dir='ltr'>Qualiter</span> <span class='ocrx_word' id='word_1_377' title='bbox 2635 2236 2832 2287; x_wconf 91' lang='lat' dir='ltr'>autem</span> <span class='ocrx_word' id='word_1_378' title='bbox 2855 2249 3142 2288; x_wconf 87' lang='lat' dir='ltr'>consensu</span> <span class='ocrx_word' id='word_1_379' title='bbox 3169 2232 3450 2305; x_wconf 86' lang='lat' dir='ltr'>principis</span> <span class='ocrx_word' id='word_1_380' title='bbox 3473 2237 3660 2304; x_wconf 74' lang='lat' dir='ltr'>terrae,</span> 
     </span>
    </p>
   </div>
   <div class='ocr_carea' id='block_1_55' title="bbox 2010 2318 3666 2390">
    <p class='ocr_par' dir='ltr' id='par_1_55' title="bbox 2010 2318 3666 2390">
     <span class='ocr_line' id='line_1_55' title="bbox 2010 2318 3666 2390; baseline 0.004 -18"><span class='ocrx_word' id='word_1_381' title='bbox 2010 2318 2110 2389; x_wconf 92' lang='lat' dir='ltr'>qui</span> <span class='ocrx_word' id='word_1_382' title='bbox 2140 2335 2230 2374; x_wconf 87' lang='lat' dir='ltr'>res</span> <span class='ocrx_word' id='word_1_383' title='bbox 2261 2318 2687 2375; x_wconf 87' lang='lat' dir='ltr'>ecclesiastieas</span> <span class='ocrx_word' id='word_1_384' title='bbox 2719 2319 2912 2376; x_wconf 90' lang='lat' dir='ltr'>divino</span> <span class='ocrx_word' id='word_1_385' title='bbox 2932 2319 3159 2390; x_wconf 87' lang='lat' dir='ltr'>judicio</span> <span class='ocrx_word' id='word_1_386' title='bbox 3205 2321 3276 2376; x_wconf 91' lang='lat' dir='ltr'>ad</span> <span class='ocrx_word' id='word_1_387' title='bbox 3327 2321 3578 2378; x_wconf 86' lang='lat' dir='ltr'>tuendas</span> <span class='ocrx_word' id='word_1_388' title='bbox 3605 2325 3666 2378; x_wconf 85' lang='lat' dir='ltr'>et</span> 
     </span>
    </p>
   </div>
   <div class='ocr_carea' id='block_1_56' title="bbox 2008 2393 3667 2482">
    <p class='ocr_par' dir='ltr' id='par_1_56' title="bbox 2008 2393 3667 2482">
     <span class='ocr_line' id='line_1_56' title="bbox 2008 2393 3667 2482; baseline 0.003 -21"><span class='ocrx_word' id='word_1_389' title='bbox 2008 2393 2399 2463; x_wconf 69' lang='lat' dir='ltr'>defensandas</span> <span class='ocrx_word' id='word_1_390' title='bbox 2430 2407 2708 2480; x_wconf 89' lang='lat' dir='ltr'>suscepit,</span> <span class='ocrx_word' id='word_1_391' title='bbox 2743 2408 3023 2465; x_wconf 90' lang='lat' dir='ltr'>electione</span> <span class='ocrx_word' id='word_1_392' title='bbox 3051 2407 3190 2464; x_wconf 83' lang='lat' dir='ltr'>cieri</span> <span class='ocrx_word' id='word_1_393' title='bbox 3213 2427 3278 2465; x_wconf 89' lang='lat' dir='ltr'>ac</span> <span class='ocrx_word' id='word_1_394' title='bbox 3303 2409 3490 2480; x_wconf 80' lang='lat' dir='ltr'>plebis</span> <span class='ocrx_word' id='word_1_395' title='bbox 3511 2409 3667 2482; x_wconf 80' lang='lat' dir='ltr'>quis-</span> 
     </span>
    </p>
   </div>
   <div class='ocr_carea' id='block_1_57' title="bbox 2007 2497 3666 2570">
    <p class='ocr_par' dir='ltr' id='par_1_57' title="bbox 2007 2497 3666 2570">
     <span class='ocr_line' id='line_1_57' title="bbox 2007 2497 3666 2570; baseline 0.003 -20"><span class='ocrx_word' id='word_1_396' title='bbox 2007 2512 2121 2566; x_wconf 87' lang='lat' dir='ltr'>que</span> <span class='ocrx_word' id='word_1_397' title='bbox 2143 2497 2213 2551; x_wconf 88' lang='lat' dir='ltr'>ad</span> <span class='ocrx_word' id='word_1_398' title='bbox 2235 2497 2698 2552; x_wconf 81' lang='lat' dir='ltr'>ecclesiasticum</span> <span class='ocrx_word' id='word_1_399' title='bbox 2714 2499 2972 2570; x_wconf 84' lang='lat' dir='ltr'>regimen</span> <span class='ocrx_word' id='word_1_400' title='bbox 2991 2499 3212 2568; x_wconf 80' lang='lat' dir='ltr'>absque</span> <span class='ocrx_word' id='word_1_401' title='bbox 3227 2497 3345 2554; x_wconf 88' lang='lat' dir='ltr'>ulla</span> <span class='ocrx_word' id='word_1_402' title='bbox 3357 2498 3666 2555; x_wconf 86' lang='lat' dir='ltr'>venalitate</span> 
     </span>
    </p>
   </div>
   <div class='ocr_carea' id='block_1_58' title="bbox 2005 2583 3662 2660">
    <p class='ocr_par' dir='ltr' id='par_1_58' title="bbox 2005 2583 3662 2660">
     <span class='ocr_line' id='line_1_58' title="bbox 2005 2583 3662 2660; baseline 0.003 -22"><span class='ocrx_word' id='word_1_403' title='bbox 2005 2583 2242 2655; x_wconf 78' lang='lat' dir='ltr'>provehi</span> <span class='ocrx_word' id='word_1_404' title='bbox 2269 2585 2498 2652; x_wconf 86' lang='lat' dir='ltr'>debeat,</span> <span class='ocrx_word' id='word_1_405' title='bbox 2533 2592 2590 2640; x_wconf 89' lang='lat' dir='ltr'>et</span> <span class='ocrx_word' id='word_1_406' title='bbox 2620 2586 2904 2643; x_wconf 87' lang='lat' dir='ltr'>Dominus</span> <span class='ocrx_word' id='word_1_407' title='bbox 2949 2587 3006 2640; x_wconf 90' lang='lat' dir='ltr'>in</span> <span class='ocrx_word' id='word_1_408' title='bbox 3060 2585 3390 2660; x_wconf 84' lang='lat' dir='ltr'>Evangelia,</span> <span class='ocrx_word' id='word_1_409' title='bbox 3423 2591 3482 2643; x_wconf 92' lang='lat' dir='ltr'>et</span> <span class='ocrx_word' id='word_1_410' title='bbox 3509 2586 3662 2643; x_wconf 90' lang='lat' dir='ltr'>sacri</span> 
     </span>
    </p>
   </div>
   <div class='ocr_carea' id='block_1_59' title="bbox 2005 2673 3659 2744">
    <p class='ocr_par' dir='ltr' id='par_1_59' title="bbox 2005 2673 3659 2744">
     <span class='ocr_line' id='line_1_59' title="bbox 2005 2673 3659 2744; baseline 0.003 -18"><span class='ocrx_word' id='word_1_411' title='bbox 2005 2689 2258 2728; x_wconf 88' lang='lat' dir='ltr'>canones</span> <span class='ocrx_word' id='word_1_412' title='bbox 2287 2677 2482 2744; x_wconf 88' lang='lat' dir='ltr'>aperte</span> <span class='ocrx_word' id='word_1_413' title='bbox 2511 2674 2916 2730; x_wconf 87' lang='lat' dir='ltr'>demonstrant</span> <span class='ocrx_word' id='word_1_414' title='bbox 2946 2673 3174 2730; x_wconf 89' lang='lat' dir='ltr'>dicente</span> <span class='ocrx_word' id='word_1_415' title='bbox 3222 2674 3471 2731; x_wconf 90' lang='lat' dir='ltr'>Domino</span> <span class='ocrx_word' id='word_1_416' title='bbox 3505 2690 3518 2730; x_wconf 90' lang='lat'><strong>:</strong></span> <span class='ocrx_word' id='word_1_417' title='bbox 3553 2676 3659 2744; x_wconf 83' lang='lat' dir='ltr'>Qui</span> 
     </span>
    </p>
   </div>
   <div class='ocr_carea' id='block_1_60' title="bbox 2001 2763 3658 2832">
    <p class='ocr_par' dir='ltr' id='par_1_60' title="bbox 2001 2763 3658 2832">
     <span class='ocr_line' id='line_1_60' title="bbox 2001 2763 3658 2832; baseline 0.002 -16"><span class='ocrx_word' id='word_1_418' title='bbox 2001 2776 2112 2816; x_wconf 79' lang='lat' dir='ltr'>non</span> <span class='ocrx_word' id='word_1_419' title='bbox 2143 2763 2318 2816; x_wconf 85' lang='lat' dir='ltr'>intrat</span> <span class='ocrx_word' id='word_1_420' title='bbox 2351 2777 2450 2832; x_wconf 77' lang='lat' dir='ltr'>per</span> <span class='ocrx_word' id='word_1_421' title='bbox 2495 2764 2693 2816; x_wconf 78' lang='lat' dir='ltr'>ostium</span> <span class='ocrx_word' id='word_1_422' title='bbox 2745 2765 2805 2817; x_wconf 86' lang='lat' dir='ltr'>in</span> <span class='ocrx_word' id='word_1_423' title='bbox 2847 2763 2988 2817; x_wconf 80' lang='lat' dir='ltr'>ovile</span> <span class='ocrx_word' id='word_1_424' title='bbox 3033 2765 3234 2829; x_wconf 77' lang='lat' dir='ltr'>ovium,</span> <span class='ocrx_word' id='word_1_425' title='bbox 3266 2763 3359 2818; x_wconf 75' lang='lat' dir='ltr'>sed</span> <span class='ocrx_word' id='word_1_426' title='bbox 3413 2763 3658 2820; x_wconf 73' lang='lat' dir='ltr'>ascendit</span> 
     </span>
    </p>
   </div>
   <div class='ocr_carea' id='block_1_61' title="bbox 2003 2848 3649 2920">
    <p class='ocr_par' dir='ltr' id='par_1_61' title="bbox 2003 2848 3649 2920">
     <span class='ocr_line' id='line_1_61' title="bbox 2003 2848 3649 2920; baseline 0.002 -16"><span class='ocrx_word' id='word_1_427' title='bbox 2003 2849 2248 2915; x_wconf 76' lang='lat' dir='ltr'>aliunde,</span> <span class='ocrx_word' id='word_1_428' title='bbox 2281 2849 2384 2904; x_wconf 85' lang='lat' dir='ltr'>ille</span> <span class='ocrx_word' id='word_1_429' title='bbox 2405 2851 2502 2920; x_wconf 83' lang='lat' dir='ltr'>fur</span> <span class='ocrx_word' id='word_1_430' title='bbox 2523 2859 2602 2904; x_wconf 86' lang='lat' dir='ltr'>est</span> <span class='ocrx_word' id='word_1_431' title='bbox 2623 2858 2675 2904; x_wconf 89' lang='lat' dir='ltr'>et</span> <span class='ocrx_word' id='word_1_432' title='bbox 2699 2851 2836 2905; x_wconf 84' lang='lat' dir='ltr'>latro</span> <span class='ocrx_word' id='word_1_433' title='bbox 2875 2852 3050 2918; x_wconf 82' lang='lat' dir='ltr'>(Joan.</span> <span class='ocrx_word' id='word_1_434' title='bbox 3081 2853 3158 2918; x_wconf 88' lang='lat' dir='ltr'>x).</span> <span class='ocrx_word' id='word_1_435' title='bbox 3191 2848 3404 2916; x_wconf 84' lang='lat' dir='ltr'>Quales</span> <span class='ocrx_word' id='word_1_436' title='bbox 3451 2854 3649 2907; x_wconf 88' lang='lat' dir='ltr'>autem</span> 
     </span>
    </p>
   </div>
   <div class='ocr_carea' id='block_1_62' title="bbox 2002 2936 3649 3011">
    <p class='ocr_par' dir='ltr' id='par_1_62' title="bbox 2002 2936 3649 3011">
     <span class='ocr_line' id='line_1_62' title="bbox 2002 2936 3649 3011; baseline -0.001 -16"><span class='ocrx_word' id='word_1_437' title='bbox 2002 2939 2074 2995; x_wconf 89' lang='lat' dir='ltr'>ad</span> <span class='ocrx_word' id='word_1_438' title='bbox 2105 2939 2512 3011; x_wconf 87' lang='lat' dir='ltr'>episcopatum</span> <span class='ocrx_word' id='word_1_439' title='bbox 2560 2939 2810 2994; x_wconf 88' lang='lat' dir='ltr'>debeant</span> <span class='ocrx_word' id='word_1_440' title='bbox 2856 2937 3203 3010; x_wconf 88' lang='lat' dir='ltr'>promoveri,</span> <span class='ocrx_word' id='word_1_441' title='bbox 3233 2936 3553 3008; x_wconf 87' lang='lat' dir='ltr'>apostolica</span> <span class='ocrx_word' id='word_1_442' title='bbox 3589 2942 3649 2995; x_wconf 91' lang='lat' dir='ltr'>et</span> 
     </span>
    </p>
   </div>
   <div class='ocr_carea' id='block_1_63' title="bbox 2001 3025 3648 3094">
    <p class='ocr_par' dir='ltr' id='par_1_63' title="bbox 2001 3025 3648 3094">
     <span class='ocr_line' id='line_1_63' title="bbox 2001 3025 3648 3094; baseline 0.001 -12"><span class='ocrx_word' id='word_1_443' title='bbox 2001 3026 2284 3082; x_wconf 90' lang='lat' dir='ltr'>canonica</span> <span class='ocrx_word' id='word_1_444' title='bbox 2339 3027 2598 3082; x_wconf 85' lang='lat' dir='ltr'>decernit</span> <span class='ocrx_word' id='word_1_445' title='bbox 2657 3027 2972 3082; x_wconf 86' lang='lat' dir='ltr'>auctoritas</span> <span class='ocrx_word' id='word_1_446' title='bbox 3027 3027 3102 3092; x_wconf 89' lang='grc'>(11</span> <span class='ocrx_word' id='word_1_447' title='bbox 3151 3027 3284 3081; x_wconf 80' lang='lat' dir='ltr'>Tim.</span> <span class='ocrx_word' id='word_1_448' title='bbox 3336 3028 3441 3094; x_wconf 88' lang='lat' dir='ltr'>1n).</span> <span class='ocrx_word' id='word_1_449' title='bbox 3483 3025 3648 3083; x_wconf 89' lang='lat' dir='ltr'>Unde</span> 
     </span>
    </p>
   </div>
   <div class='ocr_carea' id='block_1_64' title="bbox 1997 3113 3646 3188">
    <p class='ocr_par' dir='ltr' id='par_1_64' title="bbox 1997 3113 3646 3188">
     <span class='ocr_line' id='line_1_64' title="bbox 1997 3113 3646 3188; baseline 0.001 -18"><span class='ocrx_word' id='word_1_450' title='bbox 1997 3113 2248 3188; x_wconf 87' lang='lat' dir='ltr'>principi</span> <span class='ocrx_word' id='word_1_451' title='bbox 2279 3119 2442 3172; x_wconf 66' lang='lat' dir='ltr'>terra:</span> <span class='ocrx_word' id='word_1_452' title='bbox 2475 3131 2826 3188; x_wconf 87' lang='lat' dir='ltr'>magnopere</span> <span class='ocrx_word' id='word_1_453' title='bbox 2875 3113 3294 3186; x_wconf 73' lang='lat' dir='ltr'>providendum</span> <span class='ocrx_word' id='word_1_454' title='bbox 3342 3118 3518 3186; x_wconf 89' lang='lat' dir='ltr'>atque</span> <span class='ocrx_word' id='word_1_455' title='bbox 3550 3130 3646 3171; x_wconf 85' lang='lat' dir='ltr'>ca-</span> 
     </span>
    </p>
   </div>
   <div class='ocr_carea' id='block_1_65' title="bbox 241 3193 3646 3277">
    <p class='ocr_par' dir='ltr' id='par_1_65' title="bbox 241 3193 3646 3277">
     <span class='ocr_line' id='line_1_65' title="bbox 241 3193 3646 3277; baseline -0.001 -15"><span class='ocrx_word' id='word_1_456' title='bbox 241 3207 424 3263; x_wconf 86' lang='lat' dir='ltr'>latore</span> <span class='ocrx_word' id='word_1_457' title='bbox 457 3203 806 3277; x_wconf 88' lang='lat' dir='ltr'>requiratur,</span> <span class='ocrx_word' id='word_1_458' title='bbox 830 3202 1115 3260; x_wconf 90' lang='lat' dir='ltr'>Dominus</span> <span class='ocrx_word' id='word_1_459' title='bbox 1145 3203 1270 3276; x_wconf 89' lang='lat' dir='ltr'>ipse</span> <span class='ocrx_word' id='word_1_460' title='bbox 1300 3205 1578 3272; x_wconf 89' lang='lat' dir='ltr'>denudat,</span> <span class='ocrx_word' id='word_1_461' title='bbox 1609 3222 1743 3260; x_wconf 90' lang='lat' dir='ltr'>cum</span> <span class='ocrx_word' id='word_1_462' title='bbox 1775 3206 1888 3261; x_wconf 81' lang='lat' dir='ltr'>sub</span> <span class='ocrx_word' id='word_1_463' title='bbox 1917 3193 1962 3262; x_wconf 66' lang='grc' dir='ltr'><strong>(ἶ</strong></span> <span class='ocrx_word' id='word_1_464' title='bbox 1998 3204 2253 3259; x_wconf 83' lang='lat' dir='ltr'>vendam</span> <span class='ocrx_word' id='word_1_465' title='bbox 2285 3209 2374 3261; x_wconf 88' lang='lat' dir='ltr'>est</span> <span class='ocrx_word' id='word_1_466' title='bbox 2401 3219 2474 3260; x_wconf 91' lang='lat' dir='ltr'>ne</span> <span class='ocrx_word' id='word_1_467' title='bbox 2494 3203 2552 3258; x_wconf 92' lang='lat' dir='ltr'>in</span> <span class='ocrx_word' id='word_1_468' title='bbox 2575 3203 2670 3260; x_wconf 90' lang='lat' dir='ltr'>his</span> <span class='ocrx_word' id='word_1_469' title='bbox 2693 3204 2848 3260; x_wconf 88' lang='lat' dir='ltr'>Deus</span> <span class='ocrx_word' id='word_1_470' title='bbox 2865 3203 3326 3276; x_wconf 79' lang='lat' dir='ltr'>ctl‘endatur,per</span> <span class='ocrx_word' id='word_1_471' title='bbox 3342 3219 3491 3276; x_wconf 89' lang='lat' dir='ltr'>quos</span> <span class='ocrx_word' id='word_1_472' title='bbox 3513 3201 3646 3259; x_wconf 90' lang='lat' dir='ltr'>reli-</span> 
     </span>
    </p>
   </div>
   <div class='ocr_carea' id='block_1_66' title="bbox 239 3292 1891 3365">
    <p class='ocr_par' dir='ltr' id='par_1_66' title="bbox 239 3292 1891 3365">
     <span class='ocr_line' id='line_1_66' title="bbox 239 3292 1891 3365; baseline -0.002 -13"><span class='ocrx_word' id='word_1_473' title='bbox 239 3293 558 3352; x_wconf 86' lang='lat' dir='ltr'>Ezcchielis</span> <span class='ocrx_word' id='word_1_474' title='bbox 588 3292 882 3365; x_wconf 71' lang='lat' dir='ltr'>propheta:</span> <span class='ocrx_word' id='word_1_475' title='bbox 915 3309 1164 3364; x_wconf 88' lang='lat' dir='ltr'>persona</span> <span class='ocrx_word' id='word_1_476' title='bbox 1191 3292 1464 3364; x_wconf 89' lang='lat' dir='ltr'>episcopo</span> <span class='ocrx_word' id='word_1_477' title='bbox 1486 3292 1660 3349; x_wconf 76' lang='lat' dir='ltr'>officii</span> <span class='ocrx_word' id='word_1_478' title='bbox 1693 3294 1782 3349; x_wconf 90' lang='lat' dir='ltr'>sui</span> <span class='ocrx_word' id='word_1_479' title='bbox 1807 3311 1891 3350; x_wconf 86' lang='lat' dir='ltr'>ra-</span> 
     </span>
    </p>
   </div>
   <div class='ocr_carea' id='block_1_67' title="bbox 239 3380 1890 3453">
    <p class='ocr_par' dir='ltr' id='par_1_67' title="bbox 239 3380 1890 3453">
     <span class='ocr_line' id='line_1_67' title="bbox 239 3380 1890 3453; baseline 0 -14"><span class='ocrx_word' id='word_1_480' title='bbox 239 3384 464 3440; x_wconf 87' lang='lat' dir='ltr'>tionem</span> <span class='ocrx_word' id='word_1_481' title='bbox 492 3381 823 3448; x_wconf 89' lang='lat' dir='ltr'>denuntiat,</span> <span class='ocrx_word' id='word_1_482' title='bbox 856 3380 937 3436; x_wconf 90' lang='lat' dir='ltr'>ita</span> <span class='ocrx_word' id='word_1_483' title='bbox 965 3380 1240 3453; x_wconf 88' lang='lat' dir='ltr'>inquiens</span> <span class='ocrx_word' id='word_1_484' title='bbox 1275 3397 1287 3436; x_wconf 93' lang='lat'><strong>:</strong></span> <span class='ocrx_word' id='word_1_485' title='bbox 1321 3381 1718 3452; x_wconf 85' lang='lat' dir='ltr'>Speculatorem</span> <span class='ocrx_word' id='word_1_486' title='bbox 1764 3382 1890 3439; x_wconf 81' lang='lat' dir='ltr'>dedi</span> 
     </span>
    </p>
   </div>
   <div class='ocr_carea' id='block_1_68' title="bbox 230 3468 1884 3542">
    <p class='ocr_par' dir='ltr' id='par_1_68' title="bbox 230 3468 1884 3542">
     <span class='ocr_line' id='line_1_68' title="bbox 230 3468 1884 3542; baseline -0.002 -12"><span class='ocrx_word' id='word_1_487' title='bbox 230 3479 284 3530; x_wconf 78' lang='lat' dir='ltr'>te</span> <span class='ocrx_word' id='word_1_488' title='bbox 309 3472 504 3529; x_wconf 80' lang='lat' dir='ltr'>domui</span> <span class='ocrx_word' id='word_1_489' title='bbox 547 3469 718 3526; x_wconf 80' lang='lat' dir='ltr'>Israel</span> <span class='ocrx_word' id='word_1_490' title='bbox 759 3469 979 3542; x_wconf 70' lang='lat' dir='ltr'>(Ezech.</span> <span class='ocrx_word' id='word_1_491' title='bbox 1013 3471 1118 3540; x_wconf 84' lang='lat' dir='ltr'>In),</span> <span class='ocrx_word' id='word_1_492' title='bbox 1154 3492 1182 3518; x_wconf 88' lang='lat'>»</span> <span class='ocrx_word' id='word_1_493' title='bbox 1212 3473 1270 3524; x_wconf 92' lang='lat' dir='ltr'>et</span> <span class='ocrx_word' id='word_1_494' title='bbox 1315 3468 1560 3541; x_wconf 85' lang='lat' dir='ltr'>reliqua,</span> <span class='ocrx_word' id='word_1_495' title='bbox 1593 3487 1720 3542; x_wconf 65' lang='lat' dir='ltr'>quas</span> <span class='ocrx_word' id='word_1_496' title='bbox 1769 3487 1884 3526; x_wconf 85' lang='lat' dir='ltr'>ncn</span> 
     </span>
    </p>
   </div>
   <div class='ocr_carea' id='block_1_69' title="bbox 231 3557 1884 3635">
    <p class='ocr_par' dir='ltr' id='par_1_69' title="bbox 231 3557 1884 3635">
     <span class='ocr_line' id='line_1_69' title="bbox 231 3557 1884 3635; baseline -0.001 -17"><span class='ocrx_word' id='word_1_497' title='bbox 231 3557 626 3635; x_wconf 78' lang='lat' dir='ltr'>perfunctorie</span> <span class='ocrx_word' id='word_1_498' title='bbox 655 3573 846 3630; x_wconf 88' lang='lat' dir='ltr'>neque</span> <span class='ocrx_word' id='word_1_499' title='bbox 870 3574 998 3612; x_wconf 88' lang='lat' dir='ltr'>raro</span> <span class='ocrx_word' id='word_1_500' title='bbox 1019 3557 1212 3630; x_wconf 85' lang='lat' dir='ltr'>legere</span> <span class='ocrx_word' id='word_1_501' title='bbox 1227 3562 1284 3613; x_wconf 88' lang='lat' dir='ltr'>et</span> <span class='ocrx_word' id='word_1_502' title='bbox 1308 3557 1578 3614; x_wconf 90' lang='lat' dir='ltr'>meditari</span> <span class='ocrx_word' id='word_1_503' title='bbox 1603 3559 1884 3616; x_wconf 86' lang='lat' dir='ltr'>debemus</span> 
     </span>
    </p>
   </div>
   <div class='ocr_carea' id='block_1_70' title="bbox 230 3646 1064 3723">
    <p class='ocr_par' dir='ltr' id='par_1_70' title="bbox 230 3646 1064 3723">
     <span class='ocr_line' id='line_1_70' title="bbox 230 3646 1064 3723; baseline -0.005 -19"><span class='ocrx_word' id='word_1_504' title='bbox 230 3649 330 3723; x_wconf 88' lang='lat' dir='ltr'>qui</span> <span class='ocrx_word' id='word_1_505' title='bbox 357 3664 640 3705; x_wconf 86' lang='lat' dir='ltr'>vocamur</span> <span class='ocrx_word' id='word_1_506' title='bbox 665 3646 776 3702; x_wconf 89' lang='lat' dir='ltr'>hoc</span> <span class='ocrx_word' id='word_1_507' title='bbox 807 3646 1064 3702; x_wconf 90' lang='lat' dir='ltr'>nomine.</span> 
     </span>
    </p>
   </div>
   <div class='ocr_carea' id='block_1_71' title="bbox 299 3733 1880 3807">
    <p class='ocr_par' dir='ltr' id='par_1_71' title="bbox 299 3733 1880 3807">
     <span class='ocr_line' id='line_1_71' title="bbox 299 3733 1880 3807; baseline -0.003 -13"><span class='ocrx_word' id='word_1_508' title='bbox 299 3738 444 3794; x_wconf 78' lang='lat' dir='ltr'>CAP.</span> <span class='ocrx_word' id='word_1_509' title='bbox 480 3735 572 3791; x_wconf 86' lang='lat' dir='ltr'>IV.</span> <span class='ocrx_word' id='word_1_510' title='bbox 607 3735 671 3790; x_wconf 86' lang='lat' dir='ltr'>In</span> <span class='ocrx_word' id='word_1_511' title='bbox 706 3733 900 3789; x_wconf 78' lang='lat' dir='ltr'>Veteri</span> <span class='ocrx_word' id='word_1_512' title='bbox 950 3735 1324 3789; x_wconf 75' lang='lat' dir='ltr'>Testamento</span> <span class='ocrx_word' id='word_1_513' title='bbox 1357 3735 1404 3807; x_wconf 83' lang='grc' dir='ltr'>(Ι</span> <span class='ocrx_word' id='word_1_514' title='bbox 1431 3737 1559 3789; x_wconf 85' lang='lat' dir='ltr'>Par.</span> <span class='ocrx_word' id='word_1_515' title='bbox 1593 3736 1880 3804; x_wconf 81' lang='lat' dir='ltr'>xx1v)Da-</span> 
     </span>
    </p>
   </div>
   <div class='ocr_carea' id='block_1_72' title="bbox 227 3821 1878 3894">
    <p class='ocr_par' dir='ltr' id='par_1_72' title="bbox 227 3821 1878 3894">
     <span class='ocr_line' id='line_1_72' title="bbox 227 3821 1878 3894; baseline -0.001 -13"><span class='ocrx_word' id='word_1_516' title='bbox 227 3826 320 3881; x_wconf 85' lang='lat' dir='ltr'>vid</span> <span class='ocrx_word' id='word_1_517' title='bbox 357 3842 458 3880; x_wconf 85' lang='lat' dir='ltr'>rex</span> <span class='ocrx_word' id='word_1_518' title='bbox 487 3822 662 3880; x_wconf 89' lang='lat' dir='ltr'>simul</span> <span class='ocrx_word' id='word_1_519' title='bbox 698 3827 756 3878; x_wconf 88' lang='lat' dir='ltr'>et</span> <span class='ocrx_word' id='word_1_520' title='bbox 799 3821 1100 3894; x_wconf 88' lang='lat' dir='ltr'>propheta,</span> <span class='ocrx_word' id='word_1_521' title='bbox 1133 3824 1516 3894; x_wconf 68' lang='lat' dir='ltr'>praefigurans</span> <span class='ocrx_word' id='word_1_522' title='bbox 1564 3823 1878 3880; x_wconf 89' lang='lat' dir='ltr'>Dominum</span> 
     </span>
    </p>
   </div>
   <div class='ocr_carea' id='block_1_73' title="bbox 227 3909 1879 3982">
    <p class='ocr_par' dir='ltr' id='par_1_73' title="bbox 227 3909 1879 3982">
     <span class='ocr_line' id='line_1_73' title="bbox 227 3909 1879 3982; baseline -0.001 -11"><span class='ocrx_word' id='word_1_523' title='bbox 227 3918 500 3971; x_wconf 87' lang='lat' dir='ltr'>nostrum</span> <span class='ocrx_word' id='word_1_524' title='bbox 531 3911 734 3967; x_wconf 84' lang='lat' dir='ltr'>Jesum</span> <span class='ocrx_word' id='word_1_525' title='bbox 754 3909 1277 3982; x_wconf 85' lang='lat' dir='ltr'>Christum,qui,ut</span> <span class='ocrx_word' id='word_1_526' title='bbox 1297 3911 1879 3982; x_wconf 64' lang='lat' dir='ltr'>praemisimus,solus</span> 
     </span>
    </p>
   </div>
   <div class='ocr_carea' id='block_1_74' title="bbox 224 3997 1877 4070">
    <p class='ocr_par' dir='ltr' id='par_1_74' title="bbox 224 3997 1877 4070">
     <span class='ocr_line' id='line_1_74' title="bbox 224 3997 1877 4070; baseline -0.001 -12"><span class='ocrx_word' id='word_1_527' title='bbox 224 4018 323 4058; x_wconf 85' lang='lat' dir='ltr'>rex</span> <span class='ocrx_word' id='word_1_528' title='bbox 357 3999 538 4057; x_wconf 90' lang='lat' dir='ltr'>simul</span> <span class='ocrx_word' id='word_1_529' title='bbox 571 4003 630 4054; x_wconf 89' lang='lat' dir='ltr'>et</span> <span class='ocrx_word' id='word_1_530' title='bbox 659 4000 930 4055; x_wconf 88' lang='lat' dir='ltr'>sacerdos</span> <span class='ocrx_word' id='word_1_531' title='bbox 962 3997 1086 4054; x_wconf 83' lang='lat' dir='ltr'>fieri</span> <span class='ocrx_word' id='word_1_532' title='bbox 1117 3999 1487 4070; x_wconf 87' lang='lat' dir='ltr'>potuit,duos</span> <span class='ocrx_word' id='word_1_533' title='bbox 1517 4000 1573 4054; x_wconf 90' lang='lat' dir='ltr'>in</span> <span class='ocrx_word' id='word_1_534' title='bbox 1607 4003 1877 4057; x_wconf 87' lang='lat' dir='ltr'>sacerdo-</span> 
     </span>
    </p>
   </div>
   <div class='ocr_carea' id='block_1_75' title="bbox 223 4085 1875 4160">
    <p class='ocr_par' dir='ltr' id='par_1_75' title="bbox 223 4085 1875 4160">
     <span class='ocr_line' id='line_1_75' title="bbox 223 4085 1875 4160; baseline -0.002 -13"><span class='ocrx_word' id='word_1_535' title='bbox 223 4090 386 4147; x_wconf 88' lang='lat' dir='ltr'>tibus</span> <span class='ocrx_word' id='word_1_536' title='bbox 413 4087 650 4146; x_wconf 87' lang='lat' dir='ltr'>ordines</span> <span class='ocrx_word' id='word_1_537' title='bbox 680 4085 1074 4154; x_wconf 84' lang='lat' dir='ltr'>constituit,in</span> <span class='ocrx_word' id='word_1_538' title='bbox 1108 4086 1360 4142; x_wconf 90' lang='lat' dir='ltr'>summis</span> <span class='ocrx_word' id='word_1_539' title='bbox 1391 4086 1659 4144; x_wconf 88' lang='lat' dir='ltr'>videlicet</span> <span class='ocrx_word' id='word_1_540' title='bbox 1681 4091 1875 4160; x_wconf 88' lang='lat' dir='ltr'>ponti-</span> 
     </span>
    </p>
   </div>
   <div class='ocr_carea' id='block_1_76' title="bbox 225 4168 1874 4248">
    <p class='ocr_par' dir='ltr' id='par_1_76' title="bbox 225 4168 1874 4248">
     <span class='ocr_line' id='line_1_76' title="bbox 225 4168 1874 4248; baseline -0.001 -14"><span class='ocrx_word' id='word_1_541' title='bbox 225 4180 523 4246; x_wconf 79' lang='lat' dir='ltr'>ficibus,et</span> <span class='ocrx_word' id='word_1_542' title='bbox 553 4177 610 4231; x_wconf 91' lang='lat' dir='ltr'>in</span> <span class='ocrx_word' id='word_1_543' title='bbox 643 4168 887 4231; x_wconf 77' lang='lat' dir='ltr'>minoris</span> <span class='ocrx_word' id='word_1_544' title='bbox 917 4174 1138 4230; x_wconf 89' lang='lat' dir='ltr'>ordinis</span> <span class='ocrx_word' id='word_1_545' title='bbox 1167 4175 1695 4248; x_wconf 88' lang='lat' dir='ltr'>sacerdotibus,qui</span> <span class='ocrx_word' id='word_1_546' title='bbox 1719 4195 1874 4234; x_wconf 90' lang='lat' dir='ltr'>nunc</span> 
     </span>
    </p>
   </div>
   <div class='ocr_carea' id='block_1_77' title="bbox 224 4263 1875 4340">
    <p class='ocr_par' dir='ltr' id='par_1_77' title="bbox 224 4263 1875 4340">
     <span class='ocr_line' id='line_1_77' title="bbox 224 4263 1875 4340; baseline -0.002 -17"><span class='ocrx_word' id='word_1_547' title='bbox 224 4267 664 4340; x_wconf 82' lang='lat' dir='ltr'>presbyteratus</span> <span class='ocrx_word' id='word_1_548' title='bbox 695 4267 1024 4337; x_wconf 78' lang='lat' dir='ltr'>funguntur</span> <span class='ocrx_word' id='word_1_549' title='bbox 1049 4263 1238 4318; x_wconf 76' lang='lat' dir='ltr'>cilicio</span> <span class='ocrx_word' id='word_1_550' title='bbox 1271 4280 1284 4317; x_wconf 89' lang='lat'>:</span> <span class='ocrx_word' id='word_1_551' title='bbox 1319 4281 1386 4318; x_wconf 89' lang='lat' dir='ltr'>ea</span> <span class='ocrx_word' id='word_1_552' title='bbox 1412 4263 1678 4320; x_wconf 89' lang='lat' dir='ltr'>videlicet</span> <span class='ocrx_word' id='word_1_553' title='bbox 1696 4265 1875 4338; x_wconf 89' lang='lat' dir='ltr'>provi-</span> 
     </span>
    </p>
   </div>
   <div class='ocr_carea' id='block_1_78' title="bbox 221 4351 1868 4425">
    <p class='ocr_par' dir='ltr' id='par_1_78' title="bbox 221 4351 1868 4425">
     <span class='ocr_line' id='line_1_78' title="bbox 221 4351 1868 4425; baseline -0.002 -12"><span class='ocrx_word' id='word_1_554' title='bbox 221 4355 410 4422; x_wconf 82' lang='lat' dir='ltr'>sione,</span> <span class='ocrx_word' id='word_1_555' title='bbox 447 4359 512 4411; x_wconf 92' lang='lat' dir='ltr'>ut</span> <span class='ocrx_word' id='word_1_556' title='bbox 535 4355 675 4410; x_wconf 91' lang='lat' dir='ltr'>dum</span> <span class='ocrx_word' id='word_1_557' title='bbox 709 4353 969 4425; x_wconf 89' lang='lat' dir='ltr'>quolibet</span> <span class='ocrx_word' id='word_1_558' title='bbox 1001 4351 1344 4424; x_wconf 68' lang='lat' dir='ltr'>pontificum</span> <span class='ocrx_word' id='word_1_559' title='bbox 1381 4353 1501 4408; x_wconf 91' lang='lat' dir='ltr'>vita</span> <span class='ocrx_word' id='word_1_560' title='bbox 1549 4355 1868 4423; x_wconf 84' lang='lat' dir='ltr'>decederet,</span> 
     </span>
    </p>
   </div>
   <div class='ocr_carea' id='block_1_79' title="bbox 220 4439 1871 4518">
    <p class='ocr_par' dir='ltr' id='par_1_79' title="bbox 220 4439 1871 4518">
     <span class='ocr_line' id='line_1_79' title="bbox 220 4439 1871 4518; baseline -0.001 -18"><span class='ocrx_word' id='word_1_561' title='bbox 220 4445 562 4518; x_wconf 88' lang='lat' dir='ltr'>quicunque</span> <span class='ocrx_word' id='word_1_562' title='bbox 620 4441 988 4498; x_wconf 89' lang='lat' dir='ltr'>sacerdotum</span> <span class='ocrx_word' id='word_1_563' title='bbox 1047 4439 1306 4511; x_wconf 90' lang='lat' dir='ltr'>optimus</span> <span class='ocrx_word' id='word_1_564' title='bbox 1353 4445 1676 4512; x_wconf 86' lang='lat' dir='ltr'>putaretur,</span> <span class='ocrx_word' id='word_1_565' title='bbox 1710 4444 1761 4499; x_wconf 88' lang='lat' dir='ltr'>ei</span> <span class='ocrx_word' id='word_1_566' title='bbox 1813 4443 1871 4498; x_wconf 91' lang='lat' dir='ltr'>in</span> 
     </span>
    </p>
   </div>
   <div class='ocr_carea' id='block_1_80' title="bbox 1997 3291 3647 3364">
    <p class='ocr_par' dir='ltr' id='par_1_80' title="bbox 1997 3291 3647 3364">
     <span class='ocr_line' id='line_1_80' title="bbox 1997 3291 3647 3364; baseline 0.001 -18"><span class='ocrx_word' id='word_1_567' title='bbox 1997 3293 2092 3364; x_wconf 88' lang='lat' dir='ltr'>gio</span> <span class='ocrx_word' id='word_1_568' title='bbox 2124 3292 2453 3348; x_wconf 86' lang='lat' dir='ltr'>Christiana</span> <span class='ocrx_word' id='word_1_569' title='bbox 2478 3292 2798 3348; x_wconf 89' lang='lat' dir='ltr'>consistere</span> <span class='ocrx_word' id='word_1_570' title='bbox 2835 3293 3024 3360; x_wconf 88' lang='lat' dir='ltr'>debet,</span> <span class='ocrx_word' id='word_1_571' title='bbox 3055 3297 3113 3347; x_wconf 89' lang='lat' dir='ltr'>et</span> <span class='ocrx_word' id='word_1_572' title='bbox 3141 3291 3329 3347; x_wconf 66' lang='lat' dir='ltr'>caateri</span> <span class='ocrx_word' id='word_1_573' title='bbox 3363 3291 3435 3347; x_wconf 89' lang='lat' dir='ltr'>ab</span> <span class='ocrx_word' id='word_1_574' title='bbox 3463 3291 3647 3348; x_wconf 72' lang='lat' dir='ltr'>oﬂ’en-</span> 
     </span>
    </p>
   </div>
   <div class='ocr_carea' id='block_1_81' title="bbox 1999 3377 3651 3452">
    <p class='ocr_par' dir='ltr' id='par_1_81' title="bbox 1999 3377 3651 3452">
     <span class='ocr_line' id='line_1_81' title="bbox 1999 3377 3651 3452; baseline 0 -16"><span class='ocrx_word' id='word_1_575' title='bbox 1999 3381 2162 3438; x_wconf 88' lang='lat' dir='ltr'>sione</span> <span class='ocrx_word' id='word_1_576' title='bbox 2192 3381 2423 3438; x_wconf 88' lang='lat' dir='ltr'>salvari.</span> <span class='ocrx_word' id='word_1_577' title='bbox 2448 3380 2678 3437; x_wconf 88' lang='lat' dir='ltr'>Nullius</span> <span class='ocrx_word' id='word_1_578' title='bbox 2709 3381 2866 3436; x_wconf 87' lang='lat' dir='ltr'>enim</span> <span class='ocrx_word' id='word_1_579' title='bbox 2883 3379 2965 3436; x_wconf 89' lang='lat' dir='ltr'>rei</span> <span class='ocrx_word' id='word_1_580' title='bbox 2989 3379 3205 3436; x_wconf 89' lang='lat' dir='ltr'>intuitu</span> <span class='ocrx_word' id='word_1_581' title='bbox 3230 3377 3538 3452; x_wconf 86' lang='lat' dir='ltr'>eligendus</span> <span class='ocrx_word' id='word_1_582' title='bbox 3557 3383 3651 3437; x_wconf 86' lang='lat' dir='ltr'>est</span> 
     </span>
    </p>
   </div>
   <div class='ocr_carea' id='block_1_82' title="bbox 1996 3467 3646 3541">
    <p class='ocr_par' dir='ltr' id='par_1_82' title="bbox 1996 3467 3646 3541">
     <span class='ocr_line' id='line_1_82' title="bbox 1996 3467 3646 3541; baseline -0.001 -16"><span class='ocrx_word' id='word_1_583' title='bbox 1996 3468 2324 3541; x_wconf 86' lang='lat' dir='ltr'>episcopus,</span> <span class='ocrx_word' id='word_1_584' title='bbox 2358 3469 2468 3525; x_wconf 90' lang='lat' dir='ltr'>nisi</span> <span class='ocrx_word' id='word_1_585' title='bbox 2515 3470 2615 3526; x_wconf 92' lang='lat' dir='ltr'>Dei</span> <span class='ocrx_word' id='word_1_586' title='bbox 2661 3468 2864 3536; x_wconf 89' lang='lat' dir='ltr'>solius,</span> <span class='ocrx_word' id='word_1_587' title='bbox 2900 3469 2956 3524; x_wconf 92' lang='lat' dir='ltr'>id</span> <span class='ocrx_word' id='word_1_588' title='bbox 2989 3472 3101 3534; x_wconf 90' lang='lat' dir='ltr'>est,</span> <span class='ocrx_word' id='word_1_589' title='bbox 3129 3485 3246 3524; x_wconf 90' lang='lat' dir='ltr'>non</span> <span class='ocrx_word' id='word_1_590' title='bbox 3296 3483 3400 3540; x_wconf 88' lang='lat' dir='ltr'>pro</span> <span class='ocrx_word' id='word_1_591' title='bbox 3450 3467 3646 3540; x_wconf 89' lang='lat' dir='ltr'>aliquo</span> 
     </span>
    </p>
   </div>
   <div class='ocr_carea' id='block_1_83' title="bbox 1997 3555 3643 3630">
    <p class='ocr_par' dir='ltr' id='par_1_83' title="bbox 1997 3555 3643 3630">
     <span class='ocr_line' id='line_1_83' title="bbox 1997 3555 3643 3630; baseline -0.001 -17"><span class='ocrx_word' id='word_1_592' title='bbox 1997 3575 2238 3613; x_wconf 90' lang='lat' dir='ltr'>munere</span> <span class='ocrx_word' id='word_1_593' title='bbox 2267 3557 2572 3630; x_wconf 71' lang='lat' dir='ltr'>przesentis</span> <span class='ocrx_word' id='word_1_594' title='bbox 2601 3557 2685 3612; x_wconf 91' lang='lat' dir='ltr'>vel</span> <span class='ocrx_word' id='word_1_595' title='bbox 2721 3559 2929 3612; x_wconf 68' lang='lat' dir='ltr'>futurae</span> <span class='ocrx_word' id='word_1_596' title='bbox 2963 3557 3072 3613; x_wconf 89' lang='lat' dir='ltr'>sub</span> <span class='ocrx_word' id='word_1_597' title='bbox 3095 3573 3199 3628; x_wconf 88' lang='lat' dir='ltr'>spe</span> <span class='ocrx_word' id='word_1_598' title='bbox 3221 3555 3643 3624; x_wconf 85' lang='lat' dir='ltr'>retributionis,</span> 
     </span>
    </p>
   </div>
   <div class='ocr_carea' id='block_1_84' title="bbox 1994 3642 3646 3718">
    <p class='ocr_par' dir='ltr' id='par_1_84' title="bbox 1994 3642 3646 3718">
     <span class='ocr_line' id='line_1_84' title="bbox 1994 3642 3646 3718; baseline -0.001 -16"><span class='ocrx_word' id='word_1_599' title='bbox 1994 3662 2100 3702; x_wconf 91' lang='lat' dir='ltr'>nec</span> <span class='ocrx_word' id='word_1_600' title='bbox 2131 3662 2236 3718; x_wconf 88' lang='lat' dir='ltr'>pro</span> <span class='ocrx_word' id='word_1_601' title='bbox 2264 3645 2459 3718; x_wconf 88' lang='lat' dir='ltr'>aliquo</span> <span class='ocrx_word' id='word_1_602' title='bbox 2491 3645 2768 3718; x_wconf 90' lang='lat' dir='ltr'>obsequio</span> <span class='ocrx_word' id='word_1_603' title='bbox 2799 3645 3080 3712; x_wconf 90' lang='lat' dir='ltr'>humano,</span> <span class='ocrx_word' id='word_1_604' title='bbox 3098 3643 3184 3701; x_wconf 91' lang='lat' dir='ltr'>vel</span> <span class='ocrx_word' id='word_1_605' title='bbox 3209 3642 3646 3716; x_wconf 87' lang='lat' dir='ltr'>propinquitate</span> 
     </span>
    </p>
   </div>
   <div class='ocr_carea' id='block_1_85' title="bbox 1993 3729 3642 3804">
    <p class='ocr_par' dir='ltr' id='par_1_85' title="bbox 1993 3729 3642 3804">
     <span class='ocr_line' id='line_1_85' title="bbox 1993 3729 3642 3804; baseline -0.002 -16"><span class='ocrx_word' id='word_1_606' title='bbox 1993 3733 2540 3804; x_wconf 81' lang='lat' dir='ltr'>consanguinitatis,</span> <span class='ocrx_word' id='word_1_607' title='bbox 2575 3750 2677 3788; x_wconf 86' lang='lat' dir='ltr'>seu</span> <span class='ocrx_word' id='word_1_608' title='bbox 2708 3731 2990 3800; x_wconf 87' lang='lat' dir='ltr'>amicitia,</span> <span class='ocrx_word' id='word_1_609' title='bbox 3025 3731 3112 3788; x_wconf 92' lang='lat' dir='ltr'>vel</span> <span class='ocrx_word' id='word_1_610' title='bbox 3143 3729 3378 3787; x_wconf 90' lang='lat' dir='ltr'>servitio</span> <span class='ocrx_word' id='word_1_611' title='bbox 3418 3733 3642 3802; x_wconf 87' lang='lat' dir='ltr'>tempo-</span> 
     </span>
    </p>
   </div>
   <div class='ocr_carea' id='block_1_86' title="bbox 1991 3820 3640 3894">
    <p class='ocr_par' dir='ltr' id='par_1_86' title="bbox 1991 3820 3640 3894">
     <span class='ocr_line' id='line_1_86' title="bbox 1991 3820 3640 3894; baseline -0.002 -16"><span class='ocrx_word' id='word_1_612' title='bbox 1991 3823 2118 3891; x_wconf 89' lang='lat' dir='ltr'>rali,</span> <span class='ocrx_word' id='word_1_613' title='bbox 2151 3829 2253 3878; x_wconf 87' lang='lat' dir='ltr'>aut</span> <span class='ocrx_word' id='word_1_614' title='bbox 2281 3823 2478 3894; x_wconf 86' lang='lat' dir='ltr'>aliqua</span> <span class='ocrx_word' id='word_1_615' title='bbox 2505 3823 2832 3888; x_wconf 86' lang='lat' dir='ltr'>occasione,</span> <span class='ocrx_word' id='word_1_616' title='bbox 2865 3837 2992 3893; x_wconf 68' lang='lat' dir='ltr'>qua:</span> <span class='ocrx_word' id='word_1_617' title='bbox 3025 3820 3319 3876; x_wconf 87' lang='lat' dir='ltr'>contraria</span> <span class='ocrx_word' id='word_1_618' title='bbox 3346 3835 3474 3876; x_wconf 88' lang='lat' dir='ltr'>esse</span> <span class='ocrx_word' id='word_1_619' title='bbox 3504 3834 3640 3890; x_wconf 84' lang='lat' dir='ltr'>pos-</span> 
     </span>
    </p>
   </div>
   <div class='ocr_carea' id='block_1_87' title="bbox 1990 3907 3644 3977">
    <p class='ocr_par' dir='ltr' id='par_1_87' title="bbox 1990 3907 3644 3977">
     <span class='ocr_line' id='line_1_87' title="bbox 1990 3907 3644 3977; baseline -0.003 -9"><span class='ocrx_word' id='word_1_620' title='bbox 1990 3913 2069 3968; x_wconf 91' lang='lat' dir='ltr'>sit</span> <span class='ocrx_word' id='word_1_621' title='bbox 2115 3911 2362 3977; x_wconf 89' lang='lat' dir='ltr'>veritati,</span> <span class='ocrx_word' id='word_1_622' title='bbox 2405 3916 2506 3966; x_wconf 87' lang='lat' dir='ltr'>aut</span> <span class='ocrx_word' id='word_1_623' title='bbox 2563 3911 2768 3966; x_wconf 67' lang='lat' dir='ltr'>divina:</span> <span class='ocrx_word' id='word_1_624' title='bbox 2829 3909 3208 3966; x_wconf 87' lang='lat' dir='ltr'>auctoritati:</span> <span class='ocrx_word' id='word_1_625' title='bbox 3245 3908 3400 3964; x_wconf 88' lang='lat' dir='ltr'>sicut</span> <span class='ocrx_word' id='word_1_626' title='bbox 3452 3912 3513 3964; x_wconf 91' lang='lat' dir='ltr'>et</span> <span class='ocrx_word' id='word_1_627' title='bbox 3569 3907 3644 3962; x_wconf 87' lang='lat' dir='ltr'>de</span> 
     </span>
    </p>
   </div>
   <div class='ocr_carea' id='block_1_88' title="bbox 1989 3997 3638 4072">
    <p class='ocr_par' dir='ltr' id='par_1_88' title="bbox 1989 3997 3638 4072">
     <span class='ocr_line' id='line_1_88' title="bbox 1989 3997 3638 4072; baseline -0.004 -16"><span class='ocrx_word' id='word_1_628' title='bbox 1989 3999 2360 4072; x_wconf 82' lang='lat' dir='ltr'>presbyteris,</span> <span class='ocrx_word' id='word_1_629' title='bbox 2377 3999 2528 4054; x_wconf 83' lang='lat' dir='ltr'>sicut</span> <span class='ocrx_word' id='word_1_630' title='bbox 2548 4016 2711 4055; x_wconf 88' lang='lat' dir='ltr'>sacra</span> <span class='ocrx_word' id='word_1_631' title='bbox 2734 4001 3098 4056; x_wconf 83' lang='lat' dir='ltr'>demonstrat</span> <span class='ocrx_word' id='word_1_632' title='bbox 3117 3997 3438 4052; x_wconf 85' lang='lat' dir='ltr'>auctoritas</span> <span class='ocrx_word' id='word_1_633' title='bbox 3459 3997 3638 4069; x_wconf 71' lang='lat' dir='ltr'>(Jocm.</span> 
     </span>
    </p>
   </div>
   <div class='ocr_carea' id='block_1_89' title="bbox 1987 4090 2381 4154">
    <p class='ocr_par' dir='ltr' id='par_1_89' title="bbox 1987 4090 2381 4154">
     <span class='ocr_line' id='line_1_89' title="bbox 1987 4090 2381 4154; baseline -0.01 -10"><span class='ocrx_word' id='word_1_634' title='bbox 1987 4106 2026 4144; x_wconf 94' lang='lat'>11</span> <span class='ocrx_word' id='word_1_635' title='bbox 2048 4106 2061 4154; x_wconf 93' lang='lat'><strong>;</strong></span> <span class='ocrx_word' id='word_1_636' title='bbox 2095 4090 2209 4142; x_wconf 85' lang='lat' dir='ltr'>Act.</span> <span class='ocrx_word' id='word_1_637' title='bbox 2237 4091 2381 4154; x_wconf 77' lang='grc' dir='ltr'>νηί).</span> 
     </span>
    </p>
   </div>
   <div class='ocr_carea' id='block_1_90' title="bbox 2013 4169 3734 4242">
    <p class='ocr_par' dir='ltr' id='par_1_90' title="bbox 2013 4169 3734 4242">
     <span class='ocr_line' id='line_1_90' title="bbox 2013 4169 3734 4242; baseline -0.005 -12"><span class='ocrx_word' id='word_1_638' title='bbox 2013 4177 2190 4230; x_wconf 62' lang='grc' dir='ltr'>σαψ.</span> <span class='ocrx_word' id='word_1_639' title='bbox 2206 4173 2298 4228; x_wconf 86' lang='lat' dir='ltr'>Vl.</span> <span class='ocrx_word' id='word_1_640' title='bbox 2315 4172 2572 4238; x_wconf 84' lang='lat' dir='ltr'>Qualiter</span> <span class='ocrx_word' id='word_1_641' title='bbox 2583 4177 2778 4228; x_wconf 87' lang='lat' dir='ltr'>autem</span> <span class='ocrx_word' id='word_1_642' title='bbox 2793 4173 3042 4228; x_wconf 87' lang='lat' dir='ltr'>ordinati</span> <span class='ocrx_word' id='word_1_643' title='bbox 3063 4172 3366 4226; x_wconf 85' lang='lat' dir='ltr'>ministros</span> <span class='ocrx_word' id='word_1_644' title='bbox 3383 4169 3494 4224; x_wconf 91' lang='lat' dir='ltr'>sibi</span> <span class='ocrx_word' id='word_1_645' title='bbox 3510 4186 3645 4241; x_wconf 85' lang='lat' dir='ltr'>sup-</span> <span class='ocrx_word' id='word_1_646' title='bbox 3731 4239 3734 4242; x_wconf 8' lang='grc' dir='ltr'><strong><em>ἢ</em></strong></span> 
     </span>
    </p>
   </div>
   <div class='ocr_carea' id='block_1_91' title="bbox 1985 4255 3643 4335">
    <p class='ocr_par' dir='ltr' id='par_1_91' title="bbox 1985 4255 3643 4335">
     <span class='ocr_line' id='line_1_91' title="bbox 1985 4255 3643 4335; baseline -0.004 -16"><span class='ocrx_word' id='word_1_647' title='bbox 1985 4263 2204 4335; x_wconf 85' lang='lat' dir='ltr'>positos</span> <span class='ocrx_word' id='word_1_648' title='bbox 2227 4277 2423 4332; x_wconf 87' lang='lat' dir='ltr'>regere</span> <span class='ocrx_word' id='word_1_649' title='bbox 2444 4259 2868 4325; x_wconf 85' lang='lat' dir='ltr'>debeant,sacri</span> <span class='ocrx_word' id='word_1_650' title='bbox 2881 4277 3135 4316; x_wconf 88' lang='lat' dir='ltr'>canones</span> <span class='ocrx_word' id='word_1_651' title='bbox 3147 4263 3205 4314; x_wconf 88' lang='lat' dir='ltr'>et</span> <span class='ocrx_word' id='word_1_652' title='bbox 3226 4258 3460 4314; x_wconf 88' lang='lat' dir='ltr'>decreta</span> <span class='ocrx_word' id='word_1_653' title='bbox 3482 4255 3643 4312; x_wconf 89' lang='lat' dir='ltr'>sedis</span> 
     </span>
    </p>
   </div>
   <div class='ocr_carea' id='block_1_92' title="bbox 1986 4343 3645 4420">
    <p class='ocr_par' dir='ltr' id='par_1_92' title="bbox 1986 4343 3645 4420">
     <span class='ocr_line' id='line_1_92' title="bbox 1986 4343 3645 4420; baseline -0.005 -12"><span class='ocrx_word' id='word_1_654' title='bbox 1986 4353 2256 4408; x_wconf 61' lang='lat' dir='ltr'>Romanae</span> <span class='ocrx_word' id='word_1_655' title='bbox 2279 4348 2756 4420; x_wconf 80' lang='lat' dir='ltr'>pontificum,sed</span> <span class='ocrx_word' id='word_1_656' title='bbox 2778 4353 2838 4404; x_wconf 90' lang='lat' dir='ltr'>et</span> <span class='ocrx_word' id='word_1_657' title='bbox 2859 4353 3057 4404; x_wconf 84' lang='lat' dir='ltr'>sextus</span> <span class='ocrx_word' id='word_1_658' title='bbox 3081 4345 3346 4402; x_wconf 89' lang='lat' dir='ltr'>decimus</span> <span class='ocrx_word' id='word_1_659' title='bbox 3367 4343 3520 4400; x_wconf 89' lang='lat' dir='ltr'>liber</span> <span class='ocrx_word' id='word_1_660' title='bbox 3543 4344 3645 4400; x_wconf 83' lang='lat' dir='ltr'>Le-</span> 
     </span>
    </p>
   </div>
   <div class='ocr_carea' id='block_1_93' title="bbox 1983 4436 3642 4515">
    <p class='ocr_par' dir='ltr' id='par_1_93' title="bbox 1983 4436 3642 4515">
     <span class='ocr_line' id='line_1_93' title="bbox 1983 4436 3642 4515; baseline -0.004 -19"><span class='ocrx_word' id='word_1_661' title='bbox 1983 4458 2144 4515; x_wconf 87' lang='lat' dir='ltr'>gum,</span> <span class='ocrx_word' id='word_1_662' title='bbox 2178 4439 2394 4512; x_wconf 88' lang='lat' dir='ltr'>quibus</span> <span class='ocrx_word' id='word_1_663' title='bbox 2424 4456 2540 4494; x_wconf 92' lang='lat' dir='ltr'>una</span> <span class='ocrx_word' id='word_1_664' title='bbox 2571 4455 2707 4493; x_wconf 89' lang='lat' dir='ltr'>cum</span> <span class='ocrx_word' id='word_1_665' title='bbox 2739 4438 2922 4494; x_wconf 87' lang='lat' dir='ltr'>sacris</span> <span class='ocrx_word' id='word_1_666' title='bbox 2943 4436 3271 4494; x_wconf 87' lang='lat' dir='ltr'>canonibus</span> <span class='ocrx_word' id='word_1_667' title='bbox 3293 4437 3496 4490; x_wconf 81' lang='lat' dir='ltr'>sancta</span> <span class='ocrx_word' id='word_1_668' title='bbox 3518 4450 3642 4490; x_wconf 88' lang='lat' dir='ltr'>mo-</span> 
     </span>
    </p>
   </div>
   <div class='ocr_carea' id='block_1_94' title="bbox 221 4525 3646 4621">
    <p class='ocr_par' dir='ltr' id='par_1_94' title="bbox 221 4525 3646 4621">
     <span class='ocr_line' id='line_1_94' title="bbox 221 4525 3646 4621; baseline -0.003 -34"><span class='ocrx_word' id='word_1_669' title='bbox 221 4531 632 4604; x_wconf 78' lang='lat' dir='ltr'>pontificatum</span> <span class='ocrx_word' id='word_1_670' title='bbox 683 4527 1035 4584; x_wconf 86' lang='lat' dir='ltr'>succederet.</span> <span class='ocrx_word' id='word_1_671' title='bbox 1070 4527 1139 4580; x_wconf 88' lang='lat' dir='ltr'>Et</span> <span class='ocrx_word' id='word_1_672' title='bbox 1187 4525 1244 4579; x_wconf 92' lang='lat' dir='ltr'>in</span> <span class='ocrx_word' id='word_1_673' title='bbox 1297 4526 1450 4581; x_wconf 88' lang='lat' dir='ltr'>Novo</span> <span class='ocrx_word' id='word_1_674' title='bbox 1498 4528 1872 4586; x_wconf 85' lang='lat' dir='ltr'>Testamento</span> <span class='ocrx_word' id='word_1_675' title='bbox 1914 4557 1956 4621; x_wconf 70' lang='grc' dir='ltr'><strong>Β</strong></span> <span class='ocrx_word' id='word_1_676' title='bbox 1987 4531 2224 4594; x_wconf 79' lang='lat' dir='ltr'>deratur</span> <span class='ocrx_word' id='word_1_677' title='bbox 2260 4526 2540 4594; x_wconf 89' lang='lat' dir='ltr'>Ecclesia,</span> <span class='ocrx_word' id='word_1_678' title='bbox 2575 4531 2838 4598; x_wconf 87' lang='lat' dir='ltr'>patenter</span> <span class='ocrx_word' id='word_1_679' title='bbox 2885 4525 3226 4621; x_wconf 74' lang='lat' dir='ltr'>ostendunt.</span> <span class='ocrx_word' id='word_1_680' title='bbox 3260 4526 3446 4621; x_wconf 75' lang='lat' dir='ltr'>Quam</span> <span class='ocrx_word' id='word_1_681' title='bbox 3497 4539 3646 4621; x_wconf 76' lang='lat' dir='ltr'>pura</span> 
     </span>
    </p>
   </div>
   <div class='ocr_carea' id='block_1_95' title="bbox 223 4614 1880 4692">
    <p class='ocr_par' dir='ltr' id='par_1_95' title="bbox 223 4614 1880 4692">
     <span class='ocr_line' id='line_1_95' title="bbox 223 4614 1880 4692; baseline 0 -17"><span class='ocrx_word' id='word_1_682' title='bbox 223 4621 376 4692; x_wconf 84' lang='lat' dir='ltr'>(Luc.</span> <span class='ocrx_word' id='word_1_683' title='bbox 411 4622 628 4685; x_wconf 84' lang='lat' dir='ltr'>v1etx)</span> <span class='ocrx_word' id='word_1_684' title='bbox 666 4615 952 4672; x_wconf 89' lang='lat' dir='ltr'>Dominus</span> <span class='ocrx_word' id='word_1_685' title='bbox 1009 4619 1209 4669; x_wconf 88' lang='lat' dir='ltr'>noster</span> <span class='ocrx_word' id='word_1_686' title='bbox 1262 4614 1435 4670; x_wconf 81' lang='lat' dir='ltr'>Jesus</span> <span class='ocrx_word' id='word_1_687' title='bbox 1491 4615 1760 4672; x_wconf 88' lang='lat' dir='ltr'>Christus</span> <span class='ocrx_word' id='word_1_688' title='bbox 1811 4620 1880 4676; x_wconf 90' lang='lat' dir='ltr'>de</span> 
     </span>
    </p>
   </div>
   <div class='ocr_carea' id='block_1_96' title="bbox 221 4703 1884 4780">
    <p class='ocr_par' dir='ltr' id='par_1_96' title="bbox 221 4703 1884 4780">
     <span class='ocr_line' id='line_1_96' title="bbox 221 4703 1884 4780; baseline 0.001 -19"><span class='ocrx_word' id='word_1_689' title='bbox 221 4705 608 4762; x_wconf 88' lang='lat' dir='ltr'>multitudine</span> <span class='ocrx_word' id='word_1_690' title='bbox 642 4703 1068 4776; x_wconf 87' lang='lat' dir='ltr'>discipulorum</span> <span class='ocrx_word' id='word_1_691' title='bbox 1100 4703 1530 4769; x_wconf 90' lang='lat' dir='ltr'>suorum,sicut</span> <span class='ocrx_word' id='word_1_692' title='bbox 1551 4705 1608 4759; x_wconf 89' lang='lat' dir='ltr'>in</span> <span class='ocrx_word' id='word_1_693' title='bbox 1633 4706 1884 4780; x_wconf 88' lang='lat' dir='ltr'>Evange-</span> 
     </span>
    </p>
   </div>
   <div class='ocr_carea' id='block_1_97' title="bbox 222 4789 1882 4866">
    <p class='ocr_par' dir='ltr' id='par_1_97' title="bbox 222 4789 1882 4866">
     <span class='ocr_line' id='line_1_97' title="bbox 222 4789 1882 4866; baseline 0.002 -18"><span class='ocrx_word' id='word_1_694' title='bbox 222 4793 301 4850; x_wconf 91' lang='lat' dir='ltr'>lio</span> <span class='ocrx_word' id='word_1_695' title='bbox 331 4791 925 4866; x_wconf 82' lang='lat' dir='ltr'>legimus,duodecim</span> <span class='ocrx_word' id='word_1_696' title='bbox 966 4789 1159 4863; x_wconf 87' lang='lat' dir='ltr'>elegit,</span> <span class='ocrx_word' id='word_1_697' title='bbox 1193 4807 1342 4862; x_wconf 90' lang='lat' dir='ltr'>quos</span> <span class='ocrx_word' id='word_1_698' title='bbox 1371 4796 1428 4847; x_wconf 88' lang='lat' dir='ltr'>et</span> <span class='ocrx_word' id='word_1_699' title='bbox 1458 4793 1751 4865; x_wconf 88' lang='lat' dir='ltr'>apostolos</span> <span class='ocrx_word' id='word_1_700' title='bbox 1779 4812 1882 4852; x_wconf 91' lang='lat' dir='ltr'>no-</span> 
     </span>
    </p>
   </div>
   <div class='ocr_carea' id='block_1_98' title="bbox 215 4878 1880 4956">
    <p class='ocr_par' dir='ltr' id='par_1_98' title="bbox 215 4878 1880 4956">
     <span class='ocr_line' id='line_1_98' title="bbox 215 4878 1880 4956; baseline 0.002 -18"><span class='ocrx_word' id='word_1_701' title='bbox 215 4881 718 4938; x_wconf 87' lang='lat' dir='ltr'>minavit.Horum</span> <span class='ocrx_word' id='word_1_702' title='bbox 749 4881 809 4936; x_wconf 90' lang='lat' dir='ltr'>in</span> <span class='ocrx_word' id='word_1_703' title='bbox 840 4878 1102 4936; x_wconf 88' lang='lat' dir='ltr'>Ecclesia</span> <span class='ocrx_word' id='word_1_704' title='bbox 1130 4879 1327 4936; x_wconf 87' lang='lat' dir='ltr'>locum</span> <span class='ocrx_word' id='word_1_705' title='bbox 1357 4885 1562 4937; x_wconf 91' lang='lat' dir='ltr'>tenent</span> <span class='ocrx_word' id='word_1_706' title='bbox 1605 4883 1880 4956; x_wconf 91' lang='lat' dir='ltr'>episcopi.</span> 
     </span>
    </p>
   </div>
   <div class='ocr_carea' id='block_1_99' title="bbox 217 4967 1884 5041">
    <p class='ocr_par' dir='ltr' id='par_1_99' title="bbox 217 4967 1884 5041">
     <span class='ocr_line' id='line_1_99' title="bbox 217 4967 1884 5041; baseline 0.003 -17"><span class='ocrx_word' id='word_1_707' title='bbox 217 4970 379 5026; x_wconf 87' lang='lat' dir='ltr'>sicut</span> <span class='ocrx_word' id='word_1_708' title='bbox 407 4975 654 5026; x_wconf 88' lang='lat' dir='ltr'>sanctus</span> <span class='ocrx_word' id='word_1_709' title='bbox 679 4967 1014 5041; x_wconf 85' lang='lat' dir='ltr'>Gregorius,</span> <span class='ocrx_word' id='word_1_710' title='bbox 1029 4971 1088 5024; x_wconf 91' lang='lat' dir='ltr'>et</span> <span class='ocrx_word' id='word_1_711' title='bbox 1109 4968 1298 5024; x_wconf 72' lang='lat' dir='ltr'>caeteri</span> <span class='ocrx_word' id='word_1_712' title='bbox 1329 4968 1596 5025; x_wconf 88' lang='lat' dir='ltr'>catholici</span> <span class='ocrx_word' id='word_1_713' title='bbox 1619 4971 1884 5028; x_wconf 90' lang='lat' dir='ltr'>doctores</span> 
     </span>
    </p>
   </div>
   <div class='ocr_carea' id='block_1_100' title="bbox 217 5056 1883 5130">
    <p class='ocr_par' dir='ltr' id='par_1_100' title="bbox 217 5056 1883 5130">
     <span class='ocr_line' id='line_1_100' title="bbox 217 5056 1883 5130; baseline 0.001 -16"><span class='ocrx_word' id='word_1_714' title='bbox 217 5057 1090 5130; x_wconf 84' lang='lat' dir='ltr'>osten-dunt.Designavitetiam</span> <span class='ocrx_word' id='word_1_715' title='bbox 1105 5061 1162 5112; x_wconf 92' lang='lat' dir='ltr'>et</span> <span class='ocrx_word' id='word_1_716' title='bbox 1171 5056 1318 5112; x_wconf 91' lang='lat' dir='ltr'>alios</span> <span class='ocrx_word' id='word_1_717' title='bbox 1330 5057 1704 5130; x_wconf 88' lang='lat' dir='ltr'>septuaginta</span> <span class='ocrx_word' id='word_1_718' title='bbox 1714 5061 1883 5126; x_wconf 91' lang='lat' dir='ltr'>duos,</span> 
     </span>
    </p>
   </div>
   <div class='ocr_carea' id='block_1_101' title="bbox 217 5143 1876 5220">
    <p class='ocr_par' dir='ltr' id='par_1_101' title="bbox 217 5143 1876 5220">
     <span class='ocr_line' id='line_1_101' title="bbox 217 5143 1876 5220; baseline 0 -17"><span class='ocrx_word' id='word_1_719' title='bbox 217 5147 366 5220; x_wconf 84' lang='lat' dir='ltr'>quia</span> <span class='ocrx_word' id='word_1_720' title='bbox 392 5151 460 5202; x_wconf 89' lang='lat' dir='ltr'>ut</span> <span class='ocrx_word' id='word_1_721' title='bbox 489 5145 795 5203; x_wconf 90' lang='lat' dir='ltr'>duodecim</span> <span class='ocrx_word' id='word_1_722' title='bbox 833 5143 1130 5218; x_wconf 88' lang='lat' dir='ltr'>apostolos</span> <span class='ocrx_word' id='word_1_723' title='bbox 1172 5145 1421 5200; x_wconf 86' lang='lat' dir='ltr'>formam</span> <span class='ocrx_word' id='word_1_724' title='bbox 1469 5145 1876 5218; x_wconf 89' lang='lat' dir='ltr'>episcoporum</span> 
     </span>
    </p>
   </div>
   <div class='ocr_carea' id='block_1_102' title="bbox 214 5235 1878 5308">
    <p class='ocr_par' dir='ltr' id='par_1_102' title="bbox 214 5235 1878 5308">
     <span class='ocr_line' id='line_1_102' title="bbox 214 5235 1878 5308; baseline 0 -15"><span class='ocrx_word' id='word_1_725' title='bbox 214 5235 498 5293; x_wconf 83' lang='lat' dir='ltr'>exhibere</span> <span class='ocrx_word' id='word_1_726' title='bbox 527 5235 706 5292; x_wconf 91' lang='lat' dir='ltr'>simul</span> <span class='ocrx_word' id='word_1_727' title='bbox 738 5239 796 5291; x_wconf 91' lang='lat' dir='ltr'>et</span> <span class='ocrx_word' id='word_1_728' title='bbox 815 5239 1264 5306; x_wconf 66' lang='lat' dir='ltr'>praemonstrare</span> <span class='ocrx_word' id='word_1_729' title='bbox 1287 5249 1458 5290; x_wconf 89' lang='lat' dir='ltr'>nemo</span> <span class='ocrx_word' id='word_1_730' title='bbox 1483 5239 1572 5290; x_wconf 89' lang='lat' dir='ltr'>est</span> <span class='ocrx_word' id='word_1_731' title='bbox 1593 5237 1692 5308; x_wconf 90' lang='lat' dir='ltr'>qui</span> <span class='ocrx_word' id='word_1_732' title='bbox 1715 5237 1878 5293; x_wconf 80' lang='lat' dir='ltr'>dubi-</span> 
     </span>
    </p>
   </div>
   <div class='ocr_carea' id='block_1_103' title="bbox 212 5323 1877 5398">
    <p class='ocr_par' dir='ltr' id='par_1_103' title="bbox 212 5323 1877 5398">
     <span class='ocr_line' id='line_1_103' title="bbox 212 5323 1877 5398; baseline 0.001 -18"><span class='ocrx_word' id='word_1_733' title='bbox 212 5325 418 5392; x_wconf 84' lang='lat' dir='ltr'>tet,sic</span> <span class='ocrx_word' id='word_1_734' title='bbox 439 5324 627 5381; x_wconf 89' lang='lat' dir='ltr'>ethos</span> <span class='ocrx_word' id='word_1_735' title='bbox 657 5324 1034 5396; x_wconf 87' lang='lat' dir='ltr'>septuaginta</span> <span class='ocrx_word' id='word_1_736' title='bbox 1053 5323 1202 5378; x_wconf 90' lang='lat' dir='ltr'>duos</span> <span class='ocrx_word' id='word_1_737' title='bbox 1233 5323 1481 5395; x_wconf 79' lang='lat' dir='ltr'>figuram</span> <span class='ocrx_word' id='word_1_738' title='bbox 1512 5325 1877 5398; x_wconf 83' lang='lat' dir='ltr'>presbytero-</span> 
     </span>
    </p>
   </div>
   <div class='ocr_carea' id='block_1_104' title="bbox 216 5411 1880 5484">
    <p class='ocr_par' dir='ltr' id='par_1_104' title="bbox 216 5411 1880 5484">
     <span class='ocr_line' id='line_1_104' title="bbox 216 5411 1880 5484; baseline 0.002 -16"><span class='ocrx_word' id='word_1_739' title='bbox 216 5427 382 5480; x_wconf 89' lang='lat' dir='ltr'>rum,</span> <span class='ocrx_word' id='word_1_740' title='bbox 414 5412 476 5466; x_wconf 91' lang='lat' dir='ltr'>id</span> <span class='ocrx_word' id='word_1_741' title='bbox 509 5417 616 5478; x_wconf 89' lang='lat' dir='ltr'>est,</span> <span class='ocrx_word' id='word_1_742' title='bbox 649 5413 893 5469; x_wconf 90' lang='lat' dir='ltr'>secundi</span> <span class='ocrx_word' id='word_1_743' title='bbox 935 5411 1158 5468; x_wconf 90' lang='lat' dir='ltr'>ordinis</span> <span class='ocrx_word' id='word_1_744' title='bbox 1205 5412 1574 5467; x_wconf 88' lang='lat' dir='ltr'>sacerdotum</span> <span class='ocrx_word' id='word_1_745' title='bbox 1627 5415 1880 5484; x_wconf 85' lang='lat' dir='ltr'>gessisse</span> 
     </span>
    </p>
   </div>
   <div class='ocr_carea' id='block_1_105' title="bbox 215 5497 1880 5573">
    <p class='ocr_par' dir='ltr' id='par_1_105' title="bbox 215 5497 1880 5573">
     <span class='ocr_line' id='line_1_105' title="bbox 215 5497 1880 5573; baseline 0.002 -17"><span class='ocrx_word' id='word_1_746' title='bbox 215 5499 536 5557; x_wconf 82' lang='lat' dir='ltr'>sciendum</span> <span class='ocrx_word' id='word_1_747' title='bbox 560 5507 650 5558; x_wconf 88' lang='lat' dir='ltr'>est</span> <span class='ocrx_word' id='word_1_748' title='bbox 673 5519 686 5557; x_wconf 90' lang='lat'>:</span> <span class='ocrx_word' id='word_1_749' title='bbox 711 5499 948 5557; x_wconf 86' lang='lat' dir='ltr'>tametsi</span> <span class='ocrx_word' id='word_1_750' title='bbox 970 5498 1177 5572; x_wconf 91' lang='lat' dir='ltr'>primis</span> <span class='ocrx_word' id='word_1_751' title='bbox 1208 5497 1474 5554; x_wconf 67' lang='lat' dir='ltr'>Ecclesiae</span> <span class='ocrx_word' id='word_1_752' title='bbox 1497 5501 1880 5573; x_wconf 89' lang='lat' dir='ltr'>temporibus,</span> 
     </span>
    </p>
   </div>
   <div class='ocr_carea' id='block_1_106' title="bbox 217 5586 1879 5662">
    <p class='ocr_par' dir='ltr' id='par_1_106' title="bbox 217 5586 1879 5662">
     <span class='ocr_line' id='line_1_106' title="bbox 217 5586 1879 5662; baseline 0.001 -18"><span class='ocrx_word' id='word_1_753' title='bbox 217 5592 292 5645; x_wconf 86' lang='lat' dir='ltr'>ut</span> <span class='ocrx_word' id='word_1_754' title='bbox 320 5587 649 5661; x_wconf 80' lang='lat' dir='ltr'>apostolica</span> <span class='ocrx_word' id='word_1_755' title='bbox 682 5588 986 5662; x_wconf 86' lang='lat' dir='ltr'>Scriptura</span> <span class='ocrx_word' id='word_1_756' title='bbox 1025 5586 1190 5643; x_wconf 84' lang='lat' dir='ltr'>testis</span> <span class='ocrx_word' id='word_1_757' title='bbox 1222 5591 1311 5642; x_wconf 83' lang='lat' dir='ltr'>est</span> <span class='ocrx_word' id='word_1_758' title='bbox 1340 5587 1570 5658; x_wconf 84' lang='lat' dir='ltr'>(Philip.</span> <span class='ocrx_word' id='word_1_759' title='bbox 1607 5607 1656 5656; x_wconf 88' lang='lat'>1;</span> <span class='ocrx_word' id='word_1_760' title='bbox 1696 5591 1793 5646; x_wconf 85' lang='lat' dir='ltr'>Tit.</span> <span class='ocrx_word' id='word_1_761' title='bbox 1828 5609 1879 5657; x_wconf 86' lang='lat'>1;</span> 
     </span>
    </p>
   </div>
   <div class='ocr_carea' id='block_1_107' title="bbox 1991 4611 3642 4675">
    <p class='ocr_par' dir='ltr' id='par_1_107' title="bbox 1991 4611 3642 4675">
     <span class='ocr_line' id='line_1_107' title="bbox 1991 4611 3642 4675; baseline -0.004 -1"><span class='ocrx_word' id='word_1_762' title='bbox 1991 4618 2166 4675; x_wconf 87' lang='lat' dir='ltr'>etiam</span> <span class='ocrx_word' id='word_1_763' title='bbox 2198 4617 2522 4672; x_wconf 87' lang='lat' dir='ltr'>intentione</span> <span class='ocrx_word' id='word_1_764' title='bbox 2552 4631 2749 4671; x_wconf 88' lang='lat' dir='ltr'>sacros</span> <span class='ocrx_word' id='word_1_765' title='bbox 2797 4613 3226 4670; x_wconf 89' lang='lat' dir='ltr'>ecclesiasticos</span> <span class='ocrx_word' id='word_1_766' title='bbox 3275 4611 3514 4669; x_wconf 86' lang='lat' dir='ltr'>ordines</span> <span class='ocrx_word' id='word_1_767' title='bbox 3537 4612 3642 4668; x_wconf 90' lang='lat' dir='ltr'>de-</span> 
     </span>
    </p>
   </div>
   <div class='ocr_carea' id='block_1_108' title="bbox 1991 4699 3646 4776">
    <p class='ocr_par' dir='ltr' id='par_1_108' title="bbox 1991 4699 3646 4776">
     <span class='ocr_line' id='line_1_108' title="bbox 1991 4699 3646 4776; baseline -0.002 -14"><span class='ocrx_word' id='word_1_768' title='bbox 1991 4708 2166 4762; x_wconf 88' lang='lat' dir='ltr'>beant</span> <span class='ocrx_word' id='word_1_769' title='bbox 2221 4706 2582 4776; x_wconf 88' lang='lat' dir='ltr'>dispensare,</span> <span class='ocrx_word' id='word_1_770' title='bbox 2645 4704 2846 4760; x_wconf 89' lang='lat' dir='ltr'>beatus</span> <span class='ocrx_word' id='word_1_771' title='bbox 2911 4701 3227 4774; x_wconf 86' lang='lat' dir='ltr'>Gregorius</span> <span class='ocrx_word' id='word_1_772' title='bbox 3287 4701 3346 4756; x_wconf 91' lang='lat' dir='ltr'>in</span> <span class='ocrx_word' id='word_1_773' title='bbox 3403 4699 3646 4758; x_wconf 87' lang='lat' dir='ltr'>homilia</span> 
     </span>
    </p>
   </div>
   <div class='ocr_carea' id='block_1_109' title="bbox 1991 4791 3645 4865">
    <p class='ocr_par' dir='ltr' id='par_1_109' title="bbox 1991 4791 3645 4865">
     <span class='ocr_line' id='line_1_109' title="bbox 1991 4791 3645 4865; baseline -0.002 -16"><span class='ocrx_word' id='word_1_774' title='bbox 1991 4792 2308 4865; x_wconf 87' lang='lat' dir='ltr'>Evangelii,</span> <span class='ocrx_word' id='word_1_775' title='bbox 2343 4791 2491 4848; x_wconf 82' lang='lat' dir='ltr'>Misit</span> <span class='ocrx_word' id='word_1_776' title='bbox 2513 4793 2666 4848; x_wconf 74' lang='lat' dir='ltr'>Iesus</span> <span class='ocrx_word' id='word_1_777' title='bbox 2691 4791 2976 4848; x_wconf 79' lang='lat' dir='ltr'>duodecim</span> <span class='ocrx_word' id='word_1_778' title='bbox 3003 4791 3304 4862; x_wconf 84' lang='lat' dir='ltr'>discipulos</span> <span class='ocrx_word' id='word_1_779' title='bbox 3332 4807 3478 4858; x_wconf 87' lang='lat' dir='ltr'>suos,</span> <span class='ocrx_word' id='word_1_780' title='bbox 3507 4805 3645 4862; x_wconf 67' lang='lat' dir='ltr'>pra:-</span> 
     </span>
    </p>
   </div>
   <div class='ocr_carea' id='block_1_110' title="bbox 1990 4877 3642 4953">
    <p class='ocr_par' dir='ltr' id='par_1_110' title="bbox 1990 4877 3642 4953">
     <span class='ocr_line' id='line_1_110' title="bbox 1990 4877 3642 4953; baseline -0.002 -17"><span class='ocrx_word' id='word_1_781' title='bbox 1990 4883 2198 4953; x_wconf 83' lang='lat' dir='ltr'>cipiens</span> <span class='ocrx_word' id='word_1_782' title='bbox 2227 4883 2306 4936; x_wconf 86' lang='lat' dir='ltr'>eis</span> <span class='ocrx_word' id='word_1_783' title='bbox 2328 4888 2380 4936; x_wconf 86' lang='lat' dir='ltr'>et</span> <span class='ocrx_word' id='word_1_784' title='bbox 2405 4879 2588 4935; x_wconf 78' lang='lat' dir='ltr'>dicens</span> <span class='ocrx_word' id='word_1_785' title='bbox 2611 4899 2630 4936; x_wconf 91' lang='lat'><em>:</em></span> <span class='ocrx_word' id='word_1_786' title='bbox 2661 4881 2726 4936; x_wconf 83' lang='lat' dir='ltr'>In</span> <span class='ocrx_word' id='word_1_787' title='bbox 2768 4882 2918 4936; x_wconf 86' lang='lat' dir='ltr'>viam</span> <span class='ocrx_word' id='word_1_788' title='bbox 2961 4881 3211 4952; x_wconf 79' lang='lat' dir='ltr'>gentium</span> <span class='ocrx_word' id='word_1_789' title='bbox 3253 4895 3324 4935; x_wconf 79' lang='lat' dir='ltr'>ne</span> <span class='ocrx_word' id='word_1_790' title='bbox 3369 4877 3642 4942; x_wconf 72' lang='lat' dir='ltr'>abieritis,</span> 
     </span>
    </p>
   </div>
   <div class='ocr_carea' id='block_1_111' title="bbox 1993 4965 3646 5041">
    <p class='ocr_par' dir='ltr' id='par_1_111' title="bbox 1993 4965 3646 5041">
     <span class='ocr_line' id='line_1_111' title="bbox 1993 4965 3646 5041; baseline -0.004 -15"><span class='ocrx_word' id='word_1_791' title='bbox 1993 4975 2052 5026; x_wconf 91' lang='lat' dir='ltr'>et</span> <span class='ocrx_word' id='word_1_792' title='bbox 2079 4970 2140 5024; x_wconf 89' lang='lat' dir='ltr'>in</span> <span class='ocrx_word' id='word_1_793' title='bbox 2171 4967 2414 5024; x_wconf 89' lang='lat' dir='ltr'>homilia</span> <span class='ocrx_word' id='word_1_794' title='bbox 2443 4967 2758 5041; x_wconf 88' lang='lat' dir='ltr'>Evangelii,</span> <span class='ocrx_word' id='word_1_795' title='bbox 2782 4971 3100 5040; x_wconf 84' lang='lat' dir='ltr'>Designavit</span> <span class='ocrx_word' id='word_1_796' title='bbox 3132 4971 3400 5025; x_wconf 81' lang='lat' dir='ltr'>Dominus</span> <span class='ocrx_word' id='word_1_797' title='bbox 3427 4974 3480 5022; x_wconf 82' lang='lat' dir='ltr'>et</span> <span class='ocrx_word' id='word_1_798' title='bbox 3505 4965 3646 5020; x_wconf 80' lang='lat' dir='ltr'>alios</span> 
     </span>
    </p>
   </div>
   <div class='ocr_carea' id='block_1_112' title="bbox 1993 5049 3648 5130">
    <p class='ocr_par' dir='ltr' id='par_1_112' title="bbox 1993 5049 3648 5130">
     <span class='ocr_line' id='line_1_112' title="bbox 1993 5049 3648 5130; baseline -0.004 -16"><span class='ocrx_word' id='word_1_799' title='bbox 1993 5059 2336 5130; x_wconf 82' lang='lat' dir='ltr'>septuaginta</span> <span class='ocrx_word' id='word_1_800' title='bbox 2392 5057 2560 5125; x_wconf 85' lang='lat' dir='ltr'>duos;</span> <span class='ocrx_word' id='word_1_801' title='bbox 2610 5063 2666 5112; x_wconf 91' lang='lat' dir='ltr'>et</span> <span class='ocrx_word' id='word_1_802' title='bbox 2711 5057 2772 5112; x_wconf 92' lang='lat' dir='ltr'>in</span> <span class='ocrx_word' id='word_1_803' title='bbox 2834 5057 3078 5114; x_wconf 88' lang='lat' dir='ltr'>homilia</span> <span class='ocrx_word' id='word_1_804' title='bbox 3133 5052 3450 5128; x_wconf 87' lang='lat' dir='ltr'>Evangelii,</span> <span class='ocrx_word' id='word_1_805' title='bbox 3504 5049 3648 5107; x_wconf 82' lang='lat' dir='ltr'>Vidit</span> 
     </span>
    </p>
   </div>
   <div class='ocr_carea' id='block_1_113' title="bbox 1982 5137 3642 5220">
    <p class='ocr_par' dir='ltr' id='par_1_113' title="bbox 1982 5137 3642 5220">
     <span class='ocr_line' id='line_1_113' title="bbox 1982 5137 3642 5220; baseline -0.005 -17"><span class='ocrx_word' id='word_1_806' title='bbox 1982 5149 2134 5204; x_wconf 79' lang='lat' dir='ltr'>Iesus</span> <span class='ocrx_word' id='word_1_807' title='bbox 2161 5146 2458 5211; x_wconf 83' lang='lat' dir='ltr'>civitatem,</span> <span class='ocrx_word' id='word_1_808' title='bbox 2489 5152 2542 5202; x_wconf 85' lang='lat' dir='ltr'>et</span> <span class='ocrx_word' id='word_1_809' title='bbox 2567 5147 2718 5216; x_wconf 81' lang='lat' dir='ltr'>ﬂevit</span> <span class='ocrx_word' id='word_1_810' title='bbox 2742 5164 2906 5220; x_wconf 87' lang='lat' dir='ltr'>super</span> <span class='ocrx_word' id='word_1_811' title='bbox 2934 5149 3112 5210; x_wconf 87' lang='lat' dir='ltr'>illam,</span> <span class='ocrx_word' id='word_1_812' title='bbox 3136 5148 3333 5217; x_wconf 89' lang='lat' dir='ltr'>aperte</span> <span class='ocrx_word' id='word_1_813' title='bbox 3365 5137 3642 5196; x_wconf 80' lang='lat' dir='ltr'>ostendit.</span> 
     </span>
    </p>
   </div>
   <div class='ocr_carea' id='block_1_114' title="bbox 1985 5226 3650 5310">
    <p class='ocr_par' dir='ltr' id='par_1_114' title="bbox 1985 5226 3650 5310">
     <span class='ocr_line' id='line_1_114' title="bbox 1985 5226 3650 5310; baseline -0.007 -18"><span class='ocrx_word' id='word_1_814' title='bbox 1985 5239 2112 5302; x_wconf 89' lang='lat' dir='ltr'>Qua</span> <span class='ocrx_word' id='word_1_815' title='bbox 2139 5251 2272 5290; x_wconf 90' lang='lat' dir='ltr'>vero</span> <span class='ocrx_word' id='word_1_816' title='bbox 2303 5233 2657 5294; x_wconf 85' lang='lat' dir='ltr'>discretione</span> <span class='ocrx_word' id='word_1_817' title='bbox 2684 5235 2866 5310; x_wconf 87' lang='lat' dir='ltr'>ligare</span> <span class='ocrx_word' id='word_1_818' title='bbox 2886 5236 2970 5292; x_wconf 91' lang='lat' dir='ltr'>vel</span> <span class='ocrx_word' id='word_1_819' title='bbox 2995 5235 3220 5291; x_wconf 89' lang='lat' dir='ltr'>solvere</span> <span class='ocrx_word' id='word_1_820' title='bbox 3241 5228 3494 5286; x_wconf 87' lang='lat' dir='ltr'>debeant</span> <span class='ocrx_word' id='word_1_821' title='bbox 3511 5226 3650 5282; x_wconf 66' lang='lat' dir='ltr'>sub‘</span> 
     </span>
    </p>
   </div>
   <div class='ocr_carea' id='block_1_115' title="bbox 1988 5322 3652 5397">
    <p class='ocr_par' dir='ltr' id='par_1_115' title="bbox 1988 5322 3652 5397">
     <span class='ocr_line' id='line_1_115' title="bbox 1988 5322 3652 5397; baseline -0.004 -18"><span class='ocrx_word' id='word_1_822' title='bbox 1988 5325 2164 5390; x_wconf 87' lang='lat' dir='ltr'>dites,</span> <span class='ocrx_word' id='word_1_823' title='bbox 2200 5322 2260 5378; x_wconf 90' lang='lat' dir='ltr'>in</span> <span class='ocrx_word' id='word_1_824' title='bbox 2294 5323 2538 5379; x_wconf 90' lang='lat' dir='ltr'>homilia</span> <span class='ocrx_word' id='word_1_825' title='bbox 2566 5325 2882 5397; x_wconf 83' lang='lat' dir='ltr'>Evangelii,</span> <span class='ocrx_word' id='word_1_826' title='bbox 2917 5326 3050 5380; x_wconf 85' lang='lat' dir='ltr'>Cum</span> <span class='ocrx_word' id='word_1_827' title='bbox 3096 5337 3214 5378; x_wconf 85' lang='lat' dir='ltr'>sero</span> <span class='ocrx_word' id='word_1_828' title='bbox 3256 5322 3466 5390; x_wconf 76' lang='lat' dir='ltr'>factum</span> <span class='ocrx_word' id='word_1_829' title='bbox 3509 5322 3652 5372; x_wconf 77' lang='lat' dir='ltr'>esset</span> 
     </span>
    </p>
   </div>
   <div class='ocr_carea' id='block_1_116' title="bbox 1989 5405 3648 5478">
    <p class='ocr_par' dir='ltr' id='par_1_116' title="bbox 1989 5405 3648 5478">
     <span class='ocr_line' id='line_1_116' title="bbox 1989 5405 3648 5478; baseline -0.005 -10"><span class='ocrx_word' id='word_1_830' title='bbox 1989 5430 2102 5468; x_wconf 83' lang='lat' dir='ltr'>una</span> <span class='ocrx_word' id='word_1_831' title='bbox 2129 5411 2510 5478; x_wconf 77' lang='lat' dir='ltr'>Sabbatorum,</span> <span class='ocrx_word' id='word_1_832' title='bbox 2542 5412 2869 5469; x_wconf 89' lang='lat' dir='ltr'>luculenter</span> <span class='ocrx_word' id='word_1_833' title='bbox 2898 5412 3264 5468; x_wconf 88' lang='lat' dir='ltr'>demonstrat</span> <span class='ocrx_word' id='word_1_834' title='bbox 3293 5406 3520 5478; x_wconf 55' lang='lat' dir='ltr'>(hami,</span> <span class='ocrx_word' id='word_1_835' title='bbox 3555 5405 3648 5474; x_wconf 87' lang='grc'>17,</span> 
     </span>
    </p>
   </div>
   <div class='ocr_carea' id='block_1_117' title="bbox 1989 5491 3646 5572">
    <p class='ocr_par' dir='ltr' id='par_1_117' title="bbox 1989 5491 3646 5572">
     <span class='ocr_line' id='line_1_117' title="bbox 1989 5491 3646 5572; baseline -0.004 -15"><span class='ocrx_word' id='word_1_836' title='bbox 1989 5499 2472 5569; x_wconf 86' lang='lat' dir='ltr'>39,26).Qualiter</span> <span class='ocrx_word' id='word_1_837' title='bbox 2494 5505 2692 5556; x_wconf 86' lang='lat' dir='ltr'>autem</span> <span class='ocrx_word' id='word_1_838' title='bbox 2718 5500 2964 5572; x_wconf 86' lang='lat' dir='ltr'>quisque</span> <span class='ocrx_word' id='word_1_839' title='bbox 2987 5500 3056 5554; x_wconf 93' lang='lat' dir='ltr'>ad</span> <span class='ocrx_word' id='word_1_840' title='bbox 3081 5497 3315 5554; x_wconf 85' lang='lat' dir='ltr'>culmen</span> <span class='ocrx_word' id='word_1_841' title='bbox 3340 5491 3646 5566; x_wconf 86' lang='lat' dir='ltr'>regiminis</span> 
     </span>
    </p>
   </div>
   <div class='ocr_carea' id='block_1_118' title="bbox 1994 5583 3648 5659">
    <p class='ocr_par' dir='ltr' id='par_1_118' title="bbox 1994 5583 3648 5659">
     <span class='ocr_line' id='line_1_118' title="bbox 1994 5583 3648 5659; baseline -0.003 -16"><span class='ocrx_word' id='word_1_842' title='bbox 1994 5586 2260 5644; x_wconf 87' lang='lat' dir='ltr'>videlicet</span> <span class='ocrx_word' id='word_1_843' title='bbox 2316 5587 2689 5659; x_wconf 87' lang='lat' dir='ltr'>episcopatus</span> <span class='ocrx_word' id='word_1_844' title='bbox 2745 5587 2960 5655; x_wconf 87' lang='lat' dir='ltr'>veniat,</span> <span class='ocrx_word' id='word_1_845' title='bbox 2991 5592 3164 5658; x_wconf 83' lang='lat' dir='ltr'>atque</span> <span class='ocrx_word' id='word_1_846' title='bbox 3214 5585 3285 5641; x_wconf 85' lang='lat' dir='ltr'>ad</span> <span class='ocrx_word' id='word_1_847' title='bbox 3337 5583 3448 5640; x_wconf 89' lang='lat' dir='ltr'>hoc</span> <span class='ocrx_word' id='word_1_848' title='bbox 3495 5584 3648 5639; x_wconf 86' lang='lat' dir='ltr'>recte</span> 
     </span>
    </p>
   </div>
  </div>
