3976 6188
308 278 456 342 1011
560 280 563 285 ’

1079 278 1467 343 HINGMARI
1510 280 1757 343 RHEM.
1802 278 2168 341 ARCHIEP.
2214 276 2618 342 OPUSGULA
2661 276 2927 339 VARIA.

3559 276 3714 340 1012

304 411 650 485 perveniens
679 410 929 485 qualiter
970 411 1143 482 vivat,
1177 417 1235 469 et
1264 414 1412 470 bene
1456 413 1655 471 vivens
1702 412 1955 486 qualiter
1985 411 2438 485 Alanguorum,
2471 411 2755 485 gaudium
2803 406 3149 483 hominum,
3177 408 3488 484 temperies
3537 410 3713 481 aeris,

306 502 532 569 doceat,
566 505 624 558 et
656 505 812 558 recte
842 502 1058 559 docens
1086 501 1491 560 inﬁrmitatem
1511 520 1681 560 suam
1702 502 1961 576 quotidie

305 594 528 664 quanta
556 590 1023 648 consideratione
1050 597 1384 665 cognoscat,
1409 593 1617 649 beatus
1647 592 1960 664 Gregorius

305 681 367 737 in
397 680 680 740 Pastorali
727 680 929 754 regula
975 680 1334 738 sufﬁcienter
1380 687 1439 739 et
1480 680 1960 753 eloquentissime

306 771 497 827 docet.

315 914 323 920 .
376 860 512 917 CAP.
545 859 670 916 VII.
700 859 900 927 Qualis
925 860 1178 932 denique
1210 876 1309 916 rex
1339 861 1545 917 debeat
1572 876 1721 929 esse,
1755 862 1960 918 beatus

306 949 633 1024 Cyprianus
664 949 724 1006 in
756 966 910 1006 nono
930 949 1248 1006 Abusionis
1272 950 1457 1028 gradu
1483 950 1846 1006 demonstrat
1866 950 1962 1005 do-

307 1056 446 1111 cens
466 1039 672 1113 (cap.9)
696 1056 707 1095 :
739 1062 760 1089 α
785 1038 1013 1095 Etenim
1036 1055 1231 1111 regem
1254 1055 1370 1094 non
1392 1038 1683 1111 iniquum,
1712 1040 1811 1096 sed
1834 1056 1958 1095 cor-

308 1132 595 1186 rectorem
625 1128 965 1201 iniquorum
997 1144 1127 1184 esse
1170 1131 1416 1200 oportet.
1450 1129 1589 1185 Inde
1637 1129 1697 1184 in
1746 1132 1960 1184 semet-

308 1217 438 1291 ipso
469 1216 725 1275 nominis
755 1216 847 1273 sui
886 1215 1230 1289 dignitatem
1282 1215 1574 1273 custodire
1623 1217 1814 1274 debet.
1847 1217 1958 1274 No-

311 1319 448 1362 men
501 1304 659 1361 enim
717 1302 870 1377 regis
926 1301 1399 1360 intellectualiter
1457 1304 1565 1360 hoc
1624 1305 1856 1373 retinet,
1898 1310 1963 1361 ut

309 1393 594 1467 subjectis
623 1392 901 1451 omnibus
931 1391 1172 1449 rectoris
1211 1393 1472 1450 ofﬁcium
1520 1398 1814 1466 procuret.
1847 1394 1959 1451 Sed

310 1476 561 1556 qualiter
588 1480 735 1539 alios
764 1481 1055 1555 corrigere
1084 1481 1427 1554 poterit,qui
1448 1482 1714 1555 proprios
1743 1499 1958 1551 mores,

309 1588 383 1628 ne
428 1570 618 1644 iniqui
667 1570 806 1637 sint,
839 1587 955 1627 non
1001 1570 1283 1643 corrigit?
1309 1569 1595 1637 Quoniam
1640 1570 1700 1627 in
1723 1571 1963 1643 justitia

310 1660 463 1734 regis
491 1659 780 1717 exaltatur
806 1659 1045 1726 solium,
1075 1663 1134 1716 et
1162 1658 1223 1715 in
1254 1660 1495 1716 veritate
1523 1658 1677 1733 regis
1706 1660 1961 1718 solidan-

308 1753 408 1807 tur
435 1748 834 1823 gubernacula
862 1747 1484 1822 populorum.Justitia
1505 1766 1640 1806 vero
1670 1750 1824 1824 regis
1849 1754 1959 1817 est,

308 1837 606 1895 neminem
663 1837 882 1910 injuste
928 1853 1032 1910 per
1078 1836 1398 1909 potentiam
1443 1837 1793 1910 opprimere,
1834 1839 1960 1895 sine

308 1942 696 2001 personarum
726 1925 1059 1998 acceptione
1089 1924 1243 1982 inter
1284 1926 1475 1982 virum
1525 1932 1582 1983 et
1630 1928 1962 2000 proximum

310 2032 487 2073 suum
508 2016 672 2088 juste
692 2015 962 2087 judicare
994 2032 1007 2071 :
1039 2014 1299 2082 advenis,
1332 2018 1390 2070 et
1421 2014 1752 2087 pupillis,et
1771 2018 1963 2073 viduis

310 2106 678 2162 defensorem
709 2120 860 2173 esse,
893 2104 1050 2159 furta
1079 2102 1371 2172 cohibere,
1404 2102 1694 2160 adulteria
1732 2106 1961 2177 punire,

309 2193 545 2266 iniquos
574 2210 691 2249 non
720 2190 993 2259 exaltare,
1028 2191 1359 2264 impudicos
1396 2196 1454 2247 et
1482 2191 1798 2249 histriones
1846 2210 1963 2250 non

310 2282 557 2352 nutrire,
589 2280 804 2354 impios
834 2281 907 2336 de
938 2284 1095 2337 terra
1123 2279 1386 2352 perdere,
1415 2279 1737 2352 parricidas
1765 2286 1822 2339 et
1840 2299 1963 2355 per-

301 2374 576 2445 jurantes
605 2370 795 2427 vivere
815 2386 931 2426 non
953 2368 1461 2426 sinere.Ecclesias
1486 2370 1964 2443 defendere,pau-

308 2478 476 2535 peres
505 2459 891 2532 eleemosynis
922 2457 1096 2537 alere,
1120 2458 1317 2529 justos
1345 2475 1522 2531 super
1549 2459 1711 2531 regni
1734 2459 1966 2532 negotia

316 2549 695 2617 constituere,
728 2564 898 2604 senes
929 2550 986 2603 et
1014 2545 1307 2619 sapientes
1335 2551 1392 2602 et
1434 2547 1660 2604 sobrios
1689 2548 1964 2605 consilia-

320 2639 440 2696 rios
461 2639 697 2711 habere,
731 2652 1036 2709 magorum
1074 2639 1134 2691 et
1183 2635 1543 2692 hariolorum
1590 2636 1965 2710 pythonissa-

315 2744 567 2800 rumque
598 2724 1117 2799 superstitionibus
1139 2741 1255 2781 non
1278 2724 1965 2793 intendere,iraeundiam

320 2817 572 2884 differre,
605 2815 857 2888 patriam
886 2814 1113 2870 fortiter
1133 2817 1190 2869 et
1199 2814 1363 2885 juste
1384 2818 1586 2870 contra
1607 2815 1967 2872 adversarios

314 2905 642 2974 defendere,
677 2921 781 2977 per
809 2902 1008 2959 omnia
1037 2902 1096 2956 in
1128 2901 1244 2956 Deo
1273 2902 1582 2971 conﬁdere,
1604 2903 1967 2976 properitati-

319 2995 432 3057 bus
462 2993 728 3051 animum
759 3009 875 3048 non
905 2990 1148 3059 elevare,
1181 2993 1393 3045 cuncta
1424 2991 1666 3046 adversa
1680 2991 1967 3063 patienter

311 3082 579 3150 tolerare,
612 3082 789 3138 ﬁdem
818 3078 1165 3136 catholicam
1204 3076 1264 3133 in
1315 3078 1501 3135 Deum
1549 3079 1782 3148 habere,
1814 3079 1966 3136 ﬁlios

2068 500 2352 558 serenitas
2386 500 2589 568 maris,
2622 504 2786 556 terra:
2817 498 3165 567 fecunditas,
3198 498 3475 573 solatium
3504 517 3720 573 paupe-

2069 607 2222 659 rum,
2256 589 2563 646 haereditas
2595 588 2872 659 ﬁliorum,
2895 592 2952 644 et
2975 588 3327 661 sibimetipsi
3348 605 3485 662 spes
3509 589 3719 645 futuras

2067 676 2471 734 beatitudinis.
2488 679 2761 733 Attamen
2792 676 2938 733 sciat
2952 678 3233 749 rex,quod
3251 677 3404 733 sicut
3424 678 3486 733 in
3508 678 3723 737 throno

2067 765 2378 824 hominum
2409 766 2637 838 primus
2663 765 3018 822 constitutus
3050 770 3161 835 est,
3181 765 3266 823 sic
3288 771 3344 823 et
3365 766 3426 822 in
3449 766 3725 840 pcsnis,si

2060 855 2361 927 justitiam
2385 872 2500 911 non
2531 855 2752 924 fecerit,
2786 854 3105 928 primatum
3135 854 3446 911 habiturus
3471 856 3728 913 est.0m-

2069 962 2173 1001 nes
2205 961 2461 1016 namqne
2492 960 2876 1017 quoscunque
2909 948 3241 1015 peccatores
3272 945 3381 1001 sub
3412 960 3475 1001 se
3497 945 3556 1001 in
3583 963 3726 1018 prae-

2069 1035 2222 1091 senti
2269 1033 2500 1097 habuit,
2539 1050 2719 1105 supra
2766 1049 2829 1089 se
2877 1033 3049 1089 modo
3099 1032 3456 1105 implacabili
3506 1034 3567 1090 in
3619 1033 3727 1091 illa

2070 1140 2241 1196 pcsna
2270 1124 2469 1179 futura
2499 1122 2759 1179 habebit.

2140 1211 2275 1267 CAP.
2308 1211 2455 1267 VIII.
2489 1234 2517 1261 «
2552 1212 2622 1267 Et
2650 1214 2849 1267 sextus
2876 1210 3193 1268 Abusionis
3218 1211 3435 1285 gradus
3457 1213 3722 1285 est,»qui

2069 1317 2185 1357 non
2218 1299 2411 1357 solum
2442 1300 2588 1373 regi,
2620 1300 2721 1356 sed
2762 1303 2820 1355 et
2866 1299 3161 1368 omnibus,
3192 1299 3295 1373 qui
3344 1300 3721 1358 dominorum

2069 1393 2385 1446 censentur
2425 1387 2684 1461 nomine,
2717 1388 3008 1455 convenit,
3042 1412 3071 1439 «
3103 1388 3380 1446 dominus
3427 1390 3557 1448 sine
3603 1391 3721 1447 vir-

2069 1483 2196 1536 tute
2229 1495 2243 1534 :
2278 1477 2419 1551 quia
2449 1476 2596 1533 nihil
2618 1476 2849 1549 proﬁcit
2872 1477 3215 1534 dominandi
3235 1477 3451 1536 habere
3471 1483 3725 1553 potesta-

2066 1571 2209 1637 tem,
2242 1566 2293 1623 si
2324 1566 2598 1622 dominus
2629 1566 2755 1639 ipse
2786 1583 2903 1622 non
2932 1566 3147 1623 habeat
3172 1565 3406 1624 virtutis
3442 1569 3718 1642 rigorem.

2070 1656 2182 1712 Sed
2215 1655 2312 1713 hic
2339 1655 2569 1711 virtutis
2601 1655 2900 1729 rigor,non
2922 1659 3044 1712 tam
3064 1655 3334 1713 exteriori
3353 1656 3721 1729 fortitudine,

2069 1761 2197 1818 quae
2227 1750 2284 1801 et
2310 1744 2439 1817 ipsa
2468 1745 2848 1801 saecularibus
2878 1744 3134 1801 dominis
3164 1745 3496 1804 necessaria
3521 1748 3726 1818 est,in-

2071 1792 2196 1818 ἰτ-’⁷
2229 1792 2284 1801 "'
2310 1792 2439 1817 ’r’“
2468 1792 2770 1801 """""""'
2783 1792 2848 1801 "'
2880 1792 3133 1801 “'"""""
3165 1792 3496 1804 ""'"""'“"
3522 1792 3699 1818 “'3'”

1988 1792 2039 1860 Β
2070 1833 2247 1906 diget,
2279 1849 2456 1905 quam
2487 1831 2668 1888 animi
2693 1831 2955 1889 interiori
2986 1832 3328 1890 fortitudine
3357 1833 3527 1891 bonis
3547 1836 3724 1891 mori-

2071 1923 2185 1980 bus
2213 1921 2464 1978 exerceri
2495 1922 2854 1994 debet.Saepe
2875 1921 3033 1978 enim
3054 1922 3397 1979 dominandi
3418 1941 3521 1996 per
3538 1924 3725 1981 animi

2071 2010 2487 2085 negligentiam
2519 2010 2784 2083 perditur
2813 2009 3113 2080 fortitudo,
3146 2011 3303 2067 sicut
3344 2012 3406 2067 in
3454 2013 3578 2069 Heli
3626 2032 3723 2071 sa-

2072 2101 2303 2156 cerdote
2333 2100 2553 2156 factum
2584 2098 2766 2155 fuisse
2802 2100 3219 2172 comprobatur
3244 2102 3293 2170 (ι
3320 2102 3447 2174 Reg.
3479 2103 3539 2174 ιι)
3571 2121 3585 2158 :
3616 2103 3723 2174 qui

2073 2190 2215 2245 dum
2248 2188 2555 2244 severitate
2566 2187 2777 2259 judicii
2799 2192 3110 2261 peccantes
3129 2188 3281 2245 ﬁlios
3306 2207 3422 2247 non
3441 2192 3721 2258 coercuit,

2071 2276 2132 2333 in
2160 2294 2362 2334 eorum
2400 2277 2720 2333 vindictam
2769 2277 3074 2348 Dominus,
3105 2277 3266 2335 velut
3312 2280 3721 2350 consentienti,

2073 2366 2338 2422 ferociter
2370 2383 2486 2422 non
2516 2367 2792 2439 pepercit.
2817 2367 2955 2422 Tria
2982 2382 3118 2439 ergo
3139 2369 3470 2425 necessaria
3489 2367 3594 2425 hos
3616 2370 3721 2441 qui

2072 2452 2451 2511 dominantur
2498 2454 2713 2510 habere
2761 2459 3007 2528 oportet,
3057 2460 3338 2513 terrorem
3391 2457 3633 2525 scilicet,
3663 2462 3725 2514 et

2046 2543 2523 2610 'ordinationem,
2554 2547 2612 2598 et
2641 2561 2921 2600 amorem.
2947 2543 3069 2601 Nisi
3093 2545 3251 2601 enim
3279 2551 3509 2602 ametur
3537 2546 3723 2603 domi-

2074 2649 2188 2688 nus
2216 2632 2435 2704 pariter
2465 2637 2523 2688 et
2552 2633 3165 2702 metuatur,ordinatio
3189 2633 3431 2691 minime
3451 2641 3723 2693 constare

2073 2720 2232 2777 illius
2264 2725 2474 2793 potest.
2500 2722 2606 2777 Per
2636 2722 2917 2779 beneﬁcia
2939 2739 3074 2797 ergo
3094 2728 3151 2779 et
3170 2722 3568 2780 aﬂ‘abilitatem
3596 2742 3724 2798 pro-

2075 2814 2238 2866 curet
2267 2814 2334 2865 ut
2362 2810 2658 2882 diligatur,
2691 2815 2748 2873 et
2777 2827 2881 2883 per
2903 2812 3099 2882 justas
3126 2810 3565 2881 vindictas,non
3589 2831 3721 2886 pro-

2074 2899 2212 2972 pria:
2239 2898 2487 2971 injuriae,
2521 2900 2622 2956 sed
2652 2900 2799 2973 legis
2848 2901 2971 2967 Dei,
3004 2901 3237 2958 studeat
3286 2906 3353 2957 ut
3401 2908 3718 2959 metuatur.

2075 2988 2383 3060 Propterea
2412 3004 2644 3061 quoque
2675 2989 2817 3044 dum
2845 2987 3015 3045 multi
3060 2990 3320 3063 pendent
3367 2991 3428 3046 in
3470 3008 3557 3059 eo,
3594 2991 3719 3064 ipse

2074 3077 2189 3132 Deo
2220 3077 2512 3134 adhaerere
2544 3078 2734 3145 debet,
2767 3077 2867 3145 qui
2896 3077 3067 3134 illum
3096 3078 3156 3134 in
3188 3079 3470 3136 ducatum
3502 3080 3720 3136 consti-

316 3183 457 3230 suos
485 3188 604 3228 non
633 3170 824 3226 sinere
855 3168 1035 3240 impie
1065 3182 1254 3239 agere,
1287 3167 1459 3222 certis
1490 3167 1650 3224 boris
1688 3168 1962 3225 orationi-
1993 3161 2038 3230 Β
2074 3165 2207 3234 tuit,
2229 3165 2330 3238 qui
2362 3167 2434 3222 ad
2466 3168 2753 3239 portanda
2774 3166 3098 3224 multorum
3119 3167 3520 3242 onera,ipsum
3541 3168 3721 3225 veluti

312 3261 426 3319 bus
456 3259 749 3324 insistere,
782 3260 919 3313 ante
948 3256 1124 3312 horas
1154 3271 1443 3329 congruas
1474 3257 1671 3313 cibum
1704 3275 1819 3314 non
1850 3275 1963 3331 gu-

313 3353 488 3405 stare.
528 3348 611 3403 Va:
646 3347 796 3402 enim
839 3353 1020 3411 terrae,
1054 3346 1208 3416 cujus
1263 3362 1360 3401 rex
1402 3361 1541 3417 puer
1583 3354 1679 3415 est,
1712 3355 1763 3403 et
1807 3349 1962 3419 cujus

308 3437 588 3510 principes
630 3451 791 3490 mane
835 3433 1118 3490 comedunt
1168 3434 1358 3506 (Eeele.
1392 3452 1447 3501 χ,
1483 3435 1587 3505 16).
1622 3435 1751 3491 Hzec
1800 3437 1964 3509 regni

313 3522 759 3596 prosperitatem
781 3522 840 3578 in
864 3523 1135 3594 praesenti
1186 3521 1493 3590 faciunt,et
1518 3540 1713 3596 regem
1747 3526 1818 3581 ad
1850 3543 1960 3582 οω-

311 3612 486 3669 lestia
514 3628 695 3685 regna
725 3610 967 3679 meliora
998 3612 1348 3684 perducunt.
1382 3612 1489 3678 Qui
1533 3629 1665 3669 vero
1714 3630 1961 3687 regnum

312 3718 428 3758 non
461 3701 789 3758 secundum
818 3700 970 3757 hanc
1000 3700 1189 3772 legem
1222 3700 1773 3772 dispensat,multas
1795 3702 1961 3759 nimi-

312 3807 448 3846 rum
468 3789 850 3846 adversitates
873 3788 1100 3859 imperii
1128 3787 1645 3845 tolerabit.ldcirco
1667 3790 1825 3846 enim
1848 3809 1962 3864 pax

312 3895 467 3949 saepe
495 3876 847 3949 populorum
878 3875 1194 3948 rumpitur,
1227 3881 1284 3931 et
1312 3876 1663 3933 offendicula
1690 3878 1863 3935 etiam
1890 3882 1960 3937 de

313 3980 492 4038 regno
519 3964 902 4033 suscitantur,
935 3967 1225 4019 terrarum
1257 3980 1487 4036 quoque
1519 3966 1743 4023 fructus
1787 3968 1958 4025 dimi-

312 4056 599 4123 nuuntur,
623 4056 681 4108 et
699 4052 934 4109 servitia
954 4050 1301 4124 populorum
1328 4054 1959 4126 prmpediuntur,multi

311 4146 369 4199 et
395 4141 540 4198 varii
573 4141 803 4198 dolores
832 4140 1282 4213 prosperitatem
1309 4143 1470 4214 regni
1499 4142 1787 4213 inﬁciunt,
1821 4146 1961 4202 chap

310 4247 510 4287 rerum
542 4234 600 4286 et
644 4229 964 4286 liberorum
1013 4232 1231 4285 mortes
1279 4230 1581 4286 tristitiam
1628 4234 1955 4304 conferunt,

307 4319 571 4377 hostium
585 4318 862 4376 incursus
880 4317 1207 4391 provincias
1222 4319 1482 4390 undique
1497 4322 1957 4389 vastant,bestiaa

309 4412 712 4466 armentorum
741 4411 799 4464 et
828 4422 1105 4480 pecorum
1135 4423 1339 4480 greges
1368 4406 1707 4478 dilacerant,
1743 4414 1959 4483 tempe-

308 4502 431 4596 stas
463 4495 615 4596 aeris
643 4495 1218 4596 ethyemi‘suturbata
1237 4511 1433 4596 rerum
1456 4494 1811 4596 fecunditate
1836 4516 1953 4556 ma-
1989 4530 2037 4596 D

308 4585 392 4641 ris
430 4584 759 4640 ministeria
803 4584 1134 4657 prohibent,
1168 4587 1225 4639 et
1268 4583 1580 4656 aliquando
1636 4585 1955 4644 fulminum

306 4672 460 4728 ictus
478 4676 705 4747 segetes
721 4677 779 4728 et
794 4673 1072 4729 arborum
1090 4672 1262 4728 ﬂores
1284 4675 1342 4728 et
1362 4673 1672 4745 pampinos
1692 4692 1955 4748 quosque

305 4764 579 4817 exurunt.
614 4761 801 4834 Super
829 4760 1030 4817 omnia
1051 4776 1185 4815 vero
1217 4761 1371 4833 regis
1402 4762 1693 4832 injustitia
1723 4781 1839 4820 non
1861 4782 1953 4821 so-

304 4849 429 4906 lum
460 4849 765 4922 prasentis
794 4847 1026 4922 imperii
1073 4848 1281 4904 faciem
1328 4849 1593 4918 oﬂ'uscat,
1627 4852 1728 4907 sed
1775 4854 1952 4909 etiam

304 4938 459 4995 ﬁlios
489 4955 630 4994 suos
659 4942 717 4994 et
744 4942 1005 5011 nepotes,
1031 4953 1103 4992 ne
1134 4940 1268 5008 post
1287 4953 1349 4992 se
1371 4939 1534 5010 regni
1554 4938 1952 4997 haereditatem

303 5026 1115 5096 teneant,obscurat.Propter
1129 5023 1426 5096 piaculum
1445 5025 1603 5081 enim
1622 5026 1953 5086 Salomonis

303 5131 552 5188 regnum
585 5115 798 5171 domus
819 5112 995 5169 Israel
1021 5112 1301 5169 Dominus
1317 5113 1388 5168 de
1405 5114 1678 5171 manibus
1694 5115 1951 5174 filiorum

302 5204 432 5275 ejus
462 5203 763 5276 dispersit,
792 5206 851 5257 et
880 5204 1118 5274 propter
1138 5200 1433 5270 justitiam
1466 5201 1644 5257 David
1677 5204 1832 5277 regis
1862 5205 1950 5260 lu-

301 5309 537 5349 cernam
559 5292 632 5349 de
653 5291 876 5349 semine
896 5291 1024 5362 ejus
1042 5289 1344 5361 semperin
1354 5290 1679 5346 Jerusalem
1693 5292 1947 5366 reliquit.

300 5380 446 5436 Ecce
468 5385 754 5452 quantum
771 5379 1005 5452 justitia
1017 5378 1171 5451 regis
1183 5377 1396 5433 saeculo
1407 5378 1951 5448 valet,intuentibus

299 5468 606 5539 perspicue
636 5469 921 5539 patet.Est
949 5466 1105 5524 enim
1140 5482 1251 5537 pax
1281 5465 1652 5537 populorum,
1685 5471 1948 5525 tutamen

300 5554 520 5624 patriae,
554 5555 899 5613 immunitas
920 5553 1569 5628 plebis,munimentum
1590 5558 1949 5626 gentis,cura

2073 3254 2369 3318 fortiorem
2402 3255 2691 3311 solidavit.
2726 3255 2980 3313 Paxillus
3012 3257 3192 3324 enim,
3224 3257 3338 3314 nisi
3377 3259 3526 3314 bene
3573 3258 3723 3314 forte

2074 3345 2359 3410 ﬁrmetur,
2390 3348 2447 3400 et
2477 3343 2651 3400 alicui
2682 3344 2907 3413 fortiori
2940 3345 3251 3413 adhaereat,
3286 3363 3458 3403 omne
3482 3347 3640 3419 quod
3660 3348 3722 3403 in

2072 3450 2138 3489 eo
2169 3434 2381 3505 pendet
2410 3432 2523 3489 cito
2554 3432 2790 3500 labitur,
2824 3439 2880 3490 et
2909 3434 3034 3507 ipse
3064 3434 3293 3492 solutus
3322 3452 3356 3491 a
3387 3434 3575 3509 rigore
3604 3453 3724 3492 suae

2073 3521 2368 3579 ﬁrmitatis
2398 3538 2531 3577 cum
2565 3522 2841 3578 oneribus
2872 3523 2944 3579 ad
2976 3528 3190 3580 terram
3217 3523 3637 3581 delabitur.Sic
3664 3530 3725 3581 et

2072 3609 2361 3682 princeps,
2398 3610 2509 3666 nisi
2542 3628 2648 3666 suo
2680 3610 2964 3667 conditori
2990 3612 3363 3685 pertinaciter
3383 3613 3719 3679 adhaserit,

2071 3704 2128 3757 et
2157 3700 2302 3773 ipse,
2333 3704 2391 3756 et
2422 3718 2594 3757 omne
2625 3703 2780 3772 quod
2830 3702 3113 3769 continet,
3146 3702 3259 3759 cito
3311 3703 3554 3775 deperit.
3585 3703 3720 3770 Qui-

2070 3791 2208 3846 dam
2240 3807 2497 3861 namque
2520 3807 2622 3863 per
2648 3790 2987 3848 dominandi
3019 3790 3279 3849 ofﬁcium
3308 3791 3445 3864 plus
3476 3792 3591 3848 Deo
3620 3809 3722 3864 ap-

2071 3877 2472 3951 propinquant
2504 3898 2518 3935 :
2553 3878 2795 3952 quidam
2831 3880 3106 3952 imposito
3137 3880 3250 3937 sibi
3284 3880 3587 3954 dignitatis
3616 3881 3721 3936 ho-

2070 3984 2211 4024 nore
2239 3969 2551 4025 deteriores
2583 3969 2752 4023 ﬁunt.
2788 3969 3014 4042 Moyses
3045 3986 3298 4041 namque
3347 3972 3582 4042 accepto
3611 3986 3721 4041 po-

2068 4055 2194 4128 puli
2226 4056 2442 4111 ducatu
2473 4054 2820 4111 familiarius
2852 4055 2953 4111 Dei
2999 4055 3397 4112 locutionibus
3449 4056 3723 4112 utebatur

2068 4145 2260 4214 (Exod.
2294 4148 2493 4212 xxxm)
2527 4161 2540 4199 :
2576 4144 2718 4200 Saul
2749 4161 2880 4200 vero
2912 4144 3068 4199 ﬁlius
3089 4144 3202 4211 Cis,
3227 4149 3544 4217 postquam
3562 4159 3722 4215 scep-

2068 4237 2161 4289 tra
2191 4233 2352 4306 regni
2369 4232 2758 4304 suscepit,per
2772 4232 3152 4289 incbedentia:
3173 4231 3514 4305 superbiam
3536 4233 3721 4288 Deum

2068 4318 2311 4376 offendit
2339 4320 2383 4391 (ι
2414 4320 2540 4391 Reg.
2571 4320 2685 4390 xv).
2718 4320 2838 4375 Rex
2866 4319 3139 4375 Salomon
3168 4324 3485 4393 postquam
3535 4318 3721 4393 patris

2068 4409 2162 4465 sui
2208 4408 2385 4464 David
2437 4408 2635 4464 sedem
2666 4407 2937 4475 obtinuit,
2962 4412 3112 4465 Deus
3131 4407 3301 4465 illum
3333 4409 3490 4465 ultra
3515 4425 3723 4466 omnes

2069 4496 2344 4553 mortales
2375 4495 2537 4552 velut
2565 4497 2637 4552 ad
2672 4498 2968 4553 numerosi
3001 4497 3201 4570 populi
3231 4498 3719 4571 gubernationem

2067 4585 2369 4658 sapientiae
2418 4600 2661 4640 munere
2710 4584 2915 4640 ditavit
2940 4588 3043 4656 (III
3078 4588 3207 4657 Reg.
3240 4590 3347 4655 In).
3381 4586 3719 4644 Econtrario

2063 4691 2197 4730 vero
2223 4673 2536 4730 Jeroboam
2565 4690 2766 4729 servus
2808 4673 3156 4743 Salomonis,
3189 4680 3503 4749 postquam
3548 4675 3720 4747 regni

2065 4763 2276 4818 domus
2308 4762 2486 4817 David
2519 4761 2823 4833 occupavit
2852 4767 3100 4835 partem,
3124 4765 3197 4819 ad
3223 4763 3512 4820 idolorum
3531 4761 3722 4819 cultu-

2065 4868 2191 4907 ram
2221 4851 2423 4906 decem
2452 4851 2642 4906 tribus
2676 4850 2875 4919 Israel,
2908 4867 3036 4924 quas
3081 4857 3249 4908 erant
3291 4853 3353 4908 in
3402 4857 3561 4925 parte
3604 4852 3720 4907 Sa-

2064 4939 2262 4994 maria:
2295 4938 2530 4993 attraxit
2560 4938 2658 5010 (III
2686 4941 2810 5009 Reg.
2845 4940 2967 5012 xu).
3001 4940 3108 4997 Per
3135 4957 3263 5012 qua
3307 4938 3569 5013 exempla
3592 4940 3718 4993 evi-

2063 5027 2267 5083 denter
2296 5026 2644 5095 ostenditur,
2677 5029 2968 5100 quosdam
2997 5028 3059 5084 in
3092 5028 3423 5086 sublimiori
3454 5031 3603 5085 statu
3636 5028 3716 5082 ad

2063 5117 2347 5187 majorem
2378 5115 2795 5187 perfectionem
2828 5133 3107 5185 crescere,
3131 5119 3419 5190 quosdam
3449 5133 3578 5172 vero
3606 5132 3722 5187 per

2062 5203 2439 5276 supercilium
2460 5203 2875 5260 dominationis
2892 5206 2962 5260 ad
2982 5206 3270 5261 deteriora
3285 5205 3721 5262 deﬂuere.Puer

2061 5293 2216 5365 quod
2249 5297 2565 5364 utrumque
2593 5290 3065 5366 intelligitur,eos
3090 5294 3189 5367 qui
3212 5295 3285 5350 ad
3312 5294 3550 5350 meliora
3567 5310 3714 5349 con-

2061 5382 2444 5448 descendunt,
2472 5396 2575 5452 per
2619 5380 2893 5438 virtutem
2944 5383 3148 5450 animi,
3181 5386 3238 5438 et
3276 5383 3377 5440 Dei
3427 5380 3713 5438 auxilium

2061 5488 2231 5542 posse
2262 5471 2320 5525 id
2354 5470 2625 5537 facere,et
2649 5487 2747 5526 eos
2777 5471 2875 5542 qui
2907 5473 2978 5527 ad
3000 5471 3289 5528 deteriora
3310 5473 3713 5539 devertuntur,

2058 5576 2161 5631 per
2191 5558 2404 5615 mentis
2449 5547 2910 5616 imbecillitatém
2960 5560 3178 5632 pariter
3205 5566 3263 5617 et
3293 5557 3713 5634 negligentiam
