3976 6188
243 325 402 390 1013

966 325 1072 388 AD
1115 324 1541 390 EPISCOPOS
1587 325 1689 389 DE
1731 323 2293 389 INSTITUTIONE
2337 327 2926 392 COROLOMANNI.

3497 329 3656 394 1014

240 476 456 520 errare.
489 458 652 517 Unde
680 462 738 516 et
767 458 1073 516 dominum
1101 460 1324 532 absque
1351 459 1566 517 virtute
1605 459 1728 516 ﬁeri
1777 475 1892 516 non
1920 457 1978 528 Α
2007 457 2311 516 blanditiis
2341 459 2694 532 cujusquam
2726 461 2991 520 scelerati
3023 461 3372 536 pelliciatur,
3389 460 3478 520 vel
3508 462 3653 520 adu-

241 551 429 622 decet,
477 549 576 624 qui
625 548 902 606 virtutem
952 549 1080 606 sine
1139 550 1236 606 Dei
1285 549 1499 606 auxilio
1555 549 1892 606 nullatenus

237 637 552 706 habet.Qui
583 637 799 695 etenim
829 637 1019 694 multa
1045 641 1262 707 tuetur,
1297 637 1345 694 si
1379 655 1494 694 non
1526 637 1702 694 habet
1730 637 1892 692 forti-

237 728 510 786 tudinem
538 725 865 792 animi,non
891 725 1046 782 valet
1067 726 1125 782 id
1159 742 1349 800 agere,
1374 725 1653 798 quoniam
1675 743 1892 798 magna

237 816 472 891 magnis
518 813 1018 886 infestationibus,
1065 813 1154 870 vel
1207 813 1660 870 adversitatibus
1702 812 1893 870 solent

235 903 736 962 laborare.0mnis
756 919 892 977 ergo
915 901 1015 976 qui
1033 907 1243 975 praeest
1271 902 1380 959 hoc
1407 901 1685 974 primitus
1705 901 1888 958 animi

235 999 364 1052 tota
394 991 716 1050 intentione
747 996 1109 1064 procuret,ut
1139 1007 1242 1064 per
1269 989 1469 1047 omnia
1497 992 1568 1048 de
1596 990 1698 1048 Dei
1721 991 1888 1064 adju-

236 1083 388 1142 torio
421 1081 660 1139 omnino
689 1096 804 1136 non
837 1080 1084 1136 dubitet.
1135 1080 1196 1136 Si
1243 1096 1496 1153 namque
1545 1079 1782 1152 coeperit
1829 1079 1887 1134 in

236 1173 469 1230 actibus
486 1170 612 1227 suis
641 1167 1044 1226 auxiliatorem
1063 1168 1276 1224 habere
1293 1167 1606 1224 Dominum
1630 1167 1890 1224 domino-

235 1278 393 1329 rum,
429 1259 628 1316 nullus
667 1257 976 1314 hominum
1015 1256 1375 1329 contemptui
1421 1257 1633 1329 poterit
1677 1256 1889 1312 habere

233 1352 366 1424 ejus
395 1349 766 1406 dominatum
803 1364 815 1402 :
849 1347 970 1404 Non
1015 1348 1165 1403 enim
1193 1354 1272 1402 est
1316 1354 1548 1424 potestas
1577 1347 1694 1402 nisi
1721 1363 1755 1400 a
1783 1348 1890 1402 Deo

233 1423 410 1513 (Item.
445 1455 566 1507 xm,
603 1437 814 1510 l).lpsc
839 1437 996 1492 enim
1021 1435 1205 1492 elevat
1232 1436 1304 1491 de
1335 1423 1590 1492 stercore
1611 1451 1887 1508 egenum,

231 1533 291 1588 et
319 1529 523 1586 sedere
551 1527 690 1584 facit
717 1542 851 1582 cum
887 1524 1251 1598 principibus
1281 1523 1483 1596 populi
1516 1523 1609 1579 sui
1641 1540 1656 1579 :
1691 1528 1748 1579 et
1788 1523 1884 1580 de-

233 1617 400 1692 ponit
427 1618 696 1689 potentes
725 1614 796 1670 de
827 1613 986 1680 sede,
1037 1617 1095 1668 et
1143 1611 1357 1668 exaltat
1401 1610 1658 1668 humiles
1705 1612 1882 1682 (Psal.

231 1723 378 1774 exn;
413 1706 538 1761 Luc.
569 1707 634 1774 ι),
667 1708 733 1759 ut
761 1702 1036 1758 subditus
1064 1701 1168 1757 fiat
1197 1699 1389 1757 omnis
1433 1701 1694 1757 mundus
1745 1700 1882 1769 Deo,

231 1799 290 1852 et
315 1799 484 1868 egeat
513 1792 705 1850 omnis
735 1790 921 1865 gloria
949 1789 1050 1847 Dei
1081 1790 1126 1861 (I
1155 1789 1276 1846 Cor.
1312 1792 1401 1859 ιι).
1439 1812 1465 1838 ››

303 1881 758 1950 CAp.fX.Quales
787 1879 898 1936 sibi
929 1879 1206 1936 adhibere
1236 1879 1443 1935 debeat
1472 1895 1571 1936 rex
1613 1878 1886 1936 consilia-

231 1971 482 2040 rios,sed
517 1975 575 2028 et
604 1969 712 2036 illi,
744 1967 845 2042 qui
875 1967 934 2023 in
966 1968 1301 2040 principatu
1333 1967 1506 2040 positi
1539 1966 1762 2023 domini
1793 1984 1888 2040 ap-

232 2061 549 2136 pellantur,
581 2057 927 2115 Ambrosius
973 2055 1034 2111 in
1083 2056 1232 2112 libro
1261 2056 1601 2112 Officiorum
1633 2057 1890 2112 ostendit

2001 547 2320 606 lationibus
2347 548 2840 622 decipiatur,quia
2859 555 2950 607 est
2978 567 3196 608 munus
3216 571 3251 608 a
3271 553 3656 621 dato,munus

2004 654 2039 692 a
2068 637 2284 706 favore,
2316 654 2536 693 munus
2565 638 2638 693 ab
2665 637 2966 710 obsequio.
3000 640 3068 694 Et
3100 639 3228 696 ideo
3260 640 3431 696 debet
3460 640 3654 698 omnis

1993 727 2177 799 judex
2201 743 2402 783 cavere
2435 743 2508 782 ne
2551 727 2784 798 justum
2809 726 3105 798 judicium
3131 729 3470 796 vendat,aut
3487 729 3655 786 testis

2000 832 2203 872 verum
2235 814 2663 884 testimonium,
2698 819 2801 871 aut
2831 814 3146 872 advocatus
3175 817 3408 887 justum
3459 820 3653 889 patro-

2000 903 2243 973 cinium,
2277 907 2334 961 et
2353 903 2738 976 jurisperitus
2767 921 2967 960 verum
2999 903 3313 961 consilium
3343 905 3656 971 vendat,ne

1999 993 2184 1062 Judae,
2219 993 2319 1066 qui
2350 993 2647 1049 Christum
2679 993 2778 1066 qui
2809 998 2898 1050 est
2925 992 3141 1050 veritas
3169 996 3227 1050 et
3246 991 3482 1064 justitia
3512 1008 3655 1049 ven-

1999 1083 2169 1151 didit,
2195 1082 2392 1138 socius
2423 1081 2622 1138 flat.Et
2643 1099 2715 1137 ne
2737 1082 3053 1155 quisquam
3081 1081 3140 1138 in
3163 1080 3496 1155 principatu
3517 1098 3656 1154 quo-

2000 1188 2233 1244 cunque
2265 1169 2494 1243 positus
2526 1169 2964 1227 adulationibus
2983 1170 3328 1243 decipiatur,
3345 1169 3657 1244 diligenter

1996 1261 2262 1320 attendat
2289 1260 2444 1332 quod
2477 1258 2539 1314 in
2578 1259 2802 1332 Regum
2832 1258 3077 1316 historia
3105 1258 3322 1332 legitur
3353 1275 3366 1316 :
3398 1258 3654 1316 Benadab

1995 1349 2222 1423 fugiens
2264 1351 2547 1418 ingressus
2593 1355 2673 1404 est
2716 1349 2992 1403 civitatem
3040 1349 3100 1402 in
3144 1347 3479 1414 cubiculum,
3511 1347 3654 1420 quod

1997 1447 2115 1494 erat
2146 1439 2294 1494 intra
2321 1437 2656 1505 cubiculum,
2688 1437 3051 1509 dixemntque
3077 1437 3132 1491 ei
3158 1437 3306 1500 servi
3327 1437 3417 1492 sui
3453 1455 3482 1500 ,ε
3520 1437 3653 1492 Ecce

1995 1528 2332 1596 audivimus,
2361 1527 2501 1600 quod
2549 1543 2701 1596 reges
2746 1526 2935 1583 domus
2986 1525 3153 1582 Israel
3199 1525 3484 1582 clementes
3511 1526 3648 1581 sint.

1997 1623 2274 1674 Ponamus
2306 1618 2492 1688 itaque
2518 1631 2700 1673 saccos
2732 1617 2792 1671 in
2823 1613 3023 1670 lumbis
3051 1614 3276 1682 nostris,
3296 1619 3348 1669 et
3373 1613 3652 1684 funiculo:

1995 1709 2057 1763 in
2086 1707 2360 1778 capitibus
2389 1707 2612 1772 nostris,
2655 1713 2712 1760 ut
2759 1703 3106 1776 egrediamur
3133 1703 3202 1758 ad
3231 1717 3413 1772 regem
3457 1702 3648 1768 Israel,

1916 1829 1966 1898 Β
1992 1799 2228 1870 forsitan
2283 1795 2519 1851 salvabit
2569 1795 2786 1850 animas
2830 1800 3042 1852 nostras
3097 1792 3220 1898 (111τ
3248 1792 3376 1898 Reg:
3434 1807 3528 1898 xix,
3557 1791 3652 1858 30,

1996 1887 2108 1954 31).
2151 1887 2274 1953 Quo
2314 1885 2466 1940 facto
2513 1883 2786 1939 dixerunt
2833 1882 2906 1937 ad
2955 1897 3151 1954 regem
3200 1879 3419 1937 Israel:
3452 1879 3650 1936 Servus

1997 1984 2124 2031 tuus
2149 1974 2404 2032 Ben-adab
2431 1973 2566 2028 dicit
2614 1991 2631 2026 :
2681 1972 2851 2039 Vivat,
2903 1985 2996 2026 oro
3042 1978 3113 2037 te,
3160 1971 3351 2025 anima
3396 1983 3536 2025 mea.
3585 1967 3652 2022 Et

1999 2065 2095 2120 ille
2121 2066 2246 2120 ait:
2277 2063 2340 2119 Si
2367 2063 2545 2118 adhuc
2591 2063 2744 2126 vivit,
2791 2063 2965 2132 frater
3007 2075 3156 2114 meus
3192 2065 3288 2114 est.
3323 2055 3472 2125 Quod
3499 2072 3649 2112 acce-

229 2153 380 2222 (Lib.
413 2164 480 2216 ιι,
510 2165 628 2220 cap.
663 2149 751 2216 t7)
787 2163 799 2201 :
827 2168 854 2196 ‹‹
883 2144 1064 2212 Talis,
1098 2146 1390 2218 inquiens,
1425 2145 1599 2201 debet
1627 2161 1755 2202 esse
1785 2145 1886 2217 qui
1994 2161 2196 2224 parum
2226 2154 2338 2206 viri
2361 2167 2461 2222 pro
2491 2151 2692 2216 omine,
2732 2156 2784 2204 et
2822 2150 3141 2220 festinantes
3185 2153 3484 2218 rapuerunt
3530 2161 3649 2200 ver-

231 2237 548 2296 consilium
579 2234 745 2293 alteri
772 2235 894 2301 dat,
925 2238 992 2290 ut
1015 2234 1276 2308 seipsum
1307 2233 1556 2290 formam
1589 2232 1717 2290 aliis
1744 2249 1887 2306 pras-

229 2329 368 2384 beat
399 2327 471 2383 ad
501 2323 833 2397 exemplum
865 2323 1152 2379 bonorum
1183 2339 1446 2395 operum,
1498 2323 1557 2378 in
1599 2321 1884 2392 doctrina,

230 2418 293 2474 in
322 2415 682 2488 integritate,
714 2413 773 2468 in
801 2412 1082 2484 gravitate
1116 2429 1128 2468 :
1165 2416 1230 2468 ut
1259 2411 1336 2467 sit
1366 2412 1494 2483 ejus
1516 2428 1709 2467 sermo
1731 2410 1888 2467 salu-

229 2504 356 2561 bris
390 2507 566 2574 atque
597 2500 1150 2573 irreprehensibilis,
1199 2499 1510 2557 consilium
1559 2498 1726 2571 utile,
1773 2499 1891 2556 vita

235 2593 509 2663 honesta,
543 2589 835 2646 sententia
864 2589 1093 2646 decora.
1127 2589 1287 2645 Talis
1339 2589 1520 2660 igitur
1565 2587 1737 2644 debet
1764 2605 1892 2645 esse

235 2679 632 2746 consiliarius,
665 2679 766 2750 qui
790 2676 935 2732 nihil
968 2677 1318 2734 nebulosum
1349 2677 1580 2746 habeat,
1609 2675 1755 2731 nihil
1785 2675 1890 2732 fal-

234 2770 351 2839 lax,
384 2767 534 2825 nihil
565 2765 924 2833 fabulosum,
954 2762 1100 2822 nihil
1133 2765 1500 2833 simulatum,
1534 2765 1690 2837 quod
1711 2763 1892 2820 vitam

237 2859 368 2932 ejus
400 2873 467 2914 ac
496 2872 690 2913 mores
719 2853 966 2923 refellat,
996 2853 1142 2910 nihil
1170 2853 1504 2927 improbum
1537 2870 1603 2909 ac
1641 2851 1894 2909 malevo-

237 2945 390 3014 lum,
422 2944 576 3018 quod
605 2947 826 3000 avertat
854 2943 1245 3000 consulentes.
1261 2941 1388 2998 Alia
1417 2947 1558 2998 sunt
1586 2941 1741 2998 enim
1766 2958 1893 3013 quae

238 3034 570 3108 fugiuntur,
599 3031 716 3088 alia
737 3049 864 3103 quae
894 3029 1660 3102 contemnuntur.Fugimus
1679 3045 1747 3086 ea
1767 3046 1894 3102 quas

241 3125 495 3198 possunt
525 3137 752 3188 nocere,
785 3137 915 3192 qua:
965 3119 1258 3176 malitiose
1306 3121 1556 3191 possunt
1593 3118 1651 3173 in
1682 3135 1891 3174 noxam

2001 2244 2130 2296 bum
2159 2258 2228 2296 ex
2257 2257 2350 2296 ore
2377 2242 2492 2312 ejus
2522 2247 2683 2309 atque
2711 2236 2971 2292 dixerunt
3008 2253 3025 2289 :
3069 2237 3258 2290 Frater
3303 2242 3427 2289 tuus
3475 2234 3650 2288 Bena-

1998 2330 2122 2386 dab.
2155 2331 2218 2385 Et
2247 2329 2393 2384 dicit
2422 2330 2501 2385 eis
2533 2343 2631 2383 rex
2661 2329 2710 2382 Is
2733 2326 2832 2381 ἀει
2863 2344 2881 2381 :
2913 2327 2986 2382 Ite
3033 2333 3083 2379 et
3128 2322 3380 2378 Jdducite
3421 2338 3543 2378 eum
3582 2321 3654 2378 ad

1998 2436 2085 2475 me
2114 2417 2300 2487 (ibid.,
2333 2419 2422 2483 32,
2459 2417 2570 2488 33).
2623 2417 2748 2481 Quo
2794 2413 3083 2472 veniente.
3134 2410 3354 2484 pepigit
3399 2427 3534 2467 cum
3585 2427 3652 2467 eo

2003 2508 2212 2572 fmdus,
2265 2504 2492 2562 dimisit
2537 2521 2695 2562 eum.
2748 2503 2910 2560 Unde
2965 2501 3188 2558 audivnt
3239 2517 3272 2556 a
3320 2499 3603 2572 propheta
3635 2516 3684 2556 :.

2003 2597 2144 2664 Quia
2172 2594 2439 2650 dimisisti
2483 2595 2666 2648 virum
2713 2591 2942 2662 dignum
2988 2595 3158 2644 morte
3204 2587 3269 2644 de
3315 2602 3488 2642 manu
3536 2592 3652 2652 tua,

1999 2685 2107 2740 erit
2133 2684 2323 2738 anima
2367 2690 2462 2737 tua
2505 2696 2605 2752 pro
2650 2681 2840 2734 anima
2871 2679 3008 2749 ejus,
3041 2683 3091 2731 et
3115 2675 3351 2748 populus
3401 2683 3528 2731 tuus
3553 2690 3655 2746 pro

1997 2763 2198 2837 populo
2226 2763 2343 2834 ejus
2363 2759 2550 2830 (ibid.,
2582 2757 2692 2831 42).

2073 2855 2206 2907 CAP.
2238 2849 2327 2906 XI.
2378 2848 2491 2905 Sed
2539 2851 2598 2902 et
2643 2845 2966 2902 cavendum
3015 2846 3106 2900 est
3147 2839 3534 2915 principibus,
3584 2856 3658 2896 ne

2003 2939 2422 2998 sceleratorum
2444 2933 2720 2992 amicitiis
2742 2929 3294 3004 conjungantur,vel
3312 2929 3658 3002 hujusmodi

2005 3029 2065 3085 in
2096 3025 2490 3085 familiaritate
2519 3021 2869 3096 suscipiant.
2903 3044 2932 3070 ‹‹
2968 3019 3277 3086 Malorum,
3307 3016 3502 3090 inquit
3519 3017 3657 3074 bea-

2007 3123 2105 3175 tus
2135 3115 2450 3188 Gregorius
2479 3113 2714 3186 (Pastor.
2746 3109 2846 3166 lib.
2877 3127 2960 3179 ιιι,
2993 3124 3122 3180 cap.
3143 3107 3398 3180 22),cum
3425 3105 3660 3162 incaute

238 3193 498 3284 serpere,
529 3215 595 3266 ut
623 3208 673 3264 si
703 3209 756 3266 is
785 3209 887 3281 qui
921 3207 1282 3276 \consulitur,
1315 3207 1496 3264 dubia
1541 3207 1618 3263 sit
1663 3207 1797 3275 fide,
1840 3193 1968 3263 etC
2004 3205 2282 3266 amicitiis
2304 3203 2635 3276 jungimur,
2658 3199 2848 3272 culpis
2879 3195 3322 3284 ligamur.iUnde
3351 3193 3656 3284 losaphat,

239 3299 502 3375 pecuniae
534 3297 758 3356 avidus.
791 3302 854 3353 ut
885 3297 1072 3371 possit
1099 3296 1284 3370 pretio
1317 3295 1620 3364 mutari,si
1647 3293 1894 3368 injurio-

240 3387 477 3456 sus,bic
508 3385 734 3460 fugitur
759 3402 827 3442 ac
856 3385 1318 3452 declinatur.Qui
1349 3402 1480 3441 vero
1510 3383 1893 3458 voluptarius,

240 3479 663 3550 intemperans,
693 3480 750 3532 et
777 3474 826 3530 si
857 3473 1084 3531 alienus
1115 3492 1150 3530 a
1178 3474 1404 3540 fraude,
1441 3478 1640 3530 tamen
1688 3489 1899 3528 avarus

241 3571 299 3624 et
329 3564 601 3639 cupidior
618 3563 768 3620 lucri
797 3561 1010 3636 turpis,
1041 3563 1138 3618 hic
1161 3562 1578 3618 contemnitur.
1610 3562 1762 3634 (Cap.
1787 3562 1894 3633 11).

240 3654 387 3722 Quis
413 3653 573 3710 enim
603 3652 664 3708 in
695 3667 860 3708 οωηο
881 3653 1103 3708 fontem
1125 3651 1430 3724 requirat?
1459 3649 1593 3723 quis
1614 3666 1645 3706 e
1665 3649 1902 3706 turbida

242 3759 398 3817 aqua
426 3745 631 3815 potum
663 3739 858 3814 petat?
889 3741 1090 3812 Itaque
1137 3738 1240 3794 ubi
1283 3737 1516 3796 luxuria
1541 3741 1650 3807 est,
1684 3737 1785 3794 ubi
1817 3737 1903 3794 in-

241 3830 656 3904 temperantia,
685 3828 786 3885 ubi
809 3828 1086 3884 vitiorum
1118 3826 1404 3894 confusio,
1437 3826 1571 3898 quis
1619 3827 1756 3882 inde
1787 3827 1900 3882 sibi

243 3920 471 3992 aliquid
502 3918 895 3975 hauriendum
925 3916 1257 3972 existimet?
1286 3916 1427 3982 Quis
1471 3932 1586 3970 non
1620 3915 1904 3987 despiciat

247 4024 480 4064 morum
513 4005 920 4075 colluvionem,
953 4006 1088 4079 quis
1120 4003 1325 4061 utilem
1358 4020 1547 4059 causa:
1578 4002 1780 4059 alienae
1803 4005 1901 4074 ju-

244 4096 420 4164 dicet,
455 4111 630 4168 quem
661 4094 818 4150 videt
845 4093 1118 4150 inutilem
1149 4092 1277 4148 vitae
1307 4092 1465 4148 suae?
1514 4091 1656 4158 Quis
1688 4090 1903 4147 iterum

245 4184 608 4258 improbum,
643 4181 995 4240 malevolum
1027 4179 1518 4238 contumeliosum
1546 4196 1661 4236 non
1695 4178 1900 4252 fugiat,

245 4278 305 4330 et
335 4273 409 4328 ad
440 4273 772 4328 nocendum
806 4270 1115 4344 paratum?
1145 4268 1277 4342 quis
1309 4287 1424 4325 non
1447 4285 1582 4324 eum
1605 4267 1767 4324 omni
1789 4271 1907 4323 stu-

247 4361 344 4418 dio
375 4359 673 4417 declinet?
705 4359 846 4426 Quis
861 4376 994 4415 vero
1015 4357 1286 4431 quamvis
1303 4358 1660 4414 instructum
1681 4357 1753 4412 ad
1777 4372 1907 4412 con-

247 4447 369 4506 silii
401 4465 594 4522 opem,
629 4447 930 4503 difﬁcilem
963 4452 1160 4503 tamen
1185 4463 1424 4503 accessu
1447 4445 1758 4513 ambiat,in
1790 4463 1906 4516 quo

2006 3296 2108 3370 qui
2157 3298 2244 3351 tot
2291 3294 2362 3350 de
2411 3293 2676 3348 anteacta
2729 3287 2846 3343 vita
2895 3283 3201 3360 praeconiis
3245 3282 3554 3350 attollitur,
3584 3283 3657 3339 de

2003 3385 2202 3444 Achab
2251 3382 2405 3455 regis
2455 3376 2713 3436 amicitia
2761 3392 2907 3450 pene
2955 3374 3252 3447 periturus
3295 3372 3652 3446 inerepatur.

2007 3475 2110 3532 Cui
2143 3491 2177 3529 a
2203 3469 2448 3528 Domino
2471 3484 2575 3541 per
2593 3465 2939 3538 prophetam
2967 3462 3218 3519 dicitur:
3245 3463 3418 3534 Impia
3441 3460 3655 3532 praebes

2006 3554 2306 3618 auxilium,
2338 3558 2387 3606 et
2417 3549 2504 3604 his
2530 3548 2626 3620 qui
2653 3546 2882 3602 oderunt
2909 3545 3206 3600 Dominum
3240 3543 3488 3598 amicitia
3519 3541 3660 3613 jun-

2006 3643 2152 3714 geris
2199 3658 2218 3696 :
2265 3646 2316 3695 et
2362 3637 2564 3693 ideirco
2613 3635 2758 3690 iram
2804 3631 3024 3706 quidem
3068 3631 3292 3687 Domini
3335 3627 3658 3694 merebaris,

2007 3731 2100 3788 sed
2130 3729 2266 3785 bona
2297 3743 2459 3799 Opera
2489 3726 2712 3780 inventa
2739 3729 2868 3778 sunt
2895 3724 2955 3778 in
2985 3728 3052 3790 te,
3084 3735 3144 3776 eo
3183 3718 3322 3792 quod
3367 3717 3662 3774 abstuleris

2011 3822 2150 3876 locos
2179 3818 2244 3872 de
2273 3825 2416 3872 terra
2443 3813 2580 3870 Julia
2615 3813 2687 3886 (II
2712 3814 2842 3867 Par.
2887 3813 3025 3879 xxx).
3077 3808 3162 3864 Ab
3212 3807 3312 3862 illo
3359 3805 3517 3862 enim
3561 3804 3664 3878 qui

2011 3923 2246 3965 summe
2303 3908 2500 3960 rectus
2547 3905 2656 3969 est,
2706 3917 2773 3956 co
2823 3898 2950 3972 ipso
2989 3899 3116 3970 jam
3175 3896 3489 3968 discrepat,
3549 3911 3667 3966 quo

2011 4009 2416 4070 perversorum
2451 3989 2727 4046 amicitiis
2757 3987 2875 4043 vita
2907 3990 3108 4042 nostra
3156 3983 3488 4040 concordat.
3523 3982 3670 4038 Hinc

2013 4082 2216 4149 David,
2251 4081 2392 4135 dum
2425 4081 2612 4134 totum
2644 4092 2706 4132 se
2737 4075 2807 4130 ad
2842 4074 3060 4129 fcedera
3087 4071 3249 4144 pacis
3270 4077 3496 4127 aeternae
3525 4087 3670 4126 con-

2014 4169 2348 4242 stringeret,
2381 4168 2632 4221 testatur
2679 4163 2834 4234 quod
2885 4177 3018 4216 cum
3072 4158 3244 4214 malis
3293 4156 3669 4214 concordiam

2015 4277 2130 4316 non
2161 4260 2399 4322 teneret,
2450 4252 2696 4308 dicens:
2730 4251 2918 4305 Nonne
2972 4248 3068 4320 qui
3111 4247 3339 4303 oderunt
3387 4253 3456 4313 te,
3505 4245 3666 4311 Deus,

2015 4347 2234 4406 oderam
2290 4345 2435 4406 illos,
2495 4349 2546 4397 et
2605 4355 2768 4412 super
2819 4338 3069 4393 inimicos
3126 4343 3244 4390 tuos
3300 4331 3669 4388 tabescebam?

2014 4444 2248 4510 pertecto
2274 4433 2396 4490 odio
2443 4431 2663 4487 oderam
2715 4429 2858 4493 illos,
2913 4425 3130 4480 inimici
3173 4424 3308 4493 facti
3354 4429 3482 4477 sunt
3525 4421 3670 4476 mihi

249 4538 330 4594 sit
361 4509 530 4603 illud,
564 4509 847 4608 tanquam
871 4536 920 4592 si
943 4535 1077 4607 quis
1106 4552 1271 4606 aqua;
1303 4535 1522 4591 fontem
1556 4509 1895 4606 praecludiut?

2029 4525 2194 4600 {I’saL
2225 4538 2494 4584 cxxxvm,
2527 4520 2618 4582 21,
2647 4520 2760 4585 22).
2815 4512 3089 4570 Inimicos
3137 4515 3332 4567 autem
3386 4509 3488 4566 Dei
3538 4526 3668 4582 per-

2032 4617 2053 4624 -
2121 4620 2129 4624 _
2258 4611 2295 4624 ιο
2419 4608 2455 4624 μ
2604 4623 2607 4624 ,
2654 4609 2669 4624 ι
2723 4604 2788 4624 ,γι
2829 4602 2973 4624 _-_-J
3011 4599 3141 4624 I'__L2
3179 4602 3312 4624 ----ι
3348 4597 3585 4624 4212..-..-
3617 4602 3668 4624 ,ιι

248 4625 402 4693 Quid
431 4597 590 4682 enim
620 4597 857 4698 prbdest
885 4597 1098 4681 habere
1129 4597 1504 4696 sapientiam,
1521 4597 1573 4680 si
1601 4623 1913 4680 consilium
1939 4597 1989 4624 υ
2026 4597 2174 4672 fecto
2205 4611 2337 4669 odio
2365 4608 2558 4698 odisse
2587 4609 2695 4674 est,
2719 4604 2790 4660 ad
2821 4602 2976 4675 quod
3010 4599 3145 4657 facti
3178 4602 3316 4656 sunt
3346 4597 3673 4672 diligere,et

249 4717 473 4788 neges?
501 4714 563 4770 Si
593 4713 937 4770 consulendi
968 4712 1330 4770 intercludas
1360 4713 1610 4785 copiam,
1643 4711 1909 4769 clausisti

249 4804 494 4869 fontem,
525 4806 592 4856 ut
622 4817 728 4858 nec
758 4799 889 4858 aliis
919 4799 1150 4869 inﬂuat,
1185 4817 1291 4857 nec
1323 4800 1428 4857 tibi
1471 4801 1677 4873 prosit.
1708 4799 1907 4856 Admi-

251 4890 480 4948 randus
508 4889 655 4945 mihi
676 4894 735 4946 et
751 4889 1167 4962 suspiciendus
1183 4889 1758 4962 consiliarius,quam
1785 4906 1912 4962 pro-

252 4979 439 5054 pitius
468 4978 755 5034 Dominus
784 4977 1054 5050 patribus
1097 4977 1278 5046 dedit,
1328 4977 1588 5035 offensus
1643 4977 1909 5034 abstulit.

253 5064 594 5138 l’romptius
611 5071 807 5123 tamen
831 5083 940 5123 nos
949 5067 1114 5139 justo
1129 5066 1457 5138 viro,quam
1469 5066 1742 5140 prudenti
1761 5083 1915 5124 com-

255 5155 576 5212 mittimus.
609 5154 929 5212 Pulchrum
960 5160 1050 5212 est
1081 5155 1264 5228 igitur
1290 5155 1436 5211 bene
1463 5154 1691 5223 velle,et
1719 5172 1786 5212 eo
1806 5155 1916 5212 lar-

254 5243 369 5316 giri
395 5243 642 5300 consilio
673 5248 742 5300 ut
771 5245 984 5317 prosis,
1020 5260 1137 5299 non
1171 5248 1236 5299 ut
1267 5260 1497 5300 noceas.
1531 5267 1558 5294 »

323 5335 462 5387 CAP.
495 5331 562 5386 Χ.
593 5334 639 5386 Α
670 5332 887 5404 quibus
918 5349 1038 5386 una
1087 5348 1222 5385 cum
1272 5331 1505 5386 cmteris
1532 5332 1917 5403 pravitatibus

257 5437 322 5478 se
351 5435 458 5476 rex
487 5419 700 5476 debeat
729 5421 1048 5486 custodire,
1078 5424 1135 5475 et
1165 5418 1368 5491 quales
1398 5421 1640 5477 comites
1668 5437 1734 5476 ac
1755 5421 1916 5492 judi-

259 5525 356 5566 ces
387 5507 601 5564 debeat
631 5508 1257 5574 constituere,sanctus
1287 5509 1652 5580 Augustinus
1673 5511 1918 5567 demon-

2018 4703 2172 4781 quod
2208 4699 2431 4757 faciunt
2462 4697 2782 4766 increpare,
2817 4707 3010 4748 mores
3043 4705 3352 4763 pravorum
3385 4705 3668 4762 premere,

2016 4795 2148 4851 vitae
2181 4788 2476 4864 prodesse.
2514 4808 2541 4833 υ

2091 4883 2226 4939 CAP.
2259 4877 2380 4932 XII.
2414 4873 2578 4941 Quod
2613 4889 2711 4927 rex
2741 4873 2976 4943 propter
3004 4867 3398 4924 ministerium
3424 4866 3671 4940 regium,

2021 4989 2128 5030 nec
2158 4965 2409 5042 quilibet
2437 4962 2732 5036 princeps,
2755 4959 2932 5015 etiam
2963 4957 3416 5030 quibuscunque
3437 4954 3673 5028 propin-

2024 5057 2266 5135 quitatis
2298 5047 2834 5110 necessitudinibus
2855 5048 3436 5120 conjunctus,contra
3463 5043 3672 5110 Deum,

2024 5134 2406 5216 sanctamque
2429 5138 2747 5196 Ecclesium
2769 5142 2943 5210 atque
2961 5134 3382 5208 rempublicam
3395 5145 3674 5204 perversae

2028 5233 2339 5309 agentibus
2365 5230 2576 5287 affectu
2603 5226 2823 5284 carnali
2868 5241 3102 5298 parcere
3134 5223 3357 5287 debeat,
3389 5235 3458 5274 ex
3484 5217 3676 5274 verbis

2030 5320 2262 5380 Domini
2296 5316 2541 5373 dicentis
2574 5333 2586 5370 :
2624 5316 2730 5384 Qui
2757 5331 2866 5369 non
2895 5312 3008 5367 odit
3031 5319 3241 5381 patrem
3269 5323 3447 5372 suum,
3479 5312 3529 5360 et
3557 5321 3675 5358 ma-

2032 5423 2190 5476 trem,
2219 5417 2271 5465 et
2299 5423 2545 5474 uxorem,
2575 5413 2627 5461 et
2654 5405 2818 5476 ﬁlios,
2844 5409 2896 5457 et
2936 5403 3135 5470 fratres
3163 5404 3214 5453 et
3241 5410 3470 5461 sorores,
3501 5392 3680 5448 adhuc

2030 5509 2210 5558 autem
2239 5507 2288 5554 et
2319 5499 2566 5552 animum
2595 5510 2772 5558 suam,
2822 5507 2932 5544 non
2975 5495 3147 5559 potest
3181 5502 3332 5541 meus
3377 5500 3490 5539 esse
3519 5482 3681 5538 disci-

261 5595 400 5663 tmt,
439 5596 642 5653 dicens
672 5615 683 5653 :
717 5597 926 5655 Caveat
977 5571 1270 5670 princeps,
1321 5571 1410 5653 ne“
1439 5599 1786 5656 muneribus
1831 5601 1921 5658 vel
2029 5592 2191 5666 putus
2224 5589 2374 5658 (Lur.
2423 5602 2539 5653 xw,
2576 5585 2688 5650 26),
2740 5580 2800 5634 in
2847 5575 3091 5632 homilia
3135 5571 3428 5648 Evangelii
3472 5573 3679 5630 beatus
