3976 6188
318 338 475 400 1015

1096 332 1479 395 HINGMARI
1524 329 1772 392 RHEM.
1816 316 2183 387 ARCHIEP.
2228 326 2639 392 OPUSCULA
2679 330 2944 393 VARIA.

3568 328 3725 393 1016

316 466 631 544 Gregorius
674 468 1039 527 demonstrat
1085 466 1286 524 dicens
1324 467 1489 537 (hom.
1522 466 1614 535 37)
1647 481 1661 519 :
1696 486 1725 513 «
1754 462 1812 519 Si
1843 460 1961 517 vim
1995 452 2052 526 Α
2085 475 2219 516 nem
2251 461 2586 519 redditurus
2612 468 2721 534 est,
2755 468 2822 521 ut
2866 464 3044 521 etiam
3093 462 3309 539 singuli
3356 464 3458 538 qui
3507 466 3619 522 sub
3658 481 3727 525 eo

316 559 589 636 praecepti
639 559 1078 633 perpendimus,
1133 561 1451 628 utrumque
1513 571 1615 628 per
1663 550 1966 609 discretio-

319 665 453 706 nem
484 665 656 722 agere
681 647 967 714 valemus,
1003 649 1068 702 ut
1114 662 1211 702 eos
1262 644 1360 717 qui
1413 644 1582 700 nobis
1629 641 1822 697 carnis
1871 656 1972 695 co-

318 736 595 813 gnatione
624 736 922 809 conjuncti
955 738 1176 801 sunt,et
1195 751 1342 807 quos
1363 737 1656 806 proximos
1678 730 1969 797 novimus,

319 826 658 901 diligamus,
693 830 751 882 et
780 841 929 899 quos
959 824 1322 880 adversarios
1347 821 1406 877 in
1436 820 1527 876 via
1557 820 1657 876 Dei
1691 819 1969 892 patimur,

320 915 572 972 odiendo
621 918 681 970 et
728 912 1004 985 fugiendo
1055 912 1408 966 nesciamu’.
1443 908 1618 975 Quasi
1662 906 1817 962 enim
1872 921 1974 978 per

322 996 839 1075 odiumdiligitur,
872 1000 973 1073 qui
1004 998 1314 1056 carnaliter
1344 997 1601 1069 sapiens,
1635 996 1775 1051 dum
1799 1010 1975 1066 prava

322 1091 495 1148 nobis
524 1089 762 1164 ingerit,
795 1104 909 1145 non
941 1087 1197 1143 auditur.
1230 1087 1471 1141 Ametur
1501 1083 1746 1156 quilibet
1774 1082 1834 1137 in
1863 1080 1975 1136 hoc

322 1181 547 1238 mundo
568 1179 742 1236 etiam
764 1175 1278 1234 adversarius:sed
1313 1173 1371 1229 in
1399 1172 1491 1229 via
1517 1172 1616 1229 Dei
1647 1169 1976 1229 contrarius

323 1286 442 1327 non
459 1271 689 1326 ametur
701 1266 878 1323 etiam
896 1264 1281 1338 propinquus,
1296 1267 1364 1320 ut
1374 1280 1441 1320 eo
1451 1263 1648 1319 varius
1665 1256 1982 1336 cognoscat

323 1357 531 1427 Deum,
563 1371 680 1429 quo
711 1354 772 1410 in
803 1355 933 1426 ejus
962 1370 1147 1409 causa
1181 1352 1475 1409 neminem
1528 1352 1910 1425 recognoscit.
1949 1375 1978 1404 η

394 1448 525 1504 CAP.
558 1444 705 1501 XIII.
741 1442 908 1500 Sicut
954 1459 1136 1516 supra
1182 1447 1272 1499 est
1320 1441 1601 1515 positum,
1645 1442 1800 1515 quod
1832 1440 1979 1498 nulli

324 1534 609 1593 sacerdoti
640 1549 781 1591 suos
817 1531 993 1590 liceat
1040 1549 1296 1590 canones
1343 1532 1634 1606 ignorare,
1669 1548 1774 1589 nec
1807 1532 1979 1605 quid-

323 1615 503 1698 quam
536 1623 744 1691 facere,
768 1623 925 1696 quod
958 1622 1196 1679 Patrum
1228 1622 1416 1696 possit
1445 1620 1664 1695 regulis
1694 1622 1928 1679 obviare
1961 1640 1975 1680 :

322 1706 405 1769 ita
431 1711 493 1767 in
521 1710 753 1786 legibus
782 1710 965 1768 sacris
996 1710 1296 1768 decretum
1328 1714 1437 1777 cst,
1471 1715 1538 1768 ut
1565 1710 1725 1785 leges
1756 1712 1981 1769 nescire

2079 554 2221 605 sunt
2246 550 2502 608 ministri
2533 552 2979 627 diligentissime
3027 554 3100 611 ab
3148 570 3214 611 eo
3239 553 3637 627 inquirantur,
3672 559 3731 614 et

2080 638 2227 696 tales
2245 642 2776 711 constituantur,ne
2791 643 2915 717 ipse
2931 660 3034 716 pro
3051 642 3136 701 eis
3156 642 3449 715 judicium
3467 644 3735 702 incurrat

2081 728 2365 785 divinum.
2400 730 2480 787 De
2510 731 2885 805 oppressione
2933 748 3258 805 pauperum
3304 733 3732 805 providendum

2082 822 2191 883 est,
2225 817 2362 891 quia
2393 820 2450 874 in
2479 837 2680 877 eorum
2713 819 3025 878 afflictione
3052 821 3207 878 Deus
3238 821 3737 892 oli'enditur,sicut

2084 905 2395 964 Psalmista
2426 908 2572 964 dixit
2604 926 2615 964 :
2649 912 2877 982 Propter
2908 910 3191 967 miseriam
3236 911 3460 984 inopum
3487 920 3540 969 et
3566 916 3739 983 gemi-

2085 1005 2201 1052 tum
2225 1014 2528 1070 pauperum
2554 1015 2702 1055 nunc
2728 1015 3040 1069 emtrgam,
3091 999 3224 1057 dicit
3266 1001 3529 1058 Dominus
3560 1003 3734 1070 (Paul.

2083 1100 2162 1155 xi,
2194 1086 2269 1157 6).
2306 1086 2731 1144 Providendum
2764 1093 2855 1146 est
2885 1106 2955 1145 ne
2985 1088 3323 1163 afﬂigantur
3366 1090 3425 1145 in
3474 1090 3737 1148 zediﬁciis

2085 1174 2419 1246 superﬂuis,
2452 1175 2513 1230 in
2543 1176 2840 1234 exactione
2869 1175 3087 1244 hostili,
3119 1176 3170 1234 si
3200 1177 3355 1235 Deus
3386 1194 3589 1252 pacem
3630 1196 3737 1253 pro

2086 1279 2195 1319 sua
2252 1264 2653 1322 misericordia
2701 1265 2990 1336 tribuerit,
3043 1282 3114 1323 ne
3161 1270 3365 1325 contra
3406 1267 3734 1342 capitulum

2087 1354 2286 1411 domui
2317 1353 2687 1428 imperatoris
2716 1354 2928 1424 Caroli,
2962 1358 3029 1412 ut
3057 1371 3228 1413 nemo
3260 1357 3333 1414 ad
3363 1356 3736 1429 mallum,vel

2089 1444 2160 1500 ad
2192 1443 2469 1517 placitum
2501 1448 2806 1518 cogeretur
2833 1444 3049 1514 venire,
3098 1444 3211 1502 nisi
3261 1446 3487 1504 scabini
3518 1452 3579 1506 et
3634 1448 3736 1522 qui

2088 1549 2327 1591 causam
2360 1550 2527 1591 suam
2560 1533 2785 1606 quaerit,
2818 1538 2874 1591 et
2902 1534 2995 1591 cui
3026 1538 3339 1608 queratur.

2160 1652 2294 1709 CAP.
2327 1648 2442 1707 XV.
2469 1650 2725 1708 Comites
2772 1655 2831 1707 et
2875 1646 3098 1718 vicarii,
3144 1650 3232 1708 vel
3280 1651 3461 1710 etiam
3509 1653 3743 1725 decani,

2091 1740 2346 1814 plurima
2374 1739 2588 1813 placita
2617 1738 2997 1809 constituant,
3020 1745 3080 1796 et
3108 1739 3159 1797 si
3191 1739 3271 1798 ibi
3304 1758 3422 1798 non
3449 1743 3743 1813 venerint,

322 1799 470 1905 mini
499 1800 691 1905 “36?.”
725 1804 986 1905 autﬂufe
1018 1804 1159 1905 “Et
1187 1803 1406 1857 Statum
1433 1802 1974 1905 cf’merEIDGPG'CUH}
2006 1834 2057 1901 B
2087 1799 2570 1904 compositionem
2601 1829 2730 1902 ejus
2769 1799 3060 1886 exsolvere
3082 1827 3394 1888 faciant.Et
3414 1829 3558 1904 quia

321 1891 478 1950 enim
512 1888 897 1959 dicitur,nulli
928 1888 1102 1946 liceat
1129 1888 1287 1963 leges
1317 1890 1650 1958 nescire,vel
1686 1908 1812 1963 qua:
1832 1895 1975 1948 sunt

324 1984 545 2038 statuta
573 1983 969 2048 contemnere,
1007 1978 1169 2035 nulla
1214 1996 1464 2052 persona
1512 1978 1572 2034 in
1622 1996 1975 2052 quocunque

324 2069 529 2128 ordine
557 2068 865 2142 excipitur,
889 2085 1015 2141 qua:
1037 2068 1148 2124 hac
1179 2068 1473 2125 sententia
1519 2086 1635 2124 non
1684 2068 1974 2125 constrin-

324 2158 759 2234 gatur.0portet
786 2156 964 2226 enim,
997 2161 1064 2213 ut
1092 2157 1191 2230 qui
1214 2157 1399 2229 judex
1427 2161 1515 2214 est
1535 2157 1805 2229 judicum
1826 2175 1976 2231 pau-

326 2264 495 2323 peres
523 2248 595 2304 ad
626 2263 689 2303 se
714 2246 941 2321 ingredi
975 2246 1293 2319 permittat,
1333 2250 1391 2302 et
1435 2245 1749 2319 diligenter
1779 2245 1976 2319 inqui-

326 2341 517 2406 rat,ne
545 2337 692 2393 forte
721 2334 828 2404 illi,
860 2334 960 2408 qui
992 2334 1065 2391 ab
1094 2351 1162 2391 eo
1182 2334 1483 2391 constituti
1511 2340 1670 2404 sunt,
1702 2339 1761 2392 et
1790 2335 1975 2391 vicem

327 2427 456 2499 ejus
487 2441 657 2499 agere
687 2425 901 2480 debent
928 2423 987 2478 in
1019 2422 1480 2496 populo,iujuste
1500 2427 1601 2480 aut
1618 2424 1980 2498 negligenter

326 2530 613 2590 pauperes
651 2513 773 2587 pati
803 2512 1211 2586 oppressiones
1235 2512 1905 2586 permittant,terrorque
1918 2530 1975 2570 e-

321 2607 426 2679 jus
449 2602 683 2677 iniquos
704 2602 1138 2676 comprimat,et
1167 2600 1473 2659 benevolos
1505 2606 1679 2675 atque
1709 2602 1977 2678 indigen-

327 2697 416 2751 tes
438 2709 547 2750 sua
573 2691 919 2750 auctoritate
958 2690 1237 2747 sublevet.
1282 2690 1612 2748 Periculum
1643 2692 1859 2766 quippe
1891 2696 1981 2750 est

329 2781 854 2850 cuilibet,ot‘_ficium
879 2797 1055 2837 suum
1075 2798 1176 2854 per
1191 2780 1337 2837 alios
1353 2780 1414 2835 in
1427 2785 1656 2837 tantum
1679 2798 1976 2857 peragere,

329 2877 395 2927 ut
426 2888 487 2928 se
517 2871 590 2927 ab
621 2886 688 2927 eo
718 2868 941 2926 diutius
972 2869 1301 2927 subtrahat.
1339 2869 1613 2943 Legimus
1652 2871 1980 2944 antiquitus

320 2960 559 3033 judices
589 2958 649 3015 in
680 2963 846 3033 porta
875 2958 946 3015 ad
971 2958 1362 3033 judicandum
1394 2958 1637 3026 sedisse,
1674 2962 1739 3015 ut
1781 2959 1980 3018 nullus

328 3046 639 3106 accedendi
655 3047 1061 3104 difﬁcultatem
1083 3046 1341 3103 haberet.
1370 3046 1532 3103 Unde
1552 3048 1761 3107 beatus
1782 3048 1979 3105 Hiero-

329 3155 545 3211 nymus
574 3136 632 3192 in
663 3134 999 3192 Zachariam
1051 3134 1392 3207 prophetam
1442 3135 1581 3208 (cap.
1614 3136 1668 3208 8)
1704 3152 1716 3191 :
1752 3160 1779 3187 ‹‹
1812 3134 1977 3193 Veri-

327 3200 532 3293 tatem,
561 3224 775 3297 inquit,
810 3228 865 3279 et
886 3200 1179 3295 judicium
1211 3222 1373 3295 pacis
1408 3200 1670 3295 judicate
1699 3226 1758 3281 in
1790 3226 1975 3299 portis
2005 3200 2050 3269 α

326 3315 557 3371 vestris.
593 3314 656 3369 In
680 3312 906 3385 judicio
938 3311 1128 3384 prima
1157 3311 1233 3367 sit
1263 3311 1474 3368 veritas
1505 3317 1677 3385 atque
1718 3314 1976 3387 justitia,

329 3403 539 3458 deinde
571 3403 852 3472 sequatur
883 3399 1304 3456 misericordia.
1367 3402 1528 3467 Quod
1578 3403 1865 3475 sequitur,
1917 3405 1977 3460 in

329 3488 514 3563 portis
541 3487 770 3556 vestris,
805 3486 888 3543 illi
920 3488 1257 3562 prophetico
1286 3491 1556 3564 congruit
1590 3508 1600 3547 :
1636 3491 1897 3549 Oderunt
1918 3493 1978 3550 in

329 3577 513 3652 portis
544 3575 975 3650 corripientem,
1001 3581 1059 3633 et
1089 3579 1329 3635 verbum
1363 3585 1631 3636 sanctum
1658 3581 1978 3640 abominati

328 3671 469 3725 sunt
497 3668 696 3740 (Amos,
729 3667 802 3740 v).
837 3668 907 3723 Et
937 3667 996 3722 in
1020 3666 1132 3723 alio
1163 3666 1286 3723 loco
1322 3686 1333 3723 :
1368 3669 1493 3725 Non
1524 3671 1976 3739 confundentur,

327 3774 461 3814 cum
488 3756 803 3830 loquentur
834 3753 1091 3812 inimicis
1121 3756 1246 3810 suis
1278 3756 1336 3811 in
1368 3761 1533 3828 porta
1563 3759 1733 3828 (Psal.
1767 3762 1974 3834 cxxxx).

326 3844 505 3901 David
537 3860 769 3917 quoque
783 3842 1091 3916 judicabat
1113 3843 1172 3898 in
1195 3844 1639 3917 portis,quando
1659 3846 1977 3906 Abessalon

324 3934 628 3997 veritatem
652 3931 862 4005 judicii
894 3930 1306 4004 repromittens
1341 3933 1492 4005 patri
1527 3936 1800 3993 tendebat
1830 3935 1979 3994 insi-

326 4020 455 4078 dias
485 4021 562 4094 (11
587 4021 714 4091 Reg.
748 4021 885 4089 xix).
918 4020 989 4075 Et
1018 4018 1319 4093 qumritur,
1350 4037 1530 4093 quare
1562 4025 1716 4096 apud
1746 4024 1981 4085 Judzeos

323 4110 384 4167 in
416 4110 599 4184 portis
630 4110 794 4165 locus
826 4107 1000 4164 fuerit
1020 4107 1438 4182 judicandi.Ne
1468 4117 1814 4184 cogerentur
1835 4117 1983 4189 agri-

323 4197 460 4256 colae
491 4199 711 4255 intrare
739 4197 935 4265 urbes,
967 4201 1021 4254 et
1070 4195 1306 4271 aliquod
1352 4197 1550 4255 subire
1581 4200 1977 4276 dispendium,

314 4286 547 4361 judices
578 4286 639 4343 in
670 4285 854 4360 portis
885 4286 1240 4354 residebant,
1274 4290 1339 4342 ut
1367 4292 1487 4342 tam
1520 4289 1777 4347 urbanos
1801 4311 1980 4366 quam

321 4375 595 4443 rusticos,
626 4380 683 4431 et
712 4373 772 4430 in
802 4372 962 4431 exitu
994 4376 1050 4430 et
1081 4372 1326 4428 introitu
1376 4373 1539 4430 urbis
1590 4376 1881 4447 audirent,
1922 4386 1981 4438 et

322 4465 487 4521 finito
520 4462 751 4538 negotio
785 4460 1195 4535 unusquisque
1224 4461 1533 4518 confestim
1563 4465 1637 4520 ad
1668 4467 1835 4524 sedes
1852 4486 1979 4541 pro-

322 4553 483 4627 prias
512 4554 911 4608 reverteretur.
947 4573 976 4600 »

393 4639 675 4697 CAP.XIV.
699 4639 808 4707 Qui
838 4643 1035 4696 autem
1066 4643 1198 4714 post
1230 4655 1426 4713 regem
1457 4642 1743 4715 populum
1775 4661 1971 4720 regere

322 4729 556 4797 debent,
587 4729 647 4785 id
676 4732 767 4786 est
794 4729 975 4785 duces
1020 4734 1079 4785 et
1110 4729 1373 4797 comites,
1400 4746 1636 4787 necesse
1667 4738 1756 4790 est
1786 4738 1849 4790 ut
1878 4740 1971 4791 ta-

322 4817 408 4875 les
439 4817 843 4873 instituantur.
880 4816 980 4890 qui
1010 4818 1136 4874 sine
1167 4817 1426 4890 periculo
1456 4819 1585 4890 ejus
1607 4821 1821 4893 quieos
1842 4841 1973 4881 con-

322 4905 689 4979 stituit,quos
718 4906 827 4962 sub
859 4924 920 4963 se
948 4906 1166 4963 habent
1187 4924 1321 4963 cum
1344 4907 1584 4980 justitia
1614 4914 1672 4967 et
1703 4913 1973 4985 aequitate

320 4998 649 5072 gubernare
679 4994 1030 5069 intelligant,
1079 4999 1256 5068 atque
1303 5013 1437 5052 cum
1483 4997 1637 5054 bona
1674 4999 1973 5059 voluntate

322 5086 478 5161 quod
509 5084 843 5158 intelligunt
890 5083 1209 5157 adimplere
1256 5089 1587 5157 procurent,
1623 5086 1871 5145 scientes
1911 5107 1973 5148 se

321 5176 393 5232 ad
425 5175 535 5231 hoc
565 5174 788 5248 positos
818 5189 966 5242 esse,
1000 5178 1068 5228 ut
1115 5172 1343 5246 plebem
1396 5174 1619 5231 salvent
1647 5180 1705 5231 et
1746 5183 1971 5252 regant,

321 5281 437 5321 non
469 5268 535 5319 ut
564 5263 945 5319 dominentur
965 5266 1021 5317 et
1041 5262 1306 5334 affligant
1338 5280 1350 5317 :
1387 5280 1577 5336 neque
1598 5268 1663 5319 ut
1683 5265 1967 5338 populum

321 5352 423 5409 Dei
453 5369 627 5409 suum
658 5352 1074 5420 aestiment,aut
1099 5351 1170 5407 ad
1196 5368 1365 5407 suam
1386 5351 1631 5424 gloriam
1664 5354 1775 5409 sibi
1799 5353 1965 5410 illum

322 5441 557 5513 subjici,
591 5441 741 5513 quod
797 5441 1048 5513 pertinet
1096 5440 1165 5495 ad
1216 5440 1583 5511 tyrannidem
1616 5446 1673 5496 et
1703 5442 1966 5514 iniquam

323 5532 688 5599 potestatem.
721 5527 902 5585 Valde
931 5528 1086 5584 enim
1119 5527 1295 5601 exigit
1326 5528 1663 5596 necessitas,
1698 5530 1839 5601 quia
1867 5549 1967 5587 rex

325 5615 659 5685 aequissimo
680 5616 866 5685 judici
888 5617 956 5671 de
973 5615 1287 5671 commisso
1309 5615 1417 5671 sibi
1452 5615 1775 5673 ministerio
1800 5619 1966 5675 ratio-

2083 1937 2187 1993 per
2216 1918 2529 1976 manninas
2567 1917 2898 1985 veniebant,
2947 1917 3422 1991 excogitaverunt
3470 1921 3743 1993 quidam,

2084 2013 2151 2065 ut
2180 2025 2283 2082 per
2311 2009 2537 2064 bannos
2569 2005 2833 2063 venirent
2862 2007 2935 2063 ad
2964 2005 3200 2079 placita,
3232 2008 3402 2080 quasi
3431 2014 3745 2082 propterea

2085 2096 2297 2154 melius
2326 2100 2498 2163 esset,
2533 2112 2603 2151 ne
2634 2095 2793 2169 ipsas
2820 2094 3130 2152 manuinas
3161 2095 3512 2153 alterutrum
3554 2098 3740 2156 solve-

2085 2190 2231 2246 rent.
2261 2186 2391 2243 Haec
2441 2185 2569 2242 ideo
2620 2182 2922 2251 facientes,
2955 2188 3021 2241 ut
3051 2184 3165 2257 ipsi
3195 2185 3464 2243 bannum
3507 2186 3739 2261 accipe-

2086 2279 2235 2344 rent,
2264 2279 2322 2331 et
2349 2274 2409 2330 in
2442 2279 2674 2331 tantum
2702 2272 2908 2330 exinde
2933 2273 3332 2348 afﬂigerentur
3358 2281 3744 2348 pauperes,ut

2086 2365 2241 2422 unde
2271 2364 2434 2436 prius
2465 2364 2523 2419 in
2552 2363 2808 2420 exercitu
2836 2362 3035 2435 plures
3064 2362 3149 2420 ire
3177 2346 3466 2435 poterant,
3484 2346 3594 2421 Vvix
3637 2365 3740 2423 ali-

2086 2454 2185 2527 qui
2219 2453 2391 2509 modo
2422 2452 2504 2509 ire
2535 2450 2902 2525 praevaleant.
2934 2451 3004 2508 Et
3055 2451 3116 2507 in
3165 2450 3258 2508 his
3301 2452 3589 2512 omnibus
3627 2471 3742 2512 non

2086 2541 2279 2600 solum
2311 2558 2426 2598 non
2458 2540 2690 2598 solvunt
2721 2538 3030 2597 fasciculos
3062 2541 3388 2597 secundum
3410 2541 3633 2599 Isaiam
3653 2543 3742 2600 de-

2087 2632 2408 2705 primentes
2437 2632 2565 2698 (Isa.
2601 2632 2680 2699 ι),
2719 2629 2823 2687 sed
2874 2628 3051 2685 etiam
3100 2630 3515 2701 superaddunt
3565 2648 3743 2704 super

2088 2721 2335 2778 miseros
2364 2723 2422 2776 et
2451 2722 2707 2792 agentes.
2743 2717 2985 2785 Quando
3031 2716 3191 2774 enim
3233 2722 3476 2790 sperant
3513 2718 3741 2792 aliquid

2088 2808 2409 2877 lucrari,ad
2441 2807 2628 2881 legem
2660 2823 2724 2863 se
2748 2809 3094 2863 convertunt
3143 2823 3157 2861 :
3207 2807 3443 2879 quando
3474 2824 3615 2864 vero
3646 2825 3743 2882 per

2086 2897 2276 2971 legem
2308 2913 2423 2953 non
2452 2895 2750 2952 aestimant
2779 2894 3099 2968 acquirere,
3135 2895 3209 2950 ad
3238 2895 3501 2968 capitula
3534 2897 3742 2953 confu-

2087 2986 2258 3059 giunt
2290 3003 2301 3041 :
2337 2985 2538 3058 sicque
2567 2984 2864 3039 interdum
2895 2983 3052 3051 Iit,ut
3080 2999 3185 3039 nec
3206 2982 3468 3057 capitula
3491 2983 3741 3057 pleniter

2087 3076 2523 3140 conserventur,
2572 3073 2675 3129 sed
2728 3089 2830 3144 pro
2881 3070 3063 3127 nihilo
3095 3070 3445 3140 habeantur,
3483 3091 3591 3129 nec
3633 3073 3742 3143 lex,

2088 3163 2297 3220 Omnia
2324 3161 2482 3217 enim
2514 3159 2669 3217 mala
2695 3160 2787 3216 lex
2814 3158 3037 3216 Veteris
3076 3160 3436 3216 Testamenti
3474 3162 3735 3218 damnat.

2088 3252 2199 3309 Sed
2229 3250 2513 3308 Dominus
2544 3248 2687 3305 dixit
2716 3247 3023 3321 discipulis
3044 3248 3170 3305 suis
3188 3249 3260 3304 de
3281 3250 3564 3307 omnibus
3585 3251 3741 3307 Chri-

2087 3341 2297 3397 stianis
2330 3357 2343 3397 :
2376 3339 2544 3395 Amen
2579 3337 2698 3394 dico
2746 3337 2917 3405 vobis,
2967 3338 3080 3393 nisi
3132 3336 3497 3395 abundaverit
3515 3342 3737 3411 justitia

2088 3438 2262 3487 vestra
2286 3428 2410 3501 plus
2441 3444 2606 3501 quam
2633 3427 2954 3482 Scribarum
2980 3434 3031 3483 et
3057 3427 3474 3485 Pharisaeorum
3500 3445 3617 3485 non
3647 3431 3733 3485 in-

2088 3519 2302 3576 trabitis
2336 3520 2395 3572 in
2421 3532 2651 3586 regnum
2679 3515 2938 3572 caelorum
2968 3514 3186 3586 (Matth.
3219 3514 3299 3586 v.)

2157 3642 2439 3699 CAPXVI.
2466 3641 2545 3696 De
2575 3639 2805 3713 legibus
2834 3656 2868 3694 a
2897 3636 3252 3711 quibuSdam
3283 3638 3736 3713 imperatoribus

2089 3732 2240 3787 male
2259 3729 2657 3797 constitutis,a
2676 3726 3031 3800 quibusdam
3053 3743 3186 3784 vero
3207 3727 3354 3784 bene
3375 3727 3732 3795 constitutis,

2088 3824 2329 3878 sanctus
2356 3818 2722 3891 Augustinus
2752 3817 2823 3872 ab
2856 3815 3218 3873 Bonifacium
3251 3816 3399 3872 dicit
3428 3818 3733 3890 (epist.50):

2089 3910 2510 3982 «Imperatores
2539 3905 2773 3977 quando
2803 3920 2907 3977 pro
2936 3903 3193 3960 falsitate
3213 3908 3418 3960 contra
3440 3905 3731 3962 veritatem

2089 3996 2455 4055 constituunt
2482 3993 2669 4050 malas
2702 3992 3209 4065 leges,probantur
3238 3992 3387 4051 bene
3417 3995 3731 4062 credentes,

2089 4091 2149 4144 et
2176 4089 2531 4143 coronantur
2561 4081 3266 4155 perseverantes.Quando
3294 4085 3494 4139 autem
3524 4100 3626 4156 pro
3643 4100 3735 4139 ve-

2091 4176 2266 4233 ritate
2294 4178 2496 4230 contra
2517 4170 2830 4228 falsitatem
2849 4169 3220 4226 constituunt
3238 4169 3428 4227 bonas
3446 4171 3735 4247 leges,ter-

2091 4269 2293 4321 rentur
2322 4261 2641 4329 saevientes,
2674 4263 2733 4316 et
2757 4257 3131 4333 corriguntur
3158 4257 3571 4333 intelligentes.
3602 4283 3632 4311 ιο
3664 4261 3732 4317 Et

2090 4354 2163 4410 ad
2194 4350 2598 4409 Marcellinum
2630 4349 2701 4404 de
2726 4347 2991 4404 moribus
3021 4347 3191 4404 bonis
3220 4347 3639 4422 principum,et
3659 4350 3728 4405 de

2089 4441 2388 4515 republica
2431 4438 2699 4511 augenda
2743 4438 2886 4493 dicit
2927 4438 3103 4511 (epist.
3151 4436 3208 4509 5)
3262 4454 3275 4494 :
3325 4461 3356 4488 ‹‹
3408 4439 3491 4495 Ex
3540 4455 3728 4512 parva,

2006 4558 2060 4630 Β
2086 4528 2687 4630 inquiens,republica
2705 4532 2763 4584 et
2775 4527 2950 4630 iuppi.
2968 4543 3245 4628 magnam
3271 4527 3725 4601 opulentamque

2084 4624 2347 4679 fecerunt
2374 4618 2476 4692 qui
2507 4621 2745 4691 accepta
2773 4616 2991 4690 injuria
3018 4614 3321 4689 ignoscere
3340 4633 3522 4688 quam
3543 4633 3727 4691 perse-

2079 4712 2180 4785 qui
2211 4707 2836 4773 malebant.Quomodo
2864 4704 3072 4761 Caesari
3103 4705 3306 4777 utique
3350 4705 3721 4762 administra-

2077 4800 2189 4857 tori
2221 4796 2775 4872 reipublicaz,mores
2804 4794 2933 4866 ejus
2961 4792 3243 4855 extollens
3270 4792 3473 4850 Cicero
3501 4794 3723 4851 dicebat

2082 4888 2253 4962 (Orat.
2283 4903 2382 4960 pro
2426 4885 2592 4965 ιφ),
2623 4883 2777 4956 quod
2823 4880 2971 4938 nihil
3022 4880 3286 4939 oblivisci
3344 4881 3559 4939 soleret
3608 4880 3723 4937 nisi

2080 4976 2350 5051 injurias.
2388 4972 2625 5029 Dicebat
2653 4970 2811 5025 enim
2843 4969 2953 5025 hoc
2982 4974 3105 5025 tam
3136 4985 3390 5043 magnus
3437 4970 3720 5036 laudator,

2081 5070 2185 5123 aut
2214 5068 2333 5120 tam
2366 5077 2618 5135 magnus
2648 5057 2918 5115 adulator
2949 5075 2962 5113 :
2998 5058 3099 5115 sed
3132 5057 3182 5115 si
3226 5058 3520 5127 laudator,
3550 5057 3720 5113 talem

2081 5154 2368 5211 Caesarem
2398 5153 2669 5215 noverat;
2721 5148 2769 5204 si
2821 5150 3020 5203 autem
3066 5145 3357 5216 adulator,
3389 5146 3565 5206 talem
3595 5162 3723 5203 esse

2078 5244 2287 5299 debere
2316 5238 2659 5297 ostendebat
2679 5236 3003 5309 principem
3025 5234 3241 5291 civitati
3249 5237 3537 5309 s,qualem
3558 5236 3719 5291 illum

2074 5330 2359 5389 fallaciter
2385 5327 2758 5401 praedicabat.
2794 5346 2822 5375 ››
2852 5326 3018 5397 Apud
3070 5328 3293 5381 veteres
3330 5342 3583 5398 namque
3606 5323 3718 5380 tale

2074 5418 2445 5493 proverbium
2479 5420 2604 5472 erat
2638 5432 2650 5470 :
2686 5416 2797 5471 Rex
2824 5416 2954 5481 eris,
2999 5416 3052 5469 si
3098 5422 3239 5471 recte
3281 5417 3460 5485 facias
3490 5433 3509 5472 :
3536 5417 3588 5472 si
3612 5430 3720 5470 non

2072 5510 2247 5579 facias
2280 5523 2379 5563 rex
2405 5521 2516 5563 non
2544 5505 2674 5560 eris.

2144 5623 2277 5679 Car.
2312 5619 2480 5677 XVII.
2517 5619 2706 5691 Regiae
2757 5618 3003 5675 virtutes
3051 5619 3341 5692 praecipue
3384 5620 3511 5676 duae
3559 5624 3719 5683 sunt,
