3976 6188
288 305 446 366 9017

1190 304 1294 366 DE
1337 303 1799 367 COERCENDO
1838 305 2107 368 RAPTU
2149 306 2587 382 VIDUARUM,
2633 309 2801 373 ESG.

3536 262 3693 411 ιοιᾲ

273 438 519 512 justitia
545 437 815 496 videlicet
843 443 899 497 et
918 440 1127 514 pietas.
1151 437 1567 495 Verumtamen
1604 437 1666 494 in
1697 438 1933 512 regibus
1963 438 2325 521 Ationibus,
2359 440 2719 497 sufficienter
2767 458 2835 498 ex
2882 443 3146 517 synodali
3197 448 3483 502 conventu
3530 447 3686 519 apud

285 528 422 602 plus
443 527 721 585 laudatur
750 528 937 602 pietas
971 547 985 585 :
1019 545 1155 585 nam
1179 526 1413 601 justitia
1441 545 1544 599 per
1566 544 1629 584 se
1659 527 1785 583 sine
1816 527 1936 601 pie-

284 621 404 674 tate
434 634 636 674 severa
664 621 773 674 est.
806 617 886 673 De
929 617 1152 691 rapinis
1198 616 1659 690 compescendis,
1692 619 1749 671 et
1798 631 1938 689 pace

283 706 668 772 restituenda,
703 710 760 762 et
801 706 986 763 sacris
1033 706 1374 779 Scripturis,
1407 704 1935 761 ecclesiasticarum

282 795 482 870 legum
512 795 975 862 deﬁnitionibus,
1010 813 1076 852 ac
1104 795 1301 870 legnm
1334 811 1636 851 sacrarum
1661 794 1939 850 constitu-

2045 528 2389 602 martyrium
2414 529 2590 585 beata:
2614 530 2819 585 Macra:
2840 548 3025 604 nuper
3045 532 3242 589 habito
3264 533 3506 592 collecta
3526 535 3691 592 fratri

2044 617 2226 689 hujus
2253 618 2405 691 regis
2455 618 2640 674 nostri
2689 636 2877 692 nuper
2921 620 3192 677 defuncto
3239 639 3340 695 per
3387 623 3691 697 episcopos

2045 706 2340 773 misimus,
2370 725 2497 780 quas
2527 706 2622 763 hic
2662 707 2942 781 replicare
2972 726 3087 765 non
3120 712 3539 780 necessarium,
3570 712 3689 770 imo

2047 794 2414 866 superfluum
2447 792 2745 850 duximus.

1900 1031 2077 1100 XI.

1486 1189 1753 1237 COIIUNI
1797 1187 2214 1235 EPISCOPORUI
2256 1188 2492 1234 NOHINB

1645 1335 1789 1421 AD
1855 1331 2249 1422 REGEM

707 1502 798 1567 lle
824 1502 1137 1567 coercendo
1166 1513 1221 1566 et
1246 1503 1633 1588 exstirpando
1662 1511 1841 1586 raptu
1874 1500 2213 1577 viduarum,
2241 1500 2584 1586 puellarum
2613 1521 2683 1566 ac
2710 1502 3276 1565 sanctimonialium.

1209 1629 1314 1701 (Ad
1344 1630 1639 1699 eumdem,
1671 1644 1741 1687 ex
1770 1625 2232 1700 Paralipomenis
2259 1626 2506 1686 Joannis
2536 1627 2772 1697 Busaei.)

350 1881 600 1940 Domino
617 1877 1399 1953 Christianissimo,glorioso
1422 1883 1478 1936 et
1498 1879 1766 1952 piissimo
1782 1880 1938 1953 prin-
1964 1899 2013 1966 Β
2041 1867 2200 1936 enim
2232 1894 2465 1951 semper
2493 1876 2826 1966 sollicitudo
2858 1878 2918 1934 in
2949 1878 3136 1936 beatis
3165 1879 3601 1953 apostolis,hiec
3634 1882 3695 1939 in

280 1970 417 2045 cipi,
441 1968 699 2026 humiles
731 1968 878 2025 servi
912 1966 1126 2024 Christi
1159 1966 1479 2024 Galliarum
1509 1970 1567 2024 et
1596 1968 1933 2025 Germania-

281 2077 414 2116 rum
444 2057 724 2134 episcopi,
758 2075 861 2132 pro
893 2057 1055 2113 cultu
1085 2060 1143 2114 et
1172 2055 1562 2113 sanctimonia
1589 2056 1801 2113 domus
1830 2057 1937 2113 Do-

283 2148 454 2221 mini,
487 2165 615 2221 quas
646 2151 736 2204 est
763 2144 1022 2203 Ecclesia
1047 2145 1150 2202 Dei
1182 2145 1322 2215 veri,
1347 2144 1622 2202 columna
1650 2149 1709 2201 et
1738 2145 1934 2202 firma-

285 2240 557 2294 mentum
588 2234 867 2292 veritatis.

353 2326 493 2382 CAP.
526 2324 571 2381 Ι.
605 2324 858 2381 Maxima
905 2328 963 2380 et
1007 2324 1357 2398 gravissima
1403 2324 1750 2381 necessitate
1780 2340 1937 2379 com-

286 2414 570 2490 pellimur
599 2429 804 2470 omnes
824 2413 1066 2485 nos,qui
1098 2412 1191 2469 his
1222 2412 1557 2470 novissimis
1575 2418 1632 2469 et
1660 2412 1942 2485 periculo-

285 2502 545 2560 sissimis
577 2501 938 2575 temporibus
967 2500 1294 2574 episcopale
1321 2500 1715 2558 ministerium
1746 2505 1803 2557 et
1832 2517 1938 2575 gu-

294 2591 700 2648 bernationem
730 2588 1121 2647 Ecclesiarum
1151 2588 1275 2658 Dei,
1298 2588 1435 2646 licet
1464 2589 1693 2664 indigni
1722 2593 1779 2646 et
1827 2589 1940 2644 mi-

293 2680 439 2737 nimi
467 2679 656 2737 sortiti
674 2696 903 2749 sumus,
919 2682 984 2736 ut
1003 2677 1356 2753 periclitanti
1376 2678 1539 2753 gregi
1554 2678 1947 2749 Dominico,et

290 2771 458 2827 novis
481 2767 714 2825 insidiis
729 2771 905 2841 atque
924 2766 1398 2825 infestationibus
1417 2766 1605 2824 hostis
1627 2765 1853 2839 antiqui
1874 2766 1945 2822 de

295 2858 389 2915 die
407 2859 467 2914 in
492 2857 646 2913 diem
668 2854 1066 2913 miserabilius
1101 2854 1725 2925 laboranti,communi
1756 2855 1947 2911 inten-

292 2948 451 3005 tione
472 2950 529 3003 et
559 2944 850 3014 studio,in
880 2948 1167 3017 quantum
1181 2944 1336 3001 Deus
1354 2943 1688 3001 facultatem
1718 2942 1946 3008 tribuit,

295 3034 612 3110 vigilanter
638 3039 695 3090 et
733 3038 969 3089 strenue
1001 3033 1452 3107 prospiciamus.
1486 3031 1761 3099 Quamvis
1792 3030 1948 3088 enim

284 3128 550 3199 potestas
573 3122 733 3197 regni
756 3121 1097 3195 temporalis
1120 3120 1313 3177 divino
1329 3122 1554 3192 judicio
1574 3123 1631 3177 in
1657 3122 1764 3178 hoc
1781 3119 1952 3177 Chri..

285 3213 616 3269 stianorum
648 3228 826 3285 regno
856 3211 928 3267 ad
970 3228 1226 3283 praesens
1272 3211 1538 3267 videatur
1584 3211 1788 3279 divisa,
1824 3228 1940 3267 una

709 3266 745 3285 υ
868 3266 990 3283 γι
1104 3266 1107 3267 ,
1384 3266 1485 3267 νγ
1776 3266 1787 3279 ,
1916 3266 1921 3267 γ

281 3305 372 3358 est
392 3305 589 3357 tamen
608 3299 667 3355 in
685 3300 961 3355 omnibus
978 3304 1036 3355 et
1056 3317 1125 3355 ex
1145 3299 1420 3355 omnibus
1441 3299 1671 3356 Christo
1690 3300 1936 3356 Domino
1964 3266 2008 3332 Ο

281 3394 619 3464 protegente
647 3388 1087 3457 Ecclesia,unus
1117 3389 1558 3459 Dominus,una
1579 3390 1935 3458 ﬂdes,unum

280 3496 470 3552 genus
501 3476 751 3535 electum
774 3475 965 3551 regale
987 3476 1527 3543 sacerdotium,una
1546 3493 1692 3551 gens
1708 3482 1934 3549 sancta,

282 3585 441 3624 unus
471 3565 727 3640 populus
754 3563 1185 3639 acquisitionis,
1210 3582 1387 3638 quem
1417 3564 1543 3638 ipse
1572 3565 1859 3624 Dominus
1880 3570 1939 3623 et

278 3654 547 3713 Salvator
574 3655 645 3711 de
676 3654 931 3711 tenebris
961 3654 1188 3710 vocavit
1235 3653 1295 3710 in
1348 3653 1693 3712 admirabile
1736 3654 1937 3712 lumen

279 3761 481 3813 suum,
512 3760 617 3817 pro
677 3743 849 3815 cujus
904 3742 1294 3816 acquisitione
1348 3748 1409 3799 et
1466 3747 1749 3817 perpetua
1806 3742 1936 3799 uni-

277 3832 439 3890 tione
469 3832 647 3888 etiam
679 3835 928 3887 mortem
959 3836 1198 3904 gustare
1237 3830 1516 3905 dignatus
1563 3835 1673 3901 est,
1709 3831 1937 3888 dicente

273 3918 589 3995 Evangelio
621 3938 634 3976 :
673 3923 825 3994 Quia
848 3922 1001 3977 Jesus
1029 3922 1328 3977 moriturus
1371 3929 1494 3977 erat
1530 3937 1630 3993 pro
1673 3930 1850 3991 gente,
1885 3929 1937 3977 et

277 4028 390 4067 non
419 4017 634 4066 tantum
655 4026 758 4082 pro
787 4018 963 4080 gente,
995 4009 1088 4065 sed
1114 4017 1177 4065 ut
1202 4010 1344 4080 ﬁlios
1370 4009 1471 4066 Dei
1491 4011 1589 4081 qui
1615 4017 1776 4066 erant
1819 4008 1934 4066 dis-

277 4101 433 4174 persi
457 4106 810 4169 congregaret
838 4100 899 4154 in
929 4114 1100 4153 unum
1124 4100 1300 4169 (Joan.
1332 4115 1413 4167 xx,
1432 4099 1523 4169 51,
1544 4098 1657 4171 52).
1692 4097 1857 4154 Unde
1878 4102 1938 4155 et

282 4188 413 4264 ipse
442 4186 776 4244 admirabili
817 4186 1154 4261 dignatione
1195 4185 1475 4260 loquitur,
1507 4186 1707 4243 dicens
1738 4202 1751 4242 :
1785 4186 1943 4252 Sicut

283 4280 436 4335 novit
482 4293 569 4333 me
607 4277 791 4345 Pater,
822 4283 876 4333 et
920 4292 1015 4349 ego
1063 4292 1291 4347 agnosco
1332 4278 1571 4343 Patrem,
1602 4283 1653 4333 et
1695 4275 1944 4331 animam

285 4383 472 4424 meam
494 4382 640 4439 pono
662 4382 764 4438 pro
796 4365 983 4422 ovibus
1012 4367 1170 4421 meis.
1203 4365 1381 4422 Habeo
1410 4381 1536 4438 quae
1563 4380 1674 4421 non
1719 4370 1943 4420 suntex

284 4457 387 4515 hoc
444 4455 601 4525 ovili,
637 4463 688 4512 et
744 4455 873 4511 illa:
929 4462 1131 4527 oportet
1184 4470 1271 4511 me
1326 4454 1609 4525 adducere,
1656 4462 1706 4511 et
1763 4468 1942 4510 vocem

280 4562 466 4602 meam
520 4544 767 4611 audient,
798 4551 851 4601 et
902 4545 993 4615 ﬁet
1045 4559 1222 4599 unum
1275 4544 1415 4599 ovile
1466 4551 1520 4600 et
1558 4559 1701 4600 unus
1752 4550 1940 4616 pastor

2042 1968 2348 2024 beatorum
2380 1965 2782 2040 apostolorum
2814 1968 3276 2036 successoribus,
3291 1970 3350 2026 id
3381 1974 3473 2027 est
3501 1971 3695 2028 Eccle-

2042 2055 2266 2113 siarum
2298 2056 2396 2113 Dei
2430 2056 2777 2128 rectoribus,
2801 2055 2937 2113 fecit
2966 2074 3150 2113 unum
3183 2075 3417 2132 gregem
3436 2059 3697 2118 Domini-

2044 2161 2202 2212 cum,
2239 2162 2420 2201 unam
2469 2143 2771 2218 religionis
2821 2144 3173 2215 custodiam,
3221 2164 3401 2204 unam
3450 2152 3699 2206 matrem

2044 2233 2396 2292 Eccclesiam
2426 2252 2546 2291 una
2576 2238 2771 2290 mente
2802 2232 3066 2309 diligere,
3097 2241 3274 2310 atque
3305 2237 3570 2294 unanimi
3600 2239 3699 2296 de-

2044 2322 2273 2380 votione
2300 2340 2550 2380 servare.

2118 2411 2254 2467 Cap.
2289 2412 2358 2469 ΙΙ.
2401 2414 2766 2486 Quapropter
2819 2412 3199 2471 obsecramus
3269 2413 3702 2475 Christianissi-

2049 2515 2208 2555 mam
2239 2499 2538 2573 pietatem,
2565 2504 2621 2556 et
2643 2499 2960 2574 gloriosam
2981 2500 3408 2560 sublimitatem
3425 2509 3701 2576 vestram,

2050 2593 2115 2644 ut
2144 2587 2414 2662 religiose
2444 2589 2607 2663 regni
2638 2590 2737 2646 Dei
2768 2590 3120 2649 constitutos
3151 2591 3478 2664 ministros,
3513 2598 3572 2652 et
3597 2612 3702 2669 po-

2051 2676 2171 2749 puli
2203 2676 2517 2734 Christiani
2552 2681 2823 2745 rectores,
2855 2682 2915 2734 et
2951 2678 3159 2734 divinas
3190 2679 3488 2755 religionis
3527 2687 3705 2757 atque

2050 2764 2455 2822 ecclesiastica:
2469 2763 2800 2821 sanctitatis
2814 2769 3249 2823 conservatores
3260 2785 3328 2824 ac
3343 2769 3702 2840 defensores,

2053 2859 2121 2911 ut
2149 2872 2217 2912 ea
2244 2870 2373 2929 quae
2404 2872 2507 2928 pro
2538 2853 2727 2911 salute
2755 2854 3088 2911 animarum
3132 2855 3419 2925 ﬁdelium,
3450 2862 3509 2913 et
3538 2859 3702 2916 Chri-

2055 2943 2231 3000 stiani
2263 2942 2426 3018 regni
2458 2942 2894 3000 conservatione
2919 2960 2986 3000 ac
3023 2942 3451 3016 tranquillitate
3498 2964 3701 3004 emen-

2057 3032 2253 3088 danda
2283 3035 2696 3107 suggeruntur,
2729 3048 2865 3089 cum
2910 3031 3091 3088 divini
3139 3031 3370 3091 timoris
3398 3034 3618 3093 honore
3645 3041 3705 3095 et

2060 3126 2219 3178 metu
2269 3123 2447 3178 futuri
2488 3121 2698 3194 judicii
2724 3122 3000 3195 audiatis,
3032 3123 3236 3180 audita
3270 3124 3436 3196 justo
3475 3125 3705 3199 judicio

2060 3211 2423 3276 examinatis,
2457 3212 2787 3267 examinata
2815 3212 3168 3285 competenti
3210 3213 3516 3272 severitate
3549 3232 3704 3272 rese-

2046 3301 2212 3356 cetis.
2248 3300 2402 3356 Nihil
2432 3301 2588 3356 enim
2622 3301 2702 3356 ita
2744 3301 3164 3373 omnipotentis
3196 3301 3297 3360 Dei
3330 3302 3699 3362 iracundiam

2044 3394 2369 3463 exasperat,
2392 3395 2452 3446 ct
2473 3390 2633 3463 regni
2662 3408 2864 3462 pacem
2890 3392 3213 3464 perturbat,
3238 3397 3305 3448 ut
3327 3396 3702 3467 contemptus

2045 3478 2252 3535 divina:
2274 3477 2441 3551 legis,
2464 3483 2522 3535 ct
2552 3478 2912 3535 conculcatio
2943 3484 3195 3553 paterna:
3224 3481 3610 3553 auctoritatis,
3644 3487 3702 3540 et

2046 3566 2373 3640 profanatio
2421 3565 2828 3624 ecclesiastica:
2878 3568 3191 3624 munditiei
3239 3573 3298 3626 et
3345 3571 3697 3629 sanctitatis.

2046 3656 2209 3712 Unde
2239 3656 2518 3729 adversus
2542 3654 2754 3728 impios
2783 3654 2930 3729 legis
2961 3673 3080 3712 suis
3110 3661 3542 3731 contemptores
3572 3660 3700 3732 ipse

2044 3744 2200 3801 Deus
2228 3743 2719 3817 loquitur,dicens
2746 3761 2760 3800 :
2784 3745 2849 3800 Et
2867 3744 3038 3801 oblita
3064 3760 3121 3802 es
3151 3745 3287 3816 legis
3314 3747 3415 3803 Dei
3443 3750 3548 3817 tui,
3565 3748 3702 3805 obli-

2044 3836 2224 3891 viscar
2239 3834 2484 3906 ﬁliorum
2503 3841 2722 3890 tuorum
2749 3840 2800 3890 et
2818 3849 2915 3904 ego
2944 3832 3085 3902 (Ose.
3110 3851 3187 3902 xv,
3210 3835 3286 3904 6).
3306 3834 3387 3891 De
3407 3834 3625 3909 quibus
3644 3841 3703 3893 et

2046 3920 2185 3979 alibi
2218 3921 2502 3995 scriptum
2533 3924 2622 3977 est
2652 3937 2665 3977 :
2698 3921 2765 3977 At
2792 3922 2882 3979 illi
2898 3922 3308 3980 subsannabant
3327 3925 3549 3981 nuntios
3572 3928 3698 3991 Dei,

2045 4020 2097 4068 et
2143 4011 2612 4083 parvipendebani
2665 4027 2935 4067 sermones
2979 4012 3118 4083 ejus,
3168 4011 3337 4069 donec
3396 4014 3703 4070 ascenderet

2045 4102 2205 4171 furor
2233 4100 2453 4155 Domini
2482 4101 2543 4154 in
2563 4100 2829 4170 populum
2855 4116 3037 4167 suum,
3069 4108 3121 4156 et
3145 4109 3282 4157 esset
3302 4103 3463 4157 nulla
3489 4105 3702 4159 curatio

2049 4188 2122 4257 (II
2148 4187 2281 4241 Par.
2313 4202 2504 4253 χχχιιι,
2540 4186 2648 4257 16).
2684 4185 2904 4242 Redeat
2950 4202 3088 4259 ergo
3117 4203 3350 4260 semper
3386 4187 3447 4244 in
3479 4204 3700 4247 memo-

2052 4276 2199 4332 riam
2228 4274 2319 4331 lex
2347 4273 2590 4345 Dei,nec
2622 4277 2977 4347 spernantur
3001 4291 3068 4331 ac
3097 4275 3539 4334 subsannentur
3558 4296 3704 4335 nun-

2051 4363 2117 4421 tii
2149 4364 2272 4432 Dei,
2298 4362 2485 4420 sancti
2533 4361 2803 4419 videlicet
2846 4365 3042 4435 patres
3090 4363 3338 4436 antiqui,
3372 4365 3444 4421 de
3483 4367 3702 4438 quibus

2052 4453 2176 4527 ipse
2207 4452 2493 4509 Dominus
2521 4450 2582 4507 in
2613 4450 2921 4525 Evangelia
2952 4450 3096 4508 dicit
3128 4469 3142 4508 :
3177 4452 3285 4521 Qui
3312 4469 3402 4509 vos
3433 4454 3590 4512 audit
3616 4472 3704 4513 me

2050 4542 2225 4613 audit,
2256 4551 2308 4600 et
2334 4544 2433 4615 qui
2459 4558 2549 4599 vos
2572 4542 2781 4613 spernit
2809 4557 2898 4597 me
2934 4542 3147 4613 spernit
3174 4542 3324 4613 (Luc.
3358 4559 3413 4610 x,
3442 4544 3550 4612 16).
3583 4544 3703 4601 Ha-

283 4637 464 4709 (Joan.
495 4650 553 4701 x,
585 4634 673 4702 15,
709 4632 817 4706 16).
869 4632 1015 4689 Cum
1064 4647 1202 4706 ergo
1259 4632 1453 4688 omnis
1509 4630 1765 4704 populus
1819 4631 1953 4718 Dei,
1980 4636 2027 4702 Ι)
2056 4633 2192 4690 beat
2219 4648 2321 4688 vos
2370 4634 2574 4687 sancta
2619 4628 3113 4687 mater-Ecclesia
3158 4629 3287 4703 pios
3325 4631 3619 4705 pudicitiae
3649 4638 3710 4691 et

281 4727 448 4781 tanto
475 4721 660 4795 pretio
690 4722 1030 4793 redemptus
1060 4723 1118 4776 et
1147 4720 1461 4787 adunatus,
1487 4737 1643 4776 unus
1686 4736 1828 4795 grex
1875 4719 1956 4806 sit

2061 4719 2418 4779 castimoniae
2449 4718 2724 4775 custodes
2754 4735 2821 4774 ac
2851 4718 3204 4777 defensores.
3225 4723 3360 4788 Quas
3382 4721 3442 4778 in
3472 4726 3706 4780 tantum

281 4814 396 4870 sub
420 4828 539 4868 uno
561 4813 893 4885 pastore,et
912 4826 1119 4867 omnes
1137 4809 1318 4882 hujus
1339 4808 1535 4882 gregis
1556 4812 1825 4880 pastores
1847 4824 1957 4895 per
2061 4810 2135 4868 ab
2163 4807 2266 4865 illa
2293 4808 2662 4880 omnipotens
2689 4807 2844 4864 Deus
2871 4806 3068 4881 exigit,
3095 4812 3163 4865 ut
3188 4809 3527 4868 terribiliter
3549 4814 3674 4885 Apo

280 4903 572 4961 unitatem
599 4898 757 4970 fidei,
790 4904 849 4957 et
880 4898 1332 4956 unanimitatem
1363 4896 1950 4967 sollicitudinis,tan-

279 5009 463 5068 quam
495 5008 657 5049 unus
687 4995 893 5064 pastor
931 4988 1180 5047 existere
1211 4988 1463 5045 debeant
1494 4988 1606 5044 sub
1653 5006 1770 5045 uno
1802 4992 1859 5046 et
1891 4990 1952 5046 in

278 5099 401 5139 uno
433 5080 697 5156 principe
727 5082 1058 5153 pastorum,
1078 5081 1247 5133 tanta
1273 5092 1513 5133 necesse
1545 5080 1635 5132 est
1664 5076 1784 5133 sint
1812 5076 1953 5137 eha-

2062 4898 2250 4956 stolus
2279 4899 2525 4953 testetur
2553 4899 2609 4951 et
2636 4895 2792 4952 dicat
2819 4913 2833 4952 :
2866 4902 3066 4953 Pacem
3092 4900 3392 4971 sequimint
3419 4916 3545 4956 cum
3587 4918 3706 4956 om-

2059 4990 2246 5055 nibus,
2280 4994 2331 5043 et
2355 4988 2795 5058 sanctimoniam,
2825 4988 2945 5043 sine
2973 5003 3081 5060 qua
3107 5005 3266 5046 nemo
3288 4988 3493 5045 videbit
3520 4991 3705 5045 Domi-

2060 5094 2197 5133 num
2226 5074 2406 5148 (Hebr.
2438 5091 2538 5141 xu,
2572 5075 2683 5143 15).
2717 5075 2786 5130 Et
2831 5072 3046 5131 iterum
3079 5092 3094 5132 :
3124 5077 3349 5134 Nescitis
3393 5078 3527 5148 quia
3570 5084 3705 5132 tem-

278 5170 457 5226 ritate
506 5167 680 5239 uniti,
717 5172 882 5224 tanta
930 5166 1177 5241 spiritus
1232 5165 1507 5222 societate
1565 5163 1842 5237 copulati,
1888 5176 1956 5228 ut
2057 5167 2214 5238 plum
2242 5165 2344 5221 Dei
2368 5165 2516 5230 estis,
2532 5171 2583 5219 et
2610 5163 2850 5236 Spiritus
2880 5172 3097 5222 sanctus
3115 5166 3322 5221 habitat
3352 5166 3412 5220 in
3440 5165 3627 5220 vobis?
3644 5165 3708 5222 Si

278 5257 534 5316 invicem
567 5273 748 5314 onera
796 5274 907 5314 sua
952 5253 1341 5312 libentissime
1390 5254 1854 5327 compartiantur
1890 5259 1948 5311 et

278 5352 541 5423 portent,
572 5353 629 5404 et
661 5348 741 5404 sit
770 5347 856 5404 eis
896 5344 1180 5402 instantia
1223 5343 1566 5416 quotidiana
1612 5342 1945 5401 sollicitudo

278 5436 553 5494 omnium
569 5436 989 5502 Ecclesiarum,
1005 5438 1070 5490 ut
1091 5433 1139 5490 si
1162 5433 1302 5505 quid
1325 5433 1547 5505 patitur
1562 5449 1747 5490 unum
1767 5450 1947 5489 mem-

280 5526 483 5593 brum,
499 5525 938 5600 compatiantur
958 5521 1156 5580 omnia
1179 5521 1464 5590 membra,
1479 5520 1596 5577 sive
1612 5520 1944 5594 gratulatur

280 5631 473 5671 unum
497 5614 847 5679 membrum,
863 5610 1269 5684 congaudeant
1290 5609 1486 5665 omnia
1506 5611 1789 5666 membra.
1812 5610 1939 5666 Haec

2053 5256 2177 5326 quis
2205 5260 2385 5309 autem
2433 5252 2694 5324 templum
2741 5254 2841 5309 Dei
2886 5254 3188 5322 violaverit,
3220 5252 3493 5325 disperdat
3541 5254 3706 5309 illum

2055 5348 2218 5399 Deus.
2258 5342 2532 5412 Templum
2581 5344 2732 5396 enim
2786 5344 2887 5398 Dei
2939 5351 3191 5397 sanctum
3243 5350 3340 5409 est,
3382 5342 3523 5414 quod
3578 5344 3703 5398 estis

2052 5448 2142 5488 vos
2172 5434 2223 5498 (l
2254 5431 2383 5487 Cor.
2416 5446 2501 5498 ιιι,
2526 5430 2633 5497 16).
2667 5431 2737 5485 Et
2765 5429 2977 5486 iterum
3013 5445 3026 5484 :
3061 5430 3290 5487 Nescitis
3319 5432 3454 5504 quia
3479 5447 3706 5504 corpora

2054 5528 2231 5576 vestra
2280 5519 2519 5574 membra
2571 5517 2784 5575 Christi
2829 5522 2993 5573 sunt?
3047 5520 3252 5579 Tollens
3300 5537 3425 5591 ergo
3461 5522 3703 5578 membra

2053 5610 2262 5665 Christi
2312 5610 2517 5679 faciam
2562 5607 2801 5661 membra
2854 5610 3190 5663 metricis?
3215 5609 3364 5664 Absit
3393 5609 3440 5681 (l
3469 5609 3590 5665 Cor.
3621 5626 3701 5695 vr,
