3976 6188
301 231 458 294 1019

1072 223 1458 288 HINGMARI
1505 225 1748 288 suam.
1794 223 2160 288 ARCHIEP.
2210 226 2620 291 OPUSCALA
2662 225 2938 322 nam.
3004 189 3009 192 ’

3548 227 3709 292 11)Ξο

296 363 408 435 15).
440 363 511 420 Et
537 361 750 420 iterum
781 377 796 420 :
829 361 894 419 Et
922 377 1035 418 non
1063 362 1195 418 estis
1223 361 1388 418 vestri
1417 379 1435 414 :
1465 361 1635 433 empti
1653 361 1802 417 enim
1821 361 1948 416 estis
1976 359 2032 427 Α
2060 359 2289 416 minum
2307 360 2885 434 impudentissimam
2901 359 3335 436 audaciam,qui
3352 360 3590 420 calcatis
3605 362 3709 419 Dei

289 455 468 527 pretio
483 467 704 523 magno,
716 452 1015 526 gloriﬁcate
1035 458 1087 507 et
1101 457 1308 523 portate
1327 451 1618 506 Dominum
1635 451 1694 504 in
1718 463 1943 520 corpore

293 549 468 598 vestro
491 543 542 610 (Ι
559 541 680 598 Cor.
702 542 910 609 x1,20).
933 539 1092 596 Istud
1110 543 1198 595 est
1217 537 1503 610 templum
1527 537 1710 604 Dei,et
1733 537 1944 593 domus

295 629 396 697 Dei
425 627 558 697 vivi,
592 629 664 684 de
695 645 810 703 qua
839 627 1126 699 scriptum
1164 631 1255 683 est
1286 643 1299 680 :
1334 627 1562 682 Domum
1609 633 1760 681 tuam
1799 625 1946 681 decet

292 717 618 786 sanctitudo,
631 718 878 785 Domine,
891 718 952 773 in
968 716 1366 785 longitudinem
1389 715 1603 771 dierum
1623 714 1793 787 (Psal.
1807 730 1942 780 xcn,

293 808 370 876 5).
404 806 486 863 De
505 823 623 878 qua
653 809 708 862 et
737 805 945 862 beatus
982 803 1318 876 patriarcha
1344 802 1544 870 Jacob,
1579 802 1680 874 qui
1731 818 1943 875 cogno-

295 895 555 951 minatus
585 897 675 950 est
703 891 902 960 Israel,
933 891 995 948 in
1046 891 1294 964 mystica
1342 889 1516 946 laude
1562 891 1644 946 ait
1671 907 1683 945 :
1717 891 1836 947 Non
1863 899 1942 948 est

296 985 388 1040 hic
431 981 606 1050 aliud,
631 983 746 1038 nisi
793 981 980 1038 domus
1017 981 1115 1035 Dei
1147 988 1198 1036 et
1221 988 1381 1051 porta.
1422 980 1547 1034 cwti
1594 979 1744 1052 (Gen.
1776 981 1943 1048 xvln,

297 1072 414 1144 27).
447 1071 594 1139 Quia
621 1070 892 1127 videlicet
919 1073 976 1125 et
1006 1085 1162 1124 nunc
1192 1068 1369 1124 habet
1408 1067 1796 1125 habitatorem
1827 1069 1942 1125 Do-

299 1161 550 1228 minam,
582 1163 638 1216 et
667 1162 797 1232 post
822 1159 1164 1230 presentem
1196 1155 1374 1212 vitam
1405 1157 1476 1212 de
1506 1157 1726 1214 mundo
1765 1155 1946 1213 mittit

303 1250 373 1306 ad
397 1249 631 1306 cmlum.

374 1338 510 1394 CAP.
545 1337 640 1392 III.
674 1335 914 1408 Propter
942 1334 1093 1390 hanc
1123 1334 1571 1391 sanctimoniam
1623 1337 1680 1390 et
1709 1334 1944 1390 mundi-

301 1426 440 1483 tiem
469 1443 504 1482 a
530 1423 814 1498 contagiis
845 1421 1170 1491 diabolicis,
1204 1422 1462 1480 Ecclesia
1487 1439 1522 1478 a
1549 1423 1778 1480 Christo
1801 1423 1944 1480 dile-

301 1521 414 1583 cta,
437 1519 495 1571 et
511 1514 640 1586 ejus
661 1512 934 1587 passione
953 1515 1310 1586 comparata,
1334 1517 1391 1569 et
1409 1512 1637 1570 lavacro
1663 1513 1944 1586 baptismi

300 1606 549 1678 purgata
567 1606 656 1660 est
673 1627 694 1660 ι
707 1606 733 1658 t
756 1601 1005 1676 expiata,
1017 1605 1270 1659 testante
1285 1601 1562 1676 Apostolo
1583 1619 1650 1659 ac
1672 1603 1901 1658 dicente
1926 1619 1940 1658 :

299 1693 545 1750 Christus
568 1693 768 1748 dilexit
793 1692 1112 1760 Ecclesium,
1132 1699 1185 1748 et
1210 1693 1444 1763 seipsum
1478 1691 1706 1748 tradidit
1730 1707 1832 1764 pro
1857 1709 1942 1761 ea,

293 1781 568 1838 mundans
595 1798 718 1838 eam
749 1781 965 1837 lavacro
991 1795 1153 1854 aqua?
1178 1781 1238 1836 in
1266 1779 1423 1837 verbo
1454 1783 1600 1849 vitae,
1625 1789 1686 1836 ut
1719 1781 1944 1838 exhibe-

294 1880 377 1928 ret
412 1873 525 1945 ipse
549 1872 662 1927 sibi
678 1871 974 1942 gloriosam
1013 1870 1326 1936 Ecclesium,
1358 1885 1471 1926 non
1499 1869 1783 1926 habentem
1825 1886 1944 1924 ma-

295 1961 482 2018 culam
527 1966 624 2015 aut
671 1975 889 2028 rugam,
923 1964 1020 2013 aut
1064 1955 1280 2030 aliquid
1307 1957 1573 2029 ejusmodi
1601 1975 1620 2012 :
1645 1956 1738 2013 sed
1776 1964 1837 2012 ut
1874 1958 1946 2012 sit

295 2056 486 2106 sancta
511 2055 562 2104 et
593 2047 944 2104 immaculata
973 2045 1184 2119 (Ephes.
1209 2063 1267 2116 v,
1294 2047 1406 2114 25).
1450 2045 1792 2118 Quicunque
1837 2045 1944 2119 igi-

297 2141 397 2195 tur
425 2137 606 2210 hujus
636 2135 818 2192 maris
847 2133 1026 2206 illius,
1057 2133 1237 2206 hujus
1285 2132 1544 2206 corporis
1591 2133 1943 2200 membrum,

294 2227 476 2300 hujus
503 2224 706 2299 templi
737 2224 926 2298 portio
955 2222 1234 2281 veraciter
1263 2241 1390 2280 esse
1421 2223 1731 2289 desiderat,
1747 2223 1948 2279 audiat

294 2320 353 2374 et
381 2315 661 2373 obaudiat
689 2312 940 2370 ﬁdeliter
971 2312 1160 2369 eidem
1187 2311 1464 2386 Apostolo
1489 2310 1828 2368 admonenti
1860 2315 1944 2366 at-

251 2394 259 2400 ’
295 2421 409 2478 que
437 2403 657 2460 dicenti
691 2418 705 2458 :
745 2403 841 2460 Vos
868 2403 1019 2458 enim
1055 2403 1182 2458 estis
1233 2401 1496 2473 templum
1525 2403 1628 2457 Dei
1652 2402 1783 2467 vivi,
1805 2401 1946 2456 sicut

293 2494 428 2552 dicit
455 2493 742 2560 Dominus,
767 2499 819 2548 et
851 2490 1168 2546 inhabitabo
1193 2497 1244 2545 et
1273 2491 1334 2546 in
1351 2489 1640 2546 ambulabo
1664 2491 1724 2544 in
1748 2489 1948 2558 illis,et

297 2599 391 2640 ero
417 2583 496 2640 eis
525 2583 688 2648 Deus,
720 2588 772 2637 et
805 2581 916 2652 ipsi
960 2586 1122 2635 erunt
1167 2579 1310 2634 mihi
1350 2578 1585 2651 populus
1613 2580 1688 2648 (11
1714 2577 1836 2634 Cor.
1867 2595 1944 2644 vn,

297 2671 407 2745 16).
431 2671 502 2728 Et
530 2673 663 2743 post
692 2667 1000 2742 paululum
1033 2683 1048 2723 :
1081 2667 1188 2722 Has
1219 2667 1390 2740 igitur
1415 2666 1670 2724 habentes
1704 2667 1946 2738 promis-

291 2763 494 2826 siones,
525 2758 864 2826 charissimi,
906 2755 1232 2812 mandemus
1259 2772 1358 2812 nos
1387 2757 1456 2812 ab
1485 2757 1638 2812 omni
1679 2756 1946 2827 inquina-

294 2857 472 2908 mento
502 2849 688 2906 carnis
715 2855 769 2904 et
801 2846 1052 2919 spiritus,
1081 2845 1420 2918 perﬁcientes
1460 2843 1949 2916 sanctiﬁcatin

298 2940 358 2996 in
387 2940 580 2996 timore
596 2937 696 2993 Dei
723 2935 797 3008 (II
823 2935 945 2992 Cor.
977 2951 1100 3004 VIII,
1137 2934 1210 3002 1).
1234 2933 1314 2989 De
1335 2931 1552 2988 talibus
1581 2931 1738 2988 enim
1769 2949 1949 2988 mem-

297 3027 422 3084 bris
451 3031 510 3084 et
540 3024 836 3100 lapidibus
864 3022 1010 3079 vivis
1041 3020 1420 3079 constituitur
1448 3019 1550 3076 illa
1569 3019 1772 3076 civitas
1793 3019 1949 3094 regis

1975 1735 2023 1800 B

2057 447 2308 522 legibus,
2331 454 2388 504 et
2417 448 2924 506 sanctissimorum
2953 449 3192 506 Patrum
3211 448 3554 504 auctoritate
3575 465 3709 506 con-

2054 537 2534 609 tempta,absque
2565 536 2684 593 ulla
2715 537 2895 594 divini
2929 537 3049 594 sive
3070 537 3313 594 humani
3343 535 3585 610 pudoris
3616 554 3708 594 re-

2053 625 2332 694 verentia,
2357 630 2644 698 tanquam
2674 626 2848 682 bruta
2869 631 2927 682 et
2956 624 3382 682 irrationabilia
3409 626 3705 708 jumenta,

2055 713 2342 786 templum
2362 713 2646 787 Dei,quod
2675 720 2765 770 est
2793 714 3184 772 sanctimonia
3207 712 3710 781 fidelium,violare

2053 821 2171 860 non
2203 807 2497 871 metuunt,
2517 808 2573 860 et
2604 803 2798 877 ipsum
2832 803 3012 862 altare
3042 803 3292 870 Domini,
3316 804 3474 876 quod
3505 809 3595 860 est.
3613 822 3708 861 sa-

2055 892 2342 949 cerdotale
2375 891 2786 960 ministerium,
2819 891 2901 948 illi
2935 893 3216 955 dicatum.
3249 897 3306 948 et
3351 893 3482 964 ejus
3523 891 3709 949 cultui

2054 985 2509 1054 sequestratum,
2531 981 2654 1037 suis
2677 979 2956 1047 calcibus,
2981 986 3267 1054 quantum
3297 981 3356 1037 in
3379 998 3443 1038 se
3474 987 3583 1053 est,
3613 982 3712 1038 de-

2053 1074 2276 1126 struere
2320 1075 2374 1126 et
2421 1073 2674 1126 evertere
2706 1069 3026 1125 moliuntur
3058 1087 3072 1124 :
3106 1071 3249 1126 dum
3303 1071 3364 1126 in
3408 1071 3711 1128 nonnullis

2055 1159 2216 1233 regni
2249 1159 2428 1231 huju
2459 1159 2746 1232 partibus,
2762 1165 3000 1233 propter
3021 1177 3223 1216 eorum
3245 1159 3546 1233 publicam
3567 1161 3711 1218 infe-

2053 1249 2188 1306 stati
2197 1264 2501 1316 onem,nec
2520 1247 2828 1304 viduarum
2860 1249 3195 1305 miseranda
3210 1249 3498 1306 desolatio
3519 1249 3708 1324 legiti-

2055 1353 2213 1393 mam
2225 1336 2438 1394 habere
2457 1336 2788 1393 libertatem
2811 1337 3303 1410 permittitur,nec
3326 1337 3460 1394 filiae
3472 1338 3533 1394 in
3544 1342 3710 1396 (etate

2053 1425 2299 1499 puellari
2314 1430 2370 1482 et
2381 1429 2692 1498 parentum
2715 1425 2990 1482 domibus
3012 1425 3540 1500 constitutaejuxta
3553 1427 3708 1501 leges

2055 1514 2283 1571 divinas
2317 1519 2374 1571 et
2403 1513 2716 1584 humanas,
2749 1515 3090 1572 eorumdem
3121 1520 3433 1587 parentum
3466 1533 3708 1573 suorum

2052 1603 2202 1660 votis
2231 1608 2408 1676 atque
2439 1603 3244 1672 auctoritate,matronalibus
3263 1604 3491 1678 nuptiis
3507 1604 3708 1662 hones-

2056 1695 2180 1748 tare
2209 1692 2504 1772 ullatenus
2534 1693 2846 1750 sinuntur:
2872 1697 2930 1750 et
2947 1693 3214 1766 ipsarum
3244 1711 3482 1767 quoque
3503 1693 3711 1752 sancti-

2055 1780 2401 1838 monialium
2431 1781 2548 1839 Deo
2578 1781 2771 1840 dicata
2801 1782 3050 1852 devotio,
3069 1786 3271 1841 contra
3285 1783 3708 1856 professionem

2055 1870 2407 1937 sanctitatis,
2441 1875 2496 1926 ct
2545 1871 2927 1928 reverentiam
2975 1870 3182 1927 divinas
3229 1871 3708 1938 consecrationis,

2054 1957 2396 2015 dissolvitur
2425 1962 2482 2014 et
2510 1959 2870 2031 profanatur.
2907 1958 2994 2015 Ita
3023 1957 3120 2014 ille
3150 1956 3432 2031 antiquus
3464 1957 3711 2014 humani

2055 2047 2284 2121 generis
2304 2047 2490 2104 hostis
2511 2049 2808 2122 quondam
2829 2065 2932 2121 per
2951 2047 3257 2105 Balthasar
3275 2047 3529 2121 impium
3553 2053 3612 2105 et
3630 2065 3714 2104 sa-

2056 2136 2337 2210 crilegum
2351 2153 2546 2210 regem
2558 2153 2698 2193 vasa
2719 2136 2929 2194 domus
2946 2135 3046 2192 Dei
3063 2154 3134 2194 au
3142 2153 3240 2193 rea
3249 2141 3424 2210 atque
3435 2141 3710 2210 argentea

2056 2224 2265 2298 polluit
2285 2226 2442 2298 (Dan.
2477 2229 2533 2294 ν)
2557 2241 2571 2280 :
2597 2243 2754 2282 nunc
2785 2242 2888 2298 per
2917 2224 3166 2282 istorum
3199 2225 3507 2297 profanam
3548 2224 3709 2282 inso-

2055 2313 2296 2370 lentiam
2327 2317 2503 2386 atque
2532 2311 2893 2386 impietatem
2939 2313 3125 2368 multo
3156 2313 3510 2386 pretiosiora
3539 2319 3597 2369 et
3614 2313 3712 2370 Dei

2055 2401 2320 2458 chariora
2339 2401 2769 2458 commaculare
2788 2405 2846 2458 et
2865 2401 3121 2458 ludibrio
3147 2406 3322 2474 atque
3343 2401 3711 2458 insultationi

2055 2492 2388 2547 diemonnm
2419 2490 2707 2562 subjicere
2730 2507 2845 2546 non
2867 2495 3076 2546 cessat.
3104 2490 3170 2546 lli
3201 2494 3344 2546 sunt
3373 2489 3599 2562 publici
3623 2506 3710 2545 ra-

2055 2585 2250 2653 ptores
2271 2583 2328 2636 et
2347 2579 2672 2652 praedones,
2693 2595 2828 2634 cum
2850 2576 3204 2636 satellitibus
3225 2581 3283 2634 et
3301 2577 3483 2635 sociis
3505 2577 3708 2650 impie-

2055 2668 2192 2726 tatis
2223 2686 2364 2734 suaa,
2389 2684 2504 2724 non
2538 2666 2791 2740 alicujus
2817 2667 3075 2724 hominis
3123 2666 3435 2724 exteriores
3485 2683 3581 2724 res
3625 2665 3708 2722 vel

2055 2757 2449 2816 substantiam
2490 2757 2883 2827 devastantes;
2915 2757 3016 2812 sed
3048 2754 3234 2828 ipsius
3287 2755 3710 2828 omnipotentis

2058 2847 2155 2905 Dei
2188 2845 2472 2903 familiam
2502 2844 2944 2918 depopulantes.
2964 2843 3112 2900 Cum
3134 2845 3352 2918 quibus
3377 2843 3586 2918 utique
3606 2861 3708 2899 nec

2055 2935 2252 2992 cibum
2283 2951 2512 2991 sumere
2543 2938 2790 3006 oportet,
2805 2933 2959 2990 sicut
2989 2934 3060 2989 de
3091 2932 3366 2990 omnibus
3395 2931 3708 3005 rapacibus

2055 3023 2375 3098 apostolica
2402 3021 2718 3080 auctoritas
2771 3022 3098 3096 prmscribit
3124 3023 3174 3093 (ι
3201 3022 3323 3078 Cor.
3355 3025 3432 3092 v).
3465 3021 3532 3078 In
3582 3021 3708 3094 qui-

298 3114 520 3190 magni,
544 3130 693 3170 nova
717 3114 902 3184 nupta
915 3114 974 3166 et
993 3126 1210 3182 sponsa
1229 3108 1388 3183 agni,
1409 3109 1481 3164 de
1509 3107 1704 3180 quain
1727 3109 1946 3180 Apoca-
1977 3101 2021 3168 C
2058 3113 2170 3170 bus
2197 3112 2294 3168 isti
2325 3111 2584 3185 primum
2616 3101 2884 3168 obtinent
2908 3111 3125 3178 locum,
3151 3115 3413 3184 raptores
3444 3109 3712 3166 videlicet

299 3202 452 3278 lypsi
483 3201 704 3276 legitur
734 3217 748 3254 :
784 3199 938 3255 Beati
967 3199 1066 3270 qui
1084 3199 1270 3253 lavant
1288 3196 1454 3252 stolas
1472 3213 1618 3262 suas,
1639 3204 1701 3251 ut
1719 3197 1793 3252 sit
1807 3203 1951 3268 pote-

297 3301 408 3349 stas
433 3306 624 3348 eorum
643 3291 704 3344 in
725 3289 877 3358 ligno
897 3289 1046 3354 vitae,
1062 3294 1114 3341 et
1129 3287 1301 3358 portis
1330 3287 1536 3340 intrent
1558 3286 1618 3340 in
1635 3287 1910 3341 civitatem
1929 3303 1948 3338 :

299 3381 440 3453 foris
468 3393 648 3448 canes,
679 3383 732 3432 et
759 3373 1046 3446 impudici,
1073 3381 1126 3430 et
1151 3374 1395 3444 veneﬁci,
1417 3381 1468 3430 et
1493 3375 1671 3429 omnis
1691 3375 1786 3446 qui
1803 3381 1953 3430 amat

300 3475 353 3524 et
368 3467 505 3540 facit
516 3463 866 3521 mendacium
883 3462 1063 3534 (Apoc.
1087 3479 1225 3532 χιιι,
1246 3463 1334 3528 14,
1355 3463 1463 3532 15).
1481 3463 1665 3534 Hujus
1685 3461 1950 3536 gloriosae

302 3557 516 3613 domus
545 3552 648 3610 Dei
679 3553 970 3624 decorem,
1003 3556 1062 3609 et
1101 3551 1296 3608 locum
1345 3550 1726 3608 habitationis
1755 3551 1951 3626 gloriae

301 3645 452 3718 ejus,
467 3641 808 3700 fidelissime
835 3640 1076 3714 diligere
1095 3643 1153 3696 et
1180 3639 1354 3697 zelari
1382 3639 1594 3696 debent
1624 3657 1739 3696 non
1761 3639 1952 3696 solum

303 3731 560 3808 episcOpi
593 3734 650 3788 et
669 3729 1002 3787 sacerdotes
1031 3728 1090 3783 in
1114 3728 1486 3800 sedibus,sed
1508 3726 1686 3783 etiam
1708 3744 1872 3801 reges
1893 3728 1953 3784 in

304 3821 501 3894 regnis
529 3823 588 3876 et
616 3817 851 3891 palatiis
881 3817 1101 3884 suis,et
1129 3832 1334 3890 regum
1365 3814 1682 3872 comitesin
1707 3815 1954 3872 civitati-

305 3911 419 3966 bus
450 3907 595 3976 suis,
609 3911 668 3963 et
687 3903 969 3962 comitum
988 3904 1188 3960 vicarii
1211 3905 1270 3959 in
1292 3903 1562 3976 plebibus
1583 3905 1727 3974 suis,
1751 3909 1809 3961 et
1825 3905 1956 3978 qui-

307 4011 540 4068 cunque
555 3991 1011 4067 patresfamilias
1037 3991 1098 4048 in
1119 3993 1393 4048 domibus
1415 3992 1558 4061 suis,
1583 3993 1642 4048 in
1666 4010 1851 4049 unum
1877 3995 1957 4050 di-

305 4101 409 4142 ves
429 4099 496 4140 ae
516 4099 758 4158 pauper,
772 4082 832 4137 in
860 4085 1055 4138 mente
1076 4085 1134 4138 et
1165 4081 1394 4138 actibus
1424 4081 1570 4137 suis.
1585 4085 1752 4138 Hunc
1767 4083 1956 4140 zelum

309 4173 601 4249 praecipue
628 4171 942 4244 Apostolus
971 4169 1246 4237 exercuit,
1271 4174 1328 4226 et
1357 4169 1526 4227 nobis
1555 4188 1663 4227 suo
1696 4172 1958 4246 exemplo

309 4262 700 4320 exercendum
731 4259 1161 4318 commendavit
1181 4258 1380 4316 dicens
1401 4275 1412 4314 :
1437 4261 1686 4316 Emulor
1703 4262 1852 4315 enim
1870 4278 1958 4318 vos

2056 3201 2366 3258 viduarum
2411 3205 2468 3258 et
2510 3199 2859 3274 puellarum,
2883 3203 2942 3256 et
2971 3197 3534 3266 sanctimonialium,
3575 3215 3709 3256 con-

2057 3293 2376 3362 temptores
2420 3289 2813 3357 sacerdotum,
2847 3288 3160 3345 violatores
3190 3285 3396 3360 templi
3442 3286 3565 3356 Dei,
3597 3304 3709 3344 non

2057 3378 2332 3434 timentes
2359 3375 2504 3432 illud
2534 3376 2920 3448 apostolicum
2953 3393 2967 3431 :
3000 3377 3064 3433 Si
3092 3379 3216 3450 quis
3245 3381 3435 3432 autem
3453 3376 3713 3448 templum

2060 3467 2170 3522 Dei
2197 3465 2497 3532 viotaverit,
2546 3463 2815 3536 disperdet
2859 3462 3030 3519 illum
3074 3465 3218 3520 Deus
3247 3463 3294 3532 (Ι
3321 3466 3449 3521 Cor.
3483 3480 3570 3532 ιιι,
3605 3463 3707 3532 17).

2060 3553 2132 3609 Et
2161 3556 2333 3621 recte,
2357 3551 2408 3608 si
2437 3550 2674 3625 aliquod
2698 3550 2984 3625 templum
3012 3551 3112 3608 Dei
3142 3569 3212 3609 ex
3253 3551 3434 3625 lignis
3464 3556 3524 3606 et
3568 3550 3712 3624 lapi-

2063 3642 2237 3699 dibus
2267 3657 2446 3697 manu
2478 3640 2694 3697 factum
2726 3641 3124 3710 incenderent,
3157 3640 3278 3697 sive
3321 3641 3709 3706 destruerent,

2064 3731 2136 3787 ab
2186 3728 2459 3784 omnibus
2510 3728 2777 3803 sacrilegi
2831 3731 2890 3784 et
2936 3727 3217 3802 puniendi
3258 3727 3708 3800 judicarentur:

2063 3823 2282 3891 quanto
2314 3817 2504 3891 magis
2537 3818 2636 3890 qui
2669 3817 2770 3874 Dei
2800 3816 2912 3873 vivi
2943 3817 3230 3890 templum
3284 3818 3625 3873 subvertere
3661 3821 3714 3872 et

2064 3907 2352 3978 dissipare
2383 3923 2499 3962 non
2522 3910 2815 3974 metuunt,
2837 3907 2981 3962 dum
3021 3923 3088 3962 ex
3135 3909 3305 3979 raptu
3357 3905 3716 3962 arbitrantur

2044 3998 2188 4056 -fieri
2217 4013 2388 4070 posse
2419 3996 2782 4069 conjugium,
2817 4001 2875 4052 et
2903 4013 2972 4052 ex
2997 3995 3198 4068 iniquo
3221 3993 3608 4050 contubernio
3639 3993 3712 4048 le-

2065 4087 2340 4160 gitimum
2371 4085 2835 4156 matrimonium,
2869 4085 3025 4158 quod
3078 4083 3241 4140 nulla
3288 4099 3557 4156 unquam
3606 4081 3709 4148 lex,

2069 4173 2230 4230 nulla
2259 4173 2646 4230 humanitatis
2665 4173 3023 4230 consuetudo
3055 4170 3364 4245 permisit?
3393 4171 3545 4227 Nam
3575 4176 3631 4226 et
3658 4169 3710 4224 in

2067 4262 2301 4320 exordio
2333 4260 2539 4318 mundi
2569 4263 2642 4316 ad
2673 4260 3148 4334 propagationem
3195 4259 3427 4333 generis
3477 4255 3713 4316 humani

309 4353 410 4408 Dei
425 4351 778 4410 mulatione
798 4367 817 4405 :
841 4348 1101 4422 despondi
1125 4349 1274 4404 enim
1302 4363 1392 4403 vos
1421 4351 1524 4402 uni
1552 4350 1669 4404 viro
1691 4340 1962 4418 virginem
2071 4349 2403 4408 masculum
2425 4353 2480 4406 et
2501 4349 2780 4406 feminam
2801 4349 2954 4406 Deus
2977 4349 3129 4417 fecit,
3152 4364 3366 4420 eosque
3407 4365 3517 4404 sua
3547 4348 3712 4404 bene-

310 4447 512 4496 castam
537 4439 793 4532 exhibere
821 4436 1140 4532 Christo‘al.
1162 4435 1283 4492 Cor.
1314 4439 1483 4532 19,2).
1509 4435 1589 4532 De
1620 4435 1728 4492 hoc
1759 4442 1816 4494 et
1837 4437 1960 4511 ipse
1988 4467 2038 4532 D
2071 4441 2325 4497 dictione
2346 4439 2650 4511 conjunxit
2671 4439 2871 4495 dicens
2898 4455 2908 4493 :
2934 4439 3167 4496 Crescite
3188 4446 3238 4493 et
3261 4437 3715 4510 multiplicamini

313 4528 601 4586 Dominus
631 4525 895 4599 loquitur
920 4525 982 4580 in
1015 4524 1244 4582 Psalmo
1277 4541 1290 4580 :
1317 4523 1477 4580 Zelus
1505 4523 1694 4581 domus
1739 4534 1845 4582 tuas
1870 4544 1959 4584 co-
1988 4523 2032 4532 ”
2068 4530 2220 4603 (Gen.
2254 4545 2294 4597 ι,
2325 4530 2438 4599 28).

311 4616 482 4672 medit
509 4631 596 4672 me
621 4615 796 4685 (Psal.
830 4631 1019 4682 uvm,
1055 4613 1162 4686 10).
1187 4615 1370 4680 Quem
1401 4611 1590 4668 zelum
1623 4617 1747 4670 tam
1793 4615 1963 4671 terri-
2143 4621 2275 4674 CAP.
2307 4616 2374 4671 V.
2409 4616 2592 4689 Cujus
2622 4615 2702 4672 rei
2735 4615 3060 4672 imitatione
3090 4615 3267 4671 etiam
3291 4618 3502 4670 sancta
3527 4611 3713 4669 Eccle-

314 4703 510 4760 biliter
537 4703 810 4772 exercuit,
845 4706 912 4758 ut
938 4719 1055 4760 non
1085 4702 1278 4770 verbo,
1312 4717 1428 4774 quo
1451 4701 1627 4758 etiam
1672 4703 1964 4762 daemones
2073 4707 2162 4765 sia
2191 4705 2516 4778 antiquitus
2549 4703 2888 4762 solemniter
2918 4707 2976 4760 et
3019 4702 3430 4760 venerabiliter
3463 4701 3714 4759 custodi-

315 4792 576 4866 fugabat,
609 4792 712 4848 sed
745 4808 922 4847 manu
952 4795 1010 4847 et
1047 4789 1277 4864 ﬂagello
1307 4789 1706 4862 profanatores
1754 4793 1966 4850 domus
2071 4795 2172 4864 vit,
2201 4812 2302 4852 eos
2331 4793 2434 4867 qui
2464 4793 2525 4850 in
2555 4793 2656 4850 illa
2695 4791 2856 4850 velut
2902 4792 2962 4848 in
3012 4793 3284 4865 paradiso
3315 4790 3418 4848 Dei
3450 4790 3715 4864 conjugis

317 4881 418 4938 Dei
449 4879 628 4937 simul
659 4897 795 4937 cum
827 4880 952 4936 suis
981 4878 1378 4936 oblationibus
1409 4882 1466 4934 et
1488 4880 1812 4948 sacrificiis,
1837 4899 1964 4955 quae
2075 4881 2390 4958 copulandi
2417 4886 2634 4949 essent,
2659 4881 2858 4938 divina
2885 4881 3288 4938 benedictione
3316 4883 3374 4936 et
3405 4879 3715 4936 missarum

318 4987 644 5045 praeparare
671 4970 1040 5037 videbantur,
1073 4965 1384 5024 extruserit
1411 4968 1588 5038 (Joan.
1623 4969 1706 5042 ιι).
2051 4970 2466 5032 celebratione
2497 4971 2840 5044 conjugens.
2873 4973 3008 5036 Quae
3057 4967 3326 5026 videlicet
3372 4969 3625 5025 honesta
3667 4970 3718 5021 et

388 5061 530 5116 ΑΑΡ.
564 5059 656 5116 IV.
709 5058 1100 5116 Obsecremus
1148 5055 1352 5130 igitur,
1383 5060 1451 5112 ut
1479 5060 1537 5113 et
1565 5057 1752 5130 pietas
1779 5063 1974 5116 vestra
2083 5059 2354 5134 religiosa
2373 5059 2730 5132 conjunctio,
2749 5059 2864 5116 Deo
2887 5063 3119 5116 auctore
3144 5061 3352 5131 ccepta,
3374 5059 3433 5114 et
3467 5059 3599 5131 ejus
3627 5056 3716 5112 be-

317 5169 388 5210 ex
413 5150 525 5206 hac
557 5152 762 5206 sancta
779 5153 968 5204 matre
987 5149 1280 5220 generata,
1295 5145 1486 5218 ipsius
1507 5146 1822 5204 Salvatoris
1843 5147 1974 5205 imi-

320 5239 499 5297 tatrix
528 5239 751 5306 effecta,
775 5238 946 5309 cujus
975 5233 1376 5291 misericordia
1405 5238 1462 5290 et
1489 5239 1619 5291 tuta
1637 5241 1694 5292 et
1721 5236 1974 5294 exaltata

323 5327 614 5396 consistit,
639 5326 881 5400 arripiat
911 5323 1100 5382 zelum
1121 5341 1224 5396 pro
1245 5323 1418 5378 domo
1442 5323 1564 5392 Dei,
1587 5329 1646 5380 et
1667 5325 1975 5383 aemuletur

325 5432 452 5473 eam
493 5415 587 5472 Dei
621 5413 1012 5485 aemulatione,
1039 5413 1310 5469 coercens
1337 5415 1395 5466 et
1425 5412 1772 5484 exstirpans,
1799 5419 1858 5470 et
1876 5415 1976 5471 ﬂa-

327 5501 476 5575 gello
489 5505 651 5575 juste
666 5501 989 5560 severitatis
1011 5500 1402 5557 exterminans
1442 5501 1834 5570 quorumdam
1863 5503 1972 5558 ho-

2083 5147 2412 5205 nedictione
2439 5147 2689 5214 firmata,
2713 5147 2888 5204 etiam
2921 5147 3073 5204 inter
3101 5151 3324 5220 gentes,
3340 5161 3472 5218 qua:
3503 5145 3716 5201 nullam

2082 5237 2270 5311 legem
2301 5223 2670 5314 acceperunt,
2696 5235 2920 5292 nullam
2951 5237 3052 5292 Dei
3077 5237 3413 5293 habuerunt
3433 5235 3713 5299 notitiam,

2081 5325 2342 5399 legitimo
2373 5324 2576 5380 ordine
2605 5329 2662 5381 et
2690 5325 2941 5382 naturali
2967 5325 3092 5399 lege
3111 5328 3338 5382 servata
3366 5323 3607 5380 est.Nec
3627 5337 3706 5376 un-

2083 5431 2260 5488 quam
2295 5430 2416 5470 rem
2466 5413 2648 5486 pacis,
2682 5413 2982 5470 charitatis
3029 5419 3204 5486 atque
3252 5411 3595 5478 concordiae,
3625 5425 3716 5482 per

2083 5501 2454 5570 discordiam,
2481 5505 2536 5556 et
2563 5501 2920 5571 violentiam,
2954 5507 3009 5559 et
3037 5489 3400 5576 impietatem
3447 5499 3570 5556 fieri
3602 5495 3712 5553 lici-
