3976 6188
249 269 404 332 1021

1137 269 1240 333 DE
1283 267 1753 335 conacsuno
1799 218 2059 343 BAP’l‘U
2104 263 2552 343 VIDUABUM,
2597 267 2767 330 me.

3506 275 3663 340 1022

245 380 377 461 tum
407 401 538 460 fuit.
562 402 877 459 Testentur
896 400 1006 459 hoc
1026 401 1274 475 publicae
1296 403 1695 459 Romanorum
1717 399 1896 474 leges,
1927 398 1985 466 Α
2011 413 2150 472 agro
2204 400 2425 454 tantam
2473 396 2808 456 violentiam
2864 405 3221 475 perpetrant,
3254 408 3314 463 et
3369 404 3516 465 istos
3561 409 3665 482 qui

248 492 469 567 quibus
497 492 700 549 orbem
745 492 1086 549 universum
1115 492 1305 555 vivere
1336 493 1447 548 sub
1500 508 1609 548 sua
1636 490 1901 547 domina-

247 580 409 639 tione
436 580 906 638 constituerunt:
947 581 1008 637 in
1040 580 1256 654 quibus
1294 581 1602 637 manifeste
1641 578 1903 653 praecipi-

248 676 370 738 tur,
393 675 452 728 et
476 671 635 727 viros
663 673 927 743 raptores
957 674 1016 726 et
1045 669 1294 726 feminas
1332 674 1551 743 raptas,
1577 669 1627 726 si
1658 667 1761 736 eis,
1787 667 1905 724 sive

252 764 388 816 ante
418 763 672 831 raptum,
698 758 819 815 sive
846 763 977 831 post
1007 763 1630 831 raptum,consensum
1651 756 1905 830 praebue-

250 849 393 918 rint,
418 847 606 921 poenis
627 846 854 904 ultimis
883 864 1011 905 esse
1043 847 1370 920 puniendos
1395 864 1407 903 :
1434 848 1730 919 adjutores
1763 862 1906 918 quo-

255 954 373 1010 que
410 940 470 993 et
520 936 823 993 ministros
844 940 1143 1010 raptorum
1170 936 1407 1009 ignibus
1428 935 1906 1000 concremandos,

254 1031 316 1084 et
366 1025 810 1083 conciliatorum
864 1043 929 1081 ac
987 1025 1377 1082 mediatorum
1427 1024 1575 1081 tanti
1636 1022 1910 1080 facinoris

252 1116 499 1189 plumbo
528 1114 776 1188 liquenti
808 1119 986 1187 atque
1014 1115 1255 1171 ferventi
1283 1132 1385 1171 ora
1413 1113 1767 1170 damnanda.
1796 1112 1911 1168 Nec

253 1202 380 1262 ullo
409 1204 582 1260 modo
614 1203 801 1272 illam,
822 1220 950 1277 qua
983 1220 1043 1260 se
1087 1207 1316 1267 raptam
1347 1220 1477 1260 esse
1507 1198 1907 1274 conqueritur,

254 1293 525 1352 excusari
556 1310 749 1367 posse,
784 1309 910 1365 qua:
953 1310 1016 1349 se
1047 1309 1153 1349 nec
1183 1293 1571 1350 dormituram
1620 1292 1914 1349 custodire

253 1383 506 1453 studuit,
539 1398 646 1439 nec
675 1380 916 1439 vocibus
944 1381 1270 1438 vicinorum
1303 1381 1512 1439 solatia
1543 1386 1718 1454 atque
1747 1380 1913 1438 auxi-

253 1472 336 1530 lia
367 1470 666 1545 ﬂagitavit.
692 1471 856 1538 Quod
879 1469 1231 1527 mirabiliter
1259 1470 1582 1544 divinaalegi
1611 1473 1913 1537 consonat,

254 1560 357 1619 ubi
386 1558 584 1635 puella
613 1559 991 1633 desponsata,
1014 1559 1065 1615 si
1111 1559 1185 1617 ab
1235 1559 1429 1632 aliquo
1460 1560 1520 1616 in
1553 1559 1784 1616 civitate
1813 1575 1917 1632 op-

255 1667 465 1724 pressa
494 1648 690 1716 fuerit,
712 1647 1012 1721 lapidibus
1033 1648 1201 1705 obrui
1224 1649 1493 1721 jubetur,
1506 1648 1645 1722 quia
1668 1666 1783 1705 non
1805 1647 1921 1703 cla-

2012 485 2130 542 sive
2161 486 2222 542 in
2253 485 2611 556 civitatibus,
2643 488 2766 544 sive
2801 489 2862 546 in
2891 490 3000 547 viis
3036 493 3125 549 vel
3153 494 3451 567 domibus,
3483 498 3663 558 etiam

2014 592 2148 631 cum
2179 576 2354 632 turba
2382 580 2439 631 et
2469 575 2649 632 armis
2672 576 2890 634 similia
2910 582 3290 640 committunt
3323 603 3336 640 :
3371 587 3484 643 nisi
3508 590 3665 661 quod

2015 664 2099 721 illi
2132 663 2356 721 similes
2382 670 2520 721 sunt
2550 664 2899 733 latronibus,
2923 669 3023 739 qui
3055 669 3115 725 in
3143 672 3304 729 silvis
3336 678 3393 730 et
3421 677 3667 735 desertis

2013 753 2159 809 locis
2190 753 2415 811 occulte
2440 754 2817 828 insidiantur,
2843 755 2941 812 isti
2963 773 3095 814 vero
3125 760 3350 819 similes
3381 766 3669 824 atrocissi-

2017 844 2132 899 mis
2151 848 2209 899 et
2230 844 2620 917 apertissimis
2641 846 3033 918 praedonibus,
3050 849 3149 921 qui
3171 849 3258 906 vel
3281 857 3566 912 nocturno
3589 856 3667 914 si-

2016 931 2311 1001 lentio,vel
2336 932 2492 990 clara
2522 934 2652 991 luce
2675 935 2899 992 civibus
2920 936 3115 993 infesti
3137 942 3194 994 et
3212 940 3526 1012 perniciosi
3552 946 3668 1002 exi-

2020 1021 2320 1089 stunt.Qui
2344 1039 2479 1078 cum
2502 1040 2606 1080 nec
2629 1024 2834 1079 divinae
2859 1024 3005 1098 legis
3025 1026 3251 1098 ordine,
3275 1046 3379 1085 nec
3400 1037 3669 1103 parenta-

2019 1109 2095 1167 lis
2116 1110 2440 1168 voluntutis
2460 1112 2824 1181 auctoritate,
2840 1130 2945 1171 nec
2966 1114 3373 1174 ecclesiasticae
3395 1120 3672 1178 sanctita-

2022 1198 2099 1255 tis
2121 1200 2354 1271 pietate,
2379 1201 2507 1273 conj
2518 1201 2748 1275 ugalem
2771 1202 3041 1274 copulam
3063 1205 3253 1261 sortiti
3275 1211 3435 1280 sunt,
3460 1210 3561 1265 sed
3592 1210 3676 1266 in-

2022 1305 2200 1360 super
2215 1306 2319 1361 pro
2342 1289 2745 1347 benedictione
2765 1291 3113 1349 sacerdotali
3128 1298 3678 1357 excommunicatio-

2024 1395 2158 1437 nem
2189 1378 2486 1452 publicam
2513 1397 2582 1436 ex
2611 1381 2959 1438 auctoritate
2989 1399 3281 1441 canonum
3309 1394 3673 1459 meruerunt,

2025 1486 2142 1543 qua
2157 1468 2344 1524 fronte
2361 1467 2736 1542 sacrilegium
2750 1469 2934 1526 videri
2949 1470 3151 1528 volunt
3164 1490 3293 1531 esse
3309 1477 3438 1549 conj
3447 1477 3673 1551 ugium,

2025 1563 2083 1617 et
2109 1556 2484 1614 latrocinium
2517 1558 2987 1628 matrimonium,
3018 1565 3076 1617 et
3112 1561 3448 1622 violentiam
3489 1566 3678 1638 pieta-

2025 1648 2185 1705 tem?
2206 1647 2351 1703 Cum
2382 1663 2487 1704 nee
2526 1646 2651 1704 sine
2697 1648 3078 1706 fundamento
3125 1652 3314 1723 possit
3360 1656 3680 1712 consistere

255 1738 440 1797 mavit
459 1754 597 1795 cum
619 1737 853 1795 essetin
871 1737 1124 1807 civitate,
1140 1737 1241 1793 ubi
1260 1737 1348 1794 vel
1366 1755 1655 1795 concursu
1676 1737 1911 1804 civium,
1943 1767 1995 1834 Β
2029 1735 2360 1805 ωάίῧοίιιιιι,
2383 1740 2441 1793 et
2466 1737 2784 1825 exstirpata
2809 1737 3039 1795 arhoris
3067 1740 3279 1811 radice,
3303 1759 3678 1817 nequaquam

252 1828 344 1886 vel
378 1825 644 1885 subsidio
684 1826 1143 1883 domesticorum
1191 1831 1419 1899 poterat
1462 1827 1697 1884 liberari
1739 1828 1912 1899 (Deut.

253 1935 394 1986 xm,
422 1916 532 1989 14).
554 1915 718 1972 Unde
739 1918 797 1972 et
815 1916 986 1972 beata
1007 1914 1111 1972 illa
1130 1917 1400 1972 Susanna
1417 1914 1715 1984 laudatur,
1735 1932 1913 1987 quam

255 2009 529 2080 parentes
549 2006 599 2078 ej
610 2023 678 2062 us
698 2022 836 2064 cum
857 2009 1055 2062 essent
1068 2004 1218 2077 justi
1238 2005 1572 2061 erudierant
1589 2005 1915 2062 secundum

254 2096 447 2169 legem
480 2095 697 2169 Moysis
726 2095 902 2167 :quia
922 2111 1057 2151 cum
1088 2094 1376 2151 laveretur
1405 2093 1530 2151 sola
1561 2094 1620 2150 in
1654 2093 1915 2167 pomario

254 2184 366 2241 viri
399 2183 516 2251 sui,
540 2201 657 2240 non
700 2182 895 2240 solum
947 2182 1170 2257 iniquis
1210 2183 1453 2241 senibus
1501 2201 1617 2239 non
1668 2182 1919 2255 praebuit

256 2289 571 2330 assensum
593 2270 888 2339 adulterii,
919 2273 1019 2329 sed
1043 2272 1222 2329 etiam
1242 2289 1380 2330 voce
1402 2289 1615 2346 magna
1634 2272 1920 2328 exclama-

253 2362 357 2428 vit,
382 2365 449 2417 ut
479 2360 689 2417 famuli
721 2361 936 2417 domus
967 2361 1257 2431 audirent,
1291 2366 1349 2418 et
1377 2366 1805 2427 succurrerent,
1829 2365 1915 2417 at-

255 2468 370 2524 que
401 2450 487 2506 ita
516 2450 588 2506 ab
621 2449 940 2522 impiorum
970 2450 1271 2524 impietate
1321 2454 1741 2525 protegeretur,
1766 2451 1920 2507 sicut

256 2543 314 2596 et
343 2538 567 2597 factum
598 2542 689 2595 est
715 2540 877 2609 (Dan.
911 2557 1034 2607 xm,
1057 2540 1170 2612 24).

327 2673 466 2729 CAP.
497 2671 594 2728 VI.
629 2672 740 2729 Sed
768 2676 826 2729 et
868 2677 990 2729 tam
1041 2678 1313 2730 sanctum
1362 2677 1535 2745 atque
1584 2672 1919 2729 inviolabile

257 2757 445 2815 voluit
473 2775 602 2816 esse
632 2757 721 2815 lex
775 2758 873 2815 Dei
900 2760 1091 2816 fmdus
1121 2763 1178 2816 et
1206 2757 1505 2815 vinculum
1553 2759 1916 2832 nuptiarum,

261 2848 554 2921 parentali
604 2848 952 2904 auctoritate
982 2852 1041 2904 et
1077 2847 1339 2921 legitima
1378 2847 1771 2920 postulatione
1808 2847 1918 2903 ini-

261 2936 572 3004 tiatum,ut
587 2934 844 3007 puellam
863 2935 1481 3008 desponsatam,etiam
1497 2941 1631 2992 ante
1648 2936 1918 3010 copulam

262 3023 873 3097 nuptiarum,uxorem
891 3025 1020 3097 ejus
1040 3026 1134 3081 cui
1156 3026 1511 3098 desponsata
1531 3029 1620 3081 est
1640 3041 1769 3082 esse
1790 3042 1921 3082 con-

2024 1827 2172 1882 rami
2192 1825 2406 1882 virides
2427 1815 2745 1899 pullulent:
2770 1830 2828 1882 et
2848 1826 2918 1882 de
2941 1826 3282 1900 hujusmodi
3304 1815 3678 1905 nequaquam

2024 1914 2284 1988 legitimo
2306 1914 2620 1982 connubio,
2644 1915 2747 1970 sed
2773 1914 3103 1971 adulterino
3126 1918 3530 1987 contubernio,
3555 1921 3680 1977 nul-

2024 2004 2256 2061 latenus
2278 2003 2394 2059 dici
2425 2002 2612 2076 possit
2640 2004 2795 2076 quod
2818 2003 3101 2061 Dominus
3132 2005 3192 2061 in
3224 2007 3536 2081 Evangelio
3557 2009 3675 2065 ait:

2028 2094 2177 2163 Quod
2202 2108 2330 2163 ergo
2357 2094 2496 2150 Deus
2532 2093 2840 2164 conjunxit,
2874 2093 3032 2150 homo
3075 2111 3187 2150 non
3231 2106 3443 2169 separet
3471 2098 3676 2167 (Matth.

2024 2201 2141 2253 xxx,
2172 2184 2250 2254 6),
2285 2181 2386 2238 sed
2418 2181 2615 2253 potius
2648 2198 2662 2237 :
2695 2182 2860 2249 Quod
2900 2181 3077 2238 homo
3116 2182 3294 2256 impie
3325 2190 3383 2240 et
3414 2186 3680 2258 improbe

2026 2271 2349 2343 conjunxit,
2375 2271 2530 2327 Deus
2552 2287 2661 2326 sua
2680 2270 2952 2342 aequitate
2974 2271 3268 2328 dissociet.
3295 2272 3397 2329 Isti
3419 2278 3560 2331 sunt
3579 2275 3681 2348 qui

2027 2378 2129 2433 per
2151 2359 2491 2416 violentiam
2515 2363 2572 2414 et
2602 2362 2974 2432 potentatum
2998 2376 3194 2429 suum,
3218 2366 3352 2433 post
3379 2367 3681 2438 contemp-
3716 2358 3732 2369 ’

2026 2454 2151 2505 tum
2176 2446 2594 2520 omnipotentis
2615 2447 2739 2516 Dei,
2754 2451 3143 2504 contemnunt
3161 2448 3337 2506 etiam
3359 2450 3680 2510 Ecclesiam

2026 2536 2150 2604 Dei,
2178 2540 2562 2594 contemnunt
2592 2536 2924 2592 sacerdotes
2947 2535 3070 2605 Dei,
3094 2536 3320 2595 nullam
3350 2556 3683 2599 excommu-

2027 2625 2338 2683 nicationis
2361 2623 2577 2681 Christi
2607 2624 2988 2681 reverentiam
3018 2625 3320 2695 habentes,
3335 2629 3438 2701 qui
3473 2630 3679 2689 minis-

2026 2715 2135 2772 tris
2155 2718 2213 2771 et
2233 2713 2555 2775 rectoribus
2574 2712 2843 2769 Ecclesia:
2864 2731 2983 2793 suae
3004 2713 3158 2771 hanc
3178 2720 3529 2788 potestatem
3550 2737 3684 2776 con~

2026 2803 2184 2869 tulit,
2199 2802 2401 2859 dicens
2422 2819 2435 2858 :
2457 2802 2607 2870 Quod
2624 2803 2676 2857 si
2696 2802 2988 2859 Ecclesiam
3004 2817 3116 2858 non
3135 2802 3397 2873 audierit,
3413 2806 3683 2865 videlicet
3714 2821 3718 2825 ‘

2029 2891 2279 2964 quilibet
2298 2894 2687 2963 praesumptor
2705 2892 2763 2946 et
2781 2893 3117 2959 contumax,
3130 2894 3206 2948 sit
3223 2894 3329 2949 tibi
3346 2896 3489 2951 sicut
3509 2897 3682 2952 ethni-

2027 2997 2119 3037 cus
2142 2989 2192 3036 et
2216 2979 2548 3051 publicanus
2570 2978 2778 3048 (Hatth.
2798 2995 2961 3047 xvm,
2984 2979 3092 3051 17).
3117 2980 3187 3036 Et
3209 2980 3409 3038 statim
3431 2984 3680 3057 subjun-

2026 3069 2112 3125 xit
2135 3085 2149 3124 :
2172 3069 2336 3125 Amen
2358 3067 2478 3124 dico
2498 3068 2671 3138 vobis,
2684 3069 2813 3140 quia
2833 3082 3170 3140 quaecunque
3186 3069 3553 3139 alligaveritis
3580 3089 3678 3128 su-

262 3114 480 3214 ﬁrmet,
513 3111 712 3214 dicens
740 3113 843 3169 :Si
860 3114 1112 3231 puellam
1137 3115 1409 3215 virginem
1436 3113 1779 3231 demandari,
1808 3117 1914 3183 vir,
1947 3133 1991 3202 α

2028 3174 2124 3230 per
2153 3164 2356 3213 terram
2392 3164 2572 3224 erunt,
2608 3111 2779 3225 ligata
2821 3111 2873 3212 ἐι
2918 3156 2980 3211 in
3026 3111 3182 3214 ctialis
3229 3111 3416 3228 (uita,
3439 3159 3548 3231 18).
3577 3159 3678 3216 Isti

261 3210 315 3258 et
344 3204 619 3258 invenerit
652 3218 774 3259 eam
819 3203 1025 3275 aliquis
1054 3205 1116 3258 in
1142 3204 1377 3269 civitate,
1409 3211 1462 3259 et
1502 3203 1751 3260 cubuerit
1795 3221 1920 3259 cum

263 3291 388 3355 illa,
421 3290 613 3347 educes
634 3297 934 3363 utrumque
962 3307 1130 3363 usque
1148 3291 1218 3346 ad
1232 3300 1451 3362 portam
1469 3294 1711 3348 civitatis
1742 3293 1916 3362 illius,

260 3386 313 3435 et
340 3378 617 3451 lapidibus
641 3378 958 3447 obruentur,
990 3379 1181 3451 puella
1210 3380 1343 3450 quia
1370 3395 1482 3435 non
1509 3382 1769 3437 clamavit
1796 3398 1922 3437 cum

266 3475 405 3524 esset
433 3469 494 3523 in
522 3469 762 3536 civitate,
796 3469 882 3523 vir
909 3469 1042 3540 quia
1078 3468 1398 3524 humiliavit
1424 3484 1652 3525 uxorem
1675 3472 1923 3541 proximi

262 3559 357 3615 sui
374 3558 559 3629 (Deut.
582 3573 717 3625 xm,
735 3557 995 3629 23).lnde
1016 3560 1103 3613 est
1130 3557 1289 3629 quod
1312 3555 1489 3612 etiam
1519 3556 1579 3613 in
1611 3558 1919 3631 Evangelio

263 3645 334 3703 de
362 3647 536 3703 beata
555 3649 613 3702 et
640 3645 898 3720 gloriosa
927 3646 1028 3702 Dei
1059 3645 1343 3719 genitrice
1375 3646 1579 3715 Maria,
1601 3664 1734 3703 cum
1767 3652 1923 3704 esset

264 3736 621 3808 desponsata
647 3735 886 3809 Joseph,
910 3734 1127 3792 dicitur
1153 3735 1239 3791 illi
1270 3752 1374 3809 per
1395 3736 1669 3810 angelum
1694 3754 1706 3793 :
1729 3737 1922 3810 Joseph

262 3824 373 3896 ﬁlii
414 3824 610 3891 David,
648 3826 767 3882 noli
813 3826 1003 3881 timere
1058 3826 1303 3898 accipere
1357 3826 1590 3882 Mariam
1641 3828 1922 3900 conjugem

264 3920 416 3968 tuam
447 3911 651 3981 (Hatth.
675 3930 716 3985 ι,
735 3914 849 3982 20).
872 3915 943 3969 Et
990 3913 1049 3968 in
1082 3914 1232 3970 Osea
1277 3914 1581 3987 propheta,
1615 3914 1664 3971 si
1714 3914 1921 3987 puella;

266 4001 633 4074 desponsata
654 4002 727 4058 ab
752 4001 884 4058 aliis
903 4001 1129 4059 violata:
1153 4001 1388 4069 fuerint,
1402 4002 1679 4059 adulterae
1700 4020 1923 4060 nuncu-

265 4093 504 4161 pantur,
538 4089 767 4147 dicente
814 4090 1065 4148 Domino
1096 4108 1109 4147 ε
1143 4092 1259 4148 Non
1306 4092 1539 4147 visitabo
1581 4107 1745 4163 super
1772 4093 1921 4163 ﬁlias

263 4186 491 4245 vestras,
521 4195 647 4235 cum
689 4182 902 4252 fuerint
935 4184 1246 4252 fornicatw,
1279 4196 1453 4254 neque
1498 4196 1659 4253 super
1701 4198 1923 4253 sponsas

263 4272 472 4323 vestras
514 4284 640 4324 cum
688 4268 1119 4326 adulteraverint
1147 4270 1287 4342 (Ose.
1322 4286 1400 4338 ιν,
1436 4270 1543 4343 lli).
1579 4256 1695 4327 Hos
1726 4274 1922 4328 autem

264 4360 553 4429 raptores,
575 4360 633 4413 et
660 4374 1056 4431 oppressores,
1081 4375 1147 4415 ac
1167 4359 1498 4425 violatores,
1517 4357 1608 4414 lex
1628 4358 1729 4414 Dei
1754 4358 1923 4415 latro-

264 4444 444 4502 nibus
493 4450 553 4501 et
598 4447 914 4505 homicidia
967 4453 1286 4522 comparat,
1333 4453 1390 4505 et
1438 4448 1687 4504 interﬁci
1729 4449 1920 4521 jubet,

262 4533 364 4589 ubi
387 4535 462 4590 de
480 4534 696 4607 puella,
723 4553 849 4608 quin
870 4537 929 4592 in
954 4553 1094 4611 agro
1114 4537 1397 4594 violenter
1418 4553 1698 4611 oppressa
1726 4537 1919 4607 fuerit,

262 4620 550 4696 loquitur,
574 4623 773 4682 dicens
797 4640 810 4680 :
835 4626 936 4681 Sin
954 4635 1136 4683 autem
1156 4628 1214 4682 in
1239 4643 1371 4697 agro
1390 4630 1477 4683 vir
1495 4629 1759 4700 repererit
1770 4628 1923 4700 puel-

263 4709 377 4764 lam
405 4725 536 4782 quz
562 4711 891 4784 desponsata
924 4721 1021 4781 est,
1048 4721 1100 4769 et
1137 4714 1542 4786 apprehendens
1570 4717 1927 4772 concubuerit

259 4814 388 4854 cum
418 4799 543 4865 illa,
576 4802 690 4872 ipse
716 4803 984 4857 morietur
1027 4803 1197 4874 solus,
1227 4804 1414 4874 puella
1459 4804 1614 4860 nihil
1658 4806 1920 4876 patietur,

259 4902 362 4942 nee
404 4896 484 4943 est
530 4903 625 4943 rea
667 4892 880 4944 mortis.
929 4891 1199 4958 Quoniam
1243 4893 1387 4947 sicut
1442 4893 1583 4949 latro
1639 4896 1926 4962 consurgit

261 4982 455 5030 contra
481 4977 711 5045 fratrem
752 4993 935 5040 suum.
969 4986 1032 5034 ut
1076 4979 1283 5035 occidat
1328 4980 1572 5035 animam
1600 4982 1734 5053 ejus,
1768 4983 1845 5037 ita
1872 4990 1925 5039 et

258 5063 450 5135 puella
500 5079 757 5137 perpessa
813 5074 938 5122 est:
974 5069 1094 5124 sola
1148 5077 1267 5125 erat
1324 5070 1385 5123 in
1440 5084 1591 5141 agro,
1641 5071 1918 5138 clamavit,

260 5158 335 5295 gis
366 5151 560 5295 gallus
629 5153 813 5225 adfuit
870 5158 967 5228 qui
1036 5157 1292 5213 liberaret
1359 5173 1481 5212 eam
1536 5158 1719 5227 (Deut.
1780 5176 1916 5228 χχιι,

342 5284 357 5295 .
462 5244 503 5295 l.

334 5372 472 5429 CAP.
505 5373 627 5431 VII.
660 5377 996 5449 Agnoscant
1032 5395 1094 5434 se
1142 5394 1278 5451 ergo
1310 5379 1410 5451 qui
1441 5379 1731 5452 ejusmodi
1778 5385 1919 5436 sunt

261 5464 319 5517 et
343 5460 601 5519 latrones
624 5468 683 5520 et
702 5464 1049 5539 homicidas,
1064 5472 1120 5523 et
1142 5468 1472 5524 animarum
1494 5466 1914 5541 interfectores,

261 5553 317 5606 et
340 5550 552 5624 dignos
579 5558 783 5611 morte.
807 5555 921 5612 Nec
943 5556 1124 5613 distat
1145 5556 1366 5629 aliquid
1397 5557 1547 5613 inter
1570 5556 1703 5614 illos
1724 5556 1826 5629 qui
1856 5558 1915 5614 in

2029 3249 2226 3302 autem
2247 3261 2277 3300 e
2297 3244 2609 3311 contrario,
2622 3242 2890 3300 Ecclesiae
2912 3243 3332 3315 inobedientes,
3347 3264 3414 3304 ac
3433 3265 3538 3320 per
3556 3249 3679 3306 haec

2026 3334 2186 3391 velut
2213 3333 2430 3390 ethnici
2462 3337 2520 3389 et
2546 3331 2845 3405 publicani
2870 3332 3143 3402 habendi,
3169 3338 3226 3390 et
3254 3336 3564 3409 temporali
3584 3339 3679 3410 ju-

2028 3423 2179 3480 dicio
2196 3421 2713 3479 exccommunicati
2725 3419 3028 3489 ,violenter
3041 3421 3332 3481 Ecclesiae
3346 3424 3679 3498 ingrediun-

2028 3516 2144 3581 tur,
2160 3516 2219 3569 et
2238 3510 2452 3568 divinis
2474 3509 2770 3583 mysteriis
2790 3509 3070 3581 injuriam
3089 3511 3278 3569 facere
3300 3530 3416 3569 non
3445 3514 3676 3586 timent,

2029 3606 2089 3660 et
2115 3603 2189 3658 ad
2221 3598 2668 3658 christianitatis
2692 3597 2918 3655 cultum
2949 3616 3066 3655 non
3095 3599 3453 3670 humilitate,
3472 3607 3530 3660 et
3558 3605 3678 3677 pie-

2027 3694 2348 3762 tate,atque
2363 3687 2822 3755 obedientia,sed
2840 3688 3210 3745 contumacia
3227 3693 3285 3745 et
3303 3689 3681 3763 improbitate

2030 3779 2258 3853 seipsos
2287 3793 2605 3852 aggregare
2636 3780 2959 3833 conantur:
2983 3794 3099 3834 non
3131 3777 3515 3852 recogitantes
3544 3781 3682 3837 scri-

2029 3873 2197 3942 ptum
2222 3867 2398 3924 etiam
2428 3866 2554 3939 ipso
2584 3865 2832 3923 Domino
2853 3864 3084 3923 Christo
3105 3867 3333 3924 dicente
3358 3886 3371 3925 :
3392 3870 3511 3926 Non
3530 3871 3683 3928 habi-

2030 3958 2168 4013 tabit
2198 3958 2258 4011 in
2285 3955 2462 4012 medio
2491 3955 2681 4013 domus
2704 3970 2841 4013 meae
2864 3957 2963 4028 qui
2988 3958 3125 4027 facit
3150 3954 3486 4030 superbiam,
3511 3968 3563 4015 et
3590 3963 3680 4033 fa-

2028 4048 2228 4101 cientes
2272 4045 2756 4116 praevaricationes
2801 4043 2893 4100 odi
2930 4044 3099 4117 (Psal.
3123 4062 3176 4114 c,
3198 4046 3274 4119 7).
3298 4048 3369 4102 Et
3417 4048 3630 4105 iterum
3666 4066 3680 4107 :

2028 4135 2169 4190 Deus
2198 4134 2449 4204 superbis
2477 4133 2701 4198 resistit,
2736 4131 3045 4187 humilibus
3073 4142 3255 4189 autem
3304 4134 3399 4190 dat
3440 4140 3684 4204 gratiam

2031 4223 2163 4293 (Jac.
2187 4238 2263 4290 ιν,
2282 4222 2359 4290 6).
2382 4221 2454 4276 Et
2476 4236 2488 4273 :
2514 4220 2783 4288 Quoniam
2800 4219 3045 4275 excelsus
3062 4222 3348 4287 Dominus,
3371 4230 3424 4277 et
3441 4222 3681 4280 humilia

2030 4313 2270 4383 respicit,
2295 4318 2345 4366 et
2373 4310 2488 4365 alta
2515 4325 2550 4364 a
2576 4308 2731 4380 longe
2757 4309 3027 4380 cognoscit
3052 4309 3228 4377 (Psal.
3253 4324 3499 4389 cxxxvn,
3518 4312 3596 4380 6).
3618 4312 3678 4371 Si

2031 4399 2188 4457 enim
2213 4399 2336 4455 haec
2374 4398 2629 4472 cogitare
2666 4396 3073 4469 dignarentur,
3089 4397 3449 4469 deponerent
3476 4415 3679 4472 super-

1947 4503 1999 4570 D
2030 4491 2191 4550 biam
2208 4505 2399 4555 suam,
2412 4492 2468 4543 et
2488 4486 2635 4543 illud
2651 4503 2756 4560 per
2768 4485 2928 4558 piam
2946 4484 3343 4542 humilitatem
3363 4489 3681 4559 promereri

2032 4581 2360 4645 studerent,
2392 4577 2547 4649 quod
2580 4574 2883 4647 Scriptura
2914 4572 3053 4630 alibi
3083 4574 3396 4647 promittit,
3428 4577 3630 4637 dicens
3661 4596 3676 4635 :

2029 4670 2197 4726 Juxta
2225 4675 2303 4724 est
2351 4664 2672 4723 Dominibus
2702 4663 2790 4719 his
2817 4665 2916 4735 qui
2943 4663 3212 4721 tribulato
3258 4673 3388 4722 sunt
3429 4667 3608 4736 corde,
3629 4677 3682 4725 et

2031 4758 2265 4814 humiles
2292 4756 2496 4828 spiritu
2513 4754 2757 4810 salvabit
2777 4753 2948 4823 (Psal.
2970 4769 3168 4823 mm,
3195 4753 3303 4827 19).
3326 4755 3397 4810 Et
3424 4756 3681 4815 Jacobus

2030 4845 2334 4920 apostolus
2365 4842 2618 4917 qualiter
2645 4841 3148 4916 unusquisque,et
3174 4860 3208 4899 a
3239 4843 3472 4902 diabolo
3509 4846 3679 4918 longe

2030 4935 2259 5003 fieri,et
2296 4933 2412 4989 Deo
2460 4930 2929 5005 appropinquare
2979 4929 3188 4998 valeat,
3230 4931 3311 4989 ita
3362 4934 3674 4989 admonet:

2028 5023 2247 5080 Subditi
2294 5023 2468 5090 igitur
2512 5028 2674 5077 estote
2716 5022 2840 5089 Deo,
2867 5022 3101 5078 resistite
3139 5029 3320 5078 autem
3360 5020 3596 5090 diabolo,
3627 5028 3678 5077 et

2026 5114 2204 5184 fugiet
2227 5128 2263 5167 a
2288 5110 2459 5166 vobis.
2481 5110 2917 5183 Appropinquate
2936 5112 3184 5178 Domino,
3208 5118 3259 5166 et
3276 5111 3676 5181 appropinqua-

2030 5203 2108 5257 bit
2134 5202 2303 5256 vobis.
2318 5199 2617 5255 Emundate
2662 5216 2859 5255 manus
2904 5201 3248 5270 peccatriccs,
3291 5206 3341 5253 et
3384 5199 3675 5269 puriﬁcate

2026 5290 2190 5346 corda
2220 5290 2462 5360 duplices
2500 5290 2705 5345 animo.
2729 5289 2913 5345 Miseri
2949 5295 3131 5354 estote,
3162 5295 3214 5343 et
3249 5287 3447 5356 lugete,
3477 5294 3531 5341 et
3551 5287 3672 5357 plo-

2029 5388 2162 5435 rate.
2201 5379 2358 5434 Risus
2384 5386 2556 5434 vester
2600 5380 2659 5433 in
2699 5378 2902 5433 luctum
2939 5384 3299 5444 convertatur,
3330 5383 3382 5432 et
3407 5374 3674 5445 gaudium

2030 5471 2089 5524 in
2126 5483 2428 5523 maerorem.
2462 5468 2854 5522 Humiliamini
2909 5466 2968 5519 in
3021 5473 3300 5536 conspectu
3358 5466 3596 5533 Domini,
3618 5470 3671 5521 et

2025 5556 2289 5614 exaltabit
2320 5572 2407 5613 vos
2438 5557 2570 5628 (Jac.
2604 5573 2679 5622 ιν,
2711 5552 2851 5621 7-9).
