3976 6188
342 264 498 328 1033

1124 260 1505 325 HINCMARI
1552 260 1795 324 RHEM.
1843 255 2205 322 ARGHIEP.
2255 258 2661 324 OPUSCULA
2701 258 2964 322 VARIA.

3592 256 3758 320 ψει

405 397 542 455 CAP.
564 394 712 452 VIII.
738 393 905 451 Nunc
935 398 1131 450 autem
1152 411 1286 451 cum
1307 393 1587 451 violenter
1617 394 1674 449 in
1708 392 1982 450 ecclesias
2011 393 2066 461 Α
2095 396 2250 461 runt,
2284 396 2343 449 et
2381 397 2772 461 servaverunt,
2807 410 2925 449 non
2971 391 3163 449 solum
3206 391 3331 464 jam
3365 390 3553 447 eﬂ'ecti
3584 390 3757 447 Chri-

336 484 589 553 irruunt,
605 501 739 541 cum
765 500 827 540 se
849 484 1034 540 turbae
1060 483 1323 539 fidelium
1345 483 1779 556 indisciplinate
1801 487 1857 538 et
1879 483 1989 537 im-

336 576 515 649 probe
534 573 909 647 permiscent,
942 589 1076 628 cum
1108 572 1254 645 ipsis
1286 572 1707 639 sacerdotibus,
1732 572 1844 627 nisi
1872 570 1990 626 illis

336 662 724 737 prasentibus
773 660 970 716 divina
1015 660 1292 733 mysteria
1336 659 1772 727 celebraverint,
1816 659 1991 715 exitia

334 751 792 816 comminantur,
817 749 958 822 quid
999 748 1159 804 aliud
1192 749 1433 817 faciunt,
1467 749 1580 805 nisi
1622 749 1777 820 quod
1807 749 1897 803 bis
1927 765 1990 805 se

336 858 443 898 suo
472 838 668 914 gladio
688 837 1054 907 confodiunt,
1077 835 1537 893 ecclesiasticum
1562 839 1988 894 contemnendo

326 929 646 1003 judicium,
669 932 729 983 et
750 926 901 983 sacri
922 926 1125 983 altaris
1153 926 1429 998 mysteria
1457 927 1834 982 temerando?
1853 928 1986 995 Quae

335 1018 492 1074 sicut
521 1015 793 1073 ﬁdelibus
834 1020 893 1071 et
933 1014 1259 1070 humilibus
1292 1031 1357 1070 ac
1390 1014 1502 1087 piis
1534 1016 1603 1071 ad
1635 1015 1984 1085 remedium,

334 1107 417 1163 ita
445 1104 951 1177 contemptoribus
981 1108 1039 1159 et
1070 1103 1513 1175 impudentibus
1563 1105 1875 1176 proﬁciunt
1912 1106 1986 1161 ad

326 1194 621 1268 judicium
650 1197 708 1249 et
735 1196 1115 1249 tormentum.
1150 1192 1373 1258 Quibus
1403 1193 1579 1249 etiam
1609 1192 1694 1247 illi
1728 1193 1892 1249 stulti
1930 1198 1988 1249 et

335 1281 585 1357 improbi
607 1285 746 1339 sunt
767 1279 1154 1352 sociandi,qui
1188 1280 1259 1336 ab
1281 1280 1412 1338 aliis
1424 1280 1700 1338 Ecelesiis
1722 1286 1779 1338 et
1800 1299 1985 1338 sacer-

333 1372 568 1429 dotibus
595 1369 1105 1435 excommunicati,
1139 1369 1199 1425 in
1245 1368 1378 1426 aliis
1409 1374 1582 1443 atque
1633 1371 1787 1443 apud
1838 1369 1983 1428 alios

334 1458 736 1518 fraudulenter
758 1456 1196 1513 communicare
1217 1474 1389 1530 posse
1410 1459 1675 1515 credunt.
1698 1458 1843 1515 Cum
1867 1475 1986 1515 om-

332 1548 508 1605 nibus
538 1542 811 1603 fidelibu's
840 1545 1166 1602 certissime
1197 1547 1576 1604 manifestum
1604 1548 1981 1618 esse‘debeat,

332 1636 391 1692 in
424 1635 694 1692 universo
733 1634 976 1701 mundo,
1008 1638 1065 1690 et
1103 1633 1460 1705 civitatibus,
1494 1639 1551 1691 et
1581 1635 1835 1709 populis,
1866 1653 2003 1693 non.

2100 481 2296 548 stiani,
2330 482 2430 538 sed
2462 482 2638 537 etiam
2685 497 2821 538 cum
2863 481 3057 538 adhuc
3085 485 3284 537 essent
3333 479 3567 553 pagani,
3601 480 3760 535 sicut

2100 570 2470 642 apertissime
2492 571 2748 626 ostendit
2776 570 2866 626 lex
2888 569 3162 625 Antonini
3188 569 3400 641 pagani
3435 570 3759 641 imperato-

2099 659 2199 726 ris,
2217 675 2396 732 quam
2413 659 2617 715 beatus
2634 660 3001 732 Augustinus
3021 660 3277 731 quodam
3300 658 3426 714 loco
3448 658 3557 713 hoc
3580 658 3760 714 modo

2098 752 2520 803 commemorat
2549 752 2606 803 et
2631 746 3241 815 commendat,dicens
3268 747 3359 816 (ad
3388 747 3619 802 Pellem.
3648 747 3754 802 lib.

2097 853 2156 901 ιι,
2180 854 2230 892 c.
2252 839 2309 905 8)
2333 855 2345 892 :
2366 860 2394 885 ‹‹
2420 836 2644 903 Quibus
2687 835 2961 908 displicet
2988 841 3054 891 ut
3081 834 3236 890 inter
3263 836 3454 890 virum
3501 840 3561 891 et
3610 853 3759 891 uxo-

2098 941 2218 980 rem
2242 942 2346 997 par
2376 923 2671 997 pudicitia;
2694 924 2881 979 forma
2901 927 3183 990 servetur,
3207 927 3266 979 et
3286 923 3482 996 potius
3501 923 3753 997 eligunt,

2098 1014 2467 1085 maximeque
2490 1014 2546 1068 in
2566 1013 2675 1068 hac
2691 1029 2889 1080 causa,
2907 1012 3111 1067 mundi
3137 1011 3368 1084 legibus
3385 1012 3603 1068 subditi
3621 1029 3758 1068 esse

2096 1120 2273 1175 quam
2305 1102 2543 1170 Christi,
2575 1103 2854 1174 quoniam
2897 1103 3036 1173 jura
3085 1100 3339 1157 forensia
3369 1117 3486 1156 non
3525 1100 3757 1158 eisdem

2095 1191 2313 1264 quibus
2352 1192 2602 1247 feminas
2649 1190 2941 1264 pudicitia:
2992 1189 3238 1246 nexibus
3282 1189 3437 1246 viros
3476 1190 3757 1246 videntur

2095 1280 2465 1353 distringere,
2493 1279 2690 1353 legant
2722 1279 2864 1352 quid
2896 1280 3215 1352 imperator
3241 1278 3597 1345 Antoninus,
3631 1296 3752 1335 non

2094 1369 2295 1442 utique
2315 1367 2705 1436 Christianus,
2728 1369 2799 1424 de
2829 1368 2938 1423 hac
2983 1384 3044 1423 re
3074 1366 3465 1436 constituerit,
3490 1367 3592 1423 ubi
3623 1385 3753 1427 ma-

2094 1459 2242 1515 ritus
2273 1475 2512 1515 uxorem
2559 1458 2630 1514 de
2676 1456 2949 1514 adulterii
2998 1456 3244 1512 crimine
3286 1472 3575 1513 accusare
3632 1473 3753 1513 non

2093 1547 2327 1615 sinitur,
2372 1547 2472 1619 qui
2533 1546 2797 1603 moribus
2854 1546 2980 1602 suis
3011 1561 3125 1600 non
3157 1544 3410 1617 praebuit
3461 1544 3752 1603 castitatis

2092 1635 2447 1709 exemplum,
2462 1635 2544 1692 ita
2564 1640 2630 1691 ut
2650 1635 2824 1691 ambo
2841 1634 3214 1702 damnentur,
3232 1632 3283 1689 si
3304 1634 3513 1690 ambos
3532 1634 3753 1706 pariter

330 1741 461 1782 esse
490 1724 603 1782 nisi
637 1739 815 1780 unam
846 1722 1062 1779 Christi
1094 1722 1436 1792 Ecclesiam,
1461 1728 1519 1780 et
1546 1741 1735 1780 unum
1765 1724 1982 1781 Christi
2012 1762 2065 1831 Β
2090 1724 2421 1798 impudicos
2442 1724 2750 1780 conflictus
2779 1723 2905 1796 ipse
2936 1721 3273 1779 convicerit.
3293 1723 3441 1778 Nam
3472 1723 3750 1795 supradi-

331 1813 532 1881 altare,
564 1817 626 1869 et
655 1828 840 1867 unum
886 1810 1265 1880 sacrificium,
1297 1814 1454 1885 quod
1486 1814 1706 1886 ubique
1736 1812 1837 1869 uni
1866 1818 1982 1871 Deo

330 1905 390 1958 et
409 1917 528 1957 una
557 1899 836 1973 religione
863 1899 1243 1956 constituitur
1261 1905 1318 1957 et
1332 1902 1593 1958 offertur.
1613 1903 1683 1958 Et
1702 1902 1832 1958 ideo
1858 1901 1985 1957 nul-

244 2051 255 2061 _
331 1988 696 2047 luso‘mnino
724 1993 918 2061 potest
944 1989 1003 2045 in
1045 1993 1206 2062 parte
1236 2006 1366 2047 esse
1414 1990 1979 2059 exeommunicatus,

331 2081 391 2135 et
414 2079 475 2134 in
503 2081 669 2150 parte
696 2075 1140 2133 communicans
1174 2093 1188 2133 :
1222 2079 1323 2133 sed
1364 2080 1520 2135 unde
1551 2079 1611 2134 in
1642 2097 1760 2135 una
1788 2080 1981 2136 Eccle-

331 2166 423 2225 sia
449 2165 665 2222 meruit
691 2165 970 2239 separari,
999 2165 1059 2221 in
1085 2166 1248 2222 nulla
1278 2184 1540 2239 prorsus,
1569 2168 1685 2224 nisi
1716 2185 1819 2240 per
1850 2167 1986 2240 legi-

329 2254 539 2311 timam
570 2252 1050 2324 satisfactionem,
1076 2255 1290 2327 poterit
1319 2256 1527 2311 sociari
1562 2273 1575 2311 :
1613 2256 1765 2313 sicut
1796 2273 1981 2312 mem-

330 2344 506 2402 brum
530 2343 602 2398 de
632 2334 758 2397 loco
787 2358 897 2398 suo
938 2342 1269 2415 praecisum,
1293 2343 1351 2398 in
1380 2344 1542 2400 nulla
1572 2344 1819 2401 ulterius
1850 2362 1981 2402 cor-

330 2430 490 2506 poris
509 2433 673 2504 parte
690 2428 842 2486 valet
864 2429 1072 2502 aptari,
1093 2430 1205 2486 nisi
1235 2436 1378 2487 forte
1401 2433 1607 2488 divina:
1627 2432 1857 2489 virtutis
1881 2433 1982 2489 mi-

330 2520 550 2588 raculo,
578 2520 734 2575 unde
763 2518 1061 2575 divulsum
1109 2519 1300 2576 fuerat
1355 2521 1608 2594 potuerit
1654 2523 1979 2579 reformari.

328 2610 413 2666 Ex
439 2608 534 2665 his
561 2606 830 2664 nonnulli
863 2613 985 2663 tam
1019 2607 1298 2676 immites,
1321 2614 1378 2666 et
1401 2627 1517 2666 non
1549 2611 1819 2667 humanis
1852 2614 1985 2668 atl‘e-

329 2695 562 2763 ctionis,
593 2695 699 2751 sed
730 2694 1000 2751 belluinaa
1047 2695 1438 2754 immanitatis
1487 2698 1885 2769 inveniuntur,
1919 2704 1985 2757 ut

327 2785 626 2859 prioribus
675 2784 957 2841 uxoribus
1011 2801 1080 2841 ex
1139 2786 1474 2859 suspicione
1522 2788 1770 2845 adulteri
1821 2789 1986 2845 nulla

327 2875 474 2949 lege,
505 2873 669 2930 nulla
696 2872 942 2942 ratione,
977 2873 1138 2932 nullo
1162 2874 1411 2946 judicio,
1434 2876 1561 2932 sola
1583 2893 1690 2932 sua
1712 2877 1987 2935 animosi.

325 2967 447 3022 tate
476 2967 537 3021 et
575 2962 921 3020 crudelitate
967 2962 1197 3032 occisis,
1232 2964 1424 3020 adhuc
1469 2966 1693 3021 cruenti
1747 2971 1804 3022 et
1849 2983 1985 3022 san-

325 3053 503 3127 guine
532 3053 856 3120 madentes,
890 3069 1006 3108 non
1040 3051 1235 3108 solum
1268 3052 1433 3109 nulla
1465 3054 1806 3125 poenitentia
1833 3071 1987 3110 com-

2092 1815 2173 1870 cti
2201 1812 2571 1885 imperatoris
2593 1812 2715 1868 haec
2736 1813 2911 1868 verba
2933 1815 3092 1879 sunt,
3117 1827 3245 1883 quas
3276 1812 3431 1885 apud
3450 1810 3749 1885 Gregoriw

2094 1919 2236 1959 num
2268 1901 2580 1975 leguntur:
2607 1902 2780 1967 Sane,
2814 1900 3025 1973 inquit,
3054 1898 3265 1956 litterae
3305 1916 3448 1956 mea;
3490 1899 3657 1955 nulla
3684 1917 3747 1956 ex

2093 1995 2256 2064 parte
2287 2007 2475 2047 causa)
2508 1989 2991 2062 pris-judicabant.
3026 1989 3223 2061 Neque
3267 1988 3423 2044 enim
3455 1989 3505 2043 si
3539 2005 3748 2062 penses

2092 2085 2148 2137 te
2168 2079 2343 2152 culpa
2373 2079 2485 2134 fuit
2514 2083 2578 2134 ut
2608 2078 3051 2134 matrimonium
3084 2077 3425 2146 solveretur,
3448 2081 3511 2134 et
3540 2095 3748 2134 secun-

2092 2170 2233 2225 dum
2264 2168 2452 2241 legem
2483 2168 2700 2225 Juliam
2752 2167 3080 2240 Euphrasia
3118 2183 3263 2223 uxor
3319 2173 3421 2224 tua
3479 2169 3741 2235 nuberet,

2092 2261 2328 2330 propter
2356 2256 2466 2313 hoc
2496 2255 2847 2329 rescriptum
2899 2273 3095 2312 meum
3146 2255 3417 2312 adulterii
3468 2257 3745 2313 damnata

2092 2346 2220 2413 erit,
2245 2345 2358 2401 nisi
2382 2349 2609 2401 constet
2632 2362 2764 2402 esse
2784 2345 3191 2401 commissum.
3215 2345 3529 2400 Habebunt
3551 2350 3746 2401 autem

2093 2439 2225 2490 ante
2257 2433 2457 2489 oculos
2499 2433 2609 2489 hoc
2647 2432 2962 2506 inquirere,
2987 2450 3059 2488 an
3091 2449 3225 2488 cum
3257 2437 3318 2488 tu
3351 2434 3569 2506 pudice
3599 2434 3743 2489 vive-

2093 2540 2205 2591 res,
2237 2520 2321 2576 illi
2344 2538 2577 2595 quoque
2609 2522 2795 2578 bonos
2846 2538 3039 2578 mores
3069 2521 3293 2578 colendi
3327 2527 3538 2577 auctor
3565 2522 3742 2578 fuisti.

2093 2609 2470 2682 Periniquum
2501 2609 2658 2665 enim
2690 2608 2837 2665 mihi
2868 2610 3101 2666 videtur
3130 2626 3280 2679 esse,
3304 2614 3370 2666 ut
3398 2611 3743 2683 pudicitiam

2091 2698 2178 2754 vir
2208 2700 2280 2755 ab
2312 2715 2487 2755 uxore
2516 2697 2727 2772 exigat,
2751 2714 2929 2770 quam
2963 2698 3087 2772 ipse
3134 2715 3253 2754 non
3302 2698 3542 2755 exhibet
3574 2716 3589 2755 :
3620 2717 3745 2773 qua

2094 2805 2185 2845 res
2216 2792 2407 2859 potest
2435 2791 2492 2843 et
2521 2788 2711 2843 virum
2741 2788 3044 2856 damnare,
3069 2804 3185 2843 non
3216 2788 3290 2842 ob
3320 2789 3747 2860 compensatio-

2094 2893 2229 2933 nem
2277 2876 2469 2932 mutui
2516 2875 2783 2933 criminis
2814 2892 2937 2931 rem
2971 2876 3123 2932 inter
3152 2881 3472 2948 utrumque
3503 2893 3744 2950 compo-

2094 2982 2250 3033 nere,
2271 2964 2360 3020 vel
2389 2981 2627 3021 causam
2677 2963 2812 3019 facti
2862 2963 3082 3020 tollere.
3106 2963 3166 3020 Si
3212 2964 3333 3021 haec
3380 2964 3748 3023 observanda

2094 3058 2236 3110 sunt
2263 3056 2498 3127 propter
2517 3053 2696 3108 decus
2717 3056 2956 3108 terrena:
2988 3052 3503 3125 civitatis,quanto
3535 3053 3742 3112 castio-
3800 3109 3813 3125 ,

324 3146 684 3215 pungantur,
718 3145 820 3197 aut
860 3140 1058 3213 aliqua
1096 3141 1426 3197 humilitate
1472 3142 1589 3198 Deo
1618 3148 1676 3199 et
1704 3143 1973 3199 Ecclesiae
2004 3130 2048 3196 C
2087 3160 2179 3199 res
2207 3142 2415 3215 quaerit
2448 3139 2699 3197 ccelestis
2727 3139 2916 3214 patria
2944 3145 3001 3197 et
3031 3140 3277 3197 societas
3307 3142 3695 3215 angelorum?
3715 3167 3742 3193 κ

325 3228 712 3298 satisfaciant,
727 3230 827 3285 sed
847 3227 1207 3285 exsultantes
1226 3229 1286 3284 in
1307 3229 1601 3301 superbiis
1618 3230 1763 3301 suis,
1781 3230 1982 3287 incun-

326 3322 555 3376 ctanter
581 3318 655 3374 ad
685 3317 867 3373 altare
897 3316 1131 3372 Domini
1168 3318 1467 3386 accedant,
1492 3322 1550 3374 et
1588 3319 1983 3376 indifferenter

327 3422 495 3463 sacra
523 3404 801 3478 mysteria
819 3404 1156 3475 contingere
1179 3412 1556 3478 praesumant.
1580 3406 1726 3463 Cum
1747 3407 1981 3465 etiamsi

327 3493 437 3550 illae
491 3492 832 3549 miserrima:
892 3492 1247 3550 mulierculae
1296 3494 1580 3551 veraciter
1626 3496 1980 3553 adulterium

324 3579 803 3655 perpetraverint,
830 3584 892 3636 et
917 3581 990 3637 ob
1022 3580 1133 3637 hoc
1154 3582 1317 3653 juste
1346 3582 1565 3654 punitas
1594 3599 1725 3639 esse
1751 3582 1984 3640 videan-

323 3673 440 3739 tur,
463 3673 661 3727 tamen
690 3668 782 3725 lex
811 3668 936 3737 Dei,
960 3685 1029 3725 ex
1055 3685 1174 3741 qua
1194 3669 1389 3726 omnis
1410 3670 1783 3727 Christianus
1802 3671 1863 3727 in
1888 3672 1982 3728 die

315 3758 529 3831 judicii
548 3757 917 3829 judicabitur
945 3761 1012 3812 ut
1040 3757 1283 3829 recipiat
1302 3759 1625 3814 secundum
1652 3775 1828 3831 opera
1851 3776 1981 3832 sua,

323 3846 554 3903 nullum
587 3862 776 3910 reum,
799 3861 907 3901 nec
928 3846 1090 3917 ipsos
1115 3845 1414 3902 adulteros
1436 3846 1523 3903 vel
1554 3847 1852 3904 adulteras
1881 3865 1985 3920 pu-

322 3933 437 3989 niri
468 3932 771 4006 permittit,
807 3932 920 3989 nisi
952 3933 1064 3988 sub
1095 3932 1378 4006 legitimis
1402 3935 1709 4005 judicihus
1740 3940 1797 3991 et
1826 3937 1982 3992 testi-

324 4023 458 4090 bus,
480 4038 628 4094 quos
658 4019 832 4077 etiam
868 4020 1102 4093 publico
1146 4022 1373 4094 judicio
1403 4040 1438 4079 a
1469 4023 1685 4096 populo
1735 4023 1982 4096 lapidari

325 4108 777 4183 praecipitUnde
791 4114 849 4166 et
869 4108 1236 4166 admirabilis
1253 4109 1355 4168 illa
1370 4112 1669 4183 Susanna,
1684 4128 1819 4168 cum
1837 4112 1981 4169 falso

322 4197 594 4255 adulterii
643 4197 890 4254 crimine
932 4204 1327 4268 accusaretur,
1367 4206 1427 4255 et
1473 4199 1709 4273 publico
1752 4201 1981 4273 judicio

322 4288 733 4354 condemnata,
764 4290 823 4342 et
854 4286 1089 4360 publico
1119 4287 1336 4361 legitur
1377 4288 1648 4345 absoluta
1678 4291 1840 4356 (Dan.
1869 4291 1978 4362 13).

322 4377 393 4432 Et
410 4375 513 4432 illa
531 4374 749 4432 mulier
766 4375 827 4430 in
850 4376 1183 4449 Evangelio,
1208 4393 1337 4449 qua
1359 4378 1644 4433 veraciter
1672 4379 1731 4433 in
1763 4379 1985 4434 adulte-

324 4463 409 4519 rio
426 4463 616 4558 fuerat
630 4463 1014 4558 deprehensa,
1027 4466 1289 4558 primum
1302 4466 1476 4537 juxta
1491 4465 1680 4558 legem
1697 4467 1769 4522 ad
1790 4467 1983 4558 Dhari-
2011 4493 2060 4558 Β

325 4551 609 4623 saos,qui
642 4556 991 4623 potestatem
1013 4553 1226 4624 judicii
1266 4554 1326 4610 in
1358 4554 1572 4627 popuio
1613 4556 1977 4621 exercebant,

325 4638 535 4695 deinde
563 4637 743 4695 etiam
771 4641 1035 4697 tentandi
1075 4641 1264 4715 gratia
1291 4642 1366 4698 ad
1408 4643 1640 4699 Domini
1680 4644 1977 4715 judicium

326 4726 607 4799 perducta
625 4730 734 4795 est,
749 4727 849 4784 ubi
871 4729 1001 4799 ejus
1021 4729 1352 4786 admirabili
1376 4730 1607 4802 pietate,
1630 4736 1688 4788 et
1707 4749 1742 4789 a
1762 4732 1980 4805 lapida-

324 4814 503 4872 tionis
525 4813 834 4886 supplicio,
857 4820 915 4872 et
936 4834 971 4872 a
996 4817 1264 4874 criminis
1292 4823 1455 4875 reatu
1487 4821 1703 4876 meruit
1740 4819 1977 4878 liberari

325 4905 501 4975 (Joan.
535 4903 679 4975 vnn).
712 4904 784 4960 Et
830 4904 889 4960 in
939 4903 1089 4961 libro
1138 4906 1379 4962 Numeri
1426 4908 1778 4980 praecipitur,
1814 4915 1881 4965 ut
1924 4910 1977 4966 si

325 5011 443 5067 qua
470 4991 682 5049 mulier
717 4991 805 5049 vel
856 4992 1126 5049 adulterii
1159 5011 1275 5063 rea,
1306 4995 1395 5052 vel
1445 4996 1594 5053 falsa
1640 4997 1974 5069 suspicione

326 5081 501 5140 fuerit
560 5080 838 5154 appetita,
894 5086 953 5138 et
1008 5082 1097 5138 vir
1151 5084 1279 5155 ejus
1330 5084 1451 5142 zelo
1507 5087 1789 5143 adversus
1847 5104 1975 5143 eam

326 5170 668 5239 concitetur,
714 5170 969 5226 adducat
1016 5171 1179 5228 illam
1229 5173 1302 5228 ad
1351 5175 1734 5241 sacerdotem,
1784 5180 1843 5231 et
1888 5176 1977 5231 di-

324 5259 458 5317 vino
480 5257 708 5330 judicio
729 5257 819 5314 vel
839 5260 1235 5317 damnandam
1257 5263 1478 5330 offerat,
1500 5262 1588 5318 vel
1611 5263 1978 5321 liberandam

328 5350 512 5421 (Nam.
545 5349 625 5416 v).

399 5436 536 5493 CAP.
580 5434 671 5491 IX.
713 5436 872 5503 Quod
922 5438 1100 5494 etiam
1150 5438 1376 5510 antiqui
1420 5438 1667 5494 Romani
1717 5439 1975 5511 legitimo

330 5524 458 5595 conj
468 5522 601 5595 ugio
624 5524 748 5581 fieri
770 5526 1001 5593 debere,
1021 5526 1247 5601 legibus
1270 5527 1396 5583 suis
1415 5526 1745 5598 antiquitus
1765 5533 1977 5586 statue-

2089 3232 2219 3289 Haac
2239 3232 2310 3288 de
2338 3228 2567 3304 legibus
2587 3230 2798 3302 pagani
2830 3227 3201 3302 imperatoris
3223 3230 3503 3286 Antonini
3537 3232 3742 3288 beatus

2086 3320 2453 3393 Augustinus
2476 3317 2698 3375 scribit.
2715 3319 2777 3374 In
2799 3318 2947 3374 libro
2964 3318 3174 3375 Esther
3195 3319 3506 3377 manifeste
3530 3320 3742 3395 legitur

2089 3413 2228 3481 (cap.
2256 3410 2329 3477 1).
2351 3407 2525 3464 Vaste
2579 3422 2818 3462 uxorem
2869 3406 3262 3479 potentissimi
3296 3412 3353 3463 et
3388 3407 3739 3464 ferocissimi

2090 3498 2243 3572 regis
2275 3495 2529 3561 Assueri,
2558 3511 2694 3551 cum
2724 3496 2854 3567 ejus
2884 3495 3112 3551 animos
3143 3499 3487 3568 contemptu
3515 3501 3578 3552 et
3608 3514 3738 3552 con-

2088 3586 2349 3644 tumacia
2369 3583 2728 3653 offendisset,
2752 3601 3127 3658 nequaquam
3150 3584 3277 3642 sola
3297 3583 3461 3641 illius
3482 3584 3742 3659 indigna-

2089 3675 2245 3731 tione
2276 3678 2334 3730 et
2362 3674 2556 3729 furore
2583 3690 2653 3729 ex
2682 3672 2910 3745 imperii
2940 3672 3159 3729 honore
3178 3671 3508 3745 depositam
3547 3672 3740 3737 tuisse,

2091 3764 2191 3819 sed
2215 3761 2451 3836 publico
2466 3761 2787 3833 judicio,et
2807 3761 3100 3818 sententia
3129 3762 3487 3834 principum,
3518 3779 3588 3818 ac
3596 3759 3747 3833 judi-

2089 3869 2223 3908 cum
2250 3851 2552 3907 Medorum
2584 3855 2763 3923 atque
2796 3850 3123 3906 Persarum.
3152 3851 3237 3907 lta
3259 3867 3393 3906 cum
3426 3858 3626 3906 essent
3655 3867 3749 3922 pa-

2089 3940 2223 4014 gani
2272 3944 2330 3995 et
2378 3938 2670 3994 idolorum
2711 3937 2985 4006 cultores,
3020 3938 3369 3995 naturaliter
3410 3955 3543 4010 qua:
3602 3937 3743 4010 legis

2090 4032 2230 4086 sunt
2259 4027 2557 4093 facientes,
2582 4025 2759 4082 etiam
2788 4025 2847 4081 in
2880 4026 3076 4082 causis
3106 4027 3449 4098 conjugum,
3474 4043 3589 4081 non
3617 4043 3743 4080 cru-

2089 4117 2390 4173 delitatem
2423 4120 2479 4172 et
2510 4114 2811 4183 saevitiam,
2846 4115 2948 4170 sed
2985 4114 3283 4186 justitiam
3315 4120 3375 4170 et
3404 4115 3742 4186 aequitatem

2089 4206 2398 4262 decernere
2430 4220 2496 4259 ac
2527 4201 2769 4260 definire
2798 4203 3006 4259 debere
3038 4204 3382 4259 docuerunt.

2160 4298 2293 4349 CAP.
2326 4292 2392 4349 X.
2417 4294 2580 4348 Certe
2610 4289 2807 4347 divina
2835 4290 2925 4346 lex
2957 4291 3133 4347 etiam
3166 4292 3317 4347 inter
3348 4290 3657 4347 dominum
3689 4295 3743 4347 et

2089 4398 2321 4438 servum
2351 4381 2469 4436 sive
2491 4379 2785 4447 ancillam,
2800 4380 3100 4451 justitiam
3122 4386 3180 4436 et
3198 4380 3495 4453 judicium
3517 4396 3742 4436 conser-

2089 4471 2211 4527 vari
2259 4469 2579 4543 praecepit:
2614 4473 2671 4526 et
2708 4485 2843 4524 cum
2890 4467 3188 4541 praecipiat
3235 4468 3471 4540 publico
3519 4468 3742 4539 judicio

2088 4559 2292 4617 talioni
2322 4577 2441 4616 suae
2472 4558 2709 4615 oculum
2741 4575 2845 4631 pro
2876 4557 3065 4625 oculo,
3095 4563 3154 4615 et
3181 4558 3420 4615 dentem
3451 4574 3554 4631 pro
3575 4558 3745 4613 dente

2087 4647 2315 4704 restitui
2350 4666 2363 4703 :
2395 4651 2591 4703 tamen
2625 4646 2674 4701 si
2707 4646 2842 4719 quis
2885 4645 3163 4703 dominus
3205 4663 3370 4703 servo
3399 4644 3493 4702 vel
3521 4644 3742 4701 ancilla

2086 4753 2204 4793 suae
2233 4737 2459 4809 privata
2483 4734 2886 4809 indignatione
2906 4739 2964 4791 et
2984 4735 3176 4792 furore
3194 4733 3281 4790 vel
3314 4733 3554 4793 oculum
3583 4751 3741 4790 erue-

2085 4829 2191 4890 ret,
2206 4824 2294 4881 vel
2316 4826 2552 4881 dentem
2582 4828 2898 4893 excuteret,
2920 4823 3119 4879 statim
3142 4841 3277 4881 eum
3301 4824 3573 4896 ejusdem
3592 4823 3741 4879 servi

2083 4914 2171 4971 vel
2202 4913 2425 4971 ancilla:
2458 4912 2776 4969 amissione
2805 4913 3145 4969 damnabat.
3179 4913 3268 4969 Ita
3309 4930 3570 4986 namque
3599 4911 3739 4969 scri-

2086 5007 2252 5075 ptum
2283 5007 2372 5059 est
2394 5019 2407 5057 :
2431 5003 2494 5057 Si
2516 5003 2843 5073 percusserit
2873 5003 3149 5073 quispiam
3189 5002 3410 5057 oculum
3454 5003 3603 5057 senii
3628 5001 3736 5065 sui,

2087 5100 2183 5147 aut
2219 5091 2461 5157 ancillis,
2484 5098 2538 5146 et
2565 5091 2738 5146 luscos
2766 5106 2852 5146 eos
2879 5092 3091 5162 fecerit,
3113 5090 3349 5147 dimittet
3399 5091 3600 5147 liberos
3640 5103 3737 5160 pro

2084 5180 2239 5235 oculo
2270 5196 2428 5251 quem
2454 5180 2601 5234 eruit
2629 5198 2647 5243 ;
2677 5177 2890 5233 dentem
2919 5194 3128 5250 quoque
3162 5181 3214 5233 si
3254 5180 3559 5234 emo-usserit
3591 5192 3738 5232 servo

2082 5269 2168 5323 vel
2196 5268 2422 5323 ancillae
2466 5280 2606 5332 suae,
2638 5266 2852 5320 similei-
2897 5265 3134 5321 dimittet
3178 5282 3268 5321 eos
3317 5267 3520 5322 libero:
3547 5262 3733 5336 (Emd.

2083 5373 2199 5422 xxx,
2224 5358 2339 5425 26).
2363 5353 2563 5410 Noluit
2594 5352 2794 5424 itaque
2841 5357 2900 5409 et
2948 5352 3286 5425 aequissima
3315 5358 3374 5408 et
3414 5353 3733 5410 misericor—

2084 5444 2331 5500 dissima
2363 5442 2453 5498 lex
2483 5440 2606 5513 Dei,
2632 5458 2820 5513 neque
2849 5440 2995 5513 ipsis
3026 5438 3211 5499 servis
3231 5446 3291 5497 et
3317 5440 3556 5498 ancillis
3574 5458 3606 5497 ι
3632 5440 3734 5495 (lo-

2085 5533 2263 5588 minis
2284 5531 2407 5588 suis
2433 5531 2655 5601 absque
2678 5530 2903 5601 judicio
2930 5529 3157 5602 aliquas
3185 5529 3521 5586 debilitates
3542 5528 3621 5585 vel
3642 5527 3736 5581 de-
