3976 6188
253 387 411 453 £025

1152 386 1253 445 DE
1300 384 1764 446 COERCENDO
1811 383 2071 445 RAPTU
2119 383 2560 455 WDUARUM,
2609 385 2779 446 ETC.

3506 391 3662 452 1026

254 519 585 576 formitates
609 517 797 590 infligi
831 532 844 572 :
878 516 963 572 ita
994 521 1060 573 ut
1088 517 1140 572 si
1171 517 1303 589 quis
1348 516 1458 573 hoc
1506 520 1904 588 praesumeret,
1933 517 1991 586 Α
2015 517 2189 571 Erunt
2214 517 2388 582 enim,
2421 514 2634 587 inquit,
2674 516 2780 573 duo
2827 520 2888 573 in
2934 534 3099 575 carne
3142 536 3259 574 una
3305 520 3512 589 (Matth.
3545 537 3663 593 nx,

252 608 521 680 ejusdem
539 605 690 662 servi
698 607 866 676 justa
877 604 1195 662 amissione
1207 605 1757 677 plecteretur,cujus
1778 604 1913 660 sub-

244 696 504 769 jectione
528 694 750 766 injuste
778 694 1004 750 abusus
1035 693 1264 750 fuisset.
1290 692 1473 749 Multo
1505 692 1702 749 minus
1724 692 1910 749 occidi

254 800 389 841 eum
422 782 694 857 permisit
736 780 961 855 privala
1007 781 1230 839 domini
1280 781 1374 837 sui
1422 781 1825 855 indignatione
1855 785 1913 838 et

254 874 450 933 furore
484 888 498 929 :
532 871 689 944 quod
720 871 770 928 si
800 870 1021 938 fecerit,
1055 875 1221 927 reatu
1241 870 1542 928 homicidii
1563 870 1913 927 condemna-

256 964 372 1028 tur,
424 959 655 1015 dicente
711 959 917 1016 eadem
963 958 1090 1031 lege
1124 976 1137 1015 :
1170 960 1284 1029 Qui
1325 960 1653 1031 percussa-it
1695 975 1914 1015 servum

254 1064 418 1104 suum
448 1047 531 1103 vel
560 1047 825 1102 ancillam
845 1049 1079 1116 virga,et
1094 1049 1302 1103 mortui
1328 1049 1540 1119 fuerint
1570 1049 1632 1102 in
1657 1048 1912 1103 manibus

254 1137 395 1209 ejus,
425 1136 681 1192 criminis
711 1151 835 1191 reus
865 1137 972 1191 erit
1000 1135 1192 1205 (Exod.
1223 1153 1338 1203 xm,
1368 1136 1483 1205 20).

328 1224 469 1280 CAP.
500 1223 597 1281 XI.
628 1224 791 1280 Hanc
813 1222 1027 1295 judicii
1058 1228 1116 1279 et
1138 1223 1386 1296 justitiae
1415 1223 1754 1298 aequitatem
1784 1224 1915 1280 bea-

258 1318 359 1373 tus
386 1312 497 1371 Job
528 1328 669 1386 erga
696 1311 984 1368 familiam
1017 1330 1208 1382 suam,
1241 1312 1420 1369 etiam
1468 1318 1783 1385 antequam
1822 1311 1914 1369 lex

258 1401 357 1458 illa
388 1418 492 1473 per
522 1401 758 1474 Moysen
788 1401 1045 1468 daretur,
1079 1401 1276 1457 divina
1319 1400 1704 1473 inspiratione
1727 1404 1784 1457 et
1810 1417 1913 1456 na-

256 1489 435 1548 turali
465 1490 930 1547 consideratione
969 1491 1258 1556 servabat,
1290 1491 1445 1547 sicut
1492 1491 1618 1564 ipse
1667 1494 1917 1547 testatur

259 1580 461 1635 dicens
484 1595 497 1632 :
519 1578 585 1635 Si
610 1580 908 1650 contempsi
932 1579 1118 1634 subire
1136 1578 1416 1652 judicium
1442 1596 1568 1635 cum
1595 1595 1744 1636 servo
1772 1594 1912 1645 meo,

256 1675 309 1725 et
334 1667 547 1723 ancilla
574 1683 716 1735 mea,
746 1683 873 1723 cum
901 1666 1265 1738 disceptarent
1304 1667 1593 1723 adversum
1638 1684 1743 1723 me.
1767 1666 1916 1738 Quid

255 1757 662 1827 cnim/“aciem,
695 1771 821 1812 cum
847 1757 1152 1813 surrexerit
1181 1756 1255 1813 ad
1271 1756 1637 1828 judicandum
1673 1757 1834 1821 Deus,
1866 1763 1919 1813 et

255 1861 384 1901 cum
437 1846 744 1917 quasina,
773 1844 908 1945 quid
965 1845 1290 1954 respondebo
1341 1846 1470 1903 illi?
1499 1844 1759 1917 Nunquid
1805 1861 1915 1901 non
1946 1887 1995 1954 Β

260 1936 321 1989 in
350 1941 504 1990 utero
529 1935 661 2004 fecit
685 1948 771 1988 me
797 1934 896 2005 qui
924 1941 974 1989 et
1005 1934 1166 1989 illum
1197 1943 1445 2007 operatus
1496 1943 1593 2001 est,
1627 1951 1692 1989 ac
1718 1937 1920 2005 forma-

261 2026 338 2079 vit
386 2039 472 2078 me
520 2025 579 2077 in
628 2023 793 2078 vulva
840 2025 1018 2078 unus?
1047 2024 1186 2091 (Job.
1219 2024 1624 2092 xxx1,13-15.)
1673 2024 1813 2078 lude
1860 2027 1918 2078 et

259 2110 455 2171 sancti
506 2111 707 2166 Patres
750 2112 959 2178 nostri,
994 2129 1097 2184 pro
1147 2112 1482 2167 istiusmodi
1532 2117 1719 2188 reatu,
1744 2112 1826 2167 ita
1856 2111 1915 2168 in

260 2201 446 2258 sacris
501 2199 826 2256 canonibus
883 2203 1220 2256 statuerunt
1263 2202 1481 2270 (eoncil.
1543 2202 1732 2271 Agath.
1792 2217 1912 2256 can.

259 2291 352 2361 62)
391 2305 404 2344 :
442 2312 464 2339 ιι
500 2289 560 2344 Si
592 2288 726 2360 quis
757 2305 987 2344 servum
1035 2289 1335 2361 proprium
1386 2289 1514 2346 sine
1561 2287 1919 2344 conscientia

256 2377 478 2450 judicis
499 2376 797 2445 occiderit,
819 2377 1423 2434 excommunicatione
1444 2377 1663 2434 biennii
1689 2376 1919 2432 effusio-

265 2483 401 2523 nem
434 2465 740 2539 sanguinis
768 2465 1043 2537 expiabit.
1078 2488 1106 2517 »
1142 2467 1288 2522 Nam
1310 2465 1532 2523 etliber
1561 2465 1921 2523 Ecclesiasti-

265 2573 371 2612 cus
403 2555 650 2627 loquens
678 2555 749 2611 de
771 2553 1087 2627 disciplina
1103 2554 1327 2610 domini
1349 2558 1407 2611 et
1425 2554 1572 2610 servi
1596 2554 1705 2611 hoc
1723 2554 1916 2626 ipsum

266 2643 611 2718 praescribit,
653 2643 854 2699 dicens
887 2660 901 2699 :
937 2644 1314 2699 Verumtamen
1357 2645 1478 2700 sine
1512 2643 1726 2715 judicio
1772 2642 1921 2697 nihil

265 2735 441 2805 facias
467 2748 633 2801 grave
662 2732 849 2804 (Eccli.
881 2749 1079 2798 xxxm,
1112 2732 1225 2800 30).
1261 2733 1330 2787 Et
1358 2732 1647 2804 praecipue
1675 2732 1918 2803 Aposto-

264 2821 360 2878 lus
405 2821 490 2877 ita
539 2820 836 2888 admonet,
880 2819 1080 2876 dicens
1113 2836 1127 2877 :
1160 2821 1400 2888 Domini,
1432 2819 1575 2892 quod
1611 2820 1823 2891 justum
1871 2826 1924 2874 et

264 2925 491 2983 equum
532 2910 705 2966 servis
751 2916 1028 2981 praestate,
1077 2910 1410 2965 remittentes
1454 2910 1658 2975 minas,
1696 2909 1922 2964 scientes

265 2998 410 3072 quod
437 3006 491 3055 et
518 3013 611 3055 vos
638 2997 925 3054 dominum
970 2996 1182 3054 habetis
1224 2998 1287 3053 in
1315 2998 1442 3053 calo
1471 2996 1609 3065 (Col.
1642 3013 1718 3065 1v,
1751 2996 1825 3069 1).
1860 2995 1919 3053 Si

266 3088 450 3161 igitur
502 3087 563 3144 in
619 3087 795 3145 domo
854 3085 1327 3165 uniuscujusque
1382 3084 1720 3154 Christiani,
1758 3088 1924 3142 tanta

266 3175 514 3250 aequitas
542 3180 602 3232 et
620 3174 853 3232 bonitas
877 3175 1055 3232 etiam
1079 3190 1218 3248 erga
1236 3173 1505 3232 servilem
1526 3173 1921 3231 conditionem

2016 605 2095 673 6),
2126 603 2292 660 addit
2348 603 2541 660 adhuc
2598 604 2933 676 Apostolus,
2989 606 3235 665 dicens:
3270 612 3405 678 Viri,
3453 611 3671 684 diligite

2018 710 2239 759 uxores,
2268 702 2321 750 et
2347 695 2518 751 nolite
2544 695 2728 750 amari
2750 711 2865 751 esse
2909 694 2979 750 ad
3020 697 3149 753 illas
3177 698 3314 765 (Col.
3348 716 3433 765 in,
3464 701 3572 773 19).
3605 701 3667 758 Si

2019 797 2156 854 ergo
2186 780 2295 836 viri
2325 797 2463 853 erga
2494 797 2702 838 uxores
2733 798 2873 838 suas
2902 797 3018 837 non
3050 782 3265 839 debent
3293 801 3422 841 esse
3458 786 3665 855 amari,

2020 872 2240 941 quanto
2286 870 2486 926 minus
2531 869 2686 937 saevi,
2717 869 3003 936 crudeles,
3035 871 3283 937 cruenti,
3314 871 3541 930 nullam
3582 875 3668 932 eis

2020 962 2318 1014 servantes
2335 957 2772 1031 legem,nullam
2795 958 3339 1027 rationem,nullum
3351 960 3667 1031 judicium,

2021 1046 2178 1117 quod
2208 1046 2385 1102 etiam
2416 1062 2554 1119 erga
2584 1063 2782 1104 servos
2813 1045 3144 1104 Christiana
3173 1046 3452 1120 religione
3480 1054 3671 1108 custo-

2022 1133 2303 1190 diendu'n
2324 1138 2415 1191 est
2444 1152 2456 1189 :
2484 1135 2587 1191 sed
2608 1151 2743 1190 mox
2764 1140 2830 1191 ut
2855 1134 2939 1192 eis
2960 1134 3673 1210 placuerit,indignatione

2021 1227 2082 1280 et
2109 1222 2305 1279 furore
2355 1223 2537 1296 impio
2584 1223 2880 1293 concitati,
2913 1228 3198 1296 tanquam
3245 1227 3318 1283 ad
3358 1226 3672 1285 macellum

2022 1310 2155 1367 illas
2188 1311 2397 1369 deduci
2424 1312 2643 1368 faciant
2669 1311 2998 1379 laniandas,
3029 1317 3087 1370 et
3115 1330 3386 1372 cocorum
3429 1333 3675 1374 suorum

2022 1398 2257 1474 gladiis,
2296 1416 2455 1456 more
2484 1416 2789 1456 vervecum
2822 1405 2999 1474 atque
3047 1418 3356 1473 porcorum
3394 1406 3673 1463 emactari

2023 1487 2477 1560 praecipiant,vel
2498 1487 2613 1560 ipsi
2635 1489 2813 1545 etiam
2838 1505 3017 1544 manu
3044 1492 3102 1545 et
3121 1507 3422 1548 mucrome
3441 1493 3675 1566 proprio

2022 1593 2122 1634 eas
2152 1575 2591 1645 truoidavcrint,
2616 1593 2989 1650 nequaquam
3009 1578 3356 1652 semetipsos
3383 1581 3458 1637 ad
3487 1581 3675 1639 imita-

2023 1664 2245 1721 tionem
2277 1666 2510 1722 Domini
2541 1666 2680 1723 Jesu
2728 1666 2945 1723 Christi
2994 1668 3291 1726 tradentes
3338 1686 3445 1742 pro
3472 1670 3578 1737 eis,
3611 1676 3677 1729 ut

2024 1753 2154 1809 illas
2186 1754 2552 1811 sanctificent
2584 1758 2639 1810 et
2661 1755 2966 1824 mundent,
2992 1756 3096 1811 sed
3117 1757 3315 1829 potius
3334 1758 3456 1815 zelo
3479 1759 3675 1817 libidi-

2027 1843 2120 1899 nis
2152 1860 2270 1898 sum
2304 1843 2462 1915 ipsas
2494 1842 2554 1898 in
2575 1847 2857 1900 internum
2882 1843 3368 1917 disperdentes,et
3390 1862 3451 1906 se
3472 1864 3675 1906 earum

2028 1931 2314 2005 sanguine
2344 1931 2522 2005 impie
2554 1931 2880 2006 polluentes
2905 1949 2917 1987 :
2952 1950 3087 1989 cum
3108 1934 3168 1990 in
3189 1935 3478 2005 ejusmodi
3499 1953 3677 1996 causa

2026 2026 2188 2076 tanto
2211 2020 2437 2092 justius
2469 2022 2923 2094 exspectandum
2955 2026 3111 2078 esset
3140 2022 3469 2096 legitimum
3509 2027 3676 2098 judi-

2026 2110 2205 2177 cium,
2241 2115 2464 2181 quanto
2496 2109 2726 2166 facilius
2758 2110 3011 2167 maritali
3037 2112 3157 2168 zelo
3179 2117 3369 2184 potest
3390 2120 3678 2188 perpetra-

2026 2199 2073 2253 ri
2107 2198 2509 2254 homicidium.

2096 2292 2229 2343 (lar.
2243 2286 2361 2342 XII.
2377 2287 2704 2343 Defendant
2724 2303 2786 2344 se
2808 2293 3099 2360 quantum
3122 2289 3325 2347 volunt
3345 2291 3444 2363 qui
3468 2292 3676 2364 hujus-

2027 2375 2186 2431 modi
2218 2379 2377 2444 sunt,
2410 2375 2529 2431 sive
2560 2392 2663 2446 per
2691 2375 2866 2449 leges,
2900 2377 2950 2433 si
2983 2376 3114 2432 ullae
3138 2382 3297 2446 sunt,
3322 2381 3676 2449 mundanas,

2028 2464 2146 2520 sive
2165 2482 2267 2536 per
2281 2464 2736 2522 consuetudines
2757 2466 3272 2535 humanas,tamen
3293 2469 3345 2526 si
3364 2470 3677 2527 Christiani

2029 2558 2188 2623 sunt,
2222 2553 2411 2609 sciant
2435 2571 2496 2609 se
2526 2552 2586 2609 in
2617 2554 2710 2610 die
2730 2555 2943 2626 judicii
2974 2572 3078 2613 nec
3108 2557 3409 2631 Romanis,
3432 2576 3539 2617 nec
3567 2561 3678 2617 Sa-

2029 2641 2178 2709 licis,
2209 2658 2315 2697 nec
2342 2642 2742 2708 Gundobadis,
2776 2644 2876 2700 sed
2910 2644 3124 2700 divinis
3152 2650 3210 2702 et
3239 2647 3575 2719 apostolicis
3594 2649 3679 2706 le-

2028 2730 2203 2803 gibus
2223 2731 2596 2801 judicandos.
2631 2733 2976 2804 Quanquam
3014 2733 3075 2789 in
3126 2751 3304 2806 regno
3350 2736 3677 2795 Christiano

2030 2818 2205 2876 etiam
2238 2818 2366 2890 ipas
2397 2818 2553 2892 leges
2576 2818 2844 2891 publicas
2865 2825 3127 2892 oporteat
3140 2838 3270 2878 esse
3289 2822 3674 2894 Christianas,

2030 2908 2439 2964 convenientes
2457 2906 2726 2964 videlicet
2743 2912 2801 2964 et
2820 2912 3209 2967 consonantes
3230 2910 3676 2969 Christianitati.

2031 2996 2146 3053 Lex
2176 3013 2430 3069 namque
2458 2996 2877 3069 omnipotentis
2899 2997 3001 3054 Dei
3019 2997 3079 3055 in
3093 3001 3212 3055 tres
3228 3000 3452 3072 species
3472 3000 3680 3059 dividit

2030 3084 2230 3141 omnia
2258 3102 2386 3157 quas
2414 3084 2684 3143 homines
2703 3085 2761 3142 in
2787 3086 3105 3144 mundanis
3125 3087 3304 3145 rebus
3322 3088 3559 3146 subdita
3579 3089 3681 3147 ha-

2029 3174 2166 3231 bere
2222 3173 2309 3231 vel
2371 3174 2670 3247 possidere
2730 3176 3021 3245 videntur,
3080 3193 3217 3234 cum
3278 3177 3339 3234 in
3406 3177 3679 3253 Decalogi

266 3265 558 3324 servanda
584 3268 676 3322 est
700 3264 854 3321 inter
882 3263 1190 3321 dominum
1212 3266 1269 3320 et
1288 3266 1770 3335 servum,quanto
1790 3278 1915 3317 ma-
1945 3251 1993 3323 (ἒ
2028 3264 2332 3338 praeceptis
2375 3264 2579 3322 definit
2606 3269 2664 3321 et
2692 3264 2834 3322 dicit
2866 3282 2880 3321 :
2911 3265 3031 3323 Non
3069 3264 3404 3324 desiderabis
3450 3251 3679 3324 uxorein

266 3355 359 3428 jor
376 3358 436 3411 et
459 3353 694 3411 uberior
722 3369 788 3410 ac
809 3352 1037 3426 plenior
1055 3352 1439 3409 custodienda
1458 3356 1551 3409 est
1569 3351 1723 3408 inter
1743 3350 1920 3407 mari-

265 3448 396 3500 tum
426 3447 485 3499 et
512 3442 933 3511 uxorem,inter
951 3441 1141 3497 virum
1163 3445 1221 3497 et
1241 3439 1729 3514 conjugem,inter
1749 3443 1924 3511 caput

267 3538 326 3590 et
355 3531 615 3606 corpus?
645 3530 931 3600 Quoniam
963 3530 1118 3587 sicut
1143 3528 1457 3603 Apostolus
1487 3530 1693 3586 docet:
1722 3529 1814 3585 Vir
1831 3544 1921 3584 ca-

262 3632 369 3696 put
393 3631 475 3681 est
499 3622 923 3693 mulieris,sicut
941 3620 1188 3676 Christus
1217 3628 1380 3691 caput
1406 3628 1484 3676 est
1502 3620 1777 3686 Ecclesiae,
1809 3619 1923 3689 ipse

265 3712 510 3769 salvator
535 3712 778 3783 corporis
805 3711 945 3782 ejus.
978 3709 1058 3765 Ita
1077 3716 1130 3765 et
1156 3710 1269 3765 viri
1292 3708 1484 3767 debent
1522 3708 1755 3779 diligere
1783 3723 1921 3763 uxo-

267 3819 353 3858 res
414 3818 545 3858 suas
604 3809 665 3856 ut
719 3816 950 3872 corpora
1004 3816 1105 3855 sua
1161 3799 1375 3870 (Ephes.
1403 3815 1463 3866 v,
1489 3799 1560 3854 23
1587 3806 1640 3854 et
1666 3799 1777 3867 28).
1813 3796 1920 3864 Qui

268 3906 441 3947 suam
473 3905 712 3947 uxorem
754 3887 963 3961 diligit,
996 3888 1259 3960 seipsum
1289 3886 1502 3961 diligit.
1534 3886 1715 3943 Nemo
1763 3885 1921 3942 enim

267 3996 533 4052 unquam
567 3996 802 4035 carnem
832 3994 1002 4036 suam
1042 3978 1174 4034 odio
1221 3976 1429 4034 habuit
1459 3993 1473 4032 :
1506 3993 1602 4033 sec
1653 3976 1839 4032 nutrit
1866 3979 1924 4031 et

267 4069 423 4124 fovet
452 4084 582 4124 eam
615 4068 771 4123 sicut
790 4071 846 4123 et
865 4066 1135 4123 Christus
1152 4064 1662 4122 Ecclesiam.Unde
1683 4080 1922 4121 rursum

266 4156 426 4212 idem
456 4154 768 4228 Apostolus
799 4155 940 4211 dicit
971 4172 984 4211 :
1025 4156 1158 4222 Viri,
1188 4155 1407 4224 diligite
1446 4169 1644 4211 uxores
1693 4160 1919 4220 vestras,

267 4246 413 4301 sicut
439 4253 493 4301 et
520 4244 761 4300 Christut
787 4244 985 4301 dilexit
1007 4245 1321 4311 Ecclesium,
1352 4251 1405 4299 et
1430 4244 1671 4315 seipsum
1697 4241 1926 4298 tradidit

262 4349 367 4406 pro
396 4350 481 4401 ea,
511 4341 575 4388 ut
611 4334 769 4389 illam
813 4335 1192 4404 sanctiﬁcaret,
1220 4332 1492 4389 mandans
1539 4348 1661 4388 eam
1708 4332 1922 4388 lavacro

266 4436 434 4495 aqua?
459 4423 521 4476 in
549 4422 710 4479 verbo
756 4422 942 4491 (ibid.,
976 4423 1089 4493 25).
1123 4421 1289 4478 Certe
1337 4420 1397 4477 in
1448 4420 1540 4477 his
1587 4418 1923 4493 apostolicis

264 4511 464 4568 verbis
494 4513 659 4567 tanta
688 4510 841 4567 inter
859 4510 1049 4566 virum
1072 4514 1130 4567 et
1152 4513 1473 4576 uxorem,et
1489 4514 1609 4566 tam
1630 4508 1925 4582 praecipua

267 4606 448 4673 atque
477 4597 764 4688 excellens
793 4598 1531 4688 dilectiorcommendatur,
1544 4597 1706 4688 salva
1725 4601 1919 4688 tamen
1953 4623 2001 4688 Ι)

267 4688 328 4744 in
362 4689 492 4761 ipso
522 4687 796 4760 conjugio
828 4687 1162 4761 praelatione
1189 4687 1296 4742 viri
1343 4690 1400 4744 et
1446 4686 1807 4759 subjectione
1838 4687 1920 4743 fe-

267 4778 468 4844 minae,
500 4781 568 4832 ut
595 4775 699 4833 illa
728 4776 1139 4849 conjunctione
1170 4774 1350 4833 semel
1382 4793 1416 4832 a
1449 4777 1559 4831 Deo
1580 4775 1852 4831 instituta
1869 4779 1928 4831 ct

265 4864 530 4938 legitime
559 4864 870 4922 conciliata
889 4866 1078 4936 major
1092 4881 1219 4921 esse
1236 4881 1342 4920 nec
1359 4864 1696 4931 debeat,uec
1716 4863 1922 4937 possit.

269 4954 423 5021 Quid
449 4953 609 5010 enim
635 4953 1236 5026 venerabilius,quam
1257 4958 1322 5009 ut
1341 4952 1681 5025 conjugium
1708 4958 1923 5026 myste-

268 5043 429 5098 rium
460 5042 539 5099 sit
558 5042 776 5100 Christi
796 5047 854 5101 et
872 5041 1139 5099 Ecclesiae
1155 5043 1183 5099 ?
1203 5041 1344 5116 quid
1367 5042 1836 5114 sanctius,quam
1859 5045 1927 5098 ut

270 5131 358 5188 sic
388 5131 641 5205 diligant
666 5131 777 5188 viri
808 5150 1018 5190 uxores
1049 5150 1209 5200 suas,
1242 5132 1396 5189 sicut
1424 5130 1691 5188 Christus
1723 5129 1927 5187 dilexit

268 5218 618 5291 Ecclesiam,
648 5222 888 5279 tradens
918 5221 1180 5294 seipsum
1212 5239 1315 5295 pro
1344 5238 1434 5291 ea,
1457 5225 1523 5276 ut
1551 5220 1735 5276 illlam
1757 5235 1924 5276 sanc-

268 5308 522 5371 tiﬁcaret
551 5314 728 5383 atque
759 5310 1115 5367 mundaret?
1146 5311 1294 5375 Quid
1325 5309 1563 5367 charius
1592 5313 1767 5381 atque
1795 5324 1927 5365 con-

260 5397 747 5473 iunctius,un
778 5404 843 5456 ut
863 5398 951 5455 vir
974 5402 1153 5472 caput
1173 5398 1250 5454 sit
1271 5397 1720 5465 mulieris,sicut
1735 5396 1924 5454 Chris-

267 5489 373 5543 tus
398 5492 579 5561 caput
605 5493 697 5546 est
725 5488 1017 5556 Ecclesia,
1050 5487 1174 5561 ipse
1204 5485 1459 5545 salvator
1486 5487 1787 5560 corporis?
1814 5486 1924 5555 Qui

266 5573 451 5633 etiam
479 5574 542 5637 in
570 5576 881 5650 Evangelio
911 5577 982 5635 de
1004 5576 1113 5634 hac
1131 5574 1390 5648 conjugii
1412 5575 1627 5632 unione
1651 5579 1921 5646 testatur,

268 5663 477 5729 dicens
506 5683 526 5724 :
554 5668 740 5744 [atque
778 5666 901 5742 jam
952 5682 1066 5727 non
1115 5673 1245 5726 sunt
1298 5663 1429 5737 duo,
1455 5665 1550 5727 sed
1602 5683 1717 5729 una
1773 5680 1919 5729 caro.

2025 3355 2275 3425 proximi
2302 3355 2405 3419 tui,
2437 3369 2550 3410 non
2575 3370 2813 3422 servum,
2840 3370 2949 3412 non
2997 3354 3282 3423 ancillam,
3311 3372 3425 3413 non
3473 3356 3677 3425 bovem,

2029 3458 2138 3499 non
2169 3459 2337 3510 ovem,
2369 3460 2482 3500 non
2519 3446 2757 3512 asinum,
2788 3460 2900 3500 non
2945 3447 3130 3501 omnia
3176 3460 3303 3517 quae
3349 3446 3505 3502 illius
3550 3454 3683 3503 sunt

2031 3533 2221 3604 (Exod.
2253 3549 2347 3597 xx,
2384 3534 2491 3602 17).
2526 3533 2590 3589 In
2623 3532 2839 3605 quibus
2867 3532 3058 3590 verbis
3108 3533 3235 3591 sine
3283 3535 3462 3592 dubio
3510 3534 3680 3591 aliter

2032 3620 2456 3678 consideranda
2508 3626 2602 3678 est
2648 3621 2907 3695 dignitas
2948 3622 3169 3688 uxoris,
3214 3621 3383 3679 aliter
3421 3623 3679 3680 conditio

2032 3726 2332 3767 servorum
2362 3714 2421 3766 et
2450 3709 2818 3778 ancillarum,
2851 3714 2909 3767 et
2935 3709 3104 3767 aliter
3131 3710 3323 3767 vilitas
3369 3712 3678 3769 brutorum

2031 3798 2399 3867 animalium,
2422 3797 2540 3855 sive
2570 3798 3005 3856 insensibilium
3027 3803 3310 3868 rerum,et
3328 3800 3458 3856 ideo
3480 3801 3682 3857 omnia

2031 3887 2144 3946 ista
2172 3888 2298 3944 suis
2328 3887 2499 3944 metis
2520 3888 2977 3957 tractanda,suis
2996 3888 3279 3961 gradibus
3297 3889 3683 3947 discernenda

2031 3993 2098 4032 ac
2127 3976 2438 4033 dividenda
2468 3980 2626 4032 sunt.
2661 3977 2791 4033 Haec
2821 3976 3073 4034 dicimus
3103 3982 3170 4034 ut
3186 3979 3557 4036 considerent
3578 3978 3683 4052 qui

2030 4065 2316 4136 ejusmedi
2348 4067 2506 4133 sunt,
2538 4063 2799 4121 viliorem
2831 4066 2984 4137 apud
3019 4082 3081 4121 se
3109 4082 3238 4122 esse
3285 4067 3678 4124 conditionem

2034 4170 2277 4209 uxorum
2309 4168 2487 4225 quam
2520 4152 2903 4208 servulorum.
2929 4154 2999 4208 Et
3019 4153 3089 4210 de
3110 4170 3273 4211 servo
3294 4154 3515 4227 absque
3535 4171 3680 4211 con-

2030 4239 2273 4298 scientia
2294 4238 2516 4312 judicis
2544 4238 2737 4295 occiso
2768 4237 3044 4294 dominus
3071 4239 3202 4309 ejus
3221 4238 3521 4295 homicidii
3543 4255 3680 4297 reus

2028 4328 2242 4398 existit,
2278 4344 2382 4385 nec
2412 4326 2758 4385 effusionem
2789 4326 3097 4399 sanguinis
3127 4326 3240 4384 nisi
3266 4343 3370 4400 per
3388 4327 3680 4399 pceniten-

2028 4419 2172 4476 tiam
2203 4420 2394 4492 potest
2429 4416 2679 4489 expiare,
2710 4415 2857 4488 quid
2905 4416 2977 4472 de
3022 4416 3271 4488 conjuge
3318 4416 3678 4473 studendum

2030 4507 2241 4576 sit.Qui
2274 4507 2452 4564 etiam
2485 4521 2672 4578 usque
2700 4506 2773 4561 ad
2795 4507 3018 4561 tantam
3039 4501 3354 4560 stultitiam
3375 4506 3432 4560 et
3452 4504 3677 4562 caecita-

2029 4602 2147 4655 tem
2172 4598 2653 4670 prorumpunt,ut
2665 4611 2764 4650 eas
2782 4609 2929 4665 quas
2944 4591 3004 4648 in
3021 4592 3230 4665 primis
3250 4596 3455 4649 contra
3475 4611 3679 4652 omnes
3726 4640 3729 4641 ν

2032 4693 2089 4745 et
2116 4687 2342 4743 divinas
2373 4690 2431 4740 et
2459 4685 2749 4740 humanas
2780 4683 2957 4754 leges,
2989 4685 3046 4737 et
3073 4685 3275 4737 contra
3321 4681 3509 4754 ipsius
3538 4685 3680 4756 jura

2033 4774 2417 4832 humanitatis
2447 4791 2549 4845 per
2571 4772 2908 4828 violentiam
2932 4775 2991 4827 et
3020 4774 3252 4843 raptum
3284 4770 3397 4827 sibi
3427 4775 3677 4845 conjun-

2033 4870 2200 4939 gunt,
2232 4863 2321 4919 vel
2352 4863 2529 4918 etiam
2555 4878 2623 4918 cx
2648 4860 3006 4934 professione
3035 4864 3092 4915 et
3120 4860 3327 4917 habitu
3363 4861 3677 4918 sanctimo-

2033 4951 2172 5008 niali
2191 4949 2474 5023 sacrilega
2487 4948 2786 5022 impietate
2801 4949 3229 5006 commaculare
3246 4967 3361 5006 non
3384 4952 3676 5012 metuunt,

2032 5046 2234 5114 postea
2286 5037 2587 5095 blanditiis
2640 5036 2934 5105 delinitas,
2966 5042 3025 5096 et
3075 5038 3416 5111 parentibus
3473 5052 3676 5093 earum

2034 5129 2365 5195 artiﬁciosa,
2399 5126 2517 5183 imo
2574 5125 2967 5200 ignominiosa
3016 5127 3352 5184 adulatione
3406 5123 3674 5197 placatis,

2033 5220 2241 5291 putant
2253 5233 2314 5273 se
2325 5220 2384 5272 et
2396 5215 2660 5273 divinum
2674 5220 2732 5272 et
2752 5215 3079 5274 humanum
3097 5213 3384 5285 evasissej
3393 5211 3675 5282 udicium,

2033 5311 2091 5363 et
2120 5310 2241 5362 tam
2272 5304 2545 5361 illicitum
2572 5309 2751 5378 atque
2782 5306 3050 5378 iniquum
3099 5300 3548 5361 contubernium
3572 5318 3677 5358 vo-

2030 5396 2163 5453 lunt
2180 5394 2358 5452 videri
2375 5394 2532 5452 velut
2547 5382 2874 5467 legitimum
2896 5398 2955 5450 et
2973 5395 3286 5450 honestum
3310 5389 3674 5464 conjugium,

2032 5502 2166 5544 cum
2196 5484 2352 5542 sicut
2374 5485 2501 5557 jam
2533 5500 2714 5556 supra
2740 5487 3042 5540 ostensum
3071 5483 3243 5552 est,et
3269 5478 3518 5537 feminas
3548 5496 3676 5553 qua

2031 5575 2368 5649 raptoribus
2391 5574 2516 5633 suis
2545 5588 2898 5632 consensum
2930 5568 3301 5644 praebuerint,
3323 5573 3384 5627 et
3406 5573 3678 5643 parentes

2029 5681 2255 5741 earum,
2286 5665 2406 5728 nisi
2433 5658 2892 5726 reclamaverint.
2921 5658 3099 5721 etiam
3117 5660 3371 5740 antiqua
3392 5659 3685 5723 Romanm
