3976 6188
361 378 514 440 1027

1136 376 1517 438 HINCMARI
1565 376 1807 437 RHEM.
1851 371 2215 435 ARCHIEP.
2260 374 2668 438 OPUSCULA
2714 376 2979 437 VARIA.

3602 378 3765 439 1028

356 524 486 565 rum
517 508 674 581 leges
703 507 828 580 pari
862 508 1163 564 severitate
1180 498 1450 580 ju'dicent
1471 508 1882 581 puniendos,et
1901 521 2004 578 per
2027 506 2084 573 Α
2113 503 2440 576 legitimum
2473 521 2602 562 esse
2632 506 3150 579 conjugium,sicut
3178 512 3237 563 et
3261 508 3321 563 in
3350 513 3607 564 extremo
3627 509 3762 566 vita

354 597 815 655 ecclesiasticum
838 597 1154 670 judicium,
1188 597 1525 670 quicunque
1544 595 1834 668 ejusmodi
1858 594 1995 664 sint,

350 687 439 743 vel
469 703 658 759 usque
688 688 761 743 ad
793 686 1220 759 separationem
1259 685 1849 744 excommunicandos
1880 684 1999 740 sive

351 776 953 839 anathematizandos,
973 773 1064 832 vel
1093 774 1269 833 etiam
1303 779 1436 848 post
1465 772 1892 847 separationem
1922 772 1996 828 ab

350 866 511 922 omni
543 868 783 939 aspectu
813 863 1047 937 publico
1077 865 1379 933 arcendos,
1411 867 1468 919 et
1491 878 1681 934 usque
1717 862 1791 917 ad
1839 860 1996 917 diem

349 954 559 1011 mortis
576 954 688 1010 sub
705 951 1384 1025 arctissimapcenitentia
1397 951 1458 1007 in
1478 951 1775 1025 ergastula
1787 950 1997 1022 jubeat

348 1042 870 1099 contradendos.ln
890 1045 1120 1097 tantum
1142 1042 1208 1096 ut
1237 1039 1467 1096 etiamsi
1496 1039 1705 1095 timore
1737 1038 1998 1112 publica-

347 1148 481 1189 rum
511 1147 706 1188 rerum
738 1132 809 1188 ad
841 1130 1158 1186 Ecclesiam
1185 1132 1385 1202 raptor
1409 1144 1545 1185 cum
1577 1132 1746 1201 rapta
1790 1127 1993 1183 confu-

345 1220 515 1294 gerit,
547 1220 676 1293 ipsa
713 1218 951 1292 quidem
999 1234 1125 1290 quae
1171 1215 1506 1273 violentiam
1554 1233 1831 1291 perpessa
1880 1220 1989 1286 est,

343 1309 665 1366 intercessu
723 1306 988 1364 Ecclesiae
1040 1310 1317 1363 excusata
1371 1306 1714 1379 parentibus
1762 1307 1992 1362 restitui

336 1398 634 1470 jubeatur,
666 1400 862 1468 raptor
884 1412 1040 1464 vero,
1073 1395 1214 1468 quia
1251 1395 1559 1451 manifeste
1604 1394 1723 1450 vim
1769 1394 1989 1464 intulit,

344 1485 617 1543 similiter
643 1486 716 1542 ob
764 1485 1147 1541 reverentiam
1197 1484 1536 1552 sanctuarii,
1569 1483 1766 1557 legum
1797 1483 1993 1557 impu-

344 1575 524 1631 nitate
555 1572 851 1641 concessa,
876 1573 936 1628 in
959 1573 1297 1630 servitutem
1330 1576 1639 1647 parentum
1660 1574 1789 1645 ejus
1812 1589 1991 1644 quam

278 1668 283 1675 '
341 1662 538 1736 rapuit
564 1663 884 1737 redigatur,
916 1662 1030 1719 nisi
1062 1662 1211 1720 forte
1236 1661 1323 1718 illi
1349 1666 1414 1718 ut
1451 1679 1513 1719 se
1560 1661 1813 1718 redimat
1854 1678 1991 1718 con-

341 1753 606 1809 cedatur.

410 1844 543 1897 CAP.
577 1841 725 1898 ΧΙΙΙ.
758 1841 924 1897 Nunc
955 1845 1174 1908 autem,
1208 1840 1302 1897 his
1333 1840 1610 1896 omnibus
1631 1843 1688 1895 et
1707 1838 1920 1895 divinis
1936 1841 1993 1895 et

339 1929 618 1986 humanis
636 1928 864 2002 legibus
876 1928 1228 2001 contemptis
1240 1932 1416 2002 atque
1428 1928 1991 2000 calcatis,publicam

340 2016 445 2091 per
462 2035 560 2075 eos
580 2008 843 2075 Ecclesia
862 2017 1693 2092 impugnationem,publicam
1713 2017 1991 2089 injuriam

338 2112 397 2163 et
426 2106 856 2163 contumaciam
884 2108 1104 2179 patitur
1136 2124 1148 2163 :
1182 2107 1243 2163 in
1264 2110 1495 2163 tantum
1526 2111 1593 2162 ut
1612 2105 1789 2162 etiam
1809 2122 1993 2163 sacer-

340 2196 577 2252 dotibus
606 2195 751 2265 suis,
784 2200 906 2252 tam
940 2196 1142 2269 iniqua
1163 2200 1219 2252 et
1251 2197 1482 2252 funesta
1523 2195 1988 2268 prohibentibus,

339 2285 588 2341 insidias
617 2285 831 2353 moliri,
847 2289 902 2340 et
924 2285 1239 2341 seditiones
1260 2284 1549 2341 concitare
1570 2300 1686 2340 non
1706 2287 1987 2339 metuant.

341 2375 504 2440 Quod
534 2373 582 2430 si
618 2374 753 2447 quis
784 2377 904 2429 tam
937 2373 1183 2429 insanus
1203 2380 1311 2441 est,
1337 2376 1403 2427 ut
1421 2372 1581 2429 istud
1603 2372 1911 2444 profanum
1935 2376 1992 2428 et

337 2461 658 2518 violentum
672 2461 1122 2518 contubernium
1139 2462 1192 2517 id
1201 2460 1352 2517 circo
1366 2459 1872 2534 putetlegitimum
1889 2461 1989 2517 fie-

338 2553 386 2608 ri
406 2568 577 2625 posse
598 2551 1107 2625 conjugium,quia
1122 2549 1301 2606 David
1324 2566 1517 2623 regem
1541 2550 1765 2622 justum
1787 2553 1844 2606 et
1863 2566 1991 2605 san-

339 2645 520 2710 ctum,
555 2641 657 2696 sed
687 2639 747 2695 in
777 2639 1136 2713 quibusdam
1186 2644 1252 2695 ut
1297 2639 1593 2696 hominem
1644 2638 1988 2712 delinquen-

340 2733 481 2798 tem,
511 2729 816 2802 Scriptura
846 2728 1021 2785 refert
1067 2744 1306 2785 uxorem
1358 2728 1504 2784 Uria:
1555 2727 1774 2783 Hethzei
1821 2726 1989 2783 adul-

339 2823 583 2887 terasse,
617 2823 676 2875 et
705 2823 906 2891 postea
952 2817 1082 2891 ipso
1121 2817 1259 2873 Uria
1302 2816 1615 2873 crudeliter
1660 2816 1985 2884 interfecto,

339 2907 517 2964 etiam
548 2907 609 2962 in
639 2906 982 2981 conjugium
1013 2906 1340 2979 sumpsisse
1361 2906 1434 2979 (II
1450 2907 1577 2975 Reg.
1599 2905 1702 2977 χι),
1725 2906 1991 2961 attendat

342 3012 520 3070 quam
551 2996 803 3070 graviter
828 2999 887 3052 et
914 2993 1253 3051 terribiliter
1281 2994 1653 3066 omnipotens
1693 2992 1847 3049 Deus
1878 2992 1988 3049 hoc

338 3089 527 3141 totum
560 3101 663 3159 per
688 3084 1036 3158 prophetam
1061 3099 1236 3139 suum
1267 3080 1667 3155 increpaverit,
1691 3081 1987 3154 improba-

2108 611 2227 649 sua:
2258 599 2538 666 tempore,
2573 596 2723 650 mira
2753 600 2808 652 et
2838 595 3077 668 speciali
3115 596 3349 665 virtute,
3381 597 3599 671 Abisag
3647 599 3762 655 Su-

2106 682 2451 739 namitidem
2481 683 2976 756 speciosissimam
3005 685 3313 759 virginem,
3348 690 3407 743 et
3431 703 3501 742 ex
3528 687 3763 745 cunctis

2105 771 2324 829 ﬁnibus
2364 772 2527 847 regni
2578 772 2755 829 Israel
2801 773 3067 841 electam,
3100 774 3309 830 habuit
3361 774 3474 832 sibi
3523 775 3762 833 assidue

2105 860 2564 930 ministrantem,
2591 864 2651 918 et
2687 878 2887 918 secum
2936 862 3173 920 assidue
3218 863 3533 920 cubantem
3584 869 3763 938 atque

2104 949 2517 1020 dormientem,
2546 967 2725 1024 quam
2753 955 2950 1009 tamen
3001 967 3307 1025 nunquam
3358 953 3631 1027 cognovit
3661 953 3768 1027 (ιιι

2102 1038 2229 1110 Reg.
2262 1038 2324 1112 ι).

2176 1127 2313 1183 Car.
2345 1128 2491 1184 XIV.
2525 1129 2655 1185 Haec
2684 1146 2820 1203 ergo
2849 1129 2937 1186 vel
2976 1130 3061 1187 ita
3106 1130 3454 1188 admiranda
3497 1136 3665 1200 sunt,
3698 1135 3766 1189 ut

2099 1215 2334 1288 penitus
2364 1233 2481 1273 non
2513 1219 2743 1291 possint
2769 1235 2898 1276 esse
2927 1218 3234 1287 imitanda,
3267 1220 3357 1277 vel
3387 1220 3470 1277 ita
3496 1220 3585 1276 illi
3615 1224 3764 1280 tem-

2102 1304 2230 1378 pori
2250 1306 2515 1362 Mosaicae
2541 1307 2687 1381 legis
2717 1324 3014 1376 concessa,
3049 1312 3116 1364 ut
3144 1309 3487 1366 adveniente
3521 1309 3762 1367 Domini

2101 1397 2161 1449 et
2189 1394 2505 1451 Salvatoris
2533 1395 2720 1453 nostri
2750 1396 3082 1470 evangelica
3110 1398 3319 1471 gratia,
3351 1397 3475 1454 sint
3518 1399 3761 1472 penitus

2101 1484 2469 1554 removenda,
2498 1483 2587 1541 vel
2615 1484 2921 1557 quoniam,
2945 1486 3101 1542 sicut
3126 1485 3444 1560 Apostolus
3471 1486 3766 1559 dicit,om-

2100 1570 2201 1627 nia
2230 1572 2352 1628 haac
2383 1572 2443 1628 in
2474 1573 2665 1646 figura
2708 1574 3127 1648 contingebant
3170 1574 3289 1631 illis
3319 1578 3370 1646 (ι
3403 1575 3526 1633 Cor.
3558 1578 3640 1649 ι),
3672 1578 3762 1633 di-

2100 1661 2252 1718 vinis
2282 1662 2404 1718 sint
2432 1662 2725 1736 mysteriis
2771 1663 3142 1737 applicanda.
3176 1667 3525 1738 Quanquam
3561 1666 3613 1724 si
3644 1683 3762 1724 non

2100 1749 2496 1823 praecessisset
2516 1750 2577 1807 in
2600 1750 2702 1808 illa
2722 1752 2967 1810 muliere
2987 1753 3479 1822 adulterium,nec
3497 1752 3607 1811 viri
3630 1756 3759 1827 ejus

2101 1839 2424 1896 interfectio
2447 1840 2656 1897 fuisset
2675 1842 3115 1915 adjuncta,quis
3136 1859 3253 1899 non
3274 1842 3471 1900 videat
3495 1845 3761 1918 potuisse

2101 1944 2253 1999 eam,
2285 1931 2515 1984 mortuo
2544 1928 2669 1984 viro
2700 1927 2956 2001 proprio,
2991 1932 3046 1985 et
3077 1929 3274 1986 debita
3296 1922 3425 2002 jam
3456 1929 3769 1987 curatione

2102 2016 2521 2090 deplorato,cui
2549 2016 2720 2073 vellet
2747 2017 2991 2075 honesto
3020 2022 3078 2074 et
3096 2018 3357 2091 legitimo
3380 2019 3758 2077 matrimonio

2102 2105 2361 2178 copulari
2383 2124 2397 2175 ;
2432 2106 2542 2162 Sed
2575 2110 2633 2161 et
2655 2107 2981 2179 regem,qui
3003 2124 3106 2181 pro
3127 2106 3459 2164 conditione
3479 2108 3760 2181 temporis

2100 2194 2259 2251 illius
2291 2212 2406 2251 non
2439 2194 2861 2267 prohibebatur
2890 2195 3090 2268 plures
3127 2196 3342 2253 habere
3390 2214 3627 2269 uxores,
3658 2214 3756 2271 po-

2099 2284 2285 2340 tuisse
2300 2284 2558 2357 legitimc
2575 2284 2837 2356 accipere
2859 2284 3173 2357 cujuslibet
3189 2286 3445 2342 defuncti
3470 2284 3755 2343 uxorem?

2101 2371 2250 2428 Illud
2281 2389 2414 2428 vero
2444 2373 2504 2427 in
2536 2373 2718 2446 gestis
2748 2374 2878 2445 ejus
2908 2373 3289 2447 magnificum
3319 2380 3378 2431 et
3405 2374 3577 2431 valde
3619 2374 3755 2431 imi-

2099 2461 2346 2517 tandum
2378 2460 2575 2529 claret,
2608 2462 2765 2534 quod
2796 2479 3005 2519 uxores
3038 2463 3157 2520 sive
3186 2463 3571 2527 concubinas,
3609 2480 3756 2536 quas

2098 2550 2329 2624 fugiens
2358 2544 2671 2623 reliquerat
2699 2551 2771 2606 ad
2803 2551 3248 2608 custodiendam
3279 2553 3548 2619 domum,
3570 2569 3608 2608 a
3637 2553 3754 2609 filio

2097 2639 2279 2712 impio
2307 2639 2622 2695 incestatas
2666 2643 2842 2712 atque
2891 2639 3145 2713 pollutas
3188 2640 3260 2714 (11
3288 2642 3417 2711 Reg.
3448 2646 3569 2709 xvi)
3600 2659 3752 2698 nun-

2097 2746 2275 2801 quam
2306 2727 2553 2785 ulterius
2584 2729 2947 2801 agnovit,sed
2977 2734 3259 2802 tanquam
3289 2731 3409 2785 vim
3440 2747 3753 2804 perpessas

2098 2817 2244 2873 aluit
2272 2833 2371 2873 eas
2401 2819 2810 2878 tantummodo
2842 2817 3177 2887 clementer,
3210 2823 3268 2874 et
3298 2818 3434 2874 fecit
3460 2835 3565 2875 eas
3595 2819 3755 2875 babi-

2096 2909 2218 2962 tarc
2239 2904 2470 2962 clausas
2492 2922 2678 2977 usque
2699 2906 2770 2960 ad
2804 2906 2959 2962 diem
2988 2907 3195 2963 mortis
3221 2923 3341 2963 sua:
3374 2908 3433 2962 in
3465 2907 3753 2963 viduitate

2092 2993 2491 3051 viventes.Sed
2512 2998 2569 3051 et
2589 2993 2735 3050 illud
2758 3010 3129 3067 nequaquam
3154 2995 3427 3051 abhorret
3451 2997 3528 3053 ab
3549 2998 3751 3053 ordine

2096 3087 2153 3140 et
2180 3083 2551 3140 observantia
2598 3082 2918 3157 religionis,
2952 3100 3087 3139 cum
3136 3084 3328 3141 adhuc
3375 3090 3655 3159 regnaret
3691 3087 3751 3141 in

338 3174 432 3246 rit,
466 3178 642 3247 atque
671 3172 1053 3240 damnaverit,
1088 3172 1288 3228 dicens
1320 3187 1333 3225 :
1371 3171 1558 3228 Uriam
1584 3169 1865 3227 [lethaeum
1895 3185 1988 3227 oc-
2032 3243 2059 3247 ,Α
2097 3173 2326 3229 Hebron
2357 3189 2533 3245 super
2551 3172 2772 3230 tribum
2794 3173 2949 3230 Juda
2966 3174 3462 3244 tantummodo,ct
3484 3174 3751 3231 Isboseth

336 3243 563 3331 eid—isti;
574 3270 626 3318 et
652 3277 881 3318 mrem
917 3261 1074 3316 illius
1102 3260 1357 3332 accepisti
1400 3274 1648 3329 uxorem,
1679 3266 1732 3314 et
1757 3261 1988 3331 interfe-
2017 3243 2062 3313 C
2098 3261 2256 3318 filius
2285 3243 2740 3319 Saulvobtineret
2768 3278 3016 3336 regnum
3044 3252 3246 3333 Israel,
3271 3262 3435 3319 misit
3460 3264 3535 3317 ad
3559 3265 3754 3321 Abner

336 3353 461 3407 cisti
486 3367 614 3406 eum
641 3349 827 3418 gladio
850 3349 1096 3420 ﬁliorum
1126 3347 1742 3418 Amm.Quamobrem
1766 3364 1877 3405 non
1906 3365 1989 3406 re-

337 3439 482 3494 cedet
508 3436 723 3509 gladius
750 3437 817 3493 de
842 3437 998 3493 domo
1029 3445 1125 3493 tua
1161 3453 1331 3509 usque
1380 3439 1443 3492 in
1490 3438 1900 3509 sempiternum,
1927 3455 1987 3495 eo

336 3526 477 3598 quod
505 3526 814 3598 despexeris
841 3534 1019 3589 me.et
1046 3526 1241 3582 tuleris
1284 3543 1511 3583 uxorem
1561 3527 1710 3583 Uriaz
1754 3527 1984 3597 Hem,

334 3623 397 3671 ut
423 3623 559 3672 esset
587 3631 730 3671 uxor
758 3623 855 3672 tua
880 3615 955 3686 (II
980 3616 1108 3685 Reg.
1140 3633 1243 3684 xu,
1273 3616 1328 3685 9,
1358 3615 1467 3685 40).
1501 3616 1572 3670 Et
1599 3614 1836 3688 quidem
1868 3621 1986 3673 sta-

335 3704 443 3760 tim
468 3703 553 3760 illi
587 3703 703 3760 alto
733 3703 933 3761 dolore
961 3708 1332 3777 compuncto,
1366 3708 1423 3759 et
1461 3702 1763 3776 pmnitenti
1813 3708 1986 3777 atque

335 3793 642 3849 humiliter
670 3793 995 3859 confitenti,
1016 3796 1190 3848 tantae
1214 3791 1539 3863 iniquitatis
1560 3795 1755 3847 reatus
1780 3792 1984 3850 dimis-

337 3898 440 3937 sus
470 3885 577 3936 est.
609 3881 705 3935 Ait
733 3896 987 3953 namque
1014 3880 1168 3936 brevi
1200 3896 1490 3944 sermone,
1520 3895 1733 3952 magno
1760 3884 1819 3936 et
1847 3898 1984 3954 pro—

336 3970 519 4025 fundo
551 3968 746 4025 cordis
777 3969 999 4042 gemitu
1024 3986 1036 4024 :
1060 3970 1288 4025 Peccavi
1310 3970 1562 4037 Domino,
1587 3974 1645 4024 et
1669 3969 1867 4026 statim
1890 3987 1986 4027 au-

337 4058 462 4115 dire
493 4058 711 4115 meruit
742 4075 845 4132 per
872 4059 1214 4132 prophetam
1241 4076 1253 4114 :
1278 4060 1542 4115 Dominus
1573 4075 1782 4132 quoque
1811 4069 1987 4117 trans-

335 4147 463 4203 tulit
503 4156 784 4221 peccatum
839 4156 1012 4214 tuum,
1058 4164 1170 4204 non
1216 4150 1469 4205 morieris
1517 4149 1697 4222 (ibid.,
1735 4150 1840 4221 13).
1873 4150 1983 4207 Ve-

334 4232 666 4293 rumtamen
697 4236 781 4293 sic
811 4234 862 4292 ei
905 4235 1219 4292 dimissum
1265 4242 1355 4293 est
1400 4241 1725 4309 peccatum,
1758 4242 1824 4294 ut
1866 4255 1982 4295 non

333 4328 605 4382 evaderet
635 4324 955 4399 temporale
986 4325 1281 4400 flagellum
1305 4327 1459 4399 quod
1483 4326 1535 4381 ei
1558 4327 1745 4383 fuerat
1766 4329 1986 4384 denun-

333 4414 568 4470 tiatum.
599 4415 746 4471 Nam
766 4419 825 4471 et
844 4414 1128 4487 ﬁlius,qui
1153 4415 1360 4471 exinde
1381 4418 1556 4471 natus
1576 4416 1982 4483 fuerat,confe-

334 4502 472 4558 stim
496 4503 690 4558 divino
703 4503 930 4575 judicio
960 4519 1276 4575 percussus
1300 4506 1389 4558 est
1409 4507 1466 4559 et
1486 4508 1839 4573 mortuus,et
1857 4505 1983 4577 ipse

334 4595 535 4680 postea
591 4592 953 4680 gravissimis
1010 4592 1511 4661 tribulationibus,
1572 4598 1630 4648 et
1677 4594 1838 4667 regni
1888 4593 1981 4650 sui
2013 4615 2059 4680 Ι)

334 4678 648 4735 amissione
677 4695 781 4751 per
808 4679 997 4736 ﬁlium
1031 4698 1206 4737 suum
1236 4681 1490 4737 Absalon
1521 4682 1602 4738 ita
1621 4682 1875 4739 afflictus
1894 4687 1984 4738 est

333 4770 391 4822 et
416 4769 675 4835 vexatus,
711 4784 776 4823 ac
804 4767 963 4824 velut
989 4768 1048 4823 in
1082 4770 1315 4826 fornace
1339 4769 1493 4843 ignis
1515 4774 1787 4826 excoctus
1808 4774 1982 4843 atque

332 4857 639 4928 purgatus,
674 4859 741 4910 ut
780 4873 912 4913 vere
961 4856 1086 4913 sola
1129 4858 1325 4913 divina
1371 4858 1680 4914 clementia
1727 4860 1980 4916 evasisse

330 4943 617 4999 videatur.
651 4945 813 5011 Quod
868 4950 1066 5002 autem
1119 4947 1457 5020 conjugium
1497 4947 1664 5019 illud,
1697 4952 1818 5005 tam
1848 4965 1981 5023 gra-

331 5032 478 5089 viter
506 5032 873 5106 increpatum
896 5039 953 5090 et
974 5034 1577 5108 improbatum,atque
1597 5036 1978 5111 ﬂagellatum,

333 5122 414 5177 ita
445 5138 681 5179 manere
712 5123 1067 5195 permissum
1098 5128 1205 5192 est,
1237 5126 1546 5182 manifeste
1591 5144 1707 5182 non
1738 5131 1828 5183 est
1858 5127 1981 5182 cui-

334 5226 513 5283 quam
544 5211 617 5268 ad
648 5211 1003 5268 imitandum
1035 5213 1423 5286 propositum,
1457 5218 1524 5269 ut
1551 5213 1797 5286 quilibet
1816 5214 1876 5270 in
1898 5214 1984 5270 in-

325 5299 491 5370 juste
505 5300 709 5357 ordine
721 5300 920 5357 credat
931 5317 994 5359 se
1006 5300 1455 5373 haberejustum
1474 5303 1815 5376 conjugium
1837 5320 1850 5359 :
1875 5303 1978 5360 sed

333 5388 533 5461 potius
547 5388 813 5445 divinum
826 5389 1047 5445 exstitit
1059 5389 1407 5445 miraculum
1418 5389 1507 5447 vel
1521 5396 1977 5460 sacramentum,

333 5474 416 5532 ita
442 5476 611 5533 illum
640 5476 831 5534 virum
851 5494 987 5534 vera
1006 5482 1064 5533 et
1084 5477 1414 5533 admirabili
1439 5477 1778 5552 pcenitentia
1798 5479 1979 5537 fuisse

335 5569 854 5638 purgatum,atque
876 5566 949 5622 ab
965 5564 1125 5621 omni
1151 5565 1479 5623 adulterina
1500 5567 1872 5640 subreptione
1892 5586 1978 5626 sa-

337 5655 563 5724 natum,
594 5658 660 5711 ut
681 5654 879 5729 posset
906 5657 964 5712 et
992 5671 1062 5711 ex
1088 5654 1192 5712 tali
1223 5656 1633 5730 conjunctione
1662 5661 1889 5716 castum
1920 5662 1980 5716 et

2096 3350 2418 3425 principem
2451 3350 2705 3409 militum
2737 3355 2793 3407 et
2819 3353 3269 3425 gubernatorem
3300 3354 3517 3408 domus
3558 3353 3751 3427 regie.

2096 3444 2161 3497 ut
2190 3441 2520 3498 restitueret
2546 3440 2598 3496 ei
2629 3440 2842 3496 Michol
2865 3439 3046 3496 ﬁliam
3069 3440 3373 3514 Saul,quze
3397 3441 3593 3498 fuerat
3610 3459 3756 3498 uxor

2095 3531 2245 3602 ejus,
2279 3534 2336 3586 et
2364 3546 2543 3602 quam
2575 3529 2688 3586 sibi
2710 3528 3163 3602 desponsaverat
3181 3534 3419 3587 centum
3440 3531 3752 3604 preputiis

2096 3618 2562 3691 Philistinorum,
2595 3633 2891 3691 quamque
2921 3617 3082 3685 Saul,
3116 3622 3282 3691 pater
3300 3618 3511 3692 ipsius,
3527 3619 3631 3677 illo
3653 3619 3753 3676 ho-

2095 3707 2305 3764 stiliter
2337 3706 2513 3763 etiam
2562 3712 2724 3764 extra
2773 3707 3056 3764 terminos
3106 3707 3268 3781 regni
3327 3708 3422 3765 sui
3467 3709 3746 3782 effugata,

2095 3794 2259 3852 alteri
2289 3796 2411 3852 viro
2441 3797 2762 3853 tradiderat
2789 3797 3099 3869 conjugem
3124 3798 3200 3867 (II
3222 3798 3351 3867 Reg.
3374 3797 3484 3869 ιιι).
3506 3797 3748 3855 Iustum

2094 3901 2347 3958 namque
2376 3889 2520 3954 erat,
2548 3889 2614 3942 ut
2642 3884 2742 3941 illa
2770 3885 3175 3957 persecutione
3203 3889 3261 3941 et
3296 3886 3652 3959 etfugatione
3680 3888 3748 3942 tl-

2094 3974 2235 4041 nita,
2266 3989 2567 4047 regressus
2596 3973 2656 4030 in
2687 3973 2960 4046 patriam,
2989 3974 3145 4046 quod
3170 3974 3282 4030 sibi
3297 3973 3437 4046 jure
3458 3979 3750 4048 compete-

2092 4063 2194 4120 bat
2221 4063 2500 4136 reciperet
2530 4064 2706 4119 etiam
2729 4063 2788 4118 in
2813 4061 3077 4135 qualibet
3097 4063 3469 4135 possessione
3488 4068 3746 4131 terrena,

2093 4156 2310 4225 quanto
2340 4152 2529 4225 magis
2548 4151 2607 4207 in
2630 4152 2887 4225 conjugii
2911 4151 3368 4220 societate,sicut
3388 4153 3568 4209 etiam
3590 4152 3747 4210 sacri

2092 4258 2343 4299 canones
2374 4239 2553 4297 simili
2573 4239 2864 4313 aequitatis
2882 4240 3295 4298 deliberatione
3310 4241 3747 4299 observandum

2092 4347 2220 4387 esse
2253 4329 2624 4385 decernunt?

2161 4419 2297 4474 CAP.
2328 4417 2444 4474 XV.
2479 4418 2729 4473 Possunt
2757 4418 2936 4473 etiam
2969 4417 3304 4475 istiusmodi
3346 4419 3520 4492 pravi
3568 4422 3748 4493 atque

2091 4506 2320 4562 distorti
2347 4505 2636 4578 homines,
2654 4506 2773 4562 sive
2800 4506 3056 4563 fautores
3072 4523 3138 4563 ac
3155 4506 3496 4581 deceptores
3516 4524 3746 4579 eorum,

2089 4593 2235 4651 illud
2267 4595 2436 4667 quasi
2459 4595 2622 4666 juste
2641 4598 2699 4652 et
2716 4593 2962 4651 licenter
2982 4612 3281 4652 assumere
3302 4596 3363 4651 in
3383 4598 3745 4671 exemplum.

2092 4682 2251 4754 quod
2281 4682 2353 4737 de
2381 4680 2523 4737 viris
2552 4681 2742 4738 tribus
2772 4682 3077 4754 Benjamin
3109 4683 3359 4739 refertur
3384 4682 3448 4739 in
3468 4684 3622 4741 libro
3640 4686 3747 4741 Ju-

2089 4771 2288 4827 dicum
2322 4770 2465 4844 (Iud.
2496 4788 2571 4826 xx
2590 4779 2643 4827 et
2658 4770 2771 4844 χχι)
2795 4787 2808 4825 :
2836 4771 2936 4843 qui
2961 4788 3095 4828 cum
3120 4787 3224 4845 pro
3246 4771 3421 4844 culpa
3453 4774 3746 4847 superbis

2089 4864 2147 4916 et
2177 4858 2479 4933 pravitatis
2510 4876 2649 4925 suae,
2674 4875 2791 4931 qua
2821 4852 3038 4915 civium
3058 4874 3301 4917 suorum
3324 4860 3746 4919 detestandum

2090 4953 2263 5021 atque
2294 4948 2796 5005 immanissimum
2828 4948 3042 5015 scelus,
3067 4949 3347 5007 adversus
3378 4949 3567 5007 Deum
3588 4956 3648 5007 et
3666 4954 3751 5008 to-

2088 5038 2207 5094 tius
2238 5037 2436 5111 populi
2456 5037 2771 5108 judicium,
2802 5037 3069 5110 improbe
3105 5042 3165 5094 et
3204 5037 3384 5112 impie
3430 5039 3748 5097 defendere

2090 5126 2216 5183 ausi
2231 5129 2451 5194 sunt,et
2460 5130 2663 5181 contra
2674 5141 2846 5182 omne
2858 5142 3104 5199 regnum
3126 5126 3325 5184 rebelli
3346 5127 3748 5185 obstinatione

2087 5213 2571 5288 pugnare,divino
2584 5214 2810 5285 judicio
2833 5215 2893 5270 in
2915 5214 3064 5271 bello
3088 5215 3418 5272 corruissen
3428 5220 3540 5287 t,et
3558 5233 3747 5290 usque

2088 5304 2161 5360 ad
2181 5302 2639 5360 internecionem
2660 5320 2807 5376 pene
2828 5303 3078 5360 fuissent
3093 5303 3433 5377 deleti,cum
3452 5300 3746 5363 universis

2086 5392 2367 5449 uxoribus
2398 5395 2457 5447 et
2484 5390 2622 5447 filiis
2653 5391 2776 5448 suis
2809 5391 3200 5449 remanserint
3227 5408 3296 5449 ex
3318 5396 3439 5450 tota
3460 5394 3565 5451 illa
3583 5394 3746 5451 tribu

2087 5481 2343 5538 sexcenti
2373 5480 2479 5536 viri
2498 5482 2928 5559 tantummodo,
2950 5480 3115 5538 Unde
3145 5482 3459 5540 universus
3487 5482 3745 5557 populus

2088 5569 2393 5643 Israel,qui
2426 5569 2484 5625 in
2513 5568 2612 5625 illo
2643 5571 2959 5627 certamine
2990 5571 3271 5629 adversus
3299 5587 3400 5628 eos
3439 5587 3748 5645 processe-

2085 5663 2193 5731 rat,
2214 5674 2429 5734 eosque
2446 5662 2838 5734 prostraverat
2852 5659 3239 5734 gladioJuxta
3254 5659 3752 5737 divinamjussio-
