3976 6188
299 376 457 437 1029

1192 373 1294 437 DE
1340 375 1808 438 COERCENDO
1853 375 2114 437 RAPTU
2163 373 2604 450 VIDUARUM,
2653 379 2826 440 ETC.

3555 385 3713 447 1030
3773 376 3777 380 ”

298 523 433 562 nem
459 507 514 560 in
542 505 822 561 ultionem
853 507 1088 562 nefandi
1122 507 1359 562 sceleris
1379 508 1710 562 vehementi
1746 512 1800 562 ct
1825 509 1953 562 reli-
1979 511 2030 576 Α
2063 507 2171 561 sibi
2210 525 2414 562 uxores
2443 509 2788 580 acciperent.
2829 513 2887 566 In
2942 530 3057 584 qua
3106 531 3164 568 re
3208 516 3334 586 jam
3383 516 3543 571 nulla
3585 532 3709 571 me-

296 596 462 669 gioso
493 594 690 650 dolore
720 599 1021 667 permotus
1053 597 1322 667 est,quod
1346 613 1413 652 ex
1433 597 1739 652 duodecim
1762 597 1951 652 tribu—

297 685 411 740 bus
433 683 698 755 ejusdem
719 684 1100 756 populi,sicut
1121 685 1192 739 ab
1215 683 1379 740 initio
1400 685 1629 739 fuerant
1648 685 1951 752 institutze,

298 777 358 828 et
387 773 459 827 de
489 773 732 844 .Egypto
757 771 1036 837 liberatae,
1055 776 1112 827 et
1140 773 1199 827 in
1233 778 1448 829 terram
1483 774 1954 844 repromissionis

298 860 645 928 inductm,et
669 861 844 916 sortis
866 861 1279 917 distributione
1297 861 1691 917 haereditatem
1710 864 1951 934 adeptae,

300 966 419 1004 una
448 948 640 1004 tribus
690 953 813 1004 tam
865 948 1080 1004 nobilis
1130 954 1306 1022 atque
1355 950 1636 1022 praeclara
1665 951 1958 1007 videretur

297 1038 477 1093 etiam
510 1037 763 1093 sublata.
780 1039 1145 1109 Quapropter
1168 1038 1418 1093 nimium
1443 1037 1708 1094 dolentes
1729 1043 1787 1094 et
1813 1039 1952 1095 ﬂen-

299 1130 601 1197 tes,atque
624 1124 939 1190 ululantes,
957 1127 1111 1198 quod
1142 1125 1411 1181 videlicet
1439 1125 1586 1181 illud
1619 1144 1956 1182 sacrosanc-

300 1217 428 1268 tum
451 1214 795 1286 mysterium
811 1213 1120 1269 duodecim
1142 1214 1586 1287 tribuum,quod
1610 1217 1669 1270 in
1693 1216 1957 1272 humeris

299 1301 520 1357 summi
540 1303 860 1358 sacerdotis
872 1301 1148 1358 intrantis
1165 1302 1223 1357 in
1238 1304 1450 1359 Sancta
1485 1308 1812 1360 sanctoram
1827 1322 1956 1378 ges-

298 1391 537 1446 tab'atur
555 1390 614 1445 in
635 1390 864 1446 duobus
883 1391 1154 1462 pretiosis
1185 1390 1483 1463 lapidibus
1507 1392 1566 1446 in
1610 1398 1862 1464 pectore,
1900 1398 1958 1449 et

299 1480 478 1535 etiam
507 1479 567 1534 in
593 1479 724 1535 aliis
746 1479 1058 1535 duodecim
1082 1479 1377 1551 lapidibus
1401 1481 1799 1553 pretiosis,sed
1822 1482 1956 1538 etin

300 1585 508 1624 mensa
527 1567 586 1622 in
600 1567 912 1623 duodecim
927 1569 1182 1640 panibus
1199 1568 1566 1626 incessanter
1585 1571 1957 1638 offerebatur,

301 1661 358 1710 et
389 1653 1040 1729 futuro’gloriosissimo
1065 1657 1466 1728 apostolorum
1495 1659 1670 1714 choro
1691 1659 1811 1715 hac
1843 1677 1962 1716 0m-

297 1744 398 1800 nia
419 1745 917 1817 praeparabantur,
936 1748 1056 1800 tam
1082 1745 1278 1801 subita
1294 1746 1459 1802 clade
1480 1763 1546 1801 ac
1563 1746 1798 1818 lugubri
1819 1765 1959 1805 casu

294 1833 592 1889 videretur
611 1849 739 1889 esse
760 1833 1129 1888 decurtatum
1163 1838 1339 1906 atque
1389 1839 1754 1904 truncatum,
1779 1836 1960 1892 altare

298 1925 732 1988 exstruxerunt,
754 1921 1010 1977 victimis
1041 1927 1214 1994 atque
1247 1923 1646 1979 oblationibus
1680 1929 1736 1979 et
1769 1925 1878 1979 sibi
1903 1929 1960 1980 et

300 2010 422 2066 illis
452 2011 766 2066 Dominum
799 2011 1200 2083 placaverunt,
1234 2017 1288 2067 et
1321 2012 1519 2068 divina
1557 2014 1743 2085 gratia
1783 2015 1956 2070 mise-

302 2106 469 2154 rante
491 2104 549 2154 et
560 2101 1093 2172 cooperante,omni
1117 2118 1256 2155 cura
1275 2101 1613 2173 ingentique
1628 2104 1821 2158 studio
1835 2120 1961 2175 ege-

301 2194 462 2254 runt,
498 2194 561 2244 ut
590 2193 646 2242 et
676 2188 978 2260 plenitudo
1002 2188 1200 2261 populi
1232 2189 1354 2255 Dei,
1389 2189 1477 2244 vel
1509 2191 1656 2245 tanti
1697 2192 1955 2263 mysterii

301 2276 536 2348 insigne
566 2278 720 2349 apud
744 2293 842 2333 eos
883 2276 1216 2332 nullatenus
1249 2277 1571 2349 deperiret:
1597 2280 1749 2334 sicut
1782 2281 1956 2335 mira-

303 2365 504 2422 biliter
532 2367 907 2438 postmodum
939 2366 1116 2422 etiam
1150 2367 1208 2421 in
1241 2367 1395 2422 Novo
1429 2369 1822 2434 Testamento,
1858 2386 1960 2441 per

306 2455 510 2510 beatos
541 2454 834 2527 apostolos
861 2461 1063 2511 sancto
1085 2453 1304 2527 Spiritu
1328 2460 1553 2528 agente,
1578 2463 1956 2528 procuratum

307 2547 417 2610 est,
451 2547 518 2598 ut
546 2544 809 2615 ejusdem
840 2543 1185 2599 duodenarii
1219 2544 1445 2598 numeri
1500 2550 1955 2614 sacramentum,

312 2633 470 2704 quod
493 2637 767 2705 pereunte
797 2633 951 2689 Juda
972 2633 1279 2688 videbatur
1307 2649 1434 2688 esse
1467 2632 1958 2701 mutilatum,ele-

308 2721 501 2777 ctione
531 2725 587 2776 et
618 2720 1031 2794 subrogatione
1064 2721 1294 2776 Mathice
1328 2722 1460 2793 (Act.
1499 2723 1535 2794 ι)
1568 2728 1830 2778 maneret
1877 2723 1960 2778 in-

307 2813 639 2865 stauratum
672 2815 845 2881 atque
868 2810 1294 2881 perfectum.Et
1315 2811 1617 2881 quoniam,
1644 2812 1846 2881 utjam
1870 2812 1956 2866 di-

306 2903 469 2952 ctum
488 2903 598 2963 est,
612 2915 679 2954 ex
702 2902 821 2954 tota
842 2898 942 2953 illa
960 2898 1119 2953 tribu
1143 2900 1398 2954 sexcenti
1419 2899 1526 2953 viri
1547 2901 1959 2956 tantummodo

305 2986 1192 3059 superfuerant,quadringentis
1204 3004 1272 3042 ex
1283 2987 1366 3042 eis
1380 2987 1840 3059 quadringentas
1853 2989 1959 3044 vir-

304 3075 477 3146 gines
494 3075 891 3147 providerunt,
908 3080 1082 3148 atque
1105 3075 1164 3130 in
1187 3077 1528 3149 conjugium
1552 3077 1919 3132 tradiderunt
1942 3093 1956 3133 :

302 3163 574 3220 ducentis
603 3180 736 3220 vero
764 3164 862 3236 qui
894 3163 1473 3235 remanserant,quia
1503 3180 1608 3219 nec
1638 3163 1790 3218 filias
1820 3181 1959 3220 suas

1989 1882 2037 1947 B

2062 596 2281 650 tuenda
2309 601 2464 650 esset
2494 597 2691 652 divina
2724 598 3071 672 indignatio,
3108 620 3240 657 cum
3275 621 3378 674 pro
3427 622 3625 660 amore
3656 609 3715 660 et

2061 685 2278 740 honore
2310 685 2522 753 divino,
2557 691 2615 742 et
2664 705 2767 758 pro
2819 689 2920 742 Dei
2971 706 3151 745 causa
3179 695 3369 747 totum
3421 697 3709 765 ageretur.

2063 774 2169 840 Qui
2191 773 2273 828 illi
2295 773 2473 829 tribui
2498 792 2644 846 pene
2659 793 2842 847 usque
2858 778 2928 832 ad
2953 777 3410 835 internecionem
3429 770 3716 852 deletae,et

2063 862 2122 917 in
2155 867 2447 918 transacto
2482 863 2630 919 bello
2653 865 2780 935 jam
2814 865 3152 921 restituerat
3183 869 3337 938 quod
3359 870 3712 941 merebatur,

2063 954 2123 1005 et
2153 950 2212 1005 in
2246 950 2515 1021 praesenti
2548 953 2822 1008 consultu
2854 953 3081 1008 occulta
3117 953 3204 1009 eis
3247 954 3628 1026 inspiratione
3659 963 3718 1012 et

2063 1037 2430 1110 providentia
2450 1040 2860 1096 miserebatur.
2886 1042 3129 1098 Servata
3151 1059 3288 1115 ergo
3306 1043 3524 1116 ubique
3537 1045 3718 1115 justi-

2063 1126 2306 1192 tia,cum
2325 1144 2514 1199 neque
2535 1127 2645 1183 illae
2668 1129 2873 1201 puellae
2914 1129 3111 1202 aliqua
3149 1131 3486 1188 lasciviavel
3509 1138 3718 1190 contu-

2065 1215 2383 1282 macia,sed
2409 1216 2753 1272 necessitate
2769 1216 2894 1273 sola
2907 1223 3215 1289 parentum
3229 1237 3472 1277 suorum
3491 1221 3721 1294 regimi-

2065 1319 2138 1357 ne
2162 1303 2424 1358 abductae
2457 1310 2672 1372 essent,
2692 1321 2796 1360 nec
2827 1305 2911 1360 illi
2943 1305 3042 1378 qui
3065 1322 3164 1362 eas
3195 1309 3717 1382 ceperant,aliquid

2066 1407 2172 1446 suo
2215 1389 2386 1446 libitu
2415 1391 2502 1446 vel
2535 1393 2885 1461 temeritate,
2919 1395 3019 1450 sed
3063 1396 3259 1467 populi
3310 1401 3370 1452 et
3421 1397 3718 1455 seniorum

2058 1478 2330 1550 jussione
2362 1484 2536 1551 atque
2569 1481 2913 1536 auctoritate
2944 1482 3220 1538 fecissent
3253 1501 3266 1538 :
3301 1486 3556 1541 restabat
3595 1485 3720 1542 sola

2067 1572 2376 1638 parentum
2401 1569 2771 1640 querimonia
2802 1571 3134 1626 rationabili
3181 1573 3579 1628 satisfactione
3625 1591 3718 1630 so-

2068 1655 2300 1727 pienda,
2318 1657 2390 1712 de
2421 1673 2538 1728 qua
2567 1656 2651 1714 eis
2682 1659 2934 1730 majores
2968 1663 3109 1714 natu
3130 1658 3214 1715 ita
3233 1659 3540 1717 dixerunt:
3566 1661 3723 1718 Cum-

2068 1759 2169 1814 que
2199 1747 2448 1800 venerint
2471 1755 2719 1817 parentes
2766 1763 2974 1814 eorum,
3006 1756 3057 1802 et
3097 1748 3385 1804 adversum
3427 1766 3519 1806 vos
3565 1753 3726 1822 queri

2069 1834 2329 1904 coeperint
2381 1843 2543 1906 atque
2577 1836 2824 1907 jurgari,
2868 1836 3309 1908 respondebimus
3339 1840 3418 1894 eis
3447 1857 3467 1893 :
3499 1839 3724 1896 Misere-

2071 1922 2215 1976 mini
2245 1937 2449 1978 eorum.
2481 1923 2597 1979 Non
2627 1927 2776 1980 enim
2806 1933 3061 1996 ceperunt
3099 1942 3191 1980 eas
3228 1927 3361 1997 jure
3401 1927 3725 1984 bellantium

2067 2017 2227 2080 atque
2255 2013 2544 2078 victorum,
2574 2013 2665 2067 sed
2698 2015 3018 2082 rogantibus
3038 2023 3100 2069 ut
3125 2014 3416 2083 daretis,et
3439 2032 3552 2072 non
3579 2017 3726 2073 dedi-

2067 2101 2182 2164 stis,
2217 2109 2268 2154 et
2296 2118 2330 2155 α
2353 2110 2527 2155 vestra
2555 2111 2712 2172 parte
2736 2111 3016 2173 peceatum
3045 2112 3124 2159 est
3154 2103 3298 2175 (Iud.
3331 2121 3444 2171 xxx,
3469 2108 3584 2174 22).
3613 2106 3723 2161 To-

2066 2191 2192 2240 tum
2224 2187 2404 2260 igitur
2462 2189 2618 2244 istud
2653 2191 3079 2246 rationabiliter
3117 2193 3435 2264 provisum,
3465 2194 3726 2266 rationa-

2067 2274 2265 2330 biliter
2294 2279 2538 2342 factum,
2574 2277 2998 2334 rationabiliter
3041 2279 3300 2348 ﬁnitum,
3336 2297 3439 2352 pro
3491 2280 3728 2352 publica

2068 2363 2340 2432 utilitate,
2376 2366 2611 2436 publica
2663 2367 3033 2432 auctoritate,
3066 2372 3239 2440 atque
3283 2368 3724 2438 intercessione,

2067 2451 2149 2506 ita
2179 2452 2477 2526 singulare
2508 2459 2596 2509 est
2639 2459 2696 2510 et
2718 2455 2962 2511 minime
3011 2456 3388 2524 imitandum,
3413 2457 3500 2513 vel
3533 2459 3726 2530 potius

2067 2542 2402 2613 mysticum,
2439 2546 2504 2598 ut
2542 2543 2721 2598 semel
2775 2543 3005 2616 legatur
3033 2550 3289 2616 gestum,
3324 2551 3381 2601 et
3421 2563 3725 2619 nunquam

2067 2630 2314 2686 ulterius
2337 2632 2635 2686 iteratum.

2137 2720 2270 2774 Car.
2303 2719 2472 2773 XVII.
2506 2722 2871 2791 Quapropter
2921 2723 3076 2792 quod
3126 2721 3428 2794 Scriptura
3458 2725 3559 2780 Dei
3599 2742 3729 2780 nar-

2069 2813 2158 2862 rat
2180 2808 2250 2862 ad
2276 2807 2620 2862 memoriam
2666 2807 3024 2879 pietatis,vel
3048 2810 3119 2864 ad
3154 2813 3723 2868 commendationem

2067 2896 2332 2968 mysterii
2383 2894 2729 2967 spiritualis,
2760 2897 2916 2952 absit
2963 2901 3030 2952 ut
3078 2896 3246 2953 stulti
3289 2903 3346 2953 et
3392 2898 3724 2971 impudenti

2067 2984 2393 3057 petulantia
2407 2983 2679 3039 dissoluti
2697 3001 2982 3056 usurpare
3005 2985 3427 3057 permittantur
3446 2988 3518 3043 ad
3539 3004 3728 3044 exem-

2067 3072 2230 3144 plum
2263 3071 2349 3128 vel
2369 3071 2765 3128 defensionem
2816 3091 2934 3129 suae
2986 3073 3380 3145 procacitatis,
3415 3079 3480 3130 ut
3519 3080 3727 3148 putent

2068 3179 2129 3217 se
2159 3163 2272 3218 isto
2299 3161 2584 3234 exemplo,
2611 3179 2746 3218 cum
2779 3179 2894 3218 non
2927 3162 3096 3218 facile
3128 3161 3448 3235 impetrant
3469 3181 3503 3220 a
3524 3181 3728 3236 paren-

301 3254 532 3309 tradcre
565 3256 851 3324 poterant,
885 3254 1182 3309 constricti
1223 3255 1564 3324 juramento
1603 3259 1660 3310 et
1707 3253 1955 3310 maledi—
1988 3249 2030 3315 C
2068 3251 2247 3317 tibus,
2269 3249 2444 3306 licere
2473 3250 2587 3305 sibi
2640 3267 2842 3322 rapere
2893 3268 3040 3322 quas
3089 3250 3404 3324 voluerint,
3437 3257 3494 3309 et
3526 3258 3727 3326 postea

304 3340 496 3397 ctione
515 3342 986 3413 quajuraverant
1016 3359 1388 3415 nequaquam
1423 3360 1483 3398 se
1516 3344 1601 3399 eis
1625 3345 1865 3399 daturos
1887 3345 1957 3399 de

302 3429 542 3485 ﬁliabus
591 3430 716 3486 suis
765 3447 996 3497 uxores,
1026 3449 1129 3486 nec
1190 3431 1333 3487 alias
1383 3431 1643 3487 invenire
1691 3437 1960 3504 poterant

303 3533 454 3589 quas
487 3518 572 3574 eis
604 3517 783 3575 libere
806 3519 1281 3586 traderent,sicut
1305 3521 1560 3576 fecerant
1581 3537 1648 3575 ex
1668 3521 1959 3576 habitato-

302 3607 471 3662 ribus
491 3608 660 3662 labes
683 3607 919 3674 Galaad,
948 3609 1046 3680 qui
1082 3625 1184 3664 nec
1208 3609 1266 3663 in
1301 3608 1399 3665 illo
1425 3610 1764 3680 juramento
1788 3609 1960 3665 inter-

304 3696 563 3762 fuerant,
597 3701 653 3751 et
685 3701 885 3768 postea
915 3697 973 3752 in
1007 3703 1124 3752 tam
1160 3697 1392 3770 publico
1415 3703 1470 3753 et
1501 3698 1768 3771 religioso
1807 3698 1958 3755 bello

301 3785 510 3841 adesse
525 3784 994 3857 neglexerant,ac
1017 3805 1119 3860 per
1138 3787 1247 3842 hoc
1260 3787 1516 3858 legitime
1538 3787 1783 3843 interﬁci
1801 3789 1957 3858 jussi

297 3879 462 3946 sunt,
494 3879 552 3930 et
580 3892 648 3930 ex
678 3876 762 3931 eis
791 3876 1230 3947 quadringenta:
1263 3881 1491 3932 tantum
1527 3877 1775 3949 virgines
1816 3879 1958 3935 resi-

297 3967 512 4034 gnatas,
533 3979 658 4035 qua:
691 3964 761 4018 ad
796 3965 1217 4036 reparationem
1242 3966 1432 4022 tribus
1451 3966 1842 4036 Benjamiticze
1865 3968 1960 4022 ad-

298 4051 671 4107 ducerentur.
687 4053 866 4108 Erant
883 4053 1081 4125 itaque
1101 4055 1316 4110 residui
1337 4054 1698 4109 habitatores
1710 4053 1957 4119 Silo,ubi

299 4146 442 4195 tunc
473 4141 856 4197 constitutum
891 4149 1013 4198 erat
1045 4143 1490 4198 tabernaculum
1543 4143 1666 4210 Dei,
1699 4143 1798 4214 qui
1853 4161 1956 4198 nec

297 4231 355 4283 in
391 4229 493 4284 illo
517 4231 878 4300 juramento,
903 4248 1008 4286 nec
1039 4231 1217 4286 inilla
1239 4248 1456 4304 pugna,
1477 4231 1719 4287 forsitan
1749 4230 1960 4287 immu-

299 4319 481 4373 nitate
513 4320 853 4386 sanctuarii,
889 4321 982 4375 cui
1018 4338 1119 4391 pro
1151 4320 1446 4375 vicinitate
1490 4319 1839 4376 familiarius
1869 4319 1957 4376 vel

295 4409 478 4463 etiam
503 4409 740 4464 assidue
771 4409 1228 4475 famulabantur,
1253 4410 1435 4465 fuisse
1468 4410 1740 4465 credendi
1775 4415 1914 4466 sunt
1942 4428 1954 4466 :

293 4502 354 4552 et
385 4497 606 4552 idcirco
627 4496 868 4553 licenter
888 4500 1025 4553 dare
1048 4498 1309 4570 potuisse
1349 4499 1493 4553 istas
1534 4498 1686 4555 ﬁlias
1731 4517 1868 4555 suas
1900 4501 1957 4554 in

2069 3339 2444 3411 complacatis
2468 3340 3004 3411 parentibus,quasi
3027 3340 3288 3413 legitimo
3305 3357 3405 3398 eas
3428 3343 3727 3399 matrimo-

2068 3428 2164 3484 nio
2195 3427 2451 3483 detinere
2486 3445 2497 3483 :
2533 3444 2670 3483 cum
2701 3428 2831 3495 hoc,
2866 3429 3020 3484 sicut
3038 3430 3166 3500 jam
3198 3430 3423 3486 dictum
3463 3434 3570 3498 est,
3605 3448 3723 3488 non

2069 3517 2145 3573 sit
2162 3515 2447 3587 scriptum
2470 3517 2548 3588 ad.
2565 3515 3084 3587 exemplum,unde
3106 3535 3210 3574 nec
3235 3535 3498 3590 unquam
3522 3524 3725 3592 postea

2067 3611 2156 3662 est
2184 3609 2555 3676 usurpatum,
2590 3606 2691 3660 sed
2725 3605 2801 3661 sit
2832 3606 2891 3660 in
2932 3605 3026 3661 his
3075 3606 3432 3662 admirandae
3465 3608 3722 3663 devotio-

2068 3696 2160 3751 nis
2189 3695 2691 3765 commemoratio,
2725 3699 2782 3751 et
2811 3695 3085 3767 profundi
3119 3695 3380 3767 mysterii
3424 3713 3722 3752 commen-

2068 3784 2247 3840 datio.
2283 3784 2351 3838 Et
2382 3783 2461 3839 ibi
2496 3783 2733 3854 quidem
2765 3783 3074 3856 propitiato
3107 3789 3164 3840 et
3193 3785 3420 3856 placato
3451 3785 3722 3857 omnipo-

2066 3873 2212 3928 tenti
2242 3873 2378 3937 Deo,
2413 3873 2584 3942 cujus
2615 3872 2775 3928 cultu
2806 3877 2863 3928 et
2892 3872 3110 3929 honore
3151 3877 3340 3929 totum
3389 3873 3719 3945 gerebatur,

2068 3961 2192 4016 sola
2223 3966 2531 4032 parentum
2566 3962 2967 4017 misericordia
3008 3961 3322 4034 implorata
3352 3967 3462 4031 est,
3499 3967 3561 4017 ut
3590 3980 3722 4035 par-

2069 4054 2264 4104 cerent
2293 4050 2410 4105 illis
2431 4050 2700 4105 ducentis
2732 4052 2891 4115 viris,
2917 4067 2988 4105 ne
3015 4051 3104 4106 vel
3140 4052 3196 4106 in
3235 4052 3344 4106 hac
3377 4055 3538 4124 parte
3565 4052 3723 4107 inve-

2071 4138 2220 4192 niret
2260 4139 2317 4192 in
2352 4138 2436 4192 eis
2469 4138 2677 4194 divina:
2708 4138 2854 4209 legis
2897 4139 3140 4210 aequitas
3189 4139 3344 4210 quod
3394 4140 3718 4195 damnaret.

2069 4229 2414 4297 Quanquam
2437 4231 2494 4281 et
2510 4244 2543 4280 a
2565 4230 2873 4296 parentum
2897 4231 3059 4297 parte
3092 4243 3222 4281 vere
3261 4231 3564 4298 peccatum
3594 4243 3723 4282 esse

2066 4315 2351 4382 videatur,
2387 4313 2524 4386 quia
2545 4315 2606 4369 in
2638 4313 2998 4370 consulendo
3029 4318 3202 4369 tanta:
3227 4319 3285 4368 et
3321 4317 3443 4368 tam
3475 4313 3720 4386 publicae

2071 4403 2400 4460 necessitati
2452 4403 2717 4458 duriores
2767 4402 3134 4466 exstiterunt,
3168 4402 3228 4456 in
3261 4405 3488 4457 tantum
3521 4406 3585 4457 ut
3613 4420 3720 4460 nec

2070 4492 2411 4564 rogantibus
2433 4490 2621 4562 primo
2645 4492 2781 4546 dare
2805 4490 3143 4547 voluissent.
3164 4491 3265 4546 Hic
3286 4507 3418 4546 vero
3440 4491 3556 4546 Deo
3594 4507 3721 4548 exa-

293 4585 775 4657 conjugium,sed
795 4587 1049 4659 quadam
1064 4587 1281 4641 duritia
1304 4592 1359 4642 et
1382 4589 1775 4643 exsecratione
1797 4587 1958 4644 illius
1986 4616 2035 4680 D
2069 4585 2298 4653 sperato
2328 4586 2384 4636 et
2413 4580 2486 4635 ad
2528 4580 2894 4635 iracundiam
2929 4579 3448 4650 Provocatoicujus
3468 4579 3559 4635 ῘΘΧ
3587 4597 3720 4636 0οη·-

293 4673 597 4742 facinoris,
631 4677 786 4746 quod
818 4693 852 4730 a
882 4675 1036 4730 tribu
1070 4677 1372 4747 Bcnjamin
1420 4677 1606 4731 fuerat
1655 4681 1952 4748 perpetra-

292 4766 448 4833 tum,
478 4763 668 4819 facere
700 4763 976 4820 noluisse.

365 4851 504 4906 CAP.
537 4851 676 4908 XVI.
712 4853 990 4909 Restabat
1021 4853 1222 4925 igitur,
1255 4858 1320 4909 ut
1351 4854 1491 4925 quia
1523 4871 1627 4909 nec
1679 4858 1948 4926 parentes

291 4937 556 5011 legitime
581 4940 850 5013 compelli
885 4945 1152 5014 poterant
1175 4946 1237 4996 ut
1271 4941 1530 4997 nolentes
1562 4943 1769 4996 darent
1801 4942 1951 4998 ﬁlias

292 5044 459 5094 suas,
489 5032 546 5083 et
576 5045 698 5084 rem
721 5030 1036 5085 voluntatis
1069 5047 1136 5085 ex
1167 5031 1512 5087 necessitate
1544 5031 1819 5098 facerent,
1845 5047 1951 5086 nec

293 5115 434 5187 ipsa:
468 5115 598 5171 filia:
631 5117 923 5174 hostiliter
951 5119 1062 5175 sibi
1083 5125 1278 5175 essent
1310 5119 1816 5191 auferendaeﬁpsis
1837 5119 1949 5174 vir-

290 5203 533 5275 ginibus
557 5208 1008 5278 procedentibus
1031 5208 1464 5264 solemnissimo
1480 5208 1569 5264 die
1591 5209 1663 5263 ad
1683 5213 1954 5263 sanctua-

288 5293 448 5348 rium
474 5293 728 5364 Domini,
746 5297 1069 5369 chorosque
1090 5297 1462 5364 ducentibus,
1484 5297 1716 5351 ducenti
1745 5296 1825 5350 illi
1847 5297 1953 5352 viri

291 5382 517 5453 absque
547 5384 918 5458 conjugibus,
955 5403 1023 5441 ex
1066 5385 1337 5441 consultu
1390 5388 1446 5440 et
1491 5383 1732 5440 consilio
1776 5388 1952 5456 atque

290 5470 641 5528 auctoritate
673 5473 872 5545 populi
905 5478 962 5529 et
990 5474 1310 5540 seniorum,
1335 5489 1438 5544 pro
1461 5471 1952 5544 redintegratione

289 5559 560 5633 ejusdem
591 5562 812 5634 populi,
848 5567 904 5618 et
947 5562 1384 5618 conversatione
1434 5560 1610 5616 divini
1663 5563 1946 5635 mysterii,

289 5651 531 5722 repente
562 5648 644 5707 eis
675 5655 1064 5722 occurrerent,
1097 5655 1153 5710 et
1177 5668 1244 5710 ex
1275 5650 1367 5709 his
1416 5649 1633 5726 singuli
1683 5649 1948 5724 singulas

2064 4671 2365 4738 temnitur,
2381 4670 2553 4739 cujus
2575 4668 2830 4724 Ecclesia
2850 4673 2906 4723 et
2930 4668 3260 4723 sacerdotes
3277 4668 3714 4739 conc‘ulcantur,

2063 4760 2233 4828 cujus
2281 4760 2555 4812 sanctum
2587 4755 2875 4827 templum
2907 4755 3192 4828 sacrilega
3220 4761 3276 4810 et
3306 4756 3529 4812 nefaria
3571 4774 3716 4829 pra:-

2061 4847 2396 4919 sumptione
2425 4843 2695 4910 violatur,
2731 4861 2849 4915 qua
2897 4845 3150 4900 stultitia
3199 4848 3372 4916 atque
3422 4846 3720 4903 dementia

2062 4940 2272 5009 putant
2302 4933 2548 5006 placatis
2579 4937 2634 4987 et
2679 4933 2998 5003 paciﬁcatis
3046 4933 3407 5005 parentibus,
3442 4938 3713 5006 pacatam

2061 5043 2122 5081 se
2150 5025 2363 5079 habere
2386 5038 2556 5093 posse
2589 5019 2905 5076 Ecclesiam
2924 5022 3046 5088 Dei,
3063 5026 3121 5076 et
3142 5039 3342 5077 eorum
3368 5021 3714 5100 auctoritate

2059 5119 2216 5169 stare
2246 5127 2416 5184 posse
2449 5109 2752 5165 confidunt
2780 5111 2935 5181 quod
2967 5110 3171 5166 divinae
3201 5109 3346 5182 legis
3376 5113 3432 5164 et
3477 5112 3711 5164 sancto-

2059 5220 2190 5258 rum
2223 5202 2456 5257 Patrum
2479 5197 2823 5254 auctoritate
2844 5199 3186 5266 destruitur,
3211 5215 3345 5252 cum
3371 5201 3544 5252 tanta;
3568 5214 3710 5268 prae-

2063 5288 2435 5346 varicationis
2467 5291 2523 5342 et
2551 5286 2872 5359 impietatis
2928 5286 3480 5349 malum,adversus
3528 5284 3714 5340 Deum

2062 5385 2118 5436 et
2146 5377 2465 5435 Ecclesiam
2497 5377 2625 5448 ejus
2647 5377 3052 5439 commissum,
3075 5373 3238 5429 nulla
3268 5371 3512 5441 ratione,
3531 5371 3710 5428 nullis

2063 5467 2425 5541 argumentis
2457 5465 2754 5521 emendari
2789 5464 2992 5536 possit,
3018 5463 3130 5518 nisi
3163 5462 3581 5534 omnipotentis
3609 5462 3710 5518 Dei

2061 5561 2116 5613 et
2145 5554 2411 5610 Ecclesizs
2423 5551 2650 5625 judicio
2675 5569 2740 5607 ac
2762 5550 3196 5607 satisfactione?
3221 5550 3301 5606 lbi
3326 5549 3506 5622 igitur
3524 5554 3712 5607 osten-

2060 5646 2250 5704 denda
2278 5647 2367 5704 est
2397 5646 2559 5702 tanta
2587 5633 2863 5699 facinoris
2893 5639 3336 5712 emendatio,ibi
3368 5638 3710 5716 suppliciter
