3976 6188
330 329 492 389 ,1031

1114 323 1498 386 HINCMARI
1547 323 1789 385 BHEM.
1840 322 2204 394 ARCHIEP,
2250 322 2659 385 OPUSCULA
2703 322 2969 384 VARIA.

3585 320 3745 384 £032

335 462 505 516 venia
531 454 995 531 postulanda,ibi
1026 454 1272 511 sollicite
1292 455 1611 511 satisfactio
1633 454 1976 522 exhibenda,
2010 456 2063 523 Α
2093 458 2409 522 cramento,
2443 457 2508 509 ut
2539 454 2879 526 conjugium
2902 470 3019 510 non
3036 455 3356 525 separetur,
3377 457 3437 508 et
3456 452 3744 510 dimissus

336 545 393 600 id
444 549 533 601 est
592 543 651 599 in
695 541 955 599 Ecclesia
1000 541 1124 610 Dei,
1158 543 1313 615 apud
1362 542 1692 598 sacerdotes
1737 541 1859 611 Dei,
1884 540 1983 597 ubi
2093 542 2462 598 autdimissa
2482 559 2587 599 nec
2607 558 2786 598 causa
2805 540 3745 614 prolisaltericondungaturllzec

330 632 704 692 solummodo
748 629 1028 688 veraciter
1073 630 1324 687 obtineri
1376 634 1568 702 potest
1608 633 1666 686 et
1713 628 1981 686 remissio

2091 634 2180 687 est
2198 635 2477 703 tanquam
2500 629 2702 704 regula
2724 630 3087 703 nuptiarum,
3111 628 3249 703 quia
3290 628 3379 686 vel
3400 633 3614 686 natura
3641 629 3745 685 de-

329 721 577 797 peccati,
610 725 669 778 et
698 718 1032 794 propitiatio
1064 720 1190 792 ejus
1221 719 1320 792 qui
1353 718 1612 776 offensus
1650 722 1740 775 est
1788 716 1982 775 omni-
2089 726 2322 776 coratur
2343 719 2699 786 fecunditas,
2720 717 2808 775 vel
2831 717 3165 775 innocentia
3183 716 3409 792 regitur
3426 716 3744 791 pravitas.»

337 809 594 885 potentis
614 808 738 867 Dei.

396 924 1036 997 Car.XYIIl.Adjiciunt
1046 924 1377 982 istiusmodi
1391 923 1659 981 homines
1669 922 1842 980 malis
1852 924 1979 980 suis

328 1013 508 1070 etiam
530 1012 692 1070 illam
725 1013 903 1069 nimis
927 1013 1209 1069 audacem
1230 1016 1289 1068 et
1305 1010 1663 1084 puniendam
1695 1027 1977 1084 pressum-

330 1102 685 1175 ptionem,ut
705 1100 1051 1159 adulterinis
1069 1105 1128 1158 et
1153 1100 1524 1157 exsecrandis
1536 1118 1652 1158 non
1663 1099 1973 1173 conjugiis,

326 1192 430 1249 sed
447 1189 873 1248 colluvionibus
883 1189 1027 1257 suis,
1034 1188 1385 1263 postulando
1399 1206 1467 1246 ac
1479 1188 1866 1262 supplicando
1881 1205 1978 1244 au.

326 1278 653 1337 ctoritatem
670 1277 757 1334 vel
779 1276 1194 1333 mediationem
1216 1275 1622 1349 religiosorum
1644 1274 1975 1349 principum

328 1367 635 1441 acquirunt
656 1383 670 1421 :
694 1366 849 1438 quod
879 1365 1034 1422 absit
1061 1382 1097 1423 a
1126 1364 1399 1422 ﬁdelibus
1421 1369 1481 1421 et
1500 1363 1790 1421 ministris
1811 1362 1975 1437 regni

327 1454 543 1513 Christi
558 1453 1015 1527 principibus,ut
1029 1455 1381 1527 cujusquam
1404 1452 1750 1525 improbitas
1768 1468 1973 1509 eorum

325 1542 653 1600 interdictis
665 1541 751 1598 vel
771 1541 1615 1614 interventionibusadjuvetur
1630 1557 1644 1597 :
1666 1558 1803 1597 cum
1817 1540 1972 1614 leges

325 1630 620 1699 Romanas,
637 1635 698 1687 et
723 1630 1212 1688 Christianissimi
1242 1629 1475 1686 illorum
1501 1634 1831 1702 temporum
1860 1628 1971 1684 im-

321 1723 618 1792 peratores
649 1719 1128 1776 manifestissime
1157 1724 1215 1775 et
1237 1719 1571 1791 justissime
1614 1717 1968 1787 censuerint,

320 1823 422 1865 008
442 1807 543 1908 qui
566 1806 803 1908 iniustis
822 1813 880 1864 et
889 1807 1278 1908 fraudulentis
1299 1806 1767 1908 petitionibus,et
1785 1807 1968 1907 maxi-
2003 1842 2051 1908 Β

320 1912 417 1955 me
442 1895 504 1953 in
526 1896 631 1954 tali
655 1913 855 1963 causa,
872 1896 1224 1969 principales
1245 1913 1416 1953 aures
1437 1896 1972 1968 inquietaverint,ot

314 1984 550 2043 indulto
572 1985 851 2042 beneﬁcio
868 2000 1084 2052 carere,
1098 1989 1158 2041 et
1176 1985 1418 2058 insuper
1437 1984 1639 2041 exsilio
1657 1984 1967 2057 deportari,

319 2078 380 2130 et
410 2073 560 2130 ﬁiios
590 2072 692 2146 qui
722 2090 791 2129 ex
820 2073 1163 2145 hujusmodi
1193 2074 1601 2145 ignominiosis
1622 2079 1681 2129 et
1701 2073 1972 2130 adulteri-

318 2161 413 2218 nis
442 2162 954 2234 cosjunctionibus
995 2163 1212 2219 fuerint
1257 2163 1563 2235 procreati,
1596 2179 1970 2235 nequaquam

317 2250 612 2324 legitimos
643 2251 1030 2324 deputaudos,
1065 2268 1171 2308 nec
1202 2251 1559 2308 haereditatis
1601 2252 1971 2308 successione

319 2338 736 2397 houestandos.
770 2339 1162 2396 Obsecramus
1200 2339 1381 2412 igitur
1430 2340 1969 2397 mansuetissimam

319 2428 808 2501 tranquillitatem
838 2433 1111 2495 vestram,
1142 2428 1646 2485 Cbristianissime
1674 2434 1730 2485 et
1758 2428 1970 2503 glorio-

319 2516 556 2577 nissime
571 2515 936 2589 princeps,ut
953 2534 1156 2589 preces
1167 2522 1226 2574 ct
1246 2517 1705 2591 supplicationes
1719 2522 1969 2585 nostras,

320 2622 469 2678 quas
491 2622 594 2677 pro
623 2605 880 2661 Ecclesia
912 2605 1012 2661 Dei
1043 2611 1101 2662 et
1133 2607 1596 2664 sanctiﬁcatione
1644 2612 1819 2679 atque
1868 2607 1968 2662 ho-

316 2711 461 2752 nore
489 2694 749 2767 corporis
776 2694 918 2751 Jesu
950 2694 1165 2751 Christi
1197 2696 1430 2751 Domini
1455 2699 1512 2751 et
1533 2696 1849 2753 Salvatoris
1873 2714 1972 2751 no-

321 2783 428 2843 stri
457 2782 798 2851 deferimus,
827 2783 1143 2840 clementer
1173 2786 1448 2852 audiatis,
1484 2791 1758 2857 prompta
1799 2786 1969 2840 devo-

320 2871 478 2929 tione
508 2871 866 2946 suscipiatis,
885 2878 944 2929 et
972 2872 1163 2931 insitae
1185 2873 1487 2948 religionis
1516 2876 1726 2931 affectu
1761 2890 1829 2930 ac
1848 2873 1971 2930 zelo

319 2963 557 3018 strenue
586 2963 762 3033 atque
788 2959 1034 3019 sollicite
1063 2961 1293 3019 effectui
1324 2961 1694 3034 mancipetis.
1727 2963 1842 3019 Nec
1880 2979 1970 3018 re-

318 3047 795 3123 prehendendam
804 3049 1084 3121 judicetis
1098 3067 1300 3107 curam
1311 3055 1369 3107 et
1378 3049 1677 3108 solertiam
1690 3050 1972 3125 pusillita-

314 3136 398 3195 tis
418 3139 812 3210 nostra:,quod
835 3137 957 3194 hac
979 3138 1096 3195 Deo
1115 3142 1453 3211 protegente
1476 3156 1592 3195 non
1612 3140 1851 3212 ubique,
1866 3140 1969 3197 sed

2085 807 2373 864 Audiatur
2392 811 2449 864 et
2467 805 2616 863 illud
2638 806 2795 880 quod
2817 807 2889 863 de
2910 805 3153 880 reliquis
3166 807 3397 864 duobus
3409 804 3743 875 ordinibus,

2086 892 2148 951 in
2197 900 2418 969 quanta
2447 894 2757 953 sanctitate
2798 899 2856 952 et
2884 894 3205 953 reverentia
3233 893 3435 952 haberi
3466 893 3743 964 debeant,

2085 982 2179 1041 his
2209 984 2400 1043 verbis
2430 984 2645 1041 iterum
2676 984 2906 1056 dicunt,
2925 984 3107 1042 David
3130 1002 3264 1042 cum
3281 999 3494 1057 magno
3517 983 3611 1040 sui
3632 1000 3743 1057 pu-

2086 1072 2223 1130 dore
2254 1073 2460 1130 furtim
2491 1074 2562 1130 ad
2594 1073 2802 1130 militis
2832 1072 2924 1131 sui
2954 1074 3207 1131 intrasse
3248 1074 3433 1130 fertur
3476 1088 3741 1139 uxorem,

2086 1178 2190 1218 nec
2218 1166 2413 1219 tamen
2434 1163 2676 1219 evadere
2696 1162 2889 1236 potuit
2922 1161 3228 1219 ultionem.
3244 1163 3334 1218 Tu
3362 1162 3435 1218 ad
3458 1178 3742 1235 sponsam

2084 1250 2237 1325 regis
2259 1250 2472 1307 Christi
2496 1251 2921 1321 temerandam,
2942 1250 3283 1308 cubiculum
3303 1249 3536 1308 Domini
3556 1248 3746 1307 domi-

2084 1356 2295 1395 norum
2317 1339 2692 1413 impudenter
2713 1339 3038 1413 ingressus,
3054 1340 3346 1413 quomodo
3368 1356 3496 1396 esse
3518 1338 3744 1413 poteris

2083 1427 2454 1501 impunitus?
2482 1429 2561 1485 Ac
2589 1428 2635 1485 si
2663 1428 2810 1485 forte
2827 1428 3145 1498 vidua,aut
3175 1444 3541 1501 quiscunque
3564 1427 3744 1484 fuerit

2080 1515 2201 1586 illa,
2226 1516 2491 1574 nondum
2520 1516 2785 1590 professa
2813 1516 3240 1574 continentiam
3270 1516 3743 1591 castitatisque

2079 1603 2221 1662 libet
2259 1605 2362 1663 illa
2390 1604 2489 1673 sit,
2520 1623 2667 1663 uxor
2698 1604 2813 1662 dici
2842 1623 2959 1664 non
2990 1609 3182 1679 potest
3210 1608 3545 1679 prostituta,
3580 1610 3739 1662 uter-

2080 1711 2193 1768 que
2222 1699 2483 1752 vestrum
2534 1699 2674 1753 nota
2721 1712 2955 1769 semper
3002 1695 3273 1753 inuretur
3316 1694 3599 1763 infamias,
3630 1712 3739 1752 nec

2080 1784 2249 1841 aliter
2268 1784 2419 1841 tanti
2441 1784 2712 1865 criminis
2741 1784 2973 1841 macula
2992 1783 3205 1858 poterit
3232 1782 3473 1856 aboleri,
3491 1783 3609 1839 nisi
3636 1787 3743 1843 aut

2080 1872 2316 1946 publica
2340 1872 2535 1946 legum
2559 1870 2929 1929 saecularium
2952 1871 3223 1929 saeviente
3243 1888 3494 1929 censura
3509 1869 3737 1929 adulte-

2081 1961 2233 2018 rium
2266 1962 2553 2019 mortibus
2587 1962 2870 2035 expietur,
2886 1965 2989 2018 aut
3018 1965 3171 2019 certe
3200 1959 3507 2035 profundis
3531 1958 3738 2016 afflicti

2080 2050 2272 2106 cordis
2300 2050 2619 2122 gemitibus
2649 2055 2706 2106 et
2733 2065 2879 2106 vera:
2916 2050 3267 2123 pmnitentize
3311 2048 3564 2123 jugibus
3594 2049 3735 2104 dum

2078 2138 2290 2194 vivitur
2317 2138 2706 2211 lacryuiarum
2760 2138 3022 2195 fontibus
3051 2137 3345 2195 abluatur.
3379 2138 3559 2193 Exeat
3602 2152 3737 2210 ergo

2081 2227 2181 2299 qui
2212 2227 2369 2283 dicat
2406 2228 2628 2284 crimen
2682 2227 2790 2283 hoc
2821 2228 3046 2301 nuptiis
3092 2227 3553 2295 emendandum,
3585 2232 3644 2282 et
3669 2226 3740 2283 de

2081 2315 2298 2373 scelere
2330 2316 2532 2373 statim
2564 2316 2801 2373 nomine
2840 2315 3184 2389 conjugium
3215 2320 3453 2374 censeat
3483 2332 3617 2372 esse
3645 2332 3739 2371 voc

2081 2405 2363 2461 cundum.
2394 2408 2441 2461 A
2472 2422 2565 2462 me
2593 2404 2812 2461 invitus
2836 2405 3118 2461 veraciter
3144 2404 3361 2474 audiet,
3379 2404 3739 2461 adulterium

2082 2493 2420 2551 nullatenus
2452 2494 2566 2552 dici
2598 2493 2940 2568 conjugium
2976 2511 2990 2549 :
3023 2494 3369 2568 conjugium
3396 2493 3561 2550 enim
3614 2493 3740 2549 reli-

2081 2582 2229 2656 giosi
2262 2582 2518 2639 nominis
2554 2582 2903 2640 vocabulum
2927 2586 3034 2639 est.

2151 2673 2287 2728 CAP.
2310 2672 2423 2728 XX.
2450 2672 2552 2728 His
2573 2676 2911 2728 sanctorum
2927 2672 3162 2727 Patrum
3195 2672 3389 2728 verbis
3414 2677 3596 2745 atque
3618 2690 3737 2728 sen-

2080 2761 2278 2817 tentiis
2301 2762 2732 2834 subjungemus
2755 2762 2946 2817 adhuc
2968 2778 3155 2833 pauca
3175 2778 3243 2816 ex
3282 2761 3468 2816 sacris
3498 2761 3739 2816 canoni-

2079 2850 2191 2906 bus
2222 2850 2563 2919 sententias,
2587 2867 2736 2923 quas
2786 2850 2845 2906 in
2896 2850 3448 2923 contemplationem
3500 2851 3734 2907 Domini

2079 2938 2263 2996 nostri
2282 2940 2424 2997 Jesu
2448 2938 2758 3007 Christi,et
2787 2938 3069 2996 honorem
3110 2956 3177 2996 ac
3209 2938 3490 3013 pietatem
3522 2944 3735 2997 sancta!

2080 3028 2286 3086 matris
2315 3028 2605 3099 Ecclesiae,
2637 3029 2809 3101 cujus
2845 3028 3170 3086 visceribus
3217 3032 3331 3086 Deo
3380 3028 3533 3099 nati,
3565 3029 3736 3102 cujus

2078 3115 2402 3173 honoribus
2428 3115 2703 3174 illustrati
2724 3115 2888 3186 estis,
2906 3120 2963 3173 et
2977 3116 3327 3174 asternaliter
3346 3116 3734 3176 illustrandae

319 3224 381 3283 in
412 3205 709 3298 plerisque
733 3225 897 3299 regni
928 3205 1407 3299 huius—partibus
1436 3228 1708 3301 contagia
1733 3205 1971 3286 funesta
2000 3210 2043 3278 C
2075 3222 2338 3301 V°3__93§3
2366 3206 2678 3301 οφῐξίίάῖῐίει
2713 3205 2986 3301 religiosa
3036 3223 3379 3301 quasumus
3406 3206 3737 3301 devotione

317 3317 685 3386 grassantur.
708 3314 855 3381 Quia
883 3314 1053 3371 nobis
1083 3314 1219 3371 licet
1247 3314 1509 3389 indignis
1538 3322 1597 3373 et
1625 3317 1973 3388 minimis,et

320 3400 584 3472 exemplo
615 3401 934 3473 apostolico
962 3419 1105 3460 cura
1133 3404 1306 3460 debet
1334 3403 1673 3463 incumbere
1704 3407 1970 3463 omnium

320 3485 738 3559 Ecclesiarum,
770 3494 829 3547 et
870 3492 1110 3549 omnino
1160 3492 1471 3566 vigilanter
1518 3495 1889 3553 admouenda
1915 3500 1974 3553 et

321 3576 697 3650 praedicanda
716 3584 860 3636 sunt
886 3579 1003 3637 ista
1021 3580 1198 3638 etiam
1220 3582 1321 3638 ubi
1343 3600 1459 3640 non
1490 3585 1660 3641 ﬁunt.
1684 3586 1971 3652 Quoniam

319 3669 379 3721 et
404 3670 541 3724 ante
556 3684 845 3725 venenum
866 3673 956 3726 est
983 3670 1385 3729 adhibendum
1407 3672 1823 3742 antidotum,et
1841 3674 1969 3730 vul-

321 3771 458 3826 nus,
489 3755 632 3812 dum
662 3756 857 3814 adhuc
899 3760 1213 3816 crescendo
1241 3760 1394 3817 male
1425 3761 1675 3834 proﬁcit,
1698 3761 1785 3818 vel
1817 3779 1971 3819 rese-

318 3843 574 3903 candum
593 3848 683 3900 est
710 3844 798 3901 vel
825 3847 1174 3904 curandum.
1192 3849 1445 3906 Oramus
1465 3848 1664 3922 itaque
1683 3854 1741 3907 et
1762 3850 1971 3924 implo-

319 3947 523 3988 ramus
542 3948 577 3988 a
596 3932 761 3989 vobis
781 3934 1253 4009 auxilium,quod
1278 3936 1363 3992 illi
1384 3938 1511 3993 sine
1527 3937 1705 3995 dubio
1724 3938 1971 4008 debetis,

319 4020 490 4091 citius
510 4034 753 4079 munere
767 4021 986 4080 ﬁoretis
1000 4028 1180 4097 etque
1202 4024 1460 4098 polletis,
1477 4031 1544 4082 ut
1566 4030 1684 4083 tres
1704 4027 1973 4085 Ecclesiae

317 4107 572 4176 ordines,
587 4108 707 4167 imo
721 4109 932 4185 triplex
950 4113 1077 4186 agri
1099 4114 1280 4170 divini
1299 4114 1840 4187 fructus,videlicet,
1868 4117 1974 4173 tri-

315 4195 594 4266 cesimus,
647 4200 1074 4274 sexagesimus,
1133 4206 1309 4276 atque
1367 4204 1746 4273 centesimus,
1794 4206 1971 4262 etiam

315 4290 508 4345 vestro
538 4291 761 4345 terrore
806 4294 983 4362 atque
1032 4291 1322 4363 pmsidio,
1351 4291 1512 4349 velut
1549 4294 1805 4365 quadam
1836 4311 1972 4367 sepe

317 4379 492 4448 atque
523 4377 914 4447 munimento,
951 4378 1177 4453 integer
1204 4386 1262 4436 et
1288 4381 1554 4438 sincerus
1582 4383 1969 4453 custodiatur,

318 4467 563 4533 crescat,
595 4469 774 4537 atque
805 4466 1073 4538 proﬁciat
1106 4485 1119 4523 :
1152 4468 1485 4527 tricesimus
1514 4470 1576 4526 in
1606 4472 1973 4544 copulatione

2080 3294 2354 3364 audiatis,
2379 3299 2435 3351 et
2464 3294 2925 3353 instructissima
2948 3313 3090 3353 cura
3119 3301 3295 3369 atque
3324 3296 3646 3369 industria,
3678 3296 3736 3352 in

2080 3384 2397 3440 commisso
2419 3384 2582 3440 vobis
2603 3383 2933 3441 Christiano
2956 3384 3171 3459 populo
3193 3385 3734 3458 agnosci,revereri,

2083 3477 2257 3545 atque
2287 3472 2602 3542 observari,
2636 3474 2882 3532 Domino
2912 3474 2972 3530 in
3003 3474 3280 3532 omnibus
3310 3478 3657 3548 protegente
3682 3478 3739 3530 et

2081 3566 2446 3636 cooperante,
2471 3562 2719 3621 faciatis.
2745 3565 2935 3621 Tanta
2965 3580 3221 3637 namque
3250 3579 3343 3619 res
3374 3562 3494 3619 ista
3522 3567 3614 3620 est
3637 3579 3739 3636 pro

2081 3668 2200 3724 qua
2218 3652 2546 3726 satagimus
2575 3658 2633 3709 et
2656 3652 3081 3727 supplicamus,
3096 3653 3153 3708 id
3186 3656 3277 3709 est
3296 3652 3664 3709 castimoniae
3684 3654 3739 3708 et

2082 3740 2408 3797 sanctitatis
2440 3741 2809 3812 cnstodia,ut
2838 3758 2941 3815 pro
2972 3759 3040 3799 ea
3070 3740 3545 3798 commendanda
3563 3744 3739 3812 atque

2082 3829 2301 3885 tuenda
2328 3830 2505 3886 etiam
2531 3847 2638 3887 nos
2668 3831 2829 3903 ipsos
2859 3830 3066 3887 offerre
3111 3830 3361 3887 libenter
3390 3828 3735 3897 debeamus,

2081 3917 2345 3991 exemplo
2366 3918 2522 3975 beati
2543 3923 2601 3975 et
2619 3918 2859 3993 gloriosi
2882 3919 3156 3993 Baptista
3176 3918 3446 3986 Joannis,
3459 3918 3564 3991 qui
3585 3917 3739 3974 inter

2081 4010 2288 4064 cmtera
2319 4006 2750 4081 praedicationis
2797 4025 2919 4065 suis
2965 4007 3281 4081 prmconia,
3310 4008 3490 4064 etiam
3539 4021 3735 4080 regem

2080 4095 2278 4169 ipsum
2290 4096 2577 4154 Herodem
2589 4100 2826 4170 propter
2846 4095 3179 4154 istiusmodi
3192 4095 3594 4153 adulterinum
3606 4112 3741 4152 con-

2072 4184 2309 4259 jugium
2334 4188 2499 4242 tanta
2518 4184 2852 4243 constantia
2872 4185 3212 4259 increpavit,
3228 4190 3405 4258 atque
3429 4172 3737 4258 corripuit,

2082 4272 2371 4330 instanter
2388 4273 2751 4331 annuntians
2781 4279 2840 4330 et
2881 4274 3083 4331 dicens
3114 4272 3201 4330 illi
3232 4273 3304 4330 de
3331 4289 3511 4330 uxore
3537 4270 3739 4329 fratris

2082 4361 2176 4417 sui
2197 4362 2519 4420 Herodiade
2541 4362 2738 4436 (quam
2760 4362 3076 4436 plusquam
3097 4361 3501 4436 raptor,etiam
3520 4361 3740 4417 virtute

2080 4455 2138 4506 et
2156 4451 2417 4523 potentia
2435 4450 2604 4524 regis:
2626 4452 2932 4525 potestatis
2955 4451 3293 4509 obtinuerat
3312 4455 3371 4508 et
3383 4450 3740 4522 detinebat):

317 4552 599 4624 conjugii,
623 4553 1027 4627 sexagesimus
1050 4556 1109 4614 in
1133 4559 1495 4615 continentia
1512 4558 1752 4630 viduali,
1781 4565 1972 4617 cente-

2156 4556 2199 4593 >n
2232 4539 2359 4595 licet
2379 4539 2483 4595 tibi
2505 4538 2707 4596 habere
2725 4556 2845 4597 eam
2873 4539 3079 4611 (Matth.
3122 4557 3238 4609 XIV,
3269 4539 3355 4613 4);
3383 4541 3451 4595 ut
3490 4555 3600 4639 pro
3631 4538 3738 4595 hu-

317 4638 508 4699 simus
536 4640 596 4697 in
618 4642 842 4713 pudore
866 4648 1041 4717 atque
1065 4645 1399 4720 integritate
1420 4628 1849 4705 sanctimoniali
1872 4666 1885 4706 :
1910 4654 1976 4706 ut
2003 4628 2049 4646 u
2074 4628 2342 4720 ιῗυεαξοάί
2374 4644 2555 4685 causa
2582 4633 2641 4720 ἐι
2668 4628 2903 4720 Vincula
2930 4633 2988 4720 et
3016 4628 3741 4720 carceremiequanimiter

318 4726 651 4801 quicunque
681 4729 776 4786 his
797 4732 1086 4791 fructibus
1107 4739 1390 4809 tanquam
1413 4736 1596 4792 bruta:
1614 4741 1671 4792 et
1691 4738 1975 4811 pernicio—

316 4832 394 4873 sua
424 4817 622 4873 bestia:
647 4817 1027 4891 insidiantur,
1058 4828 1254 4880 vestra
1282 4825 1553 4881 custodia
1593 4825 1969 4899 repellantur,

315 4909 508 4963 vestra
526 4906 703 4964 etiam
736 4911 1041 4968 severitate
1072 4913 1459 4985 corrigantur.

385 5023 523 5082 CAP.
546 5021 689 5080 XIX.
713 5025 1004 5081 Audiatur
1021 5032 1078 5083 et
1095 5031 1365 5085 teneatur
1388 5031 1543 5102 quod
1566 5031 1751 5087 sancti
1775 5031 1973 5090 Patres

316 5110 608 5168 deﬁniunt
628 5112 701 5169 de
717 5113 868 5171 bono
884 5115 1013 5187 conj
1023 5115 1177 5189 ugali
1190 5116 1292 5185 ,ita
1311 5118 1572 5175 dicentes
1586 5121 1757 5192 (Aug.
1775 5120 1875 5177 lib.
1894 5138 1971 5190 ix,

314 5199 382 5255 de
412 5199 596 5259 Gates.
628 5202 700 5258 ad
730 5203 814 5259 lit.
849 5221 895 5260 ο.
926 5204 984 5277 7)
1020 5221 1033 5260 :
1068 5229 1095 5255 ‹‹
1130 5207 1293 5272 Quod
1343 5208 1563 5264 bonum
1605 5208 1825 5267 habent
1855 5227 1971 5267 nu-

315 5289 471 5362 ptiis,
503 5295 810 5362 peccatum
841 5309 970 5350 esse
1018 5311 1321 5367 nunquam
1371 5301 1581 5370 potest.
1624 5297 1742 5353 Hoc
1773 5303 1969 5355 autem

314 5376 678 5451 tripertitum
710 5385 821 5447 est,
844 5382 1013 5452 ﬁdes,
1036 5383 1249 5456 proles,
1274 5389 1728 5442 sacramentum.
1754 5386 1817 5442 In
1859 5388 1972 5442 ﬁde

316 5466 661 5541 attenditur,
676 5485 748 5525 ne
768 5475 979 5542 praeter
996 5471 1300 5528 vinculum
1322 5473 1452 5545 conj
1460 5472 1629 5546 ugale
1644 5490 1779 5530 cum
1792 5474 1973 5532 altera

316 5552 401 5609 sel
431 5554 610 5613 altero
631 5560 1078 5617 concumbatur.
1105 5561 1168 5618 In
1191 5561 1372 5635 prole,
1396 5567 1463 5618 ut
1491 5566 1757 5620 amanter
1778 5564 1972 5621 susci-

317 5641 531 5718 piatur,
563 5645 813 5723 benigne
832 5648 1145 5723 nutriatur,
1162 5649 1434 5725 religiose
1465 5650 1768 5711 educetur.
1792 5652 1857 5712 ln
1876 5670 1971 5713 sa-

2084 4716 2406 4787 sustinens,
2467 4716 2783 4775 novissime
2826 4716 3020 4791 gladio
3078 4716 3353 4775 maluerit
3403 4714 3740 4773 obtrunerri

2080 4823 2260 4880 quam
2282 4824 2317 4864 a
2336 4806 2597 4865 veritatis
2626 4813 2685 4865 et
2695 4808 2942 4880 justitiae
2964 4806 3375 4881 praedicatione
3393 4822 3651 4865 cessare.
3670 4805 3737 4863 Et

2081 4896 2211 4952 ideo
2240 4912 2374 4953 vere
2403 4901 2624 4971 martyr
2669 4896 2907 4967 Christi,
2941 4896 3083 4970 quia
3129 4896 3320 4971 ipsius
3362 4894 3635 4954 veritatis
3680 4897 3738 4951 et

2073 4986 2318 5058 justitiaa
2350 4990 2590 5059 martyr.

2702 5086 3125 5197 EXCERPTA

2080 5221 2176 5287 Ex
2241 5222 2445 5286 sacris
2484 5222 2854 5286 canonibus
2912 5227 2978 5286 et
3026 5224 3417 5285 sanctorum
3455 5218 3735 5286 Patrum

2168 5312 2379 5393 gestis
2416 5312 2497 5375 de
2527 5310 2710 5374 cultu
2741 5311 3199 5376 sanctimoniae
3239 5313 3306 5375 et
3353 5310 3733 5375 constantis

2168 5400 2653 5464 annuntiandze
2692 5400 3020 5465 veritatis.

2080 5484 2162 5540 Ex
2209 5484 2440 5559 decretis
2473 5499 2633 5556 papm
2672 5484 2866 5559 Siricii
2911 5500 3030 5559 cap.
3081 5485 3116 5540 4
3167 5483 3353 5559 :Quod
3403 5500 3520 5541 non
3538 5482 3736 5559 liceat

2181 5556 2422 5613 alterius
2446 5555 2724 5629 sponsam
2757 5557 2828 5613 ad
2859 5555 3220 5614 matrimonii
3240 5555 3382 5628 jura
3408 5555 3637 5613 sortiri.

2150 5653 2233 5713 De
2262 5652 2559 5757 coniugali
2596 5658 2791 5715 autem
2841 5654 3154 5715 violatione
3194 5652 3500 5732 requisita,
3526 5654 3588 5714 si
3636 5653 3736 5713 de—
