3976 6188
222 311 382 376 1045

1066 308 1222 370 ΡΡιΟ
1268 305 1662 368 ECClJ‘LSI/E
1705 305 2214 370 LIBERTATUH
2265 311 2780 379 DEFENSIONE.

3485 317 3640 384 1046

219 443 308 502 ire
338 459 456 500 non
487 441 716 507 debeat,
750 437 966 496 Paulus
997 439 1300 512 apostolus
1331 439 1613 512 Spiritum
1645 437 1878 495 Domini
1909 437 1963 505 Α
1992 439 2124 507 sati,
2145 441 2264 498 sive
2285 440 2382 498 ille
2404 443 2678 502 sublimis
2693 446 3184 519 virhonoris,sive
3201 449 3381 512 ullius
3397 449 3640 515 alterius

220 533 452 590 habens
473 531 704 587 Christo
723 529 784 584 in
811 547 872 586 se
897 529 1170 602 loquente
1192 527 1416 585 fortiter
1443 527 1738 601 perhibet;
1764 544 1880 599 qua

223 621 508 678 nimirum
543 618 888 675 auctoritate
919 635 1172 674 canones
1203 616 1710 690 Carthaginienses
1741 633 1880 689 prae-

223 711 456 784 cipiunt
476 708 735 765 dicentes
760 725 809 764 :«
835 707 1114 780 Quisquis
1136 706 1564 780 episcoporum,
1587 705 1876 779 presbyte-

223 815 450 866 rorum,
495 801 554 854 et
601 797 1008 864 diaconornm,
1059 813 1162 852 seu
1221 795 1586 863 clericorum,
1621 811 1754 850 cum
1817 794 1875 848 in

222 887 474 946 ecclesia
531 887 582 944 ei
641 885 819 942 fuerit
874 885 1094 941 crimen
1150 885 1508 952 institutum,
1548 883 1634 940 vel
1691 881 1876 939 civilis

222 993 408 1033 causa
437 975 612 1032 fuerit
640 977 951 1042 commota,
981 973 1030 1030 si
1061 971 1263 1030 relicto
1299 971 1691 1029 ecclesiastico
1713 971 1875 1044 judi-

220 1065 336 1134 cio,
371 1062 624 1138 publicis
647 1062 891 1135 judiciis
930 1079 1180 1136 purgare
1207 1061 1474 1128 voluerit,
1507 1060 1738 1118 etiamsi
1771 1078 1874 1134 pro

220 1154 355 1227 ipso
385 1153 563 1209 fuerit
592 1151 819 1225 prolata
847 1151 1158 1219 sententia,
1190 1149 1383 1207 locum
1415 1167 1589 1208 suum
1621 1151 1872 1218 amittat,

219 1246 282 1299 et
312 1243 426 1312 hoc
473 1241 534 1296 in
585 1239 908 1307 criminali;
949 1239 1010 1295 in
1059 1239 1212 1296 civili
1253 1257 1388 1296 vero
1446 1240 1670 1312 perdat,
1719 1239 1874 1312 quod

221 1307 417 1397 evic'it,
451 1329 500 1386 si
531 1329 726 1386 locum
759 1345 934 1386 suum
966 1329 1230 1385 obtinere
1261 1307 1534 1384 malae—rit
1555 1339 1597 1383 ⁸.
1631 1330 1700 1384 Et
1726 1307 1876 1385 Afri-

223 1435 444 1476 canum
491 1417 806 1475 concilium
839 1435 905 1474 :«
953 1418 1298 1490 Quicunque
1347 1417 1594 1490 (scilicet
1639 1416 1876 1474 clerico-

223 1509 403 1581 rum),
437 1508 510 1565 ab
559 1507 908 1580 imperatore
937 1505 1328 1580 cognitionem
1371 1506 1730 1579 judiciorum
1769 1523 1876 1580 pu—

223 1597 519 1655 blicorum
548 1596 799 1670 petierit,
840 1595 1059 1652 honore
1107 1595 1340 1669 proprio
1369 1595 1660 1668 privetur;
1693 1595 1739 1652 si
1773 1613 1873 1651 au-

222 1690 343 1744 tem
361 1685 692 1760 episcopale
707 1683 1000 1758 judicium
1018 1685 1090 1741 ab
1114 1684 1462 1756 imperatore
1479 1683 1874 1757 postulaverit,

222 1775 373 1832 nihil
404 1775 458 1832 ei
489 1775 645 1832 obsit
663 1777 708 1832 δ.
731 1797 760 1826 ››

293 1865 461 1932 Quod
482 1868 540 1920 et
568 1863 746 1938 leges,
768 1863 984 1936 quibus
1015 1879 1149 1918 cum
1183 1862 1366 1920 sacris
1397 1863 1720 1920 canonibus
1743 1881 1876 1918 san-

221 1958 319 2009 cta
351 1953 690 2009 moderatur
733 1951 1009 2019 Ecclesia,
1043 1952 1126 2007 ita
1153 1951 1214 2007 in
1246 1953 1472 2008 decimo
1521 1957 1680 2008 sexto
1728 1951 1876 2009 libro

221 2040 644 2098 Theodosiana:
687 2039 833 2114 legis
864 2041 1234 2110 confirmant,
1267 2040 1564 2098 sanciente
1595 2043 1876 2098 Constan-

222 2130 373 2195 tino,
395 2131 654 2186 dicentes
681 2146 733 2184 :«
763 2128 1250 2198 Mansuetudinis,
1274 2129 1485 2202 inquit,
1509 2135 1720 2187 nostrae
1751 2130 1877 2203 lege

223 2219 628 2292 prohibemus,
645 2219 703 2274 in
717 2217 962 2290 judiciis
983 2218 1288 2292 episcopos
1306 2219 1597 2288 accusari;
1625 2237 1716 2286 ne,
1733 2221 1875 2275 dum

225 2309 300 2365 ad
335 2310 535 2364 futura
559 2308 822 2381 ipsorum
867 2308 1148 2364 beneficio
1177 2307 1500 2382 impunitas
1529 2309 1875 2378 resumatur,

222 2398 412 2454 libera
439 2397 518 2454 sit
539 2399 610 2454 ad
633 2398 963 2472 arguendos
984 2415 1083 2454 eos
1105 2397 1318 2454 animis
1349 2397 1657 2455 furialibus
1687 2399 1873 2471 copia.

225 2487 286 2544 Si
309 2487 454 2560 quid
477 2491 567 2543 est
587 2485 766 2560 igitur
781 2487 1334 2561 querelarum,quod
1347 2488 1642 2561 quispiam
1661 2489 1874 2556 defert;

225 2577 384 2650 apud
406 2575 554 2631 alios
577 2575 952 2647 potissimum
971 2577 1276 2649 episcopos
1297 2578 1564 2634 convenit
1591 2577 1876 2650 explorari

227 2669 296 2720 ut
326 2668 658 2737 opportuna
685 2668 860 2735 atque
888 2665 1198 2720 commoda
1228 2669 1574 2720 cunctorum
1605 2663 1877 2736 quaestio-

224 2753 407 2810 nibus
427 2751 726 2808 audientia
747 2753 1204 2808 commodatur.»
1219 2754 1290 2808 Et
1309 2753 1708 2826 interpretatio
1729 2754 1882 2824 ejus-

223 2843 362 2898 dem
395 2840 542 2914 legis
567 2857 616 2894 :«
645 2841 984 2912 Specialiter
1013 2841 1374 2913 prohibetur,
1400 2858 1472 2897 ne
1501 2842 1634 2914 quis
1665 2841 1882 2897 audeat

1908 1807 1954 1872 B

1989 527 2313 600 dignitatis,
2334 531 2435 604 qui
2485 533 2594 591 hoc
2641 553 2828 608 genus
2885 538 3244 597 illaudabilis
3295 541 3638 598 intentionis

1989 617 2248 690 arripiet,
2263 621 2485 678 noverit
2497 623 2758 680 docenda
2773 626 3237 698 probationibus,
3253 630 3638 688 monstranda

1987 705 2354 766 documentis
2385 728 2446 767 se
2477 713 2686 770 debere
2730 714 2962 770 inferre.
2995 716 3053 772 Si
3086 717 3219 790 quis
3258 733 3395 791 ergo
3434 725 3639 776 contra

1987 793 2328 866 hujusmodi
2361 816 2638 872 personas
2664 820 2779 858 non
2813 804 3115 876 probanda
3134 805 3430 877 detulerit,
3443 811 3640 864 aucto-

1985 883 2158 940 ritate
2190 885 2371 958 hujus
2418 889 2742 948 sanctionis
2761 891 3061 966 intelligat
3090 910 3152 950 se
3191 895 3438 966 jactura;
3469 897 3637 955 fama:

1985 973 2232 1046 prOpriae
2263 977 2566 1050 subjacere
2600 996 2613 1035 :
2650 985 2717 1036 ut
2745 982 2960 1038 damno
2992 981 3236 1055 pudoris
3264 982 3639 1041 existimatio-

1986 1061 2196 1134 nisque
2229 1064 2536 1138 dispendio
2559 1069 2748 1125 discat
2775 1069 2888 1126 sibi
2919 1069 3122 1126 alienae
3149 1071 3513 1128 verecundia
3531 1071 3639 1128 im-

1985 1165 2141 1224 pune
2169 1152 2458 1221 insidiari,
2483 1157 2691 1214 saltem
2731 1159 2803 1214 de
2849 1164 3076 1226 czetero,
3097 1177 3214 1216 non
3245 1159 3476 1217 licere.»
3501 1163 3635 1228 Quae

1986 1240 2064 1296 sit
2092 1245 2290 1298 autem
2327 1245 2565 1316 jactura
2611 1247 2864 1302 infamiae
2895 1248 3164 1321 propriae,
3197 1265 3324 1322 qua
3356 1247 3476 1306 sint
3505 1266 3635 1322 per-

1986 1346 2142 1386 sonae
2187 1330 2460 1402 infames,
2503 1333 2660 1408 leges
2703 1353 2977 1406 romanae,
3011 1353 3078 1392 ac
3122 1353 3395 1406 canones,
3429 1339 3528 1394 sed
3578 1341 3638 1394 et

1986 1419 2218 1476 decreta
2255 1423 2412 1478 sedis
2462 1440 2737 1496 romanae,
2759 1426 3104 1498 pontificum
3153 1425 3455 1484 multoties
3499 1426 3638 1483 inde

1986 1507 2292 1581 loquentes
2320 1518 2636 1586 exponunt.
2981 1573 2984 1578 _

2060 1597 2216 1654 Inter
2235 1601 2388 1672 quod
2419 1602 2627 1660 beatus
2648 1603 2980 1676 Stephanus
3007 1609 3208 1661 sancto
3239 1603 3454 1660 Hilario
3485 1603 3634 1660 scri-

1988 1687 2154 1754 bens,
2179 1687 2262 1744 ita
2290 1690 2433 1746 dicit
2455 1708 2507 1746 :u
2528 1693 2690 1758 Quod
2711 1709 2843 1750 vero
2863 1693 3211 1750 consuluisti
3243 1693 3442 1750 sedem
3463 1709 3634 1766 apos-

1988 1776 2248 1847 tolicam,
2272 1778 2373 1851 qui
2407 1781 2527 1836 sint
2554 1779 2941 1850 infames,aut
2971 1783 3070 1854 qui
3101 1783 3172 1838 ad
3203 1783 3423 1856 gradus
3451 1779 3633 1838 eccle-

1985 1865 2254 1923 siasticos
2275 1885 2390 1924 non
2414 1869 2535 1924 sint
2554 1869 2922 1936 admittendi,
2943 1875 2999 1926 et
3028 1887 3202 1926 nosse
3230 1873 3286 1926 te
3313 1869 3630 1936 credimus,

1985 1959 2042 2009 et
2073 1971 2174 2026 pro
2205 1957 2550 2014 auctoritate
2571 1958 2728 2014 sedis
2749 1957 3078 2031 apostolicae
3102 1963 3157 2016 te
3179 1958 3495 2014 informare
3516 1973 3632 2012 non

1985 2045 2364 2117 denegamus.
2387 2047 2640 2104 Infames
2669 2052 2862 2104 autem
2895 2064 2993 2104 eas
3021 2065 3150 2104 esse
3177 2064 3458 2121 personas
3487 2044 3630 2102 dici-

1985 2151 2140 2202 mus,
2163 2152 2290 2207 quze
2321 2153 2426 2208 pro
2447 2135 2643 2208 aliqua
2663 2137 2836 2209 culpa
2857 2140 3135 2194 notantur
3156 2137 3416 2204 infamia,
3440 2135 3498 2191 id
3521 2138 3632 2202 est,

1985 2239 2190 2279 omnes
2236 2225 2336 2296 qui
2383 2224 2711 2280 christiana:
2763 2225 2908 2298 legis
2945 2241 3213 2280 normam
3263 2224 3552 2294 abjiciunt
3579 2225 3637 2277 et

1984 2317 2206 2368 statuta
2225 2312 2620 2369 ecclesiastica
2640 2319 3041 2370 contemnunt.
3062 2312 3343 2370 Similiter
3359 2313 3536 2380 fures,
3551 2327 3641 2366 sa-

1985 2400 2252 2474 crilegos,
2283 2405 2340 2456 et
2368 2418 2573 2457 omnes
2599 2401 2949 2474 capitalibus
2981 2400 3331 2456 criminibus
3361 2399 3638 2465 irretitos,

1986 2488 2510 2562 sepulcrorumque
2547 2490 2880 2557 violatores,
2915 2495 2970 2546 et
3012 2489 3412 2562 apostolorum
3463 2492 3641 2560 atque

1987 2593 2394 2634 successorum
2428 2595 2654 2646 eorum,
2683 2583 2741 2634 ct
2771 2577 3130 2650 reliquorum
3163 2582 3504 2635 sanctorum
3535 2577 3642 2634 Pa-

1986 2670 2144 2721 trum
2179 2670 2400 2722 statuta
2443 2665 2690 2722 libenter
2729 2665 3040 2736 violantes;
3075 2671 3133 2723 et
3163 2683 3368 2724 omnes
3399 2667 3500 2739 qui
3533 2667 3641 2722 ad-

1985 2771 2192 2811 versus
2213 2758 2406 2826 patres
2429 2759 2754 2820 armantur,
2771 2755 2869 2826 qui
2893 2755 2952 2809 in
2971 2755 3129 2810 omni
3154 2757 3377 2812 mundo
3395 2755 3642 2812 infamia

1987 2847 2289 2900 notantur.
2313 2841 2598 2898 Similiter
2625 2847 2684 2898 et
2711 2841 3098 2910 ineestuosos,
3132 2842 3478 2910 homicidas,
3505 2859 3640 2916 per-

223 2930 385 3005 apud
408 2929 643 3002 judices
673 2929 940 3002 publicos
977 2929 1317 3002 episcopum
1357 2945 1652 2998 accusare,
1684 2930 1786 2987 sed
1819 2929 1878 2985 in
1978 2933 2170 3004 juros,
2203 2936 2490 3004 raptores,
2523 2929 2841 2998 maleﬁcos,
2873 2923 3181 2998 veneficos,
3217 2930 3534 2998 adulteros,
3567 2931 3641 2986 de

223 3020 640 3092 episcoporum
667 3017 1026 3074 audientiam
1047 3018 1303 3091 perferre
1324 3035 1436 3074 non
1461 3017 1690 3074 differat
1709 3017 1879 3091 quid-

223 3107 367 3180 quid
403 3107 515 3163 sibi
548 3123 652 3180 pro
683 3106 965 3178 quali—tate
996 3105 1213 3180 negotii
1243 3110 1412 3180 putat
1441 3123 1612 3180 posse
1642 3123 1878 3179 compe-

1989 3019 2141 3077 bello
2166 3020 2474 3094 fugientes,
2498 3023 2555 3075 et
2585 3019 2684 3092 qui
2717 3019 2960 3092 indigna
2978 3018 3090 3075 sibi
3114 3021 3322 3092 petunt
3339 3018 3468 3076 loca
3485 3022 3643 3075 tene-

1991 3126 2072 3178 re,
2107 3113 2208 3165 aut
2238 3107 2546 3165 facultates
2583 3107 2852 3164 Ecclesiae
2902 3107 3257 3164 abstrahunt
3301 3107 3554 3178 injuste;
3585 3111 3644 3163 et

222 3199 372 3262 tere,
397 3201 462 3250 ut
490 3195 550 3250 in
581 3194 987 3268 episcoporum
1020 3195 1268 3252 aliorum
1292 3195 1539 3267 judicio,
1564 3213 1689 3268 quae
1721 3212 1878 3252 asse-
1910 3169 1952 3235 C
1991 3198 2091 3272 qui
2124 3199 2329 3254 fratres
2359 3196 2798 3254 calumniantur
2828 3201 2932 3252 aut
2965 3199 3247 3252 accusant
3277 3200 3334 3252 et
3361 3213 3476 3254 non
3508 3212 3642 3270 pro-

225 3283 306 3340 rit
337 3287 543 3340 contra
571 3283 932 3356 episcopum,
969 3285 1219 3340 debeant
1249 3283 1514 3339 difﬁniri.
1542 3306 1569 3333 »

299 3373 370 3428 Et
431 3371 571 3428 item
625 3370 859 3440 Valens,
901 3371 1217 3428 Gratianus
1275 3377 1332 3428 et
1385 3371 1878 3430 Valentinianus:

229 3484 258 3512 ‹‹
292 3460 404 3526 Qui
437 3477 564 3518 mos
595 3465 684 3516 est
710 3477 1022 3516 causarum
1054 3461 1314 3518 civilium
1347 3461 1500 3517 idem
1541 3461 1599 3516 in
1637 3461 1884 3535 negotiis

226 3548 648 3606 ecclesiasticis
677 3549 1030 3606 obtinendus
1050 3553 1158 3617 est,
1184 3555 1249 3606 ut
1279 3550 1328 3606 si
1357 3567 1473 3622 qua
1503 3555 1643 3605 sunt
1671 3567 1740 3605 ex
1761 3549 1886 3622 qui-

225 3639 486 3695 husdam
529 3636 1000 3696 dissensionibus
1036 3638 1378 3712 levibusque
1415 3637 1662 3707 delictis,
1697 3639 1769 3694 ad
1802 3654 1886 3694 re-

224 3725 468 3800 ligionis
517 3727 946 3783 observantiam
997 3727 1366 3801 pertinentia,
1404 3727 1548 3784 locis
1595 3727 1720 3784 suis
1767 3731 1825 3784 et
1852 3745 1887 3784 a

224 3834 348 3872 sua:
408 3815 726 3872 dioeceseos
780 3817 1020 3890 synodis
1076 3817 1462 3874 audiantur.»
1509 3818 1580 3872 Et
1635 3817 1881 3889 reliqua.

225 3905 297 3961 Et
345 3903 750 3976 interpretatio
790 3906 1052 3977 ejusdem
1086 3905 1269 3978 legis:
1299 3929 1320 3956 κ
1357 3906 1594 3972 Quoties
1633 3923 1701 3962 ex
1741 3923 1883 3978 qua-

223 3993 373 4050 libet
403 4010 466 4050 re
497 3994 568 4050 ad
604 3993 938 4068 religionem
965 3995 1289 4068 pertinente
1321 3995 1470 4052 inter
1499 3995 1740 4051 clericos
1770 3996 1888 4050 fue-

227 4083 306 4138 rit
338 4087 478 4138 nata
509 4082 831 4151 contentio;
857 4083 914 4140 id
942 4084 1273 4157 specialiter
1294 4084 1647 4150 observstur,
1674 4089 1738 4139 ut
1757 4101 1890 4139 con-

226 4171 458 4227 vocatis
489 4172 561 4226 ab
593 4170 864 4244 episcopo
896 4171 1240 4228 dimcesanis
1271 4171 1644 4245 presbyteris,
1669 4189 1796 4242 quae
1827 4172 1886 4226 in

229 4260 672 4316 contentionem
721 4259 986 4316 venerint
1034 4261 1261 4332 judicio
1307 4262 1718 4317 terminentur.
1747 4283 1774 4309 »
1821 4261 1890 4316 Et

231 4347 489 4420 reliqua.

305 4437 378 4492 Et
393 4436 762 4493 Theodosius
777 4437 1308 4496 christianissimus
1326 4439 1720 4512 imperator,ct
1737 4439 1890 4495 beati

1991 3287 2162 3356 bant;
2186 3287 2273 3342 vel
2303 3286 2404 3358 qui
2437 3290 2642 3342 contra
2673 3286 3015 3342 innocentes
3047 3283 3381 3359 principum
3413 3284 3644 3347 animos

1991 3377 2064 3433 ad
2095 3374 2459 3431 iracundiam
2492 3378 2834 3447 provocant;
2869 3378 2926 3430 et
2955 3391 3160 3430 omnes
3190 3371 3646 3431 anathematiza-

1993 3469 2104 3532 tos,
2127 3463 2216 3519 vel
2245 3481 2348 3536 pro
2380 3462 2506 3520 suis
2539 3463 2859 3520 sceleribus
2907 3464 2980 3520 ab
3019 3462 3279 3520 Ecclesia
3321 3461 3554 3536 pulsos;
3587 3464 3648 3518 et

1993 3569 2198 3610 omnes
2227 3569 2376 3625 quos
2405 3551 2810 3608 ecclesiasticae
2841 3551 2929 3608 vel
2969 3551 3164 3608 saeculi
3210 3551 3368 3624 leges
3393 3549 3646 3606 infames

1993 3641 2399 3715 pronuntiant.
2433 3642 2549 3698 Hos
2579 3657 2710 3696 vero
2743 3657 2857 3696 non
2891 3641 2961 3696 ad
3003 3656 3200 3696 sacros
3239 3637 3475 3696 ordines
3513 3637 3648 3694 licet

1993 3747 2350 3804 promovere,
2386 3747 2490 3784 nec
2521 3745 2716 3784 servos
2755 3733 2890 3784 ante
2929 3727 3252 3800 legitimam
3291 3726 3642 3794 libertatem,

1994 3836 2099 3876 nec
2122 3819 2487 3892 pmnitcntes,
2505 3835 2610 3873 nec
2640 3817 2928 3890 digamos,
2956 3833 3060 3874 nec
3089 3833 3189 3872 cos
3211 3815 3309 3888 qui
3340 3814 3514 3872 curiae
3543 3815 3643 3871 de-

1995 3907 2365 3974 serviunt,vel
2390 3907 2488 3980 qui
2513 3923 2628 3963 non
2650 3911 2791 3962 sunt
2812 3905 3019 3978 integri
3042 3921 3301 3977 corpore,
3316 3908 3419 3960 aut
3439 3921 3644 3960 sanam

1995 4015 2111 4052 non
2141 3997 2360 4052 habent
2389 4000 2645 4052 mentem
2667 3995 2754 4050 vel
2787 3994 3283 4061 intellectum,aul
3315 3993 3650 4049 inobedien-

1996 4091 2084 4141 tes
2107 4088 2448 4140 sanctorum
2479 4083 2728 4138 decretis
2765 4082 3040 4149 existunt,
3077 4087 3179 4136 aut
3219 4081 3424 4138 furiosi
3460 4080 3646 4136 mani-

1996 4175 2304 4228 festantur.
2340 4170 2408 4225 Hi
2439 4187 2643 4225 omnes
2675 4185 2779 4224 nec
2810 4171 2881 4224 ad
2921 4187 3121 4226 sacros
3167 4169 3388 4241 gradus
3435 4169 3649 4224 debent

1998 4258 2262 4334 provehi;
2300 4276 2403 4314 nec
2443 4257 2563 4325 isti,
2599 4275 2704 4314 nec
2746 4257 2961 4323 liberti,
2996 4275 3185 4329 neque
3233 4255 3508 4328 suspecti,
3543 4273 3648 4312 nec

1999 4355 2216 4406 rectam
2250 4349 2444 4412 fidem,
2467 4346 2556 4402 vel
2587 4347 2826 4418 dignam
2867 4345 3366 4402 conversationem
3399 4361 3514 4400 non
3545 4345 3649 4402 ha-

1999 4440 2224 4505 bentes,
2249 4453 2516 4496 summos
2562 4436 2895 4492 sacerdo'es
2925 4439 3174 4508 possunt
3217 4449 3549 4489 accusare.»
3582 4433 3653 4489 Et

227 4524 554 4592 Ambrosii,
580 4525 697 4582 imo
728 4543 831 4598 per
855 4543 990 4582 cum
1023 4527 1123 4583 Dei
1157 4527 1527 4584 humillimus
1557 4528 1791 4584 auditor
1821 4527 1892 4582 ad
1926 4532 1970 4597 ι)
2003 4528 2325 4584 secundum
2379 4526 2584 4582 Africae
2634 4542 2906 4592 canones,
2957 4522 3282 4592 criminosi,
3315 4538 3464 4596 quos
3511 4519 3654 4578 dicit

232 4615 520 4686 Optatum
549 4613 932 4686 Augustalem
965 4614 1026 4670 in
1051 4615 1172 4672 lata
1190 4616 1335 4690 lege,
1360 4618 1429 4672 ad
1457 4616 1650 4672 locum
1677 4634 1726 4673 ;‹‹
1751 4616 1892 4672 Con-

230 4701 407 4758 tinua
427 4700 554 4774 lege
570 4701 890 4772 sancimus,
906 4705 1148 4760 nomina
1158 4704 1677 4779 episcoporum,vel
1689 4722 1892 4762 eorum

231 4789 340 4864 qui
371 4790 639 4847 Ecclesia:
670 4791 1123 4850 necessitatibus
1157 4794 1438 4862 serviunt,
1460 4812 1532 4850 ne
1562 4795 1632 4850 ad
1665 4794 1894 4866 judicia

233 4881 362 4936 sive
391 4879 824 4936 ordinariorum
856 4882 976 4938 sive
1001 4883 1595 4940 extraordinariorum
1618 4884 1892 4955 judicum

234 4967 683 5041 pertrahuntur.
707 4969 935 5025 Habent
971 4969 1056 5026 illi
1097 4971 1330 5042 judices
1381 4989 1540 5040 suos,
1565 4989 1670 5029 nec
1717 4971 1893 5044 quid-

234 5073 424 5130 quam
456 5056 551 5112 his
582 5056 832 5130 publicis
863 5076 1175 5116 commune
1215 5078 1349 5118 cum
1388 5061 1639 5136 legibus.
1663 5063 1732 5117 Et
1763 5060 1894 5117 reli-

236 5163 383 5219 qua.
411 5145 482 5200 Et
513 5146 652 5202 item
693 5147 848 5204 idem
875 5165 888 5204 :
915 5173 942 5198 «
967 5149 1220 5206 Clericos
1252 5168 1364 5207 non
1407 5151 1507 5206 sisi
1549 5152 1701 5223 apud
1743 5151 1895 5224 epis-

239 5251 425 5307 copos
463 5237 726 5291 accusari
787 5239 1074 5294 convenit.
1110 5239 1293 5314 Igitur
1340 5240 1387 5296 si
1437 5239 1745 5313 episcopus
1797 5245 1902 5295 aut

237 5323 571 5396 presbyter,
613 5325 896 5383 diaconus
955 5332 1012 5382 et
1057 5328 1394 5401 quicunque
1456 5329 1746 5385 inferioris
1791 5329 1902 5384 loci

237 5411 580 5468 Christianae
601 5413 746 5487 legis
771 5415 1058 5485 minister,
1083 5419 1236 5490 apud
1259 5417 1584 5491 episc0pos,
1609 5418 1900 5490 siquidem

241 5499 388 5556 alibi
422 5517 538 5556 non
571 5506 815 5574 oportet,
846 5521 880 5559 a
910 5505 1171 5576 qualibet
1205 5525 1454 5579 persona
1486 5508 1702 5563 fuerint
1733 5524 1900 5564 accu-

319 5672 342 5700 ³
372 5661 548 5719 Cone.
580 5663 782 5734 Atrio,
805 5682 934 5722 can.
971 5668 1056 5723 15.

2002 4616 2290 4673 Dominus
2321 4632 2390 4670 ex
2419 4615 2512 4671 his
2543 4633 2669 4686 quae
2701 4615 2773 4669 de
2811 4613 2984 4668 corde
3032 4612 3358 4685 procedunt
3385 4611 3653 4686 coinqui-

2002 4710 2200 4773 natos;
2224 4721 2489 4778 quosque
2518 4704 2686 4759 docet
2713 4700 3025 4774 Apostolus
3055 4718 3090 4758 a
3119 4716 3296 4774 regno
3327 4699 3424 4757 Dei
3457 4699 3652 4758 exclu-

2002 4812 2098 4852 sos
2132 4812 2144 4850 :
2177 4790 2665 4850 excommunica'ti
2703 4791 2900 4858 etiam,
2924 4795 2983 4846 et
3011 4806 3216 4846 omnes
3245 4789 3504 4846 infamia
3536 4807 3656 4846 ma-

2003 4883 2152 4941 culis
2175 4863 2418 4955 aspersi,
2443 4896 2766 4952 omnesque
2787 4896 2934 4952 quos
2961 4880 3033 4936 ad
3061 4879 3395 4936 accusanda
3424 4877 3654 4952 publice

2003 4973 2252 5030 crimina
2295 4972 2455 5044 leges
2502 4968 2747 5043 publicae
2801 4985 2915 5024 non
2967 4969 3309 5036 admittunt,
3349 4965 3655 5024 ecclesias-

2002 5065 2150 5120 ticos
2180 5061 2420 5118 clericos
2452 5059 2565 5115 nisi
2595 5059 2654 5114 in
2694 5059 2944 5131 propriis
2986 5059 3202 5126 causis,
3236 5072 3512 5114 accusem
3540 5071 3656 5108 non

2009 5156 2280 5225 possunt,
2327 5167 2429 5206 nec
2466 5149 2539 5204 ad
2593 5148 3002 5205 testimonium
3050 5148 3328 5203 adversus
3375 5159 3476 5199 eos
3523 5141 3660 5198 reci-

2011 5242 2274 5314 piuntur.

2083 5330 2228 5398 Quia
2257 5346 2387 5384 vero
2416 5327 2729 5383 Christiani
2770 5343 2836 5382 ac
2877 5321 3132 5396 religiosi
3185 5319 3476 5394 principes
3506 5318 3662 5376 sicut

2012 5425 2068 5477 et
2089 5437 2155 5476 su
2167 5437 2267 5492 pra
2283 5419 2670 5483 ostendimus,
2686 5416 2953 5472 Ecclesiae
2971 5411 3214 5468 clericos
3231 5411 3300 5466 ad
3316 5408 3544 5481 judicia
3559 5425 3662 5481 pu-

2012 5510 2165 5566 blica
2193 5507 2343 5562 trahi
2374 5505 2462 5562 vel
2493 5505 2722 5562 invitari
2754 5503 3089 5567 noluerunt,
3114 5499 3202 5557 vel
3245 5498 3655 5573 permiserunt,

2083 5671 2108 5706 δ
2128 5668 2264 5725 Ibid.
2289 5686 2419 5726 can.
2446 5665 2710 5724 104.νί(1.
2735 5678 2899 5718 conc.
2925 5662 3129 5719 Ehem.
3154 5678 3249 5718 an.
3267 5662 3393 5728 630,
3413 5677 3540 5718 can.
3569 5635 3670 5718 18.‘
