3976 6188
343 317 504 393 1041

1125 330 1509 393 HINCMARI
1554 332 1798 394 RHEM.
1844 330 2207 392 ARCHIEP.
2254 329 2662 394 OPUSCULA
2707 330 2967 392 VARIA.

3593 328 3756 392 1048

343 438 404 526 in
432 459 622 518 edicto
665 459 901 518 Honorii
933 463 990 518 et
1019 460 1330 520 Theodosii
1376 461 1508 522 luce
1535 462 1751 520 clarius
1801 462 1990 520 mani-
2019 461 2074 528 Α
2102 460 2434 536 episcopus,
2458 461 2532 519 ab
2551 460 2692 548 aliis
2720 461 3010 536 episcopis
3042 461 3250 518 debeat
3281 459 3518 534 corripi,
3538 460 3626 518 vel
3651 463 3754 535 ju-

342 549 608 619 festatur,
630 553 688 606 et
717 549 972 624 qualiter
1000 567 1135 608 eum
1165 551 1500 616 habuerint,
1531 553 1634 625 qui
1672 553 1781 610 hoc
1821 569 1993 626 agere

343 641 546 728 contra
575 639 892 728 Dominum
923 641 1320 714 praesumpsit,
1345 641 1406 698 in
1437 642 1641 698 eodem
1673 641 1860 698 edicto
1892 643 1992 698 de-

345 727 678 805 monstrant
709 727 969 786 dicentes
1003 747 1015 786 :
1043 753 1070 780 ‹‹
1106 729 1415 804 Privilegia
1457 731 1836 789 ecclesiarum
1868 748 1992 788 om-

346 815 514 879 nium
545 834 672 890 quae
703 817 916 876 saeculo
942 823 1142 876 nostro
1173 822 1455 892 tyrannus
1486 819 1793 890 inviderat,
1811 837 1998 893 prona

348 903 650 982 devotione
679 923 1020 965 revocamus
1045 926 1057 964 :
1081 907 1303 964 scilicet
1324 914 1387 964 ut
1407 926 1772 982 quacunque
1792 927 1826 966 a
1847 909 1996 966 divis

349 993 714 1068 principibus
735 995 1052 1054 constituta
1082 1002 1238 1064 sunt,
1261 996 1348 1054 vel
1373 1015 1500 1070 quae
1529 998 1748 1072 singuli
1779 999 1997 1071 quique

348 1082 642 1156 antistites
662 1101 766 1158 pro
797 1085 994 1142 causis
1021 1084 1427 1142 ecclesiasticis
1455 1085 1862 1160 impetrarunt,
1887 1088 1996 1144 sub

351 1173 842 1262 pinnasacrilﬁgii
873 1171 1005 1262 jugi
1035 1172 1288 1262 solidata
1325 1175 1641 1233 aeternitate
1672 1181 1995 1234 serventur.

351 1259 602 1342 Clericos
617 1259 793 1319 etiam
807 1279 954 1335 quos
973 1261 1340 1320 indiscretim
1358 1265 1431 1320 ad
1447 1263 1754 1322 saeculares
1767 1265 2000 1337 judices

353 1349 563 1413 debere
587 1347 796 1410 deduci
830 1351 1124 1408 infaustus
1154 1358 1545 1426 praesumptor
1573 1354 1850 1423 edixerat,
1883 1355 2001 1427 epi-

353 1437 570 1512 scopali
601 1439 912 1495 audientiae
934 1457 1320 1498 reservamus.
1343 1442 1452 1498 Fas
1479 1442 1636 1500 enim
1669 1460 1784 1499 non
1805 1448 1894 1500 est
1913 1443 2002 1500 uti

355 1525 532 1612 divini
573 1527 841 1588 muneris
879 1527 1136 1586 ministri
1185 1530 1598 1602 temporalium
1643 1536 1998 1605 potestatum

353 1615 684 1672 subdantur
703 1615 1000 1674 arbitrio.»
1015 1617 1179 1679 Unde
1203 1623 1444 1678 sanctus
1462 1620 1600 1686 Leo,
1623 1638 1758 1678 cum
1781 1623 2002 1694 synodo

355 1703 552 1776 Romae
571 1704 776 1763 habita
793 1705 1142 1764 Sermationi
1173 1711 1230 1764 et
1258 1708 1482 1766 ceteris
1500 1710 1790 1784 episcopis
1816 1711 2001 1788 scrip-

353 1791 727 1898 .s'it,dicens‘:.«
747 1795 998 1852 Tantam
1020 1795 1217 1896 saeculi
1233 1801 1548 1898 potestates
1565 1799 1720 1856 circa
1741 1801 2004 1898 sacerdo-
2033 1833 2078 1898 Β

354 1880 532 1942 talem
571 1883 836 1940 ordinem
884 1883 1266 1941 reverentiam
1315 1887 1622 1958 praevalere
1669 1887 2000 1958 voluerunt,

354 1969 534 2040 etiam
563 1970 626 2028 hi
657 1988 807 2044 quos
835 1973 947 2031 sub
987 1973 1274 2046 imperiali
1325 1976 1562 2034 nomine
1607 1977 1778 2036 terris
1809 1976 2004 2034 divina

356 2059 621 2134 potentia
647 2076 895 2134 praeesse
934 2063 1225 2137 praecepit,
1248 2069 1314 2120 ut
1333 2065 1436 2136 jus
1467 2065 2006 2140 distringendorum

359 2149 728 2224 negotiorum
738 2149 1028 2224 episcopis
1041 2151 1302 2226 sanctis,j
1311 2158 1450 2210 uxta
1461 2154 1675 2212 divalia
1685 2156 2005 2213 constituta

355 2238 751 2312 permiserint.
784 2241 947 2306 Quod
979 2257 1114 2297 cum
1145 2245 1204 2297 et
1236 2241 1393 2312 juris
1431 2244 1658 2317 antiqui
1689 2244 1916 2310 edictis,
1948 2249 2008 2302 et

353 2325 532 2386 illatis
554 2327 918 2401 frequentius
938 2327 1016 2386 sit
1033 2328 1262 2402 legibus
1283 2332 2005 2406 conﬁrmatum,praesenti

355 2420 617 2490 tempore
645 2434 681 2474 a
717 2415 1013 2490 plerisque
1063 2417 1394 2476 invenimus
1450 2421 1634 2478 fuisse
1689 2421 2002 2478 calcatum.

357 2503 504 2562 Nam
525 2503 917 2578 praetermisso
939 2506 1283 2563 sacerdotali
1297 2507 1522 2578 judicio
1545 2510 1765 2582 passim
1785 2513 1858 2568 ad
1879 2529 2006 2568 exa-

356 2593 890 2652 men'saecularium
920 2595 1302 2653 transierunt.
1325 2598 1607 2665 Quocirca
1626 2600 1796 2657 nobis
1814 2599 2006 2658 visum

355 2687 446 2744 est
475 2686 542 2754 ut
565 2681 720 2740 hanc
768 2687 826 2740 et
873 2701 1176 2742 sacrarum
1209 2684 1428 2759 legum,
1462 2692 1518 2744 et
1547 2688 1735 2745 nostri
1782 2689 2006 2746 ordinis

356 2771 771 2843 contumeliam
813 2777 870 2829 et
900 2774 973 2830 ad
999 2791 1256 2846 praesens
1288 2775 1668 2834 ulcisceretur
1695 2777 1866 2850 plena
1895 2777 2009 2834 dis-

357 2860 569 2929 trictio,
602 2865 660 2918 et
688 2861 1114 2920 observandam
1164 2863 1476 2920 formulam
1517 2867 1900 2923 constitueret
1947 2867 2006 2922 in

359 2949 648 3018 futurum,
679 2947 998 3006 Censemus
1045 2949 1244 3020 itaque
1286 2954 1350 3006 ut
1387 2951 1722 3024 quicunque
1773 2957 2006 3026 praeter-

357 3038 542 3099 misso
583 3038 882 3095 sacerdote
923 3037 1177 3094 ecclesia:
1227 3055 1345 3095 sua:
1396 3039 1467 3095 ad
1522 3040 2006 3113 disceptationem

353 3125 579 3198 venerit
625 3124 1020 3195 saecularium,
1054 3125 1238 3182 sacris
1287 3124 1592 3184 liminibus
1645 3129 1924 3202 expulsus
1975 3148 2010 3188 a

2101 550 2572 618 dicari,canones
2591 551 2739 608 sacri
2761 552 3193 618 demonstrant;
3217 567 3366 624 quos
3387 551 3487 624 qui
3510 550 3755 624 diligen-

2100 643 2189 695 ter
2217 640 2482 708 advertit,
2515 639 2572 695 in
2606 639 2824 697 eisdem
2858 639 3076 714 regulis
3101 638 3544 712 comprehendit
3567 655 3580 692 :
3607 655 3757 712 quos

2101 732 2159 784 et
2189 745 2294 802 ego
2323 728 2418 786 hic
2451 745 2725 802 ponerem
2757 729 2806 786 si
2840 744 3075 786 necesse
3105 729 3227 786 fore
3255 733 3546 800 putarem.

2175 817 2256 875 De
2285 818 2397 876 sibi
2429 823 2624 876 autem
2654 819 2981 876 commissae
3011 817 3268 875 ecclesiae
3292 819 3468 874 rebus
3497 834 3566 874 ac
3596 834 3760 874 man-

2104 905 2436 980 cipiis,quae
2457 907 2591 964 licet
2619 907 3052 982 Iegaliter,nam
3080 906 3251 964 aliter
3277 923 3394 964 non
3425 907 3667 972 debent,
3694 907 3759 962 in

2105 996 2368 1052 bannum
2399 997 2710 1053 mittantur
2742 1014 2754 1053 :
2789 1001 2984 1056 tamen
3007 993 3162 1054 sicut
3189 996 3302 1069 ipsi
3333 995 3546 1052 melius
3567 995 3759 1064 scitis,

2106 1083 2260 1140 sicut
2281 1101 2373 1142 res
2391 1085 2697 1144 hominum
2720 1085 3037 1143 liberorum
3061 1103 3174 1142 non
3197 1091 3450 1158 possunt
3467 1083 3526 1140 in
3545 1085 3760 1141 ﬁscum

2106 1173 2312 1246 redigi,
2347 1190 2475 1246 quae
2506 1178 2646 1230 sunt
2686 1175 2802 1230 Deo
2831 1175 3044 1242 dicata,
3077 1173 3388 1248 episcopus
3427 1174 3760 1230 secundum

2107 1260 2264 1334 leges
2285 1279 2434 1334 quas
2463 1262 2719 1320 Ecclesia
2750 1262 3045 1336 recipit,et
3063 1261 3471 1326 venerabiliter
3488 1275 3762 1334 compro-

2107 1349 2227 1420 bat,
2258 1355 2318 1407 et
2344 1353 2667 1408 secundum
2702 1368 2900 1408 sacros
2929 1367 3204 1424 canones,
3237 1367 3308 1408 ac
3335 1351 3573 1409 decreta
3601 1349 3764 1406 sedis

2109 1437 2382 1508 Romanis
2429 1441 2796 1512 pontiﬁcum,
2830 1441 3176 1498 advocatum
3217 1438 3470 1513 publicis
3514 1438 3764 1509 judiciis

2109 1528 2248 1588 dare
2279 1528 2470 1586 debet.
2496 1529 2577 1586 Ex
2605 1529 2796 1602 capite
2825 1535 3021 1586 autem
3061 1546 3168 1586 suo
3201 1533 3322 1586 tam
3351 1546 3457 1602 pro
3487 1528 3763 1596 crimine,

2109 1633 2288 1688 quam
2320 1634 2423 1690 pro
2455 1616 2608 1674 civili
2633 1634 2832 1686 causa,
2857 1622 2960 1674 aut
2989 1617 3145 1691 apud
3173 1616 3390 1675 electos
3411 1615 3668 1690 judices,
3691 1617 3766 1673 de

2111 1701 2348 1775 quibus,
2372 1707 2428 1759 et
2461 1705 2614 1760 sicut
2657 1721 2834 1761 sacras
2867 1705 3026 1779 leges
3071 1703 3392 1773 difﬁniunt,
3417 1710 3521 1762 aut
3549 1703 3674 1779 ipse
3699 1704 3763 1761 in

2111 1791 2332 1866 synodo
2362 1808 2556 1850 coram
2602 1793 2893 1867 episcopis
2923 1795 3096 1852 debet
3133 1795 3374 1852 reddere
3419 1793 3712 1852 rationem
3743 1810 3758 1848 :

2113 1879 2268 1938 sicut
2292 1881 2596 1951 Arcadius,
2631 1882 2922 1940 Honorius
2947 1887 3009 1940 et
3037 1881 3401 1941 Theodosius
3439 1881 3630 1940 edicto
3657 1899 3761 1938 suo

2111 1969 2490 2027 decreverunt
2523 1970 2782 2028 dicentes
2814 1989 2827 2029 :
2857 1996 2884 2022 ‹‹
2919 1971 3225 2045 Privilcgia
3255 1989 3382 2044 quae
3412 1969 3679 2030 ecclesiis
3707 1976 3766 2027 et

2111 2056 2338 2116 clericis
2366 2059 2564 2134 legum
2583 2060 2844 2118 decernit
2862 2060 3200 2130 auctoritas,
3218 2059 3332 2119 hac
3363 2077 3599 2133 quoque
3628 2077 3764 2133 prin-

2112 2147 2376 2220 ceptione
2425 2153 2628 2206 sancta
2673 2154 2732 2207 et
2777 2148 3055 2207 inviolata
3106 2165 3450 2221 permanere
3498 2148 3764 2206 decerni-

2114 2253 2268 2304 mus,
2301 2241 2474 2310 atque
2505 2238 2615 2294 hoc
2644 2238 2758 2312 ipsi
2802 2238 3163 2311 pracipuum
3193 2243 3252 2294 et
3281 2235 3581 2310 singulare
3610 2237 3766 2294 defe-

2113 2324 2322 2392 rimus,
2346 2330 2412 2382 ut
2430 2344 2793 2400 quaecunque
2813 2327 2884 2384 de
2907 2327 3077 2383 nobis
3103 2327 3177 2384 ad
3206 2325 3514 2383 ecclesiam
3535 2330 3766 2382 tantum

2113 2414 2532 2486 pertinentium
2559 2415 2889 2489 specialiter
2907 2415 3128 2473 fuerint
3156 2417 3494 2490 impetrata,
3518 2433 3638 2473 non
3669 2431 3769 2489 per

2113 2508 2444 2572 coronatos,
2473 2506 2575 2561 sed
2623 2523 2727 2578 per
2764 2505 3095 2574 advocatos,
3124 2521 3328 2562 eorum
3377 2505 3670 2561 arbitratu
3716 2507 3770 2560 et

2106 2593 2410 2668 judicibus
2442 2592 2790 2660 innotescat,
2823 2597 2882 2650 et
2920 2592 3202 2651 sortiatur
3238 2594 3535 2650 effectum.
3570 2594 3768 2650 Sacer-

2115 2685 2280 2740 dotes
2299 2700 2431 2740 vero
2444 2681 2750 2755 provinciae
2764 2686 2937 2739 erunt
2948 2681 3180 2740 solliciti
3199 2699 3270 2738 ne
3286 2682 3399 2739 sub
3419 2681 3533 2738 hac
3550 2681 3770 2739 scilicet

2115 2771 2398 2846 privilegii
2419 2771 2992 2840 cxcusatione,etiam
3010 2776 3215 2836 contra
3229 2787 3432 2828 eorum
3453 2770 3767 2829 utilitatem

2117 2860 2337 2933 aliquid
2362 2859 2454 2918 his
2477 2860 2761 2918 inferatur
2782 2860 3278 2919 incommodum.»
3296 2860 3362 2918 In
3383 2859 3497 2916 hoc
3519 2876 3768 2933 namque

2117 2949 2370 3022 capitulo
2393 2949 2688 3006 evidenter
2716 2948 3226 3022 ostenditur,quia
3257 2949 3326 3005 de
3357 2947 3451 3006 his
3484 2967 3620 3021 quae
3641 2951 3769 3006 sunt

2117 3037 2404 3108 Ecclesiae,
2420 3043 2478 3094 et
2498 3054 2625 3110 quae
2648 3038 2722 3094 ab
2751 3037 3228 3110 imperatoribus,
3247 3037 3306 3096 id
3335 3042 3447 3106 est,
3471 3054 3684 3094 eorum
3705 3035 3766 3092 li-

2116 3125 2520 3195 beralitate,ac
2549 3143 2652 3199 per
2681 3143 2883 3183 eorum
2926 3126 3083 3200 leges
3111 3125 3324 3184 collata
3355 3125 3427 3182 ad
3460 3125 3765 3182 ecclesiam

359 3212 578 3273 caelesti
610 3218 876 3273 arceatur
918 3213 1182 3270 altario.»
1215 3214 1284 3270 Et
1313 3214 1536 3286 reliqua
1567 3235 1692 3290 quae
1743 3217 1825 3275 ibi
1872 3218 2008 3276 inde
2038 3203 2082 3271 (Σ
2117 3215 2430 3288 pertinent,
2460 3214 2841 3272 ecclesiastici
2873 3213 3064 3272 clerici
3096 3215 3408 3272 advocatos
3439 3215 3762 3286 judicibus,

359 3301 756 3376 prosequitur.
780 3301 1046 3374 Episcopi
1081 3301 1374 3374 siquidem
1407 3309 1464 3361 et
1493 3304 1866 3363 ecclesiastici
1900 3307 2009 3365 cle-

359 3390 488 3458 rici,
530 3390 857 3448 secundum
901 3389 1284 3462 apostolicam
1333 3392 1657 3450 doctrinam
1707 3400 1765 3450 et
1811 3413 2009 3456 sacros

362 3495 615 3536 canones
645 3495 712 3536 ac
741 3479 919 3552 leges,
947 3497 1016 3536 ex
1043 3498 1296 3554 quarum
1327 3500 1504 3541 sensu
1538 3501 1751 3559 magna
1780 3504 1915 3558 pars
1947 3487 2005 3544 in

359 3566 606 3632 eisdem,
629 3567 729 3624 sed
753 3573 810 3624 et
833 3569 890 3624 in
912 3568 1159 3626 decretis
1181 3571 1336 3627 sedis
1359 3571 1630 3628 Romanae
1663 3575 2007 3646 pontiﬁcum

361 3656 434 3714 ad
467 3655 761 3731 regularis
802 3659 1420 3730 exsequendajudicia
1467 3659 1716 3718 habetur
1766 3663 2008 3732 inserta,

360 3744 520 3807 velut
547 3745 618 3804 de
647 3745 902 3821 singulis
933 3747 1138 3804 subter
1165 3749 1639 3806 commemoratis
1666 3750 1882 3808 ibidem
1914 3769 2012 3824 po-

361 3833 530 3892 testis
571 3833 844 3906 relegere.
870 3857 898 3885 ‹‹
934 3833 994 3890 Si
1025 3840 1396 3904 accusantur,
1429 3836 1488 3891 in
1531 3837 1614 3893 eis
1665 3837 1806 3894 locis
1855 3841 2012 3896 unde

364 3925 503 3978 sunt
556 3921 670 3995 ipsi
721 3921 980 3978 accusati
1037 3939 1215 3979 causa
1269 3924 1525 3980 ﬁnietur.
1553 3949 1580 3974 ››
1612 3927 1683 3983 Et
1725 3945 1796 3982 ;‹‹
1831 3928 2012 3986 Nemo

364 4025 566 4068 eorum
597 4010 773 4067 rebus
801 4010 887 4068 vel
919 4011 1046 4069 suis
1078 4011 1452 4070 facultatibus
1485 4014 1772 4086 spoliatus
1803 4034 1837 4072 a
1867 4034 2012 4090 quo-

357 4116 544 4172 quam
571 4100 642 4157 de
671 4117 1024 4174 quacunque
1049 4119 1229 4159 causa
1257 4100 1664 4176 interpellatus
1696 4107 1898 4162 reddet
1925 4125 2015 4165 ca-

361 4188 572 4245 nonice
593 4206 659 4248 ac
685 4188 950 4264 legaliter
970 4191 1276 4258 rationem,
1303 4193 1484 4248 donec
1517 4192 1651 4250 inde
1682 4195 2010 4268 rcvestitus,

363 4281 422 4338 et
451 4277 536 4336 eis
563 4277 822 4354 legitime
865 4297 1032 4348 usus,
1055 4285 1114 4336 et
1163 4281 1247 4338 sic
1295 4281 1533 4338 demum
1593 4283 1666 4340 ad
1715 4284 2010 4355 judicium

363 4367 708 4442 regulariter
738 4368 816 4426 sit
839 4373 1134 4426 evocatus.
1161 4392 1189 4418 »
1211 4371 1280 4426 Et
1303 4387 1350 4424 ια
1387 4371 1513 4426 Non
1543 4372 1614 4428 de
1644 4373 1888 4430 crimine
1919 4392 2014 4432 ne-

363 4475 477 4530 que
507 4459 578 4514 de
607 4457 760 4515 civili
791 4475 971 4515 causa
1007 4459 1162 4530 apud
1201 4457 1508 4516 saeculares
1537 4460 1792 4532 judicari
1825 4479 2012 4536 neque

364 4547 438 4603 ad
469 4545 773 4603 saecularia
808 4546 1035 4636 judicia
1054 4547 1278 4636 debent
1325 4547 1556 4636 invitari
1586 4548 1672 4605 vel
1725 4551 1898 4617 trahi,
1933 4553 2010 4607 si-
2041 4571 2088 4636 D

365 4636 466 4690 cut
493 4637 636 4690 tunc
665 4634 944 4706 temporis
973 4635 1151 4692 ﬁebat
1181 4636 1416 4708 quando
1445 4635 1662 4694 Christi
1696 4655 1908 4696 nomen
1939 4640 2012 4697 ab

365 4720 703 4780 inﬁdelibus
747 4739 863 4780 non
895 4724 1282 4780 reverebatur.
1308 4747 1338 4773 »
1362 4726 1524 4780 Unde
1571 4725 1826 4783 Jacobus
1871 4745 2008 4801 apo-

363 4810 552 4868 stolus
573 4811 810 4885 scripsit
828 4811 1098 4869 ﬁdelibus
1125 4829 1138 4868 :
1161 4813 1348 4870 Nonne
1376 4813 1566 4870 divites
1591 4832 1690 4886 per
1713 4819 2013 4887 potentiam

365 4902 679 4974 opprimunt
708 4917 797 4957 vos
827 4909 880 4956 et
909 4903 1018 4973 ipsi
1045 4901 1269 4957 trahunt
1299 4919 1388 4958 vos
1420 4903 1490 4959 ad
1509 4903 1728 4974 judicia
1757 4906 1891 4972 (Jac.
1925 4906 2008 4975 ιι).

361 4990 479 5046 Nec
527 4989 798 5058 clericus,
829 4989 1073 5048 minime
1129 4995 1324 5047 autem
1381 4991 1712 5064 episcopus,
1763 4992 2013 5064 publicis

353 5077 600 5152 judiciis
630 5095 691 5135 se
721 5082 913 5151 potest
960 5095 1231 5152 purgare,
1266 5079 1406 5151 quia
1449 5097 1563 5135 non
1596 5084 1788 5152 potest
1831 5080 2011 5139 ullius

361 5165 604 5224 alterius
633 5167 748 5222 nisi
769 5167 1179 5240 episcoporum
1202 5172 1260 5223 et
1281 5185 1524 5224 suorum
1549 5168 1904 5242 regularium
1919 5171 2014 5241 ju-

359 5255 559 5312 dicum
581 5254 755 5312 subdi
778 5254 865 5311 vel
889 5255 1070 5312 teneri
1085 5255 1334 5327 judicio.
1360 5257 1558 5330 Neque
1579 5257 1854 5330 cuiquam
1879 5257 2014 5314 licet

359 5343 727 5417 episcopum,
759 5344 842 5400 vel
892 5337 1146 5418 alicujus
1177 5345 1400 5400 ordinis
1443 5345 1718 5401 clericum
1753 5346 2012 5418 quolibet

359 5432 531 5490 modo
561 5433 862 5500 damnare,
888 5432 1000 5489 nisi
1034 5432 1310 5489 canonico
1343 5431 1750 5505 episcoporum
1775 5436 2009 5507 judica-

360 5524 484 5574 tum
509 5519 754 5590 judicio,
787 5520 872 5576 vel
923 5521 969 5577 si
1013 5539 1190 5578 causa
1221 5521 1764 5594 exegerit,regulari
1807 5541 2006 5580 eorum

360 5607 655 5676 petitione.
689 5611 850 5676 Quod
897 5614 1093 5666 autem
1123 5615 1180 5668 et
1218 5610 1434 5683 quibus
1486 5611 1674 5666 modis
1723 5613 2007 5668 excedens

2116 3309 2173 3360 et
2203 3322 2318 3361 non
2350 3305 2421 3360 de
2450 3321 2513 3361 se
2539 3305 2678 3361 dare
2708 3303 2942 3362 debent.
2975 3305 3120 3360 Cum
3150 3303 3309 3360 enim
3338 3301 3486 3360 dicit
3524 3320 3578 3360 ια
3613 3306 3764 3371 Que-

2117 3382 2348 3466 Cunque
2378 3393 2450 3449 de
2484 3393 2651 3450 nobis
2672 3394 2745 3450 ad
2767 3392 3072 3450 ecclesiam
3097 3397 3326 3449 tantum
3347 3391 3763 3466 pertinentium

2119 3481 2446 3556 specialiter
2500 3481 2716 3538 fuerint
2761 3481 3096 3556 impetrata,
3149 3505 3176 3532 υ
3224 3498 3340 3538 non
3389 3479 3765 3538 ecclesiastici

2117 3570 2332 3638 clerici,
2349 3570 2590 3627 minime
2607 3575 2802 3630 autem
2820 3575 2996 3644 caput
3009 3571 3290 3646 episcopi,
3305 3569 3762 3644 comprehendit,

2118 3660 2211 3716 cui
2244 3659 2445 3715 tuendi
2477 3659 2718 3716 clericos
2737 3677 2939 3717 curam
2961 3658 3297 3716 committit.
3316 3661 3387 3716 Et
3406 3660 3468 3714 in
3491 3657 3678 3736 primo
3705 3656 3767 3713 li-

2120 3748 2223 3804 bro
2263 3746 2653 3821 capitulorum
2685 3754 3020 3806 nostrorum
3069 3747 3520 3821 imperatorum,
3557 3753 3766 3804 vestro-

2121 3854 2251 3892 rum
2275 3841 2472 3893 autem
2495 3836 2954 3911 progenitorum,
2979 3836 3315 3910 praecipitur
3334 3853 3386 3893 :«
3414 3835 3489 3893 Ut
3517 3834 3762 3910 episcOpi

2121 3925 2472 3999 sutl‘raganei
2501 3927 2573 3982 ad
2597 3924 3114 4000 metropolitanum
3137 3923 3512 3998 respiciant.»
3539 3925 3628 3989 Et,
3655 3923 3764 3978 cle-

2123 4013 2224 4070 riei
2256 4012 2634 4071 ecclesiastici
2668 4013 2716 4069 si
2749 4013 2982 4087 culpam
3015 4011 3388 4080 incurrerint,
3410 4011 3501 4069 vel
3532 4011 3680 4068 inter
3703 4026 3763 4066 se

2122 4101 2420 4176 negotium
2443 4099 2676 4174 aliquod
2699 4089 3029 4170 habuerint,
3053 4102 3211 4174 apud
3238 4099 3662 4159 ecclesiasticos
3674 4099 3766 4171 ju-

2121 4191 2409 4258 dicentur,
2445 4209 2558 4247 non
2589 4191 2744 4264 apud
2777 4190 3106 4248 saeculares.
3131 4191 3201 4246 Et
3240 4191 3298 4248 S.
3325 4207 3480 4263 papa
3509 4186 3763 4246 Gelasius

2123 4280 2182 4336 in
2201 4280 2448 4337 decretis
2465 4279 2588 4336 suis
2604 4281 2676 4336 ad
2693 4279 2998 4352 episcopos
3018 4279 3176 4351 parvi
3183 4277 3508 4352 pendentes
3525 4278 3764 4333 fratrum

2120 4368 2475 4436 vexationes,
2498 4385 2632 4425 cum
2665 4369 2844 4443 digna
2871 4367 3269 4442 increpatione
3300 4365 3510 4424 scribit
3531 4365 3762 4422 dicens:

2129 4477 2150 4507 ε
2175 4459 2290 4514 Cur
2318 4475 2432 4515 non
2464 4457 2752 4530 compassi
2786 4458 2930 4514 estis
2976 4457 3158 4514 tantis
3205 4455 3492 4512 fratribus
3519 4451 3766 4511 vestris?

2121 4547 2237 4604 Cur
2266 4565 2380 4603 non
2428 4547 2638 4604 adistis
2687 4545 3145 4619 imperatorem?
3173 4547 3288 4602 Cur
3338 4562 3456 4601 non
3505 4541 3762 4600 Ecclesia

2121 4653 2380 4703 causam,
2396 4640 2452 4692 ct
2473 4635 2844 4692 sacerdotum
2865 4632 3264 4692 miserabilem
3281 4631 3763 4690 deeolorationem

2119 4723 2477 4780 continuatis
2497 4725 2735 4780 vocibus
2766 4722 3100 4791 deﬂevistis,
3125 4721 3448 4794 allegantes
3469 4733 3762 4792 nunquam

2119 4812 2190 4868 de
2208 4811 2583 4886 pontiﬁcibus
2600 4812 2712 4868 nisi
2730 4811 3046 4870 Ecclesiam
3057 4810 3400 4884 judicasse?
3419 4810 3548 4866 Non
3563 4811 3648 4864 est
3660 4805 3765 4862 hu-

2121 4919 2428 4957 manarum
2450 4902 2646 4974 legum
2669 4902 2740 4957 de
2761 4899 2979 4958 talibus
3000 4902 3148 4957 ferre
3168 4899 3524 4956 sententiam
3548 4898 3760 4968 absque

2119 4989 2386 5047 Ecclesiae
2406 4989 2808 5063 principaliter
2831 4987 3165 5046 constitutis
3181 4984 3762 5060 pontiﬁcibus.0bse-

2120 5079 2219 5152 qui
2251 5079 2435 5136 solere
2465 5079 2758 5152 principes
2796 5077 3148 5135 christianos
3178 5076 3431 5133 decretis
3476 5073 3757 5136 Ecclesia,

2121 5185 2236 5224 non
2267 5183 2436 5224 suam
2468 5183 2801 5240 praeponere
2840 5169 3187 5239 potestatem
3222 5181 3235 5221 :
3268 5163 3561 5238 episcopis
3588 5164 3760 5234 caput

2121 5255 2370 5312 subdere
2390 5255 2710 5328 principem
2734 5253 2995 5322 solitum,
3019 5271 3136 5310 non
3157 5253 3229 5310 de
3249 5269 3455 5310 eorum
3478 5249 3758 5324 capitibus

2112 5345 2397 5416 judicare.
2425 5344 2586 5400 Unde
2617 5348 2846 5400 constat
2892 5343 3032 5416 quia
3061 5342 3112 5398 si
3143 5359 3259 5398 non
3311 5341 3445 5410 licet
3494 5337 3756 5414 principi,

2121 5451 2223 5490 nec
2247 5434 2522 5505 cuiquam
2545 5431 2711 5488 alteri
2739 5431 2891 5500 licet,
2916 5431 3029 5488 nisi
3053 5430 3344 5504 episcopis
3366 5430 3438 5487 de
3468 5429 3756 5502 episcopo-

2120 5541 2248 5578 rum
2281 5521 2572 5594 capitibus
2605 5519 3060 5592 judicarc.Quin
3091 5520 3269 5576 etiam
3301 5520 3440 5592 ipsa:
3471 5518 3620 5591 leges
3647 5531 3756 5588 pu-

2117 5610 2278 5667 blicae
2301 5609 2709 5666 ecclesiasticis
2733 5608 2950 5681 regulis
2974 5610 3360 5682 obsequentes
3391 5607 3535 5664 tales
3561 5621 3758 5678 perso-
