3976 6188
321 371 479 436 1049

1158 371 1314 434 ΡΒο
1357 371 1756 435 ECCLESI/E
1799 373 2312 436 LIBERTATUM
2353 373 2869 438 DEFENSIONE.

3567 345 3750 433 iese'

322 521 431 564 nas
462 520 577 576 non
609 502 725 560 nisi
755 503 828 560 ab
857 502 1147 578 episcopis
1191 505 1803 579 sanxeruntjudicari.
1842 529 1868 556 »
1902 506 1970 561 Et
1995 507 2050 574 Α
2079 510 2220 574 cret,
2245 506 2345 578 qui
2369 506 2544 575 dixit;
2564 505 2686 562 haec
2723 505 3186 579 quotiescunque
3219 501 3489 572 feceritis,
3512 502 3573 558 in
3607 501 3727 559 mei

322 594 464 653 item
497 591 764 651 Gelasius
795 594 868 651 ad
897 592 1273 652 Anastasium
1303 591 1714 666 imperatorem
1747 612 1760 650 :
1795 619 1822 646 α
1848 595 1972 652 Duo

323 681 1025 755 sunt,inquit,imperator
1040 683 1322 755 Auguste,
1338 681 1553 755 quibus
1574 681 1975 756 principaliter

323 771 584 828 mundus
614 769 709 826 hic
738 771 980 844 regitur,
1005 770 1322 828 auctoritas
1351 788 1518 828 sacra
1548 772 1976 844 pontiﬁcum,et
2006 773 2010 776 ’

323 859 537 935 regalis
557 863 817 933 potestas
833 877 846 929 ;
861 859 921 916 in
945 859 1160 932 quibus
1182 863 1344 916 tanto
1366 860 1601 933 gravius
1627 861 1856 934 pondus
1885 865 1976 916 est

323 949 718 1018 sacerdotum,
737 951 956 1021 quanto
976 948 1152 1006 etiam
1175 965 1279 1022 pro
1301 949 1537 1023 regibus
1560 949 1888 1018 hominum,
1912 948 1972 1004 in

324 1038 523 1098 divino
553 1036 837 1093 reddituri
872 1041 1011 1094 sunt
1039 1037 1304 1096 examine
1353 1037 1659 1094 rationem.
1693 1037 1856 1094 Nosti
1888 1041 1973 1094 et-

323 1125 503 1196 enim,
536 1125 619 1182 ﬁli
650 1124 1124 1194 clementissime,
1158 1126 1440 1200 quoniam
1481 1126 1618 1184 licet
1657 1127 1974 1199 praesidens

325 1216 586 1274 humano
615 1215 812 1288 generi
845 1215 1128 1289 dignitate
1159 1233 1376 1282 rerum,
1401 1220 1594 1272 tamen
1628 1215 1974 1288 preesulibus

325 1304 648 1362 divinitatis
677 1303 894 1362 intuitu
927 1305 1170 1361 devotus
1199 1303 1349 1360 colla
1377 1303 1879 1376 submittis,atque
1903 1304 1974 1360 ab

325 1394 412 1452 eis
443 1409 651 1450 causas
681 1396 791 1450 tua:
822 1391 1032 1450 salutis
1062 1392 1314 1466 expetis:
1336 1393 1514 1467 inque
1545 1391 1848 1450 sumendis
1869 1409 1995 1449 εαξη-

323 1483 574 1544 lestihus
599 1481 1002 1548 sacramentis,
1024 1480 1225 1554 eisque
1259 1486 1322 1538 ut
1353 1480 1650 1555 competit,
1669 1481 1977 1556 disponen-

323 1571 441 1642 dis,
471 1569 646 1628 subdi
689 1575 744 1628 te
792 1569 999 1627 debere
1055 1570 1360 1645 cognoscis
1420 1571 1716 1644 religionis
1773 1571 1975 1628 ordine

323 1651 524 1734 potius
553 1676 732 1732 quam
763 1676 1031 1732 praeesse.
1067 1661 1269 1732 Itaque
1310 1660 1462 1718 inter
1505 1660 1626 1717 haec
1656 1659 1889 1718 illorum
1920 1667 1978 1716 te

323 1749 579 1829 pendere
599 1747 846 1822 judicio,
881 1765 997 1805 non
1025 1747 1158 1806 illos
1189 1749 1262 1806 ad
1294 1753 1456 1806 tuam
1487 1749 1632 1806 velle
1663 1749 1847 1824 redigi
1877 1767 1976 1806 vo-

2081 596 2424 652 memoriam
2446 593 2688 664 facietis,
2704 593 2829 668 ipse
2845 599 2934 651 est
2951 593 3051 666 qui
3069 595 3388 650 consecrat.
3403 591 3528 648 Non
3547 591 3740 664 igitur

2079 685 2470 760 vilipendatis,
2505 685 2554 742 si
2599 685 2657 740 in
2702 685 2870 741 nobis
2928 681 3408 756 reprehensibilia
3461 679 3721 737 videtis:

2080 776 2219 850 quia
2235 775 2374 848 quid
2391 775 2452 831 in
2477 778 2699 832 secreto
2721 790 2839 830 sum
2860 771 3182 828 divinitatis
3213 772 3284 828 de
3313 769 3503 838 nobis,
3534 768 3623 825 vel
3654 770 3724 826 de

2077 867 2242 923 vobis
2273 865 2548 939 disponat
2577 861 2855 920 terribilis
2887 858 3239 918 in-cousiliis
3258 875 3434 933 super
3453 855 3605 915 ﬁlios
3625 859 3724 915 ho-

2081 954 2330 1023 minum,
2364 951 2666 1028 ignoratis.
2699 949 3009 1010 Recordari
3057 945 3307 1020 denique
3346 945 3592 1020 potestis
3622 961 3726 1003 vos

2081 1043 2226 1100 mihi
2250 1043 2484 1114 dixisse,
2503 1041 2642 1115 quia
2661 1040 2813 1098 sicut
2843 1037 3006 1096 vobis
3037 1033 3589 1104 dixeram,ordinem
3612 1032 3726 1091 dis-

2081 1131 2392 1198 cussionis,
2426 1131 2659 1204 quando
2708 1129 2843 1202 quis
2885 1129 2956 1184 de
2999 1123 3280 1182 beneﬁcio
3329 1125 3401 1180 ab
3456 1121 3727 1197 episcOpo

2081 1221 2314 1278 tultoad
2328 1237 2428 1276 vos
2441 1236 2502 1276 se
2520 1215 2940 1284 reclamaverit,
2961 1213 3214 1290 qualiter
3229 1214 3421 1286 ipsam
3444 1211 3727 1269 rationem

2084 1309 2298 1367 discuti
2339 1308 2547 1382 jubere
2604 1305 2892 1364 deberetis
2927 1323 2939 1360 :
2971 1303 3054 1360 ita
3081 1308 3138 1360 et
3167 1306 3368 1376 postea
3386 1299 3600 1374 legisse
3626 1317 3729 1356 vos

2084 1399 2348 1472 contigit,
2371 1402 2430 1454 et
2451 1397 2558 1453 hoc
2579 1399 2995 1460 antecessores,
3015 1395 3072 1448 et
3093 1390 3488 1465 progenitores
3509 1393 3730 1446 vestros

2084 1488 2364 1555 tenuisse,
2395 1491 2451 1542 et
2478 1502 2579 1542 vos
2609 1483 2752 1541 velle
2802 1489 3016 1540 tenere.
3052 1483 3234 1548 Quem
3265 1477 3529 1536 ordinem
3561 1477 3610 1535 si
3643 1482 3729 1534 te-

2086 1576 2352 1642 nueritis,
2377 1579 2435 1632 et
2465 1573 2780 1632 Dominum
2811 1573 2871 1628 in
2901 1575 3097 1628 vestra
3119 1569 3388 1644 jussione
3419 1585 3532 1624 non
3555 1567 3732 1624 offen-

2086 1664 2256 1734 detis,
2289 1669 2347 1722 et
2376 1662 2834 1722 ecclesiasticam
2876 1658 3278 1718 auctoritatem
3311 1655 3639 1725 servabitis,
3675 1660 3732 1712 et

2085 1751 2430 1827 dignitatem
2460 1755 2713 1827 vestram
2743 1747 3190 1818 honorabitis,et
3205 1742 3537 1818 aequitatem
3555 1745 3730 1815 atque

323 1826 741 1942 iuntatem‘..Si.
761 1837 918 1942 enim
961 1839 1368 1912 quantumaad
1412 1839 1680 1896 ordinem
1729 1837 1975 1912 publicae
2008 1875 2056 1942 Β
2077 1826 2374 1916 justitiam
2405 1857 2543 1915 erga
2569 1826 2706 1897 cuin
2739 1839 2809 1895 de
2840 1853 2955 1911 quo
2987 1835 3420 1942 reclamaturwt
3438 1847 3577 1904 erga

325 1926 582 2002 pertinet
599 1925 1380 2001 disciplinm,cognoscentes
1411 1927 1722 2001 imperium
1755 1927 1860 1983 tibi
1883 1945 1978 1983 su-

325 2034 512 2092 perna
530 2015 912 2089 dispositione
933 2015 1467 2091 collatum,legibus
1489 2017 1605 2072 tuis
1620 2017 1729 2089 ipsi
1748 2035 1977 2089 quoque

327 2109 538 2182 parent
567 2103 863 2190 religionis
893 2105 1287 2176 antistites,ne
1315 2107 1402 2162 vel
1437 2107 1494 2163 in
1526 2107 1699 2162 rebus
1725 2109 1976 2162 munda-

327 2181 424 2252 nis
453 2181 699 2252 exclusis
729 2195 1040 2252 videantur
1069 2195 1301 2252 obviare
1332 2195 1629 2251 sententiae
1659 2213 1672 2264 ;
1705 2213 1845 2269 quo,
1877 2214 1976 2252 ore

326 2287 408 2354 te,
429 2283 596 2339 decet
624 2285 833 2342 all‘ectu
849 2287 911 2340 et
931 2284 1201 2340 convenit
1231 2284 1318 2341 eis
1352 2284 1606 2353 obedire,
1631 2284 1734 2356 qui
1766 2301 1975 2356 praero-

325 2371 542 2448 gandis
570 2358 999 2430 venerabilibus
1029 2376 1169 2430 sunt
1194 2372 1460 2429 attributi
1490 2371 1820 2446 mysteriis?
1851 2373 1980 2429 Pre-

326 2459 468 2521 inde
488 2461 643 2519 sicut
660 2478 780 2520 non
801 2461 922 2519 leve
943 2461 1261 2520 discrimen
1284 2461 1573 2519 incumbit
1603 2461 1978 2536 pontiﬁcibus

327 2549 571 2608 siluisse
600 2567 704 2624 pro
735 2549 1059 2608 divinitatis
1089 2550 1251 2608 cultu
1281 2552 1437 2624 quod
1467 2551 1846 2625 congruit,ita
1861 2549 1978 2622 his,

328 2639 490 2718 quod
521 2639 697 2706 absit,
729 2657 844 2696 non
879 2639 1169 2698 mediocre
1209 2638 1535 2714 periculum
1567 2645 1676 2706 est,
1709 2641 1810 2713 qui
1841 2657 1977 2696 cum

329 2729 546 2786 debent
572 2745 794 2801 parere,
826 2728 1179 2802 despiciunt.
1208 2751 1236 2778 »

402 2817 590 2884 Unde,
609 2816 1026 2876 charissimum
1047 2821 1104 2876 et
1121 2817 1692 2876 venerabilissimum
1716 2817 1861 2875 mihi
1893 2836 1982 2875 ca-

320 2909 460 2979 put,
483 2905 675 2963 verbis
697 2905 759 2962 Β.
783 2907 1042 2980 Gregorii
1061 2923 1132 2963 ex
1150 2906 1395 2964 humilia
1415 2907 1709 2981 Evangelii
1728 2906 1981 2966 devotis-

329 2994 548 3052 aimam
575 2993 1077 3052 Christianitatem
1120 3001 1373 3054 vestram
1414 2995 1699 3069 alloquar,
1734 2994 1976 3053 dicens:

329 3104 364 3138 ι
394 3083 454 3141 Si
497 3101 604 3142 nos
649 3082 922 3158 indignos
949 3088 1010 3142 et
1038 3083 1476 3158 qualescunque
1505 3085 1836 3142 sacerdotes
1867 3085 1981 3141 for-

331 3172 491 3229 sitan
511 3171 686 3246 digne
709 3171 1097 3246 despicitis,in
1125 3178 1322 3230 mente
1342 3177 1538 3230 tamen
1557 3177 1751 3230 vestra
1780 3191 1983 3231 vocan-

2085 1929 2186 2005 qui
2217 1948 2278 1988 se
2310 1929 2732 2000 reclamaverit,
2761 1923 3178 2000 exsequemini.
3211 1923 3281 1979 Et
3309 1921 3418 1977 hoc
3451 1918 3733 1984 sancti,et

2085 2019 2396 2078 clarissimi
2431 2019 2828 2092 progenitores
2859 2015 3032 2072 vestri
3063 2013 3352 2078 viderunt,
3384 2013 3442 2066 et
3466 2025 3731 2066 “servave-

2088 2113 2242 2165 runt.
2265 2111 2334 2164 Et
2362 2127 2462 2164 vos
2484 2107 2876 2173 adulantium,
2909 2109 2965 2161 et
2995 2105 3137 2160 torte
3168 2100 3334 2157 aliter
3363 2115 3540 2171 quam
3572 2113 3731 2154 seve-

2088 2199 2229 2253 ritas
2244 2197 2457 2253 habeat
2477 2197 2638 2253 vobis
2660 2194 3098 2268 suggerentium
3119 2189 3337 2263 linguis
3355 2186 3522 2243 facile
3537 2201 3734 2241 assen-

2087 2304 2218 2344 sum
2241 2290 2446 2343 contra
2475 2288 2748 2352 vestram,
2785 2283 2940 2356 quod
2969 2280 3140 2348 absit,
3175 2277 3446 2342 salutem,
3479 2278 3538 2332 et
3567 2273 3736 2330 mini-

2086 2375 2248 2432 sterii
2265 2375 2611 2448 dignitatem
2629 2371 3071 2430 accommodare
3095 2377 3466 2440 nequaquam
3483 2362 3730 2420 debetis.

2159 2465 2334 2521 Porro
2365 2464 2674 2538 episcopus
2721 2459 3022 2535 dispositis
3054 2471 3181 2532 qua":
3211 2458 3350 2512 sunt
3379 2452 3636 2510 ecclesiae
3667 2467 3734 2506 ac

2087 2554 2234 2622 suis,
2266 2553 2792 2610 ecclesiasticorum
2844 2545 3247 2613 nihilominus,
3294 2547 3352 2600 et
3408 2555 3732 2616 pauperum

2087 2639 2502 2716 hospitumque
2532 2639 2835 2704 subsidiis,
2855 2655 2988 2694 cum
3021 2636 3091 2692 de
3121 2633 3296 2692 rebus
3325 2630 3581 2691 ecclesiae
3599 2645 3732 2704 pro-

2089 2736 2216 2806 pter
2234 2731 2507 2788 militiam
2529 2727 2878 2786 beueﬁcium
2902 2727 3210 2792 donat,aut
3223 2721 3358 2780 ﬁliis
3382 2725 3616 2794 patrum
3631 2717 3732 2790 qui

2087 2821 2278 2880 eidem
2308 2819 2564 2878 ecclesiae
2590 2818 2954 2892 profuerunt,
2973 2813 3032 2870 et
3062 2811 3329 2886 patribus
3359 2807 3580 2866 utiliter
3609 2823 3735 2864 suc-

2090 2912 2290 2968 cedere
2313 2911 2656 2984 potuerunt;
2685 2903 2986 2979 quoniam,
3010 2905 3076 2958 ut
3094 2899 3336 2974 quidam
3360 2895 3734 2984 scripsit,nisi

2088 2982 2642 3064 vitulusvnutriatur,
2670 2996 2776 3052 bos
2799 2997 2990 3050 aratro
3013 3008 3126 3050 non
3141 2988 3420 3063 jungitur
3441 3003 3456 3042 :
3481 2989 3583 3042 aut
3611 2982 3735 3040 tali-

2089 3087 2202 3146 bus
2232 3089 2370 3146 dare
2399 3087 2569 3144 debet
2597 3084 2698 3159 qui
2729 3081 2922 3140 idonei
2953 3079 3071 3138 sint
3099 3079 3338 3136 reddere
3365 3073 3576 3133 Caesari
3606 3089 3733 3146 quae

2092 3183 2233 3238 sunt
2261 3178 2528 3246 Caesaris,
2558 3179 2615 3233 et
2643 3191 2770 3249 quae
2818 3175 2959 3230 sunt
3006 3169 3110 3228 Dei
3139 3169 3256 3226 Deo
3289 3185 3303 3224 :
3337 3161 3592 3238 exceptis
3622 3161 3734 3218 hu-

323 3261 412 3329 .tis
431 3278 534 3318 vos
553 3279 655 3334 per
676 3260 1082 3336 indignitatem
1116 3266 1376 3318 nostram
1411 3261 1482 3318 ad
1514 3261 1773 3320 coelestia
1803 3279 1982 3337 regna
2010 3247 2053 3314 (ἶ
2079 3267 2342 3342 jusmodi
2370 3247 2677 3324 beneﬁciis
2717 3280 2844 3338 quae
2895 3258 3182 3318 ministris
3225 3254 3502 3323 ecclesia,
3533 3257 3592 3310 et
3622 3251 3734 3310 sibi

333 3349 570 3408 Domini
600 3349 984 3408 reverentiam
1015 3356 1259 3408 servate.
1293 3351 1456 3426 Saepe
1483 3347 1640 3408 enim
1673 3350 1820 3408 solet
1849 3369 1976 3409 eve-

329 3438 458 3496 nire
490 3439 647 3511 quod
677 3439 830 3509 dico,
852 3444 916 3494 ut
943 3455 1195 3512 persona
1221 3444 1428 3512 potens
1459 3439 1746 3496 famulum
1768 3439 1980 3497 habeat

329 3517 674 3600 despectum
707 3544 721 3584 :
755 3544 1009 3600 cumque
1037 3545 1143 3601 per
1171 3545 1307 3586 eum
1341 3529 1466 3586 suis
1496 3526 1767 3596 forte,vel
1798 3534 1981 3586 extra-

327 3617 479 3685 neis,
512 3615 750 3690 aliquod
800 3633 1148 3690 responsum
1206 3619 1466 3686 mandat,
1508 3635 1623 3673 non
1670 3617 1981 3690 dispicitur

326 3721 582 3780 persona
602 3704 896 3780 loquentis
923 3705 1094 3774 servi,
1117 3706 1256 3780 quia
1271 3711 1536 3764 servatur
1555 3706 1614 3763 in
1631 3706 1804 3764 corde
1821 3723 1979 3764 reve-

323 3793 520 3850 rentia
545 3793 835 3851 mittentis
863 3794 1095 3852 Domini
1125 3812 1139 3852 :
1175 3811 1282 3854 nec
1315 3801 1562 3868 pensant
1599 3796 1699 3870 qui
1731 3796 1982 3854 audiunt

325 3899 434 3955 per
461 3899 660 3955 quem,
691 3883 791 3940 sed
825 3883 988 3957 quid,
1018 3883 1106 3941 vel
1133 3901 1169 3940 a
1205 3900 1321 3956 quo
1371 3885 1641 3941 audiunt.
1677 3908 1706 3935 »
1737 3885 1809 3941 Et
1837 3885 1887 3942 si
1918 3887 1978 3942 in

327 3971 502 4030 nobis
521 3971 858 4029 discernitis
875 3989 1089 4044 mores,
1107 3977 1165 4028 et
1181 3973 1678 4030 conversationem
1700 3990 1765 4030 ac
1787 3973 1978 4048 digni-

326 4062 512 4118 tatem
540 4060 905 4131 meritorum,
939 4061 1234 4119 attendere
1282 4066 1499 4129 tamen,
1531 4066 1588 4119 et
1631 4063 1690 4118 in
1731 4063 1832 4120 Dei
1874 4064 1980 4122 ho-

326 4165 470 4206 nore
518 4167 632 4207 non
681 4149 875 4207 solum
923 4151 1206 4218 venerari,
1237 4152 1338 4208 sed
1369 4155 1426 4207 et
1457 4152 1702 4209 revereri
1753 4153 1978 4211 debetis

325 4253 518 4296 unum
545 4255 650 4313 per
679 4255 883 4296 omnes
913 4240 1217 4312 episcopos
1247 4240 1688 4298 sanctissimum
1719 4243 1981 4299 sacerdo-

324 4325 500 4385 tium.
529 4327 694 4397 Quia,
727 4333 794 4384 ut
823 4327 881 4384 S.
912 4328 1302 4402 Symmachus
1350 4346 1502 4402 papa
1549 4329 1753 4386 scribit
1783 4347 1796 4386 :
1833 4353 1859 4380 ‹‹
1893 4331 1977 4387 Ad

323 4415 634 4474 Trinitatis
654 4416 860 4486 instar,
880 4417 1052 4490 cujus
1074 4434 1193 4474 una
1203 4422 1290 4474 est
1301 4423 1474 4491 atque
1498 4417 1798 4475 individua
1820 4424 1977 4493 pote-

323 4509 476 4574 stas,
493 4522 680 4562 unum
697 4510 788 4562 est
806 4522 910 4578 per
929 4506 1188 4563 diversos
1205 4505 1498 4564 antistites
1518 4507 1932 4578 sacerdotium,
1951 4531 1978 4559 »

2089 3355 2455 3425 necessariis,
2479 3355 2606 3413 sine
2627 3353 2842 3429 quibus
2873 3369 3002 3410 esse
3031 3367 3135 3408 nec
3162 3347 3578 3414 debemus,nec
3607 3359 3736 3416 pos-

2089 3464 2321 3513 sumus,
2342 3445 2654 3503 tribuenda
2673 3448 2831 3512 sunt,
2847 3441 3092 3514 jubente
3121 3437 3369 3496 Domino
3395 3452 3408 3491 :
3441 3433 3558 3491 Non
3587 3434 3737 3490 obtu-

2088 3537 2239 3592 rabis
2269 3553 2326 3593 os
2360 3535 2482 3591 bovi
2509 3534 2797 3590 trituranti
2826 3529 2878 3604 (Ι
2901 3530 3022 3587 Cor.
3057 3528 3155 3601 ιχ).
3185 3525 3290 3594 Qui
3323 3522 3592 3582 homines
3624 3520 3736 3576 mi-

2087 3626 2288 3682 litares
2317 3625 2551 3680 studere
2589 3621 2804 3678 debent
2848 3623 2916 3675 ut
2963 3617 3290 3674 secundum
3349 3611 3736 3687 quantitatem

2087 3713 2354 3772 beneﬁcii
2385 3712 2530 3768 illud
2563 3725 2700 3784 erga
2729 3709 3090 3784 episcopum,
3115 3722 3181 3762 ac
3211 3719 3314 3777 per
3341 3703 3452 3758 hoc
3483 3717 3620 3773 erga
3649 3716 3737 3756 cc-

2089 3804 2328 3862 elesiam
2355 3801 2604 3860 ﬁdeliter
2620 3804 2678 3857 et
2697 3799 2918 3856 utiliter
2939 3794 3290 3862 deserviant,
3314 3796 3372 3849 et
3389 3790 3546 3866 regio
3567 3789 3734 3847 obse-

2089 3893 2226 3967 quio
2255 3893 2328 3949 ad
2358 3889 2753 3949 defensionem
2795 3885 3146 3962 generaliter
3174 3887 3387 3942 sancte
3417 3878 3519 3937 Dei
3548 3877 3738 3936 Eccle-

2089 3983 2188 4042 siae
2221 3982 2499 4054 proﬁcere
2526 3979 2776 4036 valeant.

2157 4074 2204 4127 A
2233 4069 2470 4143 quibus,
2503 4067 2591 4124 vel
2623 4068 2694 4124 ab
2725 4083 2790 4123 eo
2823 4065 2922 4139 qui
2953 4063 3053 4121 diu
3084 4067 3141 4119 et
3170 4060 3427 4119 ecclesiae
3470 4055 3736 4116 utilitati-

2087 4162 2220 4227 bus,
2247 4159 2348 4215 sed
2371 4162 2429 4214 et
2465 4154 2796 4229 specialiter
2822 4153 3009 4226 ipsius
3040 4151 3295 4207 ecclesiae
3324 4166 3389 4204 ac
3421 4144 3736 4202 necessita-

2087 4249 2247 4304 tibus
2280 4245 2518 4320 profuit,
2553 4249 2609 4300 et
2641 4240 2970 4316 reipublicae
3001 4257 3066 4296 ac
3098 4237 3318 4295 militia:
3350 4233 3514 4291 utilis
3544 4231 3738 4300 fuit,et

2088 4335 2428 4394 inﬁrmitate
2455 4332 2542 4390 vel
2575 4335 2744 4387 astate
2765 4326 3202 4397 confectusjam
3227 4341 3329 4398 per
3353 4321 3614 4392 seipsum
3645 4335 3736 4374 ex-

2088 4424 2253 4498 sequi
2285 4441 2401 4480 non
2430 4422 2602 4489 valet,
2635 4418 2925 4494 prmeipue
2975 4419 3169 4472 autem
3218 4411 3330 4468 sibi
3389 4405 3735 4498 servientem

2088 4493 2278 4570 ﬁlium
2310 4511 2570 4580 habenti,
2605 4509 2704 4584 qui
2735 4525 2838 4582 pro
2869 4523 2934 4562 eo
2967 4503 3087 4560 haec
3129 4501 3318 4559 valeat
3375 4494 3611 4569 exsequi
3637 4493 3735 4584 ;rsi

323 4611 436 4652 n00
467 4594 728 4652 εεωοῑίιιε
753 4594 814 4651 in
834 4595 1021 4668 justo,
1053 4612 1158 4652 n60
1206 4597 1405 4652 minus
1436 4595 1496 4652 in
1528 4601 1850 4668 peccatore.
1885 4599 1979 4654 Sic
2008 4615 2056 4682 Ι)
2085 4603 2397 4678 episcopus
2418 4583 2766 4658 beneﬁcium
2788 4609 3139 4668 quacunque
3159 4587 3462 4648 occasione
3483 4583 3736 4644 abstule-

321 4687 384 4740 et
407 4682 496 4740 sol
527 4682 640 4740 iste
668 4683 918 4740 visibilis
947 4685 1186 4756 quando
1215 4684 1484 4758 splendet
1512 4684 1571 4740 in
1605 4702 1838 4752 aurum,
1863 4704 1979 4742 non

323 4771 456 4845 ipse
485 4776 576 4830 est
591 4771 913 4844 pulchrior,
947 4773 1048 4829 sed
1079 4789 1290 4830 aurum
1346 4771 1712 4846 splendidius
1769 4775 1978 4832 reddit.

323 4861 574 4927 Quando
596 4865 794 4918 autem
815 4860 1010 4916 radios
1031 4878 1173 4918 suos
1189 4860 1407 4918 emittit
1428 4860 1486 4916 in
1509 4861 1739 4927 ﬁmum,
1763 4861 1980 4920 clarius

323 4949 508 5005 ﬁmus
529 4949 684 5020 quod
708 4953 800 5004 est
819 4953 1082 5022 apparet.
1107 4947 1204 5006 Sol
1245 4953 1441 5006 autem
1463 4965 1598 5004 cum
1631 4949 1824 5006 radios
1841 4968 1980 5007 suos

322 5038 466 5094 inde
487 5037 752 5107 retrahit,
777 5036 1002 5094 nullam
1024 5037 1160 5094 inde
1191 5037 1632 5096 immunditiam
1665 5037 1976 5096 contrahit.

321 5127 400 5184 Et
417 5125 540 5182 sive
571 5129 836 5192 sanctus,
868 5125 989 5182 sive
1019 5130 1288 5198 peccator
1331 5131 1697 5183 sacramenta
1726 5127 1982 5186 ccelestia

320 5213 492 5270 vobis
521 5213 760 5283 tribuat,
791 5213 921 5286 ipsa
971 5219 1340 5272 sacramenta
1388 5215 1446 5270 in
1477 5232 1538 5271 se
1569 5220 1709 5273 sunt
1737 5217 1978 5274 inviola-

323 5301 490 5370 bilia,
519 5307 579 5360 et
605 5303 881 5376 perfecta.
916 5303 1063 5369 Quia
1105 5303 1375 5376 quisquis
1405 5303 1466 5359 in
1497 5304 1732 5362 nomine
1762 5311 1978 5364 sancta:

322 5391 636 5452 Trinitatis
668 5391 942 5464 baptizet,
972 5397 1036 5448 ut
1061 5391 1393 5465 evangelica
1421 5395 1634 5451 veritas
1666 5401 1975 5468 monstrat,

323 5497 507 5554 super
521 5497 698 5554 quem
717 5481 980 5554 Baptista
997 5482 1255 5539 Joannes
1275 5482 1560 5553 Spiritum
1583 5485 1975 5555 descendisse,

321 5573 385 5626 et
413 5568 476 5626 in
505 5585 572 5626 eo
604 5567 893 5627 mansisse
921 5571 1086 5637 vidit,
1118 5569 1244 5643 ipse
1274 5575 1363 5627 est
1392 5571 1493 5642 qui
1524 5571 1976 5645 baptizat.Quis-

321 5659 463 5731 quis
509 5663 706 5716 autem
758 5664 1125 5717 sacramenta
1173 5658 1428 5716 coelestia
1459 5661 1737 5718 catholico
1768 5679 1974 5720 conse-

2089 4675 2186 4760 rit,
2205 4697 2264 4748 et
2279 4709 2313 4746 a
2327 4690 2502 4746 vicini
2522 4683 2779 4761 episcopi
2812 4681 3052 4741 monitis
3067 4687 3124 4739 et
3139 4679 3432 4755 precibus,
3452 4675 3539 4734 vel
3566 4675 3735 4749 cujus

2091 4781 2350 4848 alterius,
2363 4777 2661 4852 justitiam
2685 4775 2945 4832 obtinere
2961 4769 3304 4846 nequiverit,
3325 4787 3441 4826 non
3462 4765 3738 4824 abhorret

2089 4887 2123 4925 a
2153 4868 2377 4926 ratione
2397 4868 2446 4924 si
2479 4884 2595 4924 non
2623 4868 2859 4922 accuset
2888 4861 3228 4937 episcopum
3259 4859 3330 4916 ad
3365 4856 3737 4933 publicosju-

2089 4959 2247 5016 dices
2289 4957 2444 5031 quod
2493 4973 2608 5012 non
2658 4953 2814 5026 licet,
2847 4952 2948 5010 sed
2979 4953 3052 5010 ad
3082 4969 3183 5008 vos
3214 4967 3278 5008 se
3324 4948 3621 5006 reclamet.
3654 4942 3734 5001 De

2089 5047 2370 5106 beneﬁcio
2401 5045 2621 5102 militiis
2672 5044 2841 5118 quasi
2890 5044 2962 5100 de
2993 5041 3300 5116 stipendiis
3329 5044 3387 5096 et
3415 5056 3574 5112 roga,
3607 5053 3733 5107 quae

2091 5141 2280 5206 antea,
2314 5135 2468 5192 sicut
2511 5132 2801 5206 hodieque
2834 5133 2900 5187 fit
2928 5131 3091 5202 alibi,
3125 5131 3419 5186 dabantur
3448 5123 3734 5180 militibus

2087 5226 2158 5282 de
2179 5224 2435 5298 publico,
2459 5227 2516 5280 et
2531 5227 2702 5280 aucta
2717 5221 2982 5278 ﬁdelium
2999 5219 3302 5276 devotione
3317 5215 3472 5287 apud
3504 5215 3734 5268 nostra-

2089 5318 2198 5380 tes,
2223 5311 2506 5369 beneﬁcia
2535 5313 2607 5368 de
2638 5312 2813 5368 rebus
2843 5305 3406 5376 ecclesiasticis,que
3437 5305 3574 5359 sunt
3604 5303 3737 5356 vota

2088 5403 2372 5471 ﬁdelium,
2397 5402 2583 5475 pretia
2614 5393 3363 5474 peccatorum,patrimonia
3383 5407 3731 5466 pauperum,

2087 5491 2375 5550 alimonia:
2395 5489 2626 5548 Domini
2649 5504 2948 5546 servorum
2971 5490 3028 5542 et
3047 5483 3412 5552 ancillarum,
3437 5498 3572 5536 cum
3603 5478 3734 5536 aliis

2085 5582 2304 5638 exeniis
2335 5579 2778 5638 obsecutoribus
2807 5572 3089 5649 principis
3117 5569 3734 5645 dispensandigcausa

2087 5688 2206 5726 sua:
2234 5669 2613 5733 defensionis,
2667 5666 2784 5737 regi
2818 5682 2883 5720 ac
2917 5660 3246 5736 reipublicae
3273 5655 3576 5732 vectigalia
3605 5675 3731 5730 quae
