3976 6188
269 285 418 350 1051

1041 288 1427 352 HINCMARI
1479 286 1721 350 RHEM.
1769 285 2134 348 ARCHIEP.
2185 285 2594 350 OPUSCULA
2639 285 2902 349 VARIA.

3525 288 3676 350 1052

267 418 438 476 nobis
467 437 664 478 annua
694 422 848 480 dona
889 427 1188 490 vocantur,
1223 425 1460 496 praestat
1488 419 1765 487 Ecclesia,
1799 436 1920 474 ser—
1949 419 2006 485 Α
2034 418 2182 474 forte
2211 423 2535 476 excesserat
2567 436 2580 474 :
2615 420 2734 476 Non
2761 428 2840 476 est
2857 422 3004 476 enim
3027 421 3182 480 hamo
3203 419 3392 492 justus
3425 424 3486 476 in
3513 428 3674 486 terra,

266 525 412 566 vans
439 511 591 582 quod
618 511 792 582 jubet
817 513 1134 585 Apostolus
1171 531 1183 568 :
1217 515 1324 570 Cui
1351 511 1926 574 honorem,honorem;

269 599 364 654 cui
391 603 646 670 vectigal,
699 603 931 672 vectigal
981 603 1154 674 (Rom.
1187 605 1311 670 xm)
1340 619 1352 658 :
1388 598 1754 665 subauditur,
1787 615 1926 668 prae-

270 689 422 744 state
454 688 575 761 regi
597 707 663 746 ac
694 691 1104 748 defensoribus
1134 691 1366 747 vestris.
1401 687 1508 756 Qui
1539 704 1673 760 ergo
1703 685 1922 758 stipen-

269 773 366 831 dia
393 777 685 846 Ecclesiae,
718 781 1130 852 cujuscunque
1187 780 1306 836 sint
1362 777 1605 845 ordinis,
1658 774 1791 842 loci,
1836 771 1923 829 vel

267 864 572 936 dignitatis
602 869 916 942 accipiunt,
950 868 1000 924 si
1032 886 1136 942 pro
1170 868 1330 924 illius
1363 867 1572 933 salute,
1608 881 1675 921 ac
1708 863 1924 935 quietis

268 951 488 1012 honore
510 960 685 1032 atque
705 958 1060 1025 defensione,
1077 957 1322 1030 sollicite
1342 959 1398 1012 et
1419 973 1523 1028 pro
1547 954 1775 1010 viribus
1806 969 1922 1008 non

270 1038 557 1112 laborant,
589 1044 848 1119 indigne,
883 1047 1022 1118 quin
1055 1050 1112 1102 et
1131 1045 1424 1117 judicium
1471 1043 1573 1098 illa
1604 1041 1717 1098 sibi
1750 1058 1922 1096 usur-

271 1133 596 1202 pant.Quia
625 1134 778 1190 sicut
805 1152 898 1192 res
926 1139 983 1190 et
1011 1134 1320 1190 facultates
1349 1133 1608 1190 ecclesiae
1640 1136 1779 1188 sunt
1808 1131 1925 1203 epi-

272 1236 446 1294 scopo
469 1222 541 1278 ad
563 1223 993 1296 disponendum
1009 1239 1074 1278 ac
1093 1220 1920 1296 dispensandumcommissm,

271 1308 353 1364 ita
369 1311 538 1384 regiae
555 1311 824 1384 potestati
856 1310 1182 1368 commissae
1214 1316 1353 1368 sunt
1383 1312 1456 1367 ad
1489 1309 1921 1366 defendendum

270 1401 444 1470 atque
471 1401 776 1456 tuendum.

340 1487 408 1542 Et
429 1487 678 1559 perjura
699 1504 902 1562 regum
936 1489 1192 1546 Ecclesia
1213 1490 1476 1563 possidet
1497 1487 1918 1561 possessiones;

269 1572 422 1630 sicut
449 1575 508 1631 S.
531 1577 894 1650 Augustinus
925 1579 982 1634 in
1015 1596 1284 1635 sermone
1331 1577 1578 1635 Joannis
1627 1574 1920 1649 Evangelii

268 1661 413 1718 dicit
443 1681 456 1720 :
492 1687 520 1714 «
558 1665 876 1738 Leguntur,
921 1667 1216 1740 inquiens,
1250 1667 1410 1741 leges
1442 1666 1784 1733 manifestas,
1819 1665 1918 1722 ubi

267 1758 668 1824 praeceperunt
695 1755 1101 1829 imperatores,
1135 1774 1233 1814 eos
1283 1757 1382 1829 qui
1413 1761 1621 1830 praeter
1649 1754 1918 1810 Ecclesiae
1949 1791 1997 1856 Β

269 1839 566 1898 catholica:
587 1845 1060 1902 communionem
1086 1851 1376 1920 usurpant
1395 1845 1506 1903 sibi
1527 1861 1738 1901 nomen
1763 1843 1922 1900 Cbri-
1949 1839 1995 1856 ⁸⁵

271 1929 673 1998 stianum,nec
702 1932 909 1990 volunt
940 1933 1000 1989 in
1025 1951 1166 2006 pace
1197 1934 1384 1991 colere
1410 1933 1570 2006 pacis
1601 1937 1918 2002 auctorem,

272 2017 420 2074 nihil
453 2020 688 2076 nomine
717 2021 984 2079 Ecclesiae
1017 2024 1270 2080 audeant
1304 2022 1621 2096 possidere.
1646 2022 1757 2078 Sed
1779 2021 1920 2094 quid

271 2107 465 2176 nobis,
497 2107 794 2182 inquiunt,
827 2115 885 2168 et
923 2111 1309 2184 imperatori?
1338 2113 1450 2168 Sed
1501 2113 1627 2184 jam
1677 2111 1819 2180 dixi,
1849 2110 1920 2165 de

263 2195 398 2267 jure
422 2195 680 2254 humano
703 2198 980 2273 agitur,et
999 2205 1194 2256 tamen
1217 2200 1530 2273 Apostolus
1545 2199 1730 2256 voluit
1744 2199 1922 2255 hono-

273 2285 388 2340 rari
413 2302 598 2359 reges,
620 2290 678 2344 et
697 2287 861 2355 dixit,
886 2303 1080 2361 regem
1118 2289 1494 2346 veneremini.
1521 2288 1648 2344 Noli
1680 2287 1871 2344 dicere
1903 2303 1916 2341 :

273 2373 412 2446 quid
439 2373 584 2430 mihi
615 2379 674 2431 et
703 2377 876 2450 regi?
905 2376 1046 2450 quid
1092 2377 1198 2433 tibi
1247 2395 1384 2451 ergo
1430 2382 1488 2434 et
1515 2375 1922 2450 possessioni?

273 2462 381 2518 Per
403 2463 542 2535 jura
571 2481 774 2537 regum
807 2465 1186 2538 possidentur
1210 2466 1632 2540 possessiones.
1665 2464 1870 2522 Dixisti
1904 2482 1916 2519 :

271 2552 413 2624 quid
446 2552 592 2609 mihi
623 2559 681 2610 et
711 2555 880 2629 regi?
907 2556 1034 2614 Noli
1083 2557 1274 2614 dicere
1323 2557 1724 2630 possessiones
1764 2560 1918 2626 tuas,

272 2641 373 2713 qui
407 2641 464 2698 in
497 2642 627 2716 ipsa
647 2643 788 2717 jura
814 2645 1076 2702 humana
1105 2645 1477 2715 renuntiasti,
1497 2644 1712 2718 quibus
1741 2643 1924 2719 possi-

273 2731 486 2786 dentur
513 2731 934 2806 possessiones.
969 2757 996 2786 »

345 2820 416 2876 Et
436 2820 495 2876 in
518 2820 643 2894 lege
659 2823 797 2880 data
813 2823 1080 2881 Ecclesiae
1098 2826 1170 2882 ab
1192 2824 1477 2882 Honorico
1508 2829 1567 2880 et
1595 2823 1923 2880 Theodosio

276 2908 731 2980 imperatoribus
785 2911 1140 2986 praecipitur,
1169 2919 1234 2969 ut
1279 2931 1413 2970 cum
1463 2911 1786 2986 presbyteri
1835 2911 1924 2966 vel

277 2997 528 3067 diaconi,
563 2999 870 3074 ceterique
899 3001 1093 3058 clerici
1123 3003 1278 3075 apud
1321 3001 1660 3075 episcopum
1709 3000 1926 3056 fuerint

275 3087 552 3156 accusati,
571 3087 880 3163 episcopus
904 3089 1246 3162 hujusmodi
1263 3106 1492 3155 causas,
1515 3091 1625 3145 sub
1647 3087 1936 3146 testiﬁca-.

277 3173 434 3231 tione
465 3157 789 3232 multorum
819 3157 1248 3234 actis'audiat:
1284 3181 1576 3250 quatenus
1608 3177 1656 3233 si
1689 3175 1916 3250 probati
1947 3157 1990 3224 (ἶ

275 3261 493 3318 fuerint
513 3262 1153 3337 innocentes,plurimis
1169 3265 1591 3322 innotescat.Et
1608 3265 1923 3338 Apostolus

276 3349 416 3406 dicit
448 3366 462 3404 :
494 3350 708 3422 Oportet
761 3354 1072 3425 episcopum
1100 3353 1297 3410 habere
1325 3347 1691 3411 testimonium
1725 3355 1926 3410 bonum

280 3439 349 3492 ab
383 3437 472 3492 his
501 3439 670 3493 etiam
708 3442 807 3512 qui
833 3441 974 3512 foris
1009 3449 1139 3498 sunt
1157 3445 1207 3512 (Ι
1237 3444 1370 3498 Tim.
1405 3445 1510 3512 In).
1546 3441 1830 3510 Quoniam
1861 3441 1920 3496 in

277 3524 494 3596 palatio
525 3544 559 3582 a
589 3527 944 3586 reclamante
983 3531 1346 3604 divulgatum
1379 3536 1488 3600 est,
1521 3533 1674 3604 quod
1708 3530 1925 3602 injuste

279 3613 480 3670 fecerit
501 3615 811 3690 episcopus
835 3636 846 3674 :
873 3619 1091 3676 bonum
1116 3625 1204 3677 est
1226 3626 1290 3676 ut
1324 3621 1452 3692 ejus
1488 3621 1841 3688 innocentia,
1876 3618 1926 3674 si

271 3703 434 3774 juste
456 3705 776 3778 egit,etiam
797 3707 1176 3766 saecularibus
1193 3709 1541 3766 innotescat.
1560 3710 1630 3764 Et
1646 3708 1924 3780 quoniam

279 3792 656 3850 Sardicenses
704 3812 958 3853 canones
1003 3814 1106 3868 pro
1152 3797 1246 3853 his
1284 3797 1383 3870 qui
1413 3796 1616 3870 iniqua
1643 3796 1698 3852 vi
1731 3795 1927 3869 oppri-

282 3884 544 3946 muntur,
568 3882 915 3940 comitatum
947 3885 1106 3958 adire
1127 3885 1342 3955 jubent
1371 3885 1796 3958 episcopum,et
1824 3885 1929 3940 rei-

285 3965 531 4038 publicae
564 3968 826 4028 militans
855 3973 1007 4045 apud
1045 3991 1146 4030 vos
1173 3991 1234 4030 se
1261 3975 1332 4030 ab
1364 3974 1635 4047 episcopo
1666 3973 1930 4046 queritur

287 4053 624 4126 spoliatum.
657 4059 726 4114 Et
771 4077 948 4116 sacrae
1000 4061 1158 4136 leges
1189 4063 1260 4119 ad
1284 4064 1580 4135 judicium
1611 4062 1928 4120 electorum

273 4142 546 4215 judicum
569 4151 880 4222 utramque
902 4155 1149 4222 partem,
1175 4151 1396 4209 scilicet
1417 4157 1475 4207 et
1494 4156 1854 4225 querentem,
1873 4155 1932 4208 et

281 4236 483 4290 contra
513 4252 686 4307 quem
719 4239 984 4309 queritur
1011 4243 1098 4310 (ut
1127 4246 1184 4296 et
1213 4241 1464 4297 decrevit
1492 4241 1824 4314 Gregorius,
1859 4240 1929 4296 de

282 4323 477 4378 causis
507 4323 566 4380 in
597 4323 827 4398 legibus
875 4329 1252 4402 constitutis),
1286 4347 1450 4386 mora
1500 4335 1765 4386 cessante
1813 4347 1928 4386 non

282 4413 514 4468 tantum
547 4415 866 4486 provocari,
899 4435 1102 4473 verum
1153 4423 1210 4474 et
1256 4417 1384 4491 cogi
1421 4419 1673 4488 jubent;
1703 4417 1752 4474 si
1784 4417 1931 4473 laica

2038 511 2104 562 ut
2135 507 2409 564 Salomon
2437 507 2596 574 dicit,
2630 512 2728 581 qui
2778 511 2953 581 faciat
3002 509 3201 564 bonum
3254 517 3306 566 et
3353 527 3464 566 non
3506 519 3678 582 peccet

2037 597 2222 666 (Eccli.
2255 596 2356 667 vu)
2389 613 2402 651 :
2431 603 2487 651 et
2517 596 2817 668 apostolus
2849 613 2862 652 :
2900 597 2960 652 In
2991 597 3184 652 multis
3211 597 3537 669 oﬂ'endimus
3566 615 3674 654 om-

2033 702 2128 741 nes
2159 687 2290 758 (Jac.
2325 685 2406 757 ιιι)
2434 686 2840 741 verecundiam
2895 685 3153 758 patiatur
3182 702 3196 740 :
3245 690 3302 741 et
3347 686 3674 759 episcopus,

2035 773 2336 842 fratribus,
2367 779 2423 830 et
2469 774 2594 831 suis
2635 773 2961 846 judicibus,
2993 775 3319 830 secundum
3367 791 3564 830 sacros
3595 791 3676 831 ca-

2033 879 2217 920 nones
2264 864 2571 919 dicentes:
2609 880 2710 936 per
2757 863 3060 936 episcopos
3105 863 3340 934 judices
3397 880 3578 920 causa
3617 865 3677 919 li-

2034 953 2248 1020 niatur,
2281 952 2533 1008 obediat.
2561 953 2630 1008 Et
2659 953 2768 1009 hoc
2800 954 2972 1008 modo
3021 951 3241 1008 militiai
3291 956 3496 1009 vestra:
3541 951 3677 1026 legi-

2033 1042 2144 1099 bus
2167 1043 2330 1115 juste
2360 1043 2630 1110 conditis,
2666 1043 2804 1116 quia
2851 1043 3134 1116 scriptum
3185 1059 3290 1114 per
3334 1041 3678 1115 sapientiam

2033 1149 2159 1204 quae
2191 1133 2346 1190 Deus
2391 1135 2498 1200 est,
2562 1132 2876 1188 Conditores
2936 1133 3113 1203 legum
3155 1133 3310 1202 justa
3360 1132 3676 1197 decemunt,

2031 1223 2216 1290 (Prov.
2239 1225 2387 1291 vm),
2406 1221 2454 1276 si
2475 1222 2701 1293 justam
2739 1218 3166 1293 querimoniam
3190 1219 3364 1276 habet
3387 1219 3678 1291 justitiam

2031 1327 2202 1366 suam
2231 1309 2525 1366 obtineat:
2560 1309 2610 1365 si
2641 1309 2817 1365 etiam
2848 1308 3071 1380 injusta
3117 1312 3362 1380 questus
3393 1307 3586 1374 fuerit,
3616 1325 3680 1365 os

2029 1401 2158 1472 ejus
2178 1398 2460 1473 legaliter,
2484 1397 2684 1455 missis
2704 1398 2914 1454 vestris
2939 1397 3681 1464 decernentibus,obstrua-

2030 1494 2146 1546 tur.
2181 1490 2344 1546 Sicut
2402 1489 2560 1545 enim
2618 1493 2860 1546 sanctus
2913 1486 3280 1562 Augustinus
3319 1487 3380 1543 in
3413 1503 3680 1544 sermone

2028 1579 2273 1636 Joannis
2311 1577 2610 1652 Evangelii
2651 1577 2827 1634 dicit:
2858 1576 3062 1634 «Juris
3087 1575 3336 1634 forensis
3357 1581 3468 1643 est,
3490 1580 3557 1631 ut
3583 1575 3680 1648 qui

2027 1667 2088 1724 in
2113 1667 2384 1740 precibus
2403 1667 2690 1722 mentitus
2713 1665 2904 1733 fuerit,
2927 1681 3045 1722 non
3069 1663 3150 1720 illi
3176 1664 3362 1737 prosit
3381 1663 3540 1736 quod
3571 1663 3680 1719 im-

2031 1757 2296 1829 petravit.
2331 1757 2440 1813 Sed
2487 1755 2595 1812 hoc
2641 1755 2792 1810 inter
2839 1755 3128 1810 homines.
3162 1754 3312 1820 Quia
3341 1757 3534 1826 potest
3563 1751 3680 1808 falli

2027 1846 2224 1912 homo,
2245 1846 2436 1918 potuit
2453 1844 2574 1900 falli
2592 1844 2928 1916 imperator,
2946 1843 3181 1915 quando
3198 1858 3402 1916 preces
3422 1841 3638 1898 misisti
3662 1858 3676 1896 :

2031 1935 2226 1990 dixisti
2252 1933 2408 1990 enim
2439 1934 2596 2006 quod
2626 1931 2865 1989 voluisti
2889 1949 2901 1988 :
2925 1937 2982 1988 et
3013 1931 3108 1988 cui
3139 1929 3361 1999 dixisti,
3395 1930 3583 1988 nescit
3609 1949 3681 1986 an

2028 2039 2225 2079 verum
2251 2023 2353 2078 sit:
2370 2022 2597 2078 dimisit
2613 2027 2668 2078 te
2693 2019 3023 2078 adversario
3045 2025 3144 2076 tuo
3166 2019 3630 2076 convincendum
3665 2036 3679 2072 :

2029 2115 2086 2168 et
2115 2111 2164 2167 si
2197 2116 2332 2167 ante
2371 2110 2636 2182 judicem
2688 2109 2990 2166 convictus
3041 2108 3221 2165 fueris
3251 2109 3324 2164 de
3354 2109 3679 2172 mendacio,

2029 2199 2169 2272 quia
2198 2217 2314 2256 non
2346 2200 2537 2272 potuit
2565 2197 2663 2256 ille
2694 2217 2808 2255 non
2842 2202 3136 2272 praestare,
3171 2197 3440 2255 nesciens
3461 2215 3536 2252 an
3559 2197 3678 2252 fue-

2029 2288 2428 2356 rismentitus,
2447 2288 2526 2344 ibi
2550 2304 2752 2344 careas
2771 2288 2898 2361 ipso
2921 2287 3203 2343 beneficio
3224 2287 3382 2359 quod
3403 2285 3676 2360 impetra-

2029 2379 2160 2435 sti.»
2188 2379 2381 2450 Ipsam
2404 2381 2599 2434 autem
2623 2377 2812 2452 legem
2833 2395 2866 2433 a
2887 2381 3049 2434 tanto
3072 2376 3194 2432 viro
3216 2375 3566 2449 expositam,
3589 2374 3679 2432 hic

2031 2485 2146 2524 non
2181 2465 2295 2521 vidi
2329 2467 2681 2538 ponendam.
2724 2466 2889 2521 Unde
2937 2469 3186 2534 constat,
3219 2465 3360 2538 quia
3407 2465 3458 2520 si
3486 2481 3679 2520 carere

2031 2557 2204 2614 debet
2226 2574 2292 2612 eo
2320 2557 2476 2629 quod
2510 2573 2612 2628 per
2642 2555 3014 2612 mendacium
3058 2553 3416 2628 impetravit,
3450 2552 3678 2610 cautius

2030 2649 2119 2702 est
2149 2649 2215 2701 ut
2243 2644 2622 2717 investigatur
2649 2643 2888 2712 veritas,
2917 2647 3236 2716 antequam
3282 2659 3386 2714 per
3437 2642 3680 2698 menda-

2031 2735 2188 2792 cium
2206 2732 2629 2807 quiddam,nisi
2655 2731 3426 2805 inquisitionem,impetret:
3455 2731 3682 2787 dicente

2031 2826 2232 2880 sancto
2263 2827 2321 2878 et
2349 2825 2520 2878 cauto
2554 2838 2686 2896 rege
2722 2837 2735 2878 :
2771 2822 3003 2878 Causam
3033 2837 3198 2893 quam
3223 2821 3533 2877 nesciebam
3558 2819 3684 2874 dili-

2029 2913 2342 2985 gentissime
2400 2911 2796 2980 inuestigabam
2844 2911 2958 2982 (Job
2987 2913 3164 2978 xxxx).
3195 2910 3266 2966 Et
3293 2908 3345 2964 si
3373 2908 3683 2981 episcOpus

2032 3019 2066 3057 a
2086 3018 2148 3058 se
2169 3000 2508 3065 electorum,
2530 2997 2620 3053 vel
2643 3015 2677 3054 a
2697 2998 2944 3072 primate
2968 3015 3074 3054 suo
3118 2998 3533 3070 deputatorum
3565 2995 3683 3070 epi-

2032 3105 2343 3163 scoporum
2379 3087 2697 3162 judicium,
2728 3091 2830 3143 aut
2859 3087 3065 3160 synodi
3097 3085 3394 3144 canonicis
3417 3085 3682 3160 judiciis,

2031 3183 2097 3235 ut
2126 3179 2282 3250 quod
2315 3194 2484 3234 secus
2515 3194 2693 3250 quam
2725 3175 3014 3244 debuerit,
3041 3175 3182 3250 egit,
3215 3175 3509 3242 emendet,
3543 3175 3679 3231 obe-

2029 3266 2154 3324 dire
2171 3265 2444 3332 noluerit,
2463 3266 2752 3322 habemus
2774 3265 2910 3320 inde
2929 3263 3114 3320 sacris
3136 3263 3464 3320 canonibus
3485 3265 3681 3320 decre-

2029 3360 2157 3412 tum
2172 3355 2468 3428 judicium
2491 3355 2646 3427 quod
2671 3355 2878 3410 debeat
2898 3353 3209 3409 sustinere.
3224 3353 3295 3408 Et
3317 3352 3367 3408 si
3390 3351 3569 3408 homo
3588 3368 3680 3406 vc-

2032 3449 2164 3500 straa
2200 3442 2423 3499 militiae
2459 3443 2667 3499 vestris
2698 3441 2900 3498 missis
2919 3447 2976 3498 et
3002 3441 3232 3518 legibus
3261 3439 3482 3509 saeculi,
3516 3445 3582 3496 ut
3608 3440 3676 3495 ab

2033 3533 2254 3604 injusto
2283 3530 2535 3588 clamore
2568 3535 2851 3604 quiescat,
2874 3548 3076 3604 parere
3109 3530 3555 3602 contempserit,
3586 3528 3680 3584 ha-

2033 3622 2204 3676 betur
2225 3619 2518 3692 judicium
2563 3619 2624 3674 in
2671 3618 2966 3692 capitulis,
3000 3619 3071 3674 de
3100 3618 3194 3674 his
3223 3618 3324 3690 qui
3355 3617 3444 3674 vel
3469 3617 3681 3690 injuste

2034 3727 2138 3782 per
2157 3708 2513 3766 calumniam
2548 3725 2724 3782 super
2753 3708 2899 3764 alios
2931 3706 3372 3780 queruntur,vel
3405 3706 3509 3780 qui
3532 3705 3683 3778 judi-

2033 3801 2222 3853 catam
2256 3801 2530 3868 repetunt
2558 3813 2820 3852 causam.

2107 3885 2435 3958 Propterea,
2466 3886 2704 3942 domine
2748 3885 3250 3942 Christianissime
3281 3901 3347 3941 ac
3379 3882 3685 3958 sapientis—

2037 3974 2202 4043 sime,
2225 3975 2522 4047 providetc
2543 3980 2747 4030 vestrae
2771 3973 2972 4042 saluti,
2993 3973 3286 4047 providete
3307 3972 3536 4044 honori,
3559 3987 3685 4046 pro-

2035 4063 2224 4119 videte
2247 4064 2408 4120 bonzs
2430 4064 2598 4118 fama:
2619 4079 2798 4135 quam
2820 4063 2992 4135 longe
3015 4062 3248 4134 lateque
3268 4061 3525 4128 habetis,
3546 4067 3603 4117 et
3620 4060 3686 4114 de

2035 4151 2414 4210 ecclesiarum
2449 4151 2750 4220 ditatione,
2785 4156 2842 4208 et
2873 4153 2944 4207 de
2990 4152 3364 4206 sacerdotum
3398 4167 3471 4207 ac
3500 4165 3683 4206 servo-

2038 4259 2168 4298 rum
2193 4241 2294 4297 Dei
2319 4240 2687 4296 veneratione
2709 4259 2722 4308 ;
2743 4244 2798 4312 et
2827 4239 3006 4296 nolite
3039 4239 3334 4296 maculare
3365 4238 3532 4295 illam
3563 4237 3682 4310 glo-

2038 4329 2254 4386 riosam
2305 4331 2521 4386 famam
2571 4333 2849 4398 vestram,
2881 4333 3118 4402 propter
3155 4329 3568 4400 cujuscunque
3599 4343 3684 4382 so-

2039 4419 2296 4475 cordiam
2333 4435 2344 4472 :
2382 4417 2558 4474 etiam
2611 4434 2716 4473 nec
2766 4434 2868 4491 pro
2926 4417 3330 4489 cujuscunque
3387 4417 3683 4488 ejectione,

282 4517 533 4591 persona
561 4503 888 4591 episcopale
911 4505 1182 4563 abnuerit
1208 4506 1420 4579 eligere
1443 4505 1931 4578 judicium;quod
1959 4527 2006 4591 Β
2038 4505 2385 4563 simulantes
2408 4505 2810 4562 crudelitatem
2835 4506 2891 4560 in
2915 4505 3161 4572 actione,
3185 4521 3364 4577 quam
3384 4522 3502 4561 non
3524 4503 3688 4559 habe-

282 4587 554 4660 episcopo
577 4607 692 4646 non
716 4589 853 4648 licet
875 4594 1166 4668 refugere;
1184 4593 1330 4651 ratio
1353 4599 1460 4662 est,
1486 4599 1545 4650 et
1565 4611 1682 4650 non
1705 4593 1934 4650 obstitit

284 4676 640 4745 auctoritati,
677 4685 742 4736 ut
795 4699 932 4738 cum
974 4682 1332 4756 coepiscopis
1390 4682 1670 4756 episcopi,
1732 4686 1935 4738 contra

289 4781 464 4837 quem
497 4767 568 4823 ad
598 4785 700 4825 vos
729 4787 834 4843 pro
867 4771 1146 4830 beneficio
1175 4772 1286 4828 sibi
1323 4773 1546 4844 injuste
1577 4771 1769 4828 oblato
1801 4769 1935 4843 quis

285 4853 596 4925 reclamat;
631 4857 772 4930 quia
799 4859 1108 4933 indignum
1139 4865 1229 4918 cst
1255 4878 1356 4918 vos
1387 4861 1582 4934 ipsum
1615 4859 1750 4916 inde
1779 4859 1936 4916 labo-

285 4961 436 5011 rare,
461 4945 676 5002 missos
704 4952 927 5004 vestros
957 4949 1029 5004 ab
1051 4966 1116 5005 eo
1141 4951 1372 5022 petitos,
1394 4950 1539 5006 vela
1555 4949 1721 5006 vobis
1749 4949 1931 5020 depu-

283 5037 436 5090 tatos
449 5033 721 5103 mittatis,
738 5037 840 5108 qui
855 5037 1159 5110 utriusque
1175 5041 1358 5112 partis
1371 5039 1654 5095 rationem
1669 5037 1930 5104 audiant,

285 5127 341 5177 et
354 5124 678 5180 secundum
696 5124 922 5182 divinas
941 5130 996 5182 et
1009 5126 1302 5186 humanas
1326 5128 1483 5202 leges
1500 5127 1856 5190 discernunt,
1879 5129 1935 5180 et

287 5211 532 5268 ecclesia
553 5213 850 5284 jacturam
870 5213 930 5270 in
953 5215 1265 5273 clamatore
1283 5217 1596 5289 injustitize
1612 5220 1670 5273 et
1697 5214 1934 5273 homine

286 5301 480 5356 inutili
514 5303 804 5359 sustineat
837 5321 848 5360 :
882 5309 1032 5362 etne
1064 5305 1236 5362 homo
1266 5305 1430 5362 utilis
1457 5311 1514 5361 et
1538 5305 1821 5361 clamator
1841 5307 1935 5378 ju-

288 5389 458 5446 stitize
493 5391 868 5463 injustitiam,
901 5399 958 5450 et
1006 5394 1420 5450 detrimentum
1477 5398 1670 5450 vestra
1724 5394 1934 5452 militia

291 5479 564 5548 patiatur.
589 5481 659 5536 Et
701 5481 807 5537 hoc
849 5500 959 5538 non
985 5482 1044 5538 in
1070 5483 1322 5556 publico,
1348 5483 1447 5539 sed
1473 5482 1530 5536 in
1555 5483 1775 5554 privato
1807 5483 1933 5539 loco

291 5567 413 5620 ﬁat.
447 5567 529 5622 Ne
575 5568 724 5625 sicut
777 5571 923 5626 sacri
977 5588 1230 5628 canones
1287 5571 1513 5637 dicunt,
1545 5570 1835 5641 magnatis
1883 5573 1928 5627 si

2040 4594 2116 4650 tis
2145 4595 2208 4650 in
2240 4597 2457 4664 mente,
2489 4599 2546 4650 et
2583 4594 2861 4650 facientes
2915 4598 3018 4650 aut
3077 4593 3480 4666 praecipientes
3539 4591 3686 4666 quod

2041 4684 2312 4758 dignitati
2343 4684 2599 4742 nominis
2641 4683 2818 4740 vestri
2850 4701 2964 4739 non
2997 4682 3284 4739 convenit.
3321 4683 3602 4755 Legentes
3629 4681 3685 4734 in

2041 4773 2191 4830 libro
2222 4773 2712 4839 Machabaeorum,
2735 4771 2875 4845 quid
2895 4772 3366 4837 Eleazarus,cum
3400 4789 3436 4827 a
3459 4771 3581 4828 suis
3606 4769 3685 4824 fa-

2043 4861 2373 4918 miliaribus
2404 4862 2559 4934 quod
2590 4863 2808 4917 famam
2831 4874 3000 4916 suam
3019 4877 3133 4916 non
3156 4859 3686 4928 decebat,suadere

2041 4956 2157 5019 tur,
2213 4950 2566 5022 respondit:
2626 4950 2764 5014 Non,
2824 4948 3120 5021 inquiens,
3178 4957 3401 5006 etatem
3455 4956 3686 5005 nostram

2039 5040 2270 5110 dignum
2293 5046 2372 5095 est
2401 5040 2622 5110 ﬁngere,
2652 5046 2714 5094 ut
2741 5038 2912 5093 multi
2940 5037 3362 5094 adolescentium
3413 5039 3680 5093 arbitran-

2041 5137 2116 5186 tes
2145 5129 2469 5184 Eleazarum
2497 5129 2800 5198 nonaginta
2826 5143 3102 5182 annorum
3137 5126 3403 5182 transisse
3431 5125 3502 5182 ad
3529 5125 3685 5181 ινίιαηι

2041 5219 2498 5288 alienigenarum,
2529 5225 2580 5271 et
2609 5217 2718 5288 ipsi
2742 5223 2963 5288 propter
2988 5231 3165 5270 meam
3191 5215 3618 5280 simulationem,
3639 5217 3687 5264 et

2037 5314 2259 5379 propter
2287 5305 2560 5360 modicum
2587 5303 2958 5376 corruptibilis
2987 5304 3115 5358 vitta
3161 5310 3370 5374 tempus
3413 5302 3682 5374 decipian-

2043 5404 2152 5461 tur,
2184 5402 2233 5449 et
2259 5409 2358 5465 per
2383 5392 2480 5448 hoc
2534 5392 2811 5447 maculam
2867 5399 3027 5462 atque
3079 5393 3503 5447 amecratimzem
3555 5401 3684 5444 mea

2040 5483 2299 5539 senectuti
2333 5484 2656 5553 conquiram
2676 5481 2748 5553 (11
2774 5481 2946 5536 Much.
2979 5481 3076 5552 IV).
3110 5481 3272 5547 Quod
3305 5479 3466 5536 enim
3497 5477 3589 5534 ille
3617 5475 3685 5529 de

2043 5570 2302 5644 corporis
2333 5575 2629 5625 senectute
2657 5570 2817 5637 dicit,
2841 5586 2943 5626 vos
2984 5570 3042 5624 in
3072 5568 3381 5625 ministerii
3419 5573 3474 5624 et
3505 5563 3682 5622 nomi-
