3976 6188
279 329 442 393 1053

1133 328 1289 390 PRO
1332 328 1729 390 ECCLESl/E
1775 327 2289 391 LIBEBTATUM
2331 329 2845 394 DEFENSIONE.

3534 328 3692 391 ιοδι
3709 391 3716 398 .

275 463 377 520 nis
406 479 474 520 ac
501 460 800 535 sapientia
830 460 1117 535 dignitate
1165 477 1402 518 necesse
1449 465 1538 519 est
1581 461 1926 536 intelligere,
1957 463 2014 528 Α
2043 461 2113 517 Et
2143 462 2297 518 idem
2329 462 2612 519 Dominus
2632 481 2734 536 per
2756 464 2992 536 Moysen
3015 463 3318 538 praecipuit
3339 467 3402 520 ut
3423 463 3691 521 taberna-

277 551 512 608 dicente
539 549 786 608 Domino
814 551 888 606 ad
921 551 1158 624 Moysen
1191 568 1204 608 :
1238 551 1518 621 Congrega
1545 553 1686 608 mihi
1711 561 1928 624 septua-

275 643 440 712 ginta
467 643 614 697 viros
651 640 717 696 de
743 642 1052 697 senioribus
1101 642 1287 708 Israel,
1319 658 1452 713 quos
1495 649 1553 697 tu
1601 645 1745 697 nosti
1791 643 1930 714 quod

273 746 432 787 senes
483 729 677 802 populi
729 731 840 785 sint
895 730 1074 800 (Num.
1123 735 1220 797 xu).
1273 730 1435 786 Unde
1474 733 1532 787 S.
1566 731 1925 803 Gregorius:

279 840 310 868 ο(
341 817 508 875 Sicut
538 817 885 890 plerumque
913 819 1162 890 juvenes
1213 819 1325 874 dici
1376 817 1584 886 solent,
1618 820 1718 891 qui
1769 818 1930 876 nulla

275 905 512 964 consilii
539 905 821 979 gravitate
847 906 1277 978 deprimuntur,
1310 907 1392 962 ita
1421 923 1590 963 senes
1629 907 1930 979 Scriptura

275 1012 448 1052 sacra
493 1011 701 1059 vocare
757 995 1078 1062 consuevit,
1111 995 1211 1068 qui
1259 1013 1374 1052 non
1431 995 1556 1052 sola
1601 995 1930 1068 quantitate

273 1088 612 1157 temporum
644 1083 746 1140 sed
779 1099 1010 1140 morum
1041 1084 1453 1156 grandaevitate
1477 1083 1690 1140 maturi
1713 1089 1870 1141 sunt.
1899 1107 1926 1133 »

273 1171 442 1228 Unde
472 1188 576 1245 per
605 1173 922 1244 quemdam
974 1171 1300 1246 sapientem
1349 1173 1568 1230 dicitur
1601 1191 1613 1230 :
1647 1174 1927 1230 Senectus

269 1260 628 1318 venerabilis
653 1265 762 1331 est,
796 1279 913 1318 non
943 1261 1240 1332 diuturna,
1266 1279 1455 1336 neque
1476 1281 1721 1320 numero
1752 1281 1928 1320 anno-

274 1367 408 1406 rum
432 1354 791 1423 computata.
815 1351 954 1406 Cani
975 1357 1116 1408 sunt
1135 1337 1333 1408 autem
1354 1369 1566 1410 sensus
1588 1352 1849 1410 hominis
1869 1357 1927 1410 et

275 1443 418 1496 etas
445 1438 764 1496 senectutis
787 1439 906 1496 vita
933 1439 1482 1498 immaculata.llinc
1504 1446 1593 1498 est
1610 1458 1746 1516 ergo
1769 1443 1925 1514 quod

276 1529 347 1586 ad
379 1529 619 1602 Moysen
650 1528 936 1586 Dominus
966 1529 1110 1586 dicit
1143 1547 1154 1586 :
1189 1547 1479 1604 congrege
1508 1529 1652 1587 mihi
1688 1535 1924 1604 septua-

273 1617 442 1690 ginta
469 1617 624 1674 viros
653 1617 726 1674 de
755 1617 1086 1674 senioribus
1117 1618 1294 1675 Israel
1325 1637 1474 1692 quos
1502 1625 1566 1676 tu
1591 1621 1744 1677 nosti
1767 1620 1925 1692 quod

274 1721 446 1762 senes
476 1704 678 1778 populi
706 1705 845 1763 sint.
880 1707 943 1762 In
970 1705 1188 1779 quibus
1217 1707 1357 1779 quid
1380 1707 1539 1764 aliud
1561 1726 1739 1780 quam
1761 1725 1924 1766 sene-

2037 552 2238 608 culum
2270 553 2542 608 sacerdos
2574 551 2907 624 ingrediens
2937 552 3348 609 tintinnabulis
3368 551 3686 622 ambiatur,

2037 647 2328 714 quatenus
2377 658 2542 697 voces
2591 641 3018 714 praedicationis
3074 641 3306 707 habeat,
3341 657 3413 696 ne
3445 641 3684 714 superni

2038 730 2384 803 inspectoris
2407 730 2700 802 judicium
2731 747 2799 785 ex
2829 728 3061 786 silentio
3093 729 3366 784 offendat.
3391 727 3686 802 Scriptum

2039 819 2256 894 quippe
2287 824 2376 876 est
2409 837 2420 874 :
2461 821 2523 878 Ut
2552 819 2814 876 audiatur
2851 820 3062 874 sonitus
3111 817 3326 891 quando
3375 819 3689 886 ingreditur

2037 917 2089 966 et
2113 910 2394 981 egreditur
2419 912 2798 965 sanctuarium
2825 910 2885 964 in
2912 915 3196 979 conspectu
3239 906 3462 962 Domini
3491 908 3683 976 (Exod.

2037 1005 2256 1067 xxvm).
2291 999 2572 1055 Sacerdos
2605 1014 2858 1069 namque
2888 995 3224 1069 ingrediens
3252 993 3338 1049 vel
3384 994 3688 1068 egrediens

2039 1088 2308 1154 moritur,
2343 1087 2393 1143 si
2425 1088 2496 1143 de
2526 1104 2592 1143 eo
2623 1085 2850 1143 sonitus
2882 1103 2996 1142 non
3046 1084 3285 1140 auditur
3314 1099 3328 1138 :
3363 1083 3506 1156 quia
3537 1083 3686 1139 iram

2037 1180 2239 1233 contra
2269 1194 2331 1234 se
2363 1175 2572 1232 occulti
2597 1175 2818 1248 judicis
2850 1173 3102 1247 exigit,si
3126 1173 3250 1229 sine
3279 1171 3686 1246 praedicatonis

2036 1266 2234 1322 sonitu
2267 1265 2502 1322 incedit.
2539 1265 2619 1321 De
2650 1263 2926 1338 qualibus
2955 1261 3360 1319 sacerdotibus
3399 1259 3687 1318 Dominus

2036 1355 2196 1421 dicit,
2233 1355 2403 1411 Canes
2429 1356 2570 1410 muti
2598 1369 2708 1410 non
2746 1354 2978 1409 valentes
3027 1353 3236 1407 latrare
3283 1349 3410 1423 (Isa.
3445 1353 3582 1419 xxv).
3616 1350 3688 1406 Et
3783 1346 3794 1352 ’

2035 1444 2253 1516 quibus
2283 1443 2342 1499 in
2374 1461 2490 1500 uno
2522 1441 2914 1499 comminatur
2935 1457 3038 1514 per
3061 1437 3420 1496 Ezechielem
3444 1439 3689 1512 prophe-

2033 1536 2155 1588 tam
2178 1531 2377 1588 dicens
2401 1549 2414 1587 :
2440 1531 2500 1589 Si
2530 1530 2801 1588 sacerdos
2824 1547 2938 1586 non
2959 1527 3296 1585 distinxerit
3317 1526 3687 1600 populo,ipse

2035 1620 2272 1694 quidem
2301 1620 2555 1694 populus
2589 1621 2647 1676 in
2680 1638 2788 1677 suo
2818 1623 3052 1693 peccato
3095 1617 3396 1683 morietur,
3425 1615 3684 1672 anima'n

2034 1715 2230 1766 tamen
2258 1711 2386 1782 ejus
2411 1711 2482 1766 de
2513 1727 2690 1766 manu
2725 1707 3044 1766 sacerdotis
3074 1705 3391 1778 requiram.
3423 1703 3549 1760 Non
3581 1704 3683 1770 ait,

271 1799 406 1852 ctus
433 1795 628 1852 cordis
659 1795 1000 1868 requiritur,
1023 1812 1158 1852 cum
1189 1796 1336 1854 tales
1346 1798 1638 1868 jubentur
1656 1797 1919 1871 cligi,qui
1955 1831 2003 1895 Β
2033 1799 2174 1872 quia
2201 1803 2361 1856 extra
2385 1803 2688 1872 peccatum
2719 1797 2974 1871 populus
2995 1800 3102 1865 est,
3133 1811 3248 1852 non
3271 1792 3683 1895 morietur,sed

270 1900 446 1941 senes
494 1884 782 1940 sciuntur.
817 1885 875 1941 Si
927 1884 1085 1941 enim
1133 1890 1404 1942 senectus
1452 1885 1512 1942 in
1551 1888 1636 1944 eis
1666 1887 1924 1960 corporis

271 1976 688 2046 quaereretur,a
715 1973 896 2030 tantis
926 1973 1060 2030 sciri
1093 1977 1366 2046 poterant
1395 1993 1428 2032 a
1458 1976 1696 2048 quantis
1717 1977 1919 2034 videri.

271 2061 427 2116 Dum
457 2078 592 2118 vero
621 2061 858 2132 dicitur,
889 2079 1037 2134 quos
1068 2067 1132 2118 tu
1165 2062 1318 2118 nosti
1350 2063 1504 2135 quod
1527 2079 1699 2120 senes
1721 2063 1921 2137 populi

271 2149 413 2218 sint,
448 2149 704 2222 profecto
761 2149 966 2223 liquet,
1018 2149 1156 2222 quia
1205 2155 1474 2208 senectus
1523 2152 1760 2220 mentis,
1808 2170 1924 2209 non

271 2238 538 2310 corporis
566 2237 835 2312 eligenda
864 2238 1193 2296 nuntiatur.

345 2327 514 2394 Quia,
545 2327 812 2394 Domine,
844 2327 1194 2384 charissima
1207 2333 1262 2384 et
1279 2327 1628 2386 venerabilis
1657 2330 1922 2386 domina-

271 2415 356 2470 tio
388 2420 603 2482 vestra,
633 2415 750 2472 imo
783 2416 978 2472 divina
997 2417 1190 2488 jussio
1223 2417 1368 2472 mihi
1413 2418 1706 2490 praecepit,
1733 2423 1790 2474 et
1816 2435 1922 2491 ego

272 2505 411 2560 inde
441 2522 576 2560 sum
605 2504 973 2562 voluntarius
1001 2506 1320 2573 debitor,ut
1348 2524 1475 2578 quae
1495 2507 1568 2562 ad
1591 2506 1924 2573 salutem,et

267 2594 448 2650 vestri
481 2593 736 2650 nominis
765 2611 834 2650 ac
881 2593 1191 2650 ministerii
1236 2595 1584 2668 dignitatem
1636 2595 1921 2668 pertinere

271 2681 414 2750 scio,
445 2699 561 2738 non
591 2686 838 2753 taceam,
865 2682 1168 2740 humiliter
1196 2682 1502 2756 postulans
1525 2701 1752 2756 moneo,
1777 2701 1918 2756 qua-

271 2773 448 2828 tenus
477 2771 766 2844 sapientia
792 2777 984 2829 vestra
1013 2773 1309 2846 recogitet,
1342 2777 1400 2829 et
1429 2773 1583 2845 quod
1615 2773 1918 2829 exordina-

268 2864 400 2915 tum
419 2859 863 2932 est,ordinet,ne
893 2861 1118 2918 diutius
1135 2861 1255 2918 hinc
1275 2861 1649 2918 irreverentia
1669 2879 1806 2934 erga
1817 2861 1918 2918 Dei

267 2947 589 3005 Ecclesium
621 2954 858 3006 maneat
887 2953 946 3006 et
973 2949 1325 3022 quantocius
1355 2949 1701 3006 scandalum
1724 2950 1783 3006 in
1806 2951 1922 3024 epi-

267 3053 480 3111 scopos
509 3038 824 3095 excitatum
855 3038 1208 3111 competenti
1236 3039 1633 3096 satisfactione
1663 3040 1915 3096 sedetur.

267 3127 340 3182 Et
366 3125 496 3183 ideo
526 3126 663 3183 hinc
691 3131 812 3183 tam
843 3126 1206 3188 ineulcanter
1249 3125 1462 3197 scribo,
1496 3129 1637 3200 quia
1683 3133 1920 3202 propter

268 3215 490 3288 Regem
523 3231 726 3289 regum
759 3219 949 3272 tacere
979 3233 1106 3289 quis
1131 3215 1310 3273 saluti
1343 3221 1400 3273 et
1430 3195 1920 3273 utilitati—vestrae
1954 3195 1998 3263 (ἶ

267 3304 603 3362 necessaria
629 3320 758 3362 esse
789 3321 1218 3379 cognosco,non
1240 3306 1426 3363 audeo
1450 3323 1466 3361 :
1489 3307 1561 3362 ad
1585 3306 1755 3378 cujus
1769 3307 1924 3379 judi-

266 3393 432 3449 cium
443 3409 544 3449 vos
565 3397 624 3450 et
645 3410 751 3468 ego
771 3393 831 3450 in
851 3398 1170 3468 conspectu
1190 3395 1374 3451 totius
1397 3395 1640 3451 humani
1664 3395 1918 3468 generis,

266 3481 655 3556 omniumque
675 3481 1016 3556 angelOrum
1039 3487 1214 3556 atque
1231 3483 1715 3557 archangelorum
1737 3484 1923 3540 venie-

266 3588 439 3640 mus;
468 3571 566 3627 ubi
592 3571 907 3628 reddemus
929 3571 1335 3638 rationes,non
1359 3571 1550 3628 solum
1572 3573 1642 3627 de
1665 3573 1922 3644 propria-

265 3677 402 3715 rum
434 3677 816 3732 personarum
847 3659 1597 3727 actionibus,locutionibus
1627 3666 1801 3735 atque
1832 3680 1922 3718 co-

261 3747 652 3822 gitationibus
677 3766 691 3805 :
713 3766 916 3806 verum
941 3754 1000 3806 et
1029 3750 1100 3806 de
1131 3749 1594 3806 ministeriorum
1615 3755 1917 3824 suscepto-

261 3852 402 3894 rum
433 3837 666 3906 officiis,
697 3837 952 3910 qualiter
980 3839 1039 3894 in
1072 3839 1157 3896 eis
1185 3855 1254 3895 ea
1293 3855 1421 3911 qua:
1469 3839 1542 3895 ad
1592 3839 1920 3896 ministeria

260 3925 586 3998 pertinent,
617 3925 844 3983 sincero
865 3927 1036 3984 corde
1057 3931 1116 3984 et
1129 3927 1311 3999 justis
1333 3928 1564 3985 actibus
1583 3928 1879 4002 egerimus
1901 3947 1914 3998 ;

258 4013 491 4071 dicente
522 4014 650 4086 ipso
674 4031 688 4070 :
709 4017 858 4072 Iuste
886 4016 1027 4088 quod
1045 4017 1260 4088 justum
1287 4024 1368 4073 est
1393 4019 1710 4090 exsequaris
1729 4020 1912 4087 (Deut.

255 4104 399 4175 xv1).
426 4103 597 4160 Juste
626 4119 764 4176 ergo
785 4105 1018 4176 justum
1059 4105 1297 4177 exsequi
1351 4110 1442 4162 est
1488 4106 1546 4160 in
1597 4107 1917 4164 assertione

251 4191 504 4264 justitiaa
535 4191 720 4248 solum
753 4194 1020 4249 eamdem
1043 4193 1341 4264 justitiam
1382 4212 1657 4266 quaarere.
1693 4195 1840 4250 Nam
1867 4195 1916 4251 si

261 4281 425 4353 quod
455 4279 601 4336 mihi
631 4285 721 4337 est
749 4281 1066 4337 dicendum
1099 4286 1157 4338 et
1203 4283 1367 4338 vobis
1414 4287 1505 4339 est
1555 4283 1916 4339 audiendum

261 4367 678 4435 tacuero,illud
707 4387 788 4426 vsa
818 4369 1115 4426 incurrere
1135 4370 1311 4427 timeo
1333 4372 1488 4442 quod
1511 4371 1795 4430 Dominus
1815 4391 1919 4446 per

263 4457 614 4530 prophetam
632 4458 803 4516 nobis
824 4458 1056 4516 miseris
1075 4460 1481 4516 sacerdotibus
1501 4461 1916 4533 comminatur,

2035 1889 2177 1960 quia
2205 1889 2264 1944 in
2295 1907 2401 1946 suo
2433 1893 2668 1962 peccato
2701 1886 3014 1954 morietur;
3039 1885 3140 1942 sed
3168 1881 3423 1958 populus
3445 1881 3684 1955 quidem

2035 1994 2138 2049 pro
2170 1978 2361 2051 seipse
2391 1976 2932 2045 tantum,sacerdos
2966 1992 3098 2031 vero
3117 1973 3292 2030 etiam
3317 1989 3420 2044 pro
3443 1969 3678 2044 populo.

2034 2067 2104 2122 Et
2133 2067 2270 2139 quia
2302 2085 2408 2123 nos
2439 2065 2488 2123 si
2517 2071 2935 2138 tacemus,quae
2958 2068 3023 2120 ut
3047 2062 3194 2119 dixit
3213 2061 3381 2118 nobis
3411 2057 3679 2127 dicenda,

2033 2159 2090 2212 et
2118 2154 2280 2212 vobis
2311 2155 2600 2228 audien‘da
2641 2158 2800 2222 sunt,
2835 2157 3139 2226 peccatum
3189 2148 3547 2206 incurrimus
3580 2165 3594 2203 :
3627 2151 3686 2204 et

2032 2261 2135 2300 vos
2163 2245 2212 2301 si
2263 2243 2486 2314 audita,
2517 2243 2672 2316 quod
2721 2241 2896 2309 absit,
2929 2259 3046 2297 non
3089 2238 3401 2304 exauditis,
3433 2255 3466 2293 a
3497 2239 3684 2292 morte

2034 2333 2257 2404 peccati
2279 2331 2446 2388 liberi
2477 2349 2606 2389 esse
2627 2330 2902 2404 nequitis.
2918 2330 3228 2404 Propterea
3246 2327 3471 2383 intenta
3491 2325 3683 2382 cordis

2032 2438 2172 2477 aure
2183 2419 2407 2477 devotio
2430 2425 2623 2476 vestra
2641 2418 3105 2492 percipiat,quod
3127 2415 3454 2473 tonitruum
3475 2411 3682 2470 divina:

2030 2509 2507 2566 comminationis
2537 2507 2876 2564 terribiliter
2896 2506 3265 2574 insonat.Qui
3281 2503 3685 2561 scandalizave-

2030 2601 2125 2664 rit,
2155 2597 2365 2670 inquit,
2393 2615 2567 2653 unum
2593 2596 2658 2654 de
2684 2597 2906 2668 pusillis
2939 2597 3061 2652 istis
3089 2596 3186 2668 qui
3217 2597 3277 2650 in
3305 2610 3390 2650 me
3433 2593 3678 2660 credunt,

2029 2687 2245 2759 expedit
2274 2688 2328 2742 ei
2355 2694 2416 2741 ut
2441 2685 2802 2758 suspendatur
2849 2685 2996 2740 mota
3031 2685 3285 2738 asinaria
3315 2684 3374 2738 in
3397 2682 3534 2738 collo
3562 2681 3682 2752 ejus

2027 2784 2080 2831 et
2133 2775 2476 2845 demergatur
2531 2774 2591 2828 in
2640 2772 2976 2845 profundum
3029 2773 3203 2826 maris
3253 2769 3460 2839 (Matth.
3493 2771 3677 2835 xvm).

2029 2863 2160 2919 Haec
2189 2861 2346 2919 enim
2381 2879 2551 2934 pmna
2581 2865 2720 2917 tunc
2751 2858 3033 2932 temporis
3074 2857 3304 2931 gravior
3334 2856 3487 2913 inter
3533 2854 3679 2912 alias

2029 2951 2364 3026 putabatur.

2101 3040 2335 3110 Quanti,
2365 3039 2599 3096 domine
2631 3037 2998 3109 charissime,
3022 3036 3081 3092 in
3113 3034 3290 3092 unius
3319 3031 3598 3102 ecclesiae,
3622 3037 3682 3089 et

2030 3129 2208 3186 unius
2231 3127 2488 3202 episcopi
2509 3132 2710 3184 contra
2733 3126 3158 3184 ecclesiasticas
3171 3122 3682 3197 regulaspraajudi-

2031 3217 2118 3275 cio
2147 3218 2368 3292 putatis
2397 3215 2774 3274 scandalizati
2805 3211 3532 3282 sunt,scandalizantur,et
3547 3211 3679 3284 qui-

2031 3325 2263 3380 cunque
2313 3305 2628 3373 audierint,
2672 3302 3270 3362 scandalizabuntur?
3313 3300 3480 3370 Quia,
3527 3299 3680 3356 sicut

2031 3396 2171 3453 dicit
2202 3397 2258 3453 S.
2297 3395 2511 3452 Paulus
2541 3394 2842 3468 apostolus
2865 3411 2878 3450 :
2905 3394 3041 3450 Cum
3063 3395 3281 3466 patitur
3309 3407 3482 3447 unum
3508 3406 3678 3446 mem-

2031 3487 2210 3552 brum,
2269 3487 2675 3558 compatiuntur
2728 3486 2916 3541 omnia
2972 3482 3213 3540 membra
3269 3481 3321 3550 (ι
3382 3480 3503 3537 Cor.
3553 3478 3674 3551 xu).

2029 3575 2192 3642 Quod
2225 3575 2380 3630 enim
2405 3573 2538 3646 quis
2556 3573 2715 3629 videt
2735 3572 2793 3628 in
2826 3573 3020 3640 fratre,
3046 3576 3105 3628 et
3125 3571 3185 3626 in
3216 3569 3535 3626 commissa
3565 3567 3677 3624 sibi

2027 3662 2292 3731 ecclesia,
2327 3667 2428 3718 aut
2457 3662 2621 3718 audit
2649 3681 2718 3718 ex
2746 3663 2941 3727 fratre,
2976 3665 3034 3716 et
3082 3678 3151 3716 ex
3200 3657 3517 3714 commissa
3564 3656 3677 3712 sibi

2027 3750 2440 3824 ecclesia,quid
2457 3751 2682 3824 putatis
2705 3749 2871 3806 illum
2889 3750 3038 3818 dese
3057 3749 3204 3804 etde
3225 3746 3336 3804 sibi
3361 3744 3679 3802 commissa

2027 3839 2271 3897 ecclesia
2299 3855 2471 3911 posse
2502 3837 2869 3910 conjicere,si
2901 3854 3037 3893 eum
3065 3841 3122 3894 et
3153 3835 3264 3892 sibi
3297 3832 3677 3891 commissam

2025 3929 2331 3986 ecclesiam
2365 3933 2509 3985 nutu
2541 3928 2736 3984 divino
2765 3927 2825 3982 in
2853 3929 3200 3999 potestatem
3219 3927 3471 3982 vestram
3493 3921 3679 3978 conti-
3767 3965 3774 3970 .

2025 4018 2176 4092 gerit
2204 4017 2512 4074 devenire?
2540 4017 2666 4072 Non
2697 4016 2854 4072 enim
2884 4015 2994 4072 levi
3023 4014 3228 4071 auditu
3261 4030 3461 4070 eorum
3505 4011 3680 4068 corda

2026 4104 2440 4178 percelluntur,
2473 4105 2574 4176 qui
2607 4105 2872 4160 audiunt.
2907 4102 3054 4169 Quia
3085 4120 3197 4157 non
3221 4103 3292 4158 de
3313 4099 3555 4156 crimine
3577 4116 3680 4172 per

2025 4193 2322 4268 legitimos
2380 4197 2773 4259 accusatores,
2808 4190 2961 4246 sicut
3009 4188 3353 4261 praecipiunt
3400 4204 3673 4253 canones,

2025 4284 2180 4356 apud
2210 4283 2518 4355 primatem
2550 4277 2856 4354 provincias
2887 4283 3196 4334 accusatus
3223 4294 3234 4331 :
3261 4294 3374 4332 non
3406 4276 3480 4331 ad
3511 4292 3678 4348 syno-

2026 4373 2169 4428 dum
2201 4370 2546 4444 regulariter
2574 4372 2846 4424 evocatus
2879 4384 2890 4422 :
2921 4384 3036 4422 non
3067 4364 3126 4420 in
3149 4364 3374 4438 judicio
3396 4379 3673 4436 przesens,

2025 4479 2142 4518 non
2164 4459 2458 4532 judicium
2491 4457 2754 4530 regulare
2781 4455 3214 4529 refugiens,non
3245 4451 3306 4508 in
3329 4450 3554 4525 judicio
3585 4467 3675 4506 re-

263 4547 474 4603 dicens
505 4564 519 4602 :
557 4547 646 4605 γε
671 4548 759 4603 his
786 4550 884 4620 qui
910 4556 1176 4604 consuunt
1199 4549 1462 4621 pulvillos
1499 4550 1599 4606 sub
1641 4553 1795 4606 omni
1822 4568 1919 4606 cu-
1949 4565 1997 4630 D
2026 4549 2215 4623 gulari
2247 4552 2450 4604 contra
2479 4564 2614 4603 eum
2643 4545 2774 4602 aliis
2804 4541 3245 4630 accusatoribus
3271 4546 3328 4598 et
3347 4539 3675 4630 aliistesti-

264 4636 378 4692 bito
402 4652 600 4692 mnus
627 4645 681 4694 et
704 4637 919 4708 faciunt
947 4640 1241 4694 cervicalia
1277 4640 1377 4694 sub
1430 4641 1604 4711 capite
1648 4641 1925 4698 universae
1952 4629 1962 4630 ί
2031 4639 2140 4694 bus
2153 4634 2684 4711 productis,necvel
2697 4633 2935 4690 testium
2955 4629 3290 4689 testimonio
3311 4631 3464 4687 facta
3488 4629 3678 4702 inqui-

260 4726 450 4783 aetatis
497 4724 568 4780 ad
613 4726 904 4798 capiendas
957 4728 1174 4783 animas
1219 4728 1432 4794 (Ezech.
1467 4727 1609 4799 xui).
1645 4727 1918 4785 Pulvillos

260 4812 484 4886 quippe
513 4813 625 4870 sub
655 4814 815 4870 omni
845 4815 1043 4872 cubito
1065 4831 1276 4872 manus
1298 4832 1512 4888 ponere
1531 4821 1624 4890 est
1643 4818 1918 4874 cadentes

260 4919 298 4957 a
329 4917 444 4957 sua
469 4902 820 4960 rectitudine
847 4903 1096 4972 animas,
1123 4909 1298 4977 atque
1325 4903 1386 4960 in
1417 4904 1596 4977 huius
1627 4907 1830 4961 mundi
1855 4923 1918 4963 se

259 4989 576 5047 dilectione
605 4990 956 5048 reclinantes
998 4993 1214 5049 blanda
1259 4992 1593 5050 adulatione
1642 4994 1913 5052 refovere.

261 5077 446 5146 Quasi
477 5079 634 5136 enim
665 5079 906 5153 pulvillo
937 5081 1192 5150 cubitus,
1222 5081 1310 5137 vel
1343 5081 1724 5139 cervicalibus
1745 5088 1918 5156 caput

253 5167 514 5240 jacentis
560 5169 862 5241 excipitur,
903 5187 1039 5226 eum
1087 5170 1470 5243 correptionis
1518 5171 1735 5228 duritia
1783 5190 1919 5246 pec-

263 5255 428 5313 cauti
449 5257 838 5327 subtrahitur,
859 5258 1029 5331 eique
1052 5258 1330 5316 mollities
1350 5260 1565 5317 favoris
1585 5261 1915 5328 adhibetur,

263 5349 336 5401 ut
362 5343 423 5399 in
453 5361 648 5402 errore
676 5345 932 5403 molliter
951 5349 1170 5419 jaceat,
1205 5366 1380 5421 quem
1427 5349 1588 5404 nulla
1635 5349 1918 5420 asperitas

263 5433 751 5492 contradictionis
781 5436 1117 5508 pulsat.Sed
1151 5437 1270 5493 haec
1303 5442 1554 5494 rectores
1577 5438 1675 5510 qui
1707 5442 1916 5494 semet-

265 5521 434 5593 ipsos
461 5521 736 5596 diligunt,
769 5523 862 5581 his
892 5525 1095 5598 procul
1127 5526 1305 5581 dubio
1333 5526 1672 5593 exhibent,a
1702 5526 1916 5598 quibus

263 5625 332 5664 se
365 5609 558 5667 noceri
590 5629 760 5684 posse
791 5613 850 5668 in
883 5613 1078 5671 studio
1105 5614 1301 5686 gloriae
1324 5615 1914 5688 temporalis,timent.

2027 4725 2466 4794 sitione,utrum
2499 4742 2568 4780 ex
2599 4723 2906 4791 auditu,an
2928 4739 2997 4778 ex
3018 4720 3262 4778 scientia
3285 4719 3501 4778 fuerint
3519 4718 3677 4776 testi-

2027 4815 2182 4872 ﬁcati
2215 4831 2226 4870 :
2262 4830 2378 4870 non
2409 4812 2673 4886 legaliter
2701 4830 2768 4870 ac
2799 4812 3076 4869 canonice
3103 4811 3174 4868 de
3202 4809 3468 4884 personis
3498 4825 3673 4866 accu-

2027 4902 2284 4961 santium
2317 4919 2382 4959 ac
2412 4901 2853 4958 testiﬁcantium
2881 4902 3034 4958 facta
3071 4900 3470 4974 requisitione,
3505 4895 3674 4968 cujus

2025 4992 2325 5067 qualitatis
2355 4996 2413 5048 et
2441 4990 2766 5064 dignitatis,
2792 5008 2858 5046 ac
2889 4989 3233 5063 quantitatis
3264 4989 3478 5046 fuerint
3509 5004 3522 5042 :
3559 5001 3672 5040 nou

2027 5083 2222 5139 causis
2252 5085 2489 5138 actuum
2511 5080 2747 5153 scriptis
2775 5079 3156 5146 insertis,non
3178 5077 3412 5134 licentia
3434 5090 3673 5146 respon-

2026 5171 2201 5227 dendi
2233 5175 2291 5226 et
2321 5169 2670 5226 defendendi
2703 5169 2785 5226 illi
2817 5186 3131 5235 concessa;
3166 5184 3281 5222 non
3313 5166 3383 5220 de
3431 5162 3672 5219 crimine

2024 5259 2113 5316 vel
2145 5259 2332 5316 exsilii
2363 5276 2540 5315 causa
2561 5259 2982 5316 confessusnec
2997 5252 3670 5328 regulariterconvictus,

2027 5365 2142 5404 non
2175 5348 2444 5420 partibus
2476 5347 2946 5420 praesentibusﬁd
2971 5345 3125 5418 quod
3158 5360 3192 5397 a
3221 5341 3344 5397 suis
3368 5340 3674 5413 judicibus

2018 5438 2350 5508 judicaturn
2387 5437 2496 5492 fuit
2525 5437 2758 5508 scriptis
2789 5435 3078 5492 sententia
3101 5431 3482 5499 recitata,non
3506 5446 3674 5485 cano-

2029 5525 2156 5581 nico
2187 5529 2245 5581 et
2275 5524 2590 5598 episcopali
2615 5524 2864 5596 judicio,
2897 5523 2968 5578 ab
2999 5521 3200 5576 ordine
3231 5518 3546 5592 episcopali
3579 5519 3672 5573 de-

2019 5615 2214 5686 jectus
2244 5615 2575 5688 episcopus,
2599 5613 2722 5669 suis
2756 5611 2927 5666 rebus
2957 5608 3325 5682 spoliatus,et
3344 5625 3477 5664 cum
3499 5607 3672 5681 eccle-
