3976 6188
391 324 416 382 1
429 324 548 382 059

1166 317 1548 380 HINCMARI
1597 316 1840 378 HHEM.
1890 317 2016 419 Alit

2135 316 2250 376 EP.
2300 315 2710 378 OPUSCULA
2751 316 2851 378 VA
2864 317 2992 376 RlA
3007 360 3020 374 .

3633 312 3764 376 1060

389 471 502 526 que
531 453 756 509 violans
805 455 862 507 et
905 449 1236 507 convellens
1287 450 1606 506 constituta
1649 451 1868 517 divina,
1899 447 2036 522 quia
2063 449 2117 516 Α
2143 457 2334 518 tatem,
2367 457 2420 505 et
2438 451 2635 505 veritas
2669 449 2927 504 liberabit
2971 463 3062 502 vos
3109 449 3293 516 (Joan.
3333 447 3480 514 VIII).
3513 445 3764 503 Inhaereat

387 545 629 600 docente
683 541 866 607 Petro,
899 541 1017 596 Non
1061 549 1142 596 est
1182 556 1542 612 personarum
1605 546 1848 612 acceptor
1897 539 2036 594 Deus

387 631 610 705 (Act.x),
630 631 702 686 ab
724 628 992 686 Ecclesia
1033 645 1270 701 corpore
1295 633 1620 701 separatus,
1644 627 1756 683 nisi
1790 645 1894 700 per
1924 645 2037 699 pce-

385 719 693 776 nitentiam
727 721 784 773 et
811 715 1192 772 sacerdotalis
1222 715 1597 789 indulgentiae
1621 713 2031 771 reconciliatio-

385 824 518 864 nem
553 805 741 864 eidem
772 804 1042 862 Ecclesiae
1073 803 1251 860 fuerit
1280 803 1768 876 reincorporatus,
1803 805 1912 860 erit
1960 805 2032 860 ab

384 901 601 954 aeterna
629 893 888 951 Ecclesia
917 897 1241 966 separatus.
1274 891 1438 948 Unde
1469 897 1524 948 et
1543 892 1856 966 Apostolus
1887 910 2030 966 prae-

383 985 544 1060 cipit,
578 985 713 1042 Cum
757 982 1068 1057 hujusmodi
1109 998 1208 1038 nec
1249 983 1432 1038 cibum
1478 997 1690 1038 sumere
1720 982 1770 1051 (I
1796 982 1917 1037 Cor.
1948 983 2026 1050 v).

383 1075 618 1131 Etitem
651 1073 947 1142 omnibus,
971 1070 1200 1128 Christo
1232 1071 1292 1126 in
1322 1087 1383 1126 se
1410 1070 1703 1144 loquente,
1723 1069 2028 1128 denuntiat

383 1163 583 1220 dicens
619 1179 632 1216 :
663 1163 838 1218 Nolite
856 1163 1256 1218 communicare
1285 1161 1538 1232 operibus
1570 1161 1923 1233 infructuosi:
1951 1167 2028 1216 te-

380 1249 678 1307 nebrarum
726 1249 936 1322 (Ep/tes.
976 1251 1056 1318 v).
1103 1249 1287 1314 Quam
1337 1248 1688 1304 sententiam
1735 1263 2030 1321 exponens

380 1340 587 1396 beatus
614 1336 1003 1410 Augustinus,
1037 1335 1179 1392 dicit
1213 1354 1226 1392 :
1263 1361 1289 1387 α
1333 1337 1572 1394 Duobus
1604 1337 1794 1393 modis
1826 1354 1942 1394 non
1974 1340 2032 1392 te

381 1427 636 1484 maculat
664 1425 895 1483 malus:
922 1426 972 1483 si
1004 1444 1117 1482 non
1147 1427 1573 1492 consentias,et
1603 1425 1650 1482 si
1675 1426 2027 1499 redarguas;

377 1517 487 1572 hoc
516 1519 607 1572 est
637 1533 752 1572 non
781 1515 1370 1583 communicarc,non
1399 1514 2032 1572 consentire.Commu-

341 1590 353 1604 ’
377 1605 612 1662 nicatur
640 1606 880 1679 quippe,
897 1601 1130 1678 quando
1152 1605 1300 1659 facto
1315 1605 1441 1676 ejus
1455 1604 1818 1660 consortium
1833 1603 2030 1660 volun-

377 1695 517 1751 tatis
545 1694 634 1750 vel
656 1693 1097 1768 approbationis
1119 1693 1213 1764 adj
1223 1695 1484 1766 ungitur.
1510 1693 1628 1748 Hoc
1653 1710 1788 1765 ergo
1810 1710 1917 1749 nos
1933 1694 2030 1748 ad-

382 1781 1059 1856 monensApostolus,ait
1075 1800 1088 1838 :
1103 1783 1292 1839 Nolite
1307 1782 1741 1839 communicare
1753 1781 2028 1854 operibus

379 1873 760 1930 infructuosis
781 1871 1176 1928 tenebrarum.
1207 1872 1278 1928 Et
1307 1870 1446 1945 quia
1475 1888 1682 1945 parum
1733 1887 1849 1928 non
1897 1876 2023 1927 erat

376 1961 724 2029 consentire,
743 1962 790 2018 si
812 1967 1154 2034 sequeretur
1174 1960 1532 2034 negligentia
1553 1959 2021 2032 disciplinae,ma-

373 2051 465 2124 gis
491 2050 938 2123 autem,inquit,
962 2054 1020 2105 et
1050 2047 1615 2121 redarguite.Videtc
1645 2050 2022 2122 quemadmo-

374 2139 514 2194 dum
531 2145 844 2210 utrumque
859 2137 1294 2208 complexusest
1317 2155 1329 2193 :
1356 2138 1534 2194 nolite
1555 2138 2016 2194 communicare:

373 2226 550 2282 nolite
582 2225 928 2293 consentire,
961 2225 1140 2281 nolite
1165 2225 1425 2296 laudare,
1459 2225 1634 2282 nolite
1673 2227 2014 2299 approbare.

373 2315 522 2381 Quid
543 2321 630 2372 est
651 2319 869 2384 autem,
885 2315 1072 2388 magis
1096 2319 1152 2371 et
1169 2315 1540 2388 redarguite?
1572 2315 2016 2388 Reprehenditc,

371 2405 663 2477 corripite,
681 2403 1192 2460 eoercete.Dcinde
1221 2404 1279 2459 in
1312 2404 1440 2477 ipsa
1461 2403 1908 2477 reprehensione
1931 2405 2017 2462 vel

370 2493 717 2550 coercitione
738 2492 985 2550 aliorum
1003 2497 1399 2566 peccatorum,
1413 2493 1736 2550 cavendum
1756 2499 1932 2550 estne
1954 2512 2017 2552 se

369 2581 606 2638 extollat
627 2582 727 2655 qui
760 2582 1005 2639 alterum
1041 2583 1308 2656 corripit;
1337 2587 1395 2638 et
1417 2584 1514 2656 qui
1545 2600 1606 2638 se
1638 2587 1805 2656 putat
1836 2587 2012 2652 stare,

311 2663 314 2666 ’
367 2671 560 2728 videat
587 2688 659 2728 ne
689 2673 886 2742 cadat;
921 2672 1062 2729 foris
1092 2671 1429 2730 terribiliter
1458 2677 1730 2745 personet
1759 2673 2016 2746 increpa-

367 2758 471 2826 tio,
502 2757 665 2814 intus
712 2759 974 2816 lenitatis
1021 2763 1290 2817 teneatur
1336 2759 1588 2816 dilectio.
1621 2760 1820 2833 Neque
1875 2777 2012 2835 ergo

365 2848 794 2905 consentientes
823 2848 955 2906 sitis
979 2849 1173 2917 malis,
1206 2854 1273 2906 ut
1301 2848 1668 2922 approbetis;
1693 2867 1881 2923 neque
1912 2867 2011 2906 ne-

364 2935 673 3011 gligentes,
709 2941 774 2994 ut
803 2955 917 2994 non
951 2939 1242 3012 arguatis;
1275 2955 1463 3011 neque
1494 2937 1918 3011 superbientes,
1945 2945 2012 2996 ut

363 3025 719 3082 insultanter
748 3027 1030 3100 arguatis.
1055 3049 1084 3078 ››

434 3113 503 3168 Et
519 3113 697 3168 nolite
717 3117 944 3186 putare,
959 3113 1194 3170 domine
1207 3113 1555 3170 charissima
1575 3129 1641 3169 ac
1661 3113 2011 3186 benignissi-

2145 538 2343 611 itaque
2365 538 2542 594 menti
2575 541 2779 593 vestra:
2812 536 2966 609 quod
3003 535 3208 592 beatus
3236 533 3602 608 Augustinus
3625 535 3760 601 dicit,

2145 629 2284 700 quia
2313 626 2498 683 dolosi
2526 625 2614 682 vel
2642 624 2895 699 imperiti
2927 623 3137 680 medici
3169 626 3277 692 est,
3311 621 3395 678 sic
3423 621 3641 678 vulneri
3658 639 3762 678 em-

2143 717 2436 790 plastrum
2467 717 2789 788 imponere,
2825 717 2890 770 ut
2923 717 3024 768 aut
3052 715 3277 779 noceat,
3313 715 3418 766 aut
3445 727 3562 767 non
3585 713 3759 784 prosit.

2141 807 2212 863 Et
2241 823 2420 880 supra
2449 805 2642 878 posita
2689 820 2818 877 qua:
2867 801 2997 859 sine
3050 799 3386 857 adulatione
3435 801 3509 856 ad
3538 806 3764 858 vestram

2142 895 2392 952 salutem
2411 896 2628 951 veritas
2659 911 2764 966 per
2792 908 2894 948 ora
2920 888 3309 947 veridicorum
3341 889 3604 964 protulit,
3621 891 3764 947 vobis

2140 1002 2256 1041 non
2290 983 2708 1058 displicebunt.

2590 1159 2969 1218 EXPOSITIO
3015 1156 3344 1215 SECUNDA

2529 1267 2640 1307 CUI
2677 1265 2973 1306 TITULUS
3014 1264 3028 1303 :
3074 1246 3403 1304 ROTULA.

2211 1341 2454 1398 Sacrum
2465 1339 2920 1413 Carthaginense
2940 1335 3254 1394 concilium
3266 1335 3410 1392 dicit
3431 1351 3446 1390 :
3472 1357 3502 1386 ‹‹
3514 1335 3769 1410 Quisquis

2139 1430 2548 1505 episcoporum
2569 1427 2976 1498 accusatur,ad
2995 1423 3305 1498 primatem
3321 1423 3582 1482 ecclesiae
3600 1424 3767 1498 ipsius

2139 1536 2377 1576 causam
2407 1519 2629 1574 deferat
2659 1519 2965 1573 accusator
2983 1534 3029 1570 a.
3057 1536 3084 1566 »

2209 1609 2277 1664 Et
2303 1609 2442 1664 item
2468 1624 2480 1662 :
2507 1630 2534 1656 «
2559 1605 2836 1678 Quisquis
2853 1603 3764 1677 episcoporum,presbyteromm,

2138 1701 2194 1752 et
2224 1695 2743 1764 diaconorum,seu
2773 1692 3139 1760 clericorum,
3161 1708 3294 1748 cum
3312 1691 3370 1746 in
3392 1691 3648 1748 Ecclesia
3666 1692 3770 1748 fue-

2137 1785 2211 1840 rit
2241 1785 2464 1842 crimen
2495 1783 2856 1848 institutum,
2885 1780 2975 1838 vel
3005 1781 3193 1838 civilis
3223 1797 3401 1838 causa
3429 1781 3609 1837 fuerit
3633 1797 3768 1838 com-

2134 1879 2311 1943 mota,
2345 1875 2393 1930 si
2427 1872 2628 1930 relicto
2659 1871 3051 1928 ecclesiastico
3075 1869 3300 1942 judicio
3329 1869 3586 1942 publicis
3623 1871 3768 1942 judi-

2131 1963 2236 2020 ciis
2269 1963 2506 2036 purgari
2525 1961 2793 2028 voluerit,
2818 1958 3050 2016 etiamsi
3073 1976 3176 2034 pro
3205 1959 3334 2032 ipso
3365 1958 3542 2015 fuerit
3561 1958 3768 2032 prolata

2131 2051 2649 2118 sententia,locum
2679 2065 2852 2106 suum
2887 2047 3140 2114 amittat,
3161 2053 3217 2104 et
3248 2049 3358 2104 hoc
3385 2047 3448 2104 in
3465 2048 3764 2104 criminali.

2131 2141 2194 2196 In
2225 2139 2374 2195 civili
2409 2155 2560 2205 vero,
2589 2138 2792 2210 perdat
2823 2137 2978 2209 quod
3031 2135 3221 2202 evicit,
3259 2135 3308 2190 si
3360 2134 3558 2190 locum
3607 2151 3767 2192 suum

2129 2229 2390 2285 obtinere
2421 2225 2696 2282 maluerit
2715 2229 2760 2281 ι’.
2791 2248 2819 2274 ››

2199 2319 2269 2372 Et
2284 2317 2512 2374 African
2523 2333 2621 2372 um
2645 2313 2958 2370 concilium
2981 2329 2994 2367 :
3015 2337 3044 2364 ‹‹
3059 2311 3654 2386 Quicunque,scilicet
3670 2312 3771 2369 cle-

2127 2407 2404 2475 ricorum,
2419 2406 2490 2462 ab
2520 2405 2870 2477 imperatore
2891 2401 3283 2474 cognitionem
3297 2402 3661 2475 judiciorum
3678 2419 3773 2474 pu-

2125 2495 2413 2551 blicorum
2444 2493 2695 2568 petierit,
2709 2493 2931 2548 honore
2948 2491 3182 2564 proprio
3199 2491 3485 2564 privetur;
3511 2489 3560 2547 si
3583 2497 3768 2546 autem

2125 2583 2452 2658 episcopale
2475 2581 2770 2655 judicium
2801 2578 3206 2654 postulaverit,
3241 2578 3384 2634 nihil
3408 2579 3460 2634 ei
3496 2579 3655 2634 obsit
3699 2620 3711 2634 .
3744 2602 3768 2628 »

2194 2675 2263 2729 Et
2292 2677 2357 2728 ut
2386 2673 2458 2728 de
2507 2671 2738 2744 legibus
2786 2669 3086 2736 Romanis,
3119 2673 3177 2725 et
3223 2667 3428 2724 multis
3460 2668 3555 2724 hic
3592 2684 3769 2740 pauca

2123 2779 2434 2836 ponamus,
2459 2760 2794 2827 Gratianus,
2813 2757 3260 2814 Valentinianus
3288 2760 3347 2813 et
3375 2756 3766 2812 Theodoricus

2121 2851 2554 2908 constituerunt
2578 2864 2592 2904 :
2617 2871 2645 2899 ‹‹
2670 2847 2752 2904 Ne
2773 2847 2908 2920 quis
2928 2847 3141 2902 audeat
3161 2845 3314 2918 apud
3329 2844 3568 2917 judices
3590 2843 3767 2917 publi-

2119 2958 2218 2997 eos
2241 2939 2579 3014 episcOpum
2603 2938 3006 3004 aecusare,sed
3031 2937 3092 2992 in
3110 2935 3518 3009 episcoporum
3542 2933 3766 2991 audien-

2117 3029 2258 3086 tiam
2301 3028 2554 3102 perferre
2585 3044 2700 3084 non
2723 3026 2974 3097 dilferat,
2989 3024 3276 3098 quidquid
3298 3024 3412 3081 sibi
3445 3041 3552 3097 pro
3586 3021 3764 3096 quali-

2117 3123 2235 3174 tate
2256 3117 2470 3191 negotii
2489 3119 2657 3190 putat
2672 3131 2842 3188 posse
2863 3113 3350 3186 compctere,utin
3364 3112 3763 3186 episcoporum

367 3202 634 3274 me,quia
660 3218 1010 3274 quocunque
1031 3201 1283 3258 carnalis
1305 3201 1758 3275 propinquitatis
1777 3204 2006 3268 affectu,
2041 3194 2084 3259 (Σ
2124 3206 2374 3262 aliorum
2399 3203 2626 3276 judicio
2657 3221 2784 3277 quae
2815 3203 3026 3260 asserit
3053 3206 3258 3259 contra
3283 3201 3632 3274 episcopum
3674 3216 3764 3254 va-

364 3289 452 3346 vel
483 3291 621 3363 quia
649 3294 879 3346 tantum
912 3291 970 3346 in
1001 3291 1272 3364 episcopo
1315 3291 1663 3348 Rhemensis
1703 3291 2010 3365 provinciae

363 3377 699 3452 indignitati
731 3395 871 3435 mea:
889 3379 1214 3438 commissae
1233 3381 1346 3437 ista
1367 3385 1507 3437 sunt
1527 3385 2011 3449 acta,commotus

363 3467 484 3524 haec
504 3467 870 3542 scripserim;
905 3471 1006 3526 sed
1022 3469 1165 3539 zelo,
1190 3471 1261 3526 de
1283 3487 1398 3544 quo
1429 3475 1486 3528 et
1513 3469 1573 3526 in
1605 3470 1832 3544 psalmo
1863 3474 1921 3527 et
1951 3471 2009 3527 in

359 3557 670 3632 Evangelia
701 3559 986 3633 scriptum
1010 3564 1099 3616 est
1123 3577 1134 3613 :
1160 3560 1317 3616 Zelus
1345 3559 1534 3615 domus
1556 3568 1668 3618 tua?
1680 3559 1908 3616 comedit
1926 3547 2011 3617 me

359 3648 528 3718 (Psal.
590 3653 802 3718 LXVIII),
833 3648 1100 3704 videlicet
1153 3647 1274 3704 zelo
1326 3647 1671 3704 universalis
1718 3648 2008 3721 Ecclesia),

359 3751 488 3807 quea
519 3737 730 3792 domus
761 3736 860 3791 Dei
893 3741 1002 3803 est,
1035 3740 1092 3792 et
1139 3737 1289 3792 sacri
1337 3737 1560 3792 ordinis
1606 3737 2006 3806 sacerdotalis,

359 3824 514 3894 quod
539 3841 724 3878 unum
747 3823 804 3878 in
824 3823 1099 3880 omnibus
1121 3825 1410 3897 episcopis
1444 3829 1620 3895 est,et
1659 3825 1834 3881 ofﬁcii
1867 3843 2008 3882 mete

359 3911 923 3986 exiguitatis,1egens
943 3912 1155 3970 electos
1167 3913 1268 3970 Dei
1289 3918 1526 3988 propter
1544 3912 1696 3989 leges
1711 3919 2006 3988 paternas,

357 4000 536 4057 etiam
567 4007 815 4058 mortem
839 4003 1098 4076 corporis
1129 4003 1441 4076 appetisse,
1469 4003 1602 4060 etin
1624 4003 1901 4060 laudibus
1919 4004 2008 4060 di-

353 4089 506 4148 vinis
534 4089 853 4148 Ecclesiam
885 4091 1233 4149 catholicam
1263 4097 1498 4150 cantare
1547 4098 1820 4150 sanctum
1853 4112 1866 4150 :
1903 4095 2009 4163 Qui

349 4196 452 4252 pro
483 4181 596 4253 lege
622 4183 722 4237 Dei
748 4183 840 4238 sui
861 4173 1086 4238 certavit
1107 4199 1277 4256 usque
1307 4181 1376 4238 ad
1403 4190 1630 4239 mortem
1650 4182 1722 4252 (II
1757 4181 1924 4238 Much.
1947 4199 2006 4239 v1

353 4276 406 4324 et
433 4270 556 4339 vn).
587 4269 803 4326 Vestrae
837 4269 1222 4342 nihilominus
1252 4270 1372 4326 zelo
1405 4269 1613 4326 salutis
1653 4274 1710 4326 et
1737 4271 2004 4344 optandae

354 4356 524 4414 nobis
553 4359 960 4433 prosperitatis
992 4359 1112 4416 haec
1145 4359 1372 4432 scripsi.
1401 4360 1662 4415 Tandem
1695 4365 1826 4432 peto
1849 4364 1914 4415 ut
1944 4360 2002 4415 in

355 4444 466 4500 hoc
487 4447 786 4504 servitutis
807 4465 948 4504 meae
969 4449 1249 4521 obsequio
1271 4447 1610 4522 diligentius
1635 4447 2003 4518 discernatis,

2122 3295 2280 3351 leant
2308 3293 2570 3350 dil‘ﬁniri.
2599 3316 2627 3344 ››
2649 3291 2718 3348 Et
2747 3293 2884 3348 item
2917 3292 3300 3364 imperatores
3320 3290 3766 3356 constituerunt,

2123 3387 2188 3438 ut
2217 3383 2276 3438 in
2298 3382 2540 3456 privatis
2572 3381 2764 3438 causis
2794 3379 3134 3450 hujusmodi
3167 3395 3347 3436 causa
3385 3382 3671 3448 servetur,
3702 3391 3768 3432 ne

2122 3487 2482 3546 quemquam
2517 3470 2880 3543 litigatorum
2913 3467 3204 3526 sententia
3233 3483 3350 3524 non
3381 3485 3417 3524 a
3445 3484 3556 3524 suo
3578 3466 3766 3540 judice

2119 3561 2276 3618 dicta
2307 3559 2692 3632 constringat.

2189 3652 2259 3708 Et
2289 3652 2346 3708 S.
2382 3652 2494 3708 Leo
2527 3654 2739 3706 sanctae
2773 3650 3045 3706 Romanis
3095 3647 3366 3704 Ecclesiae
3415 3647 3672 3721 pontifex
3709 3644 3764 3698 in

2118 3741 2338 3816 synodo
2364 3741 2558 3796 Romae
2589 3738 2812 3815 habita,
2832 3739 3041 3795 statuit
3062 3739 3265 3794 dicens
3292 3753 3306 3792 :
3337 3758 3366 3787 ς(
3387 3737 3636 3792 Tantam
3661 3750 3764 3789 εει

2117 3829 2232 3887 culi
2257 3832 2574 3902 potestates
2596 3827 2750 3884 circa
2769 3826 3185 3884 sacerdotalem
3218 3825 3486 3882 ordinem
3506 3837 3762 3880 reveren-

2115 3920 2260 3976 tiam
2284 3916 2592 3991 przevalere
2613 3917 2945 3983 voluerunt,
2967 3914 3141 3972 etiam
3171 3914 3234 3970 hi
3265 3931 3415 3986 quos
3445 3913 3558 3969 sub
3587 3913 3762 3982 impe-

2116 4007 2244 4064 riali
2269 4006 2505 4064 nomine
2520 4005 2693 4062 terris
2714 4005 2910 4061 divina
2929 4003 3186 4077 potentia
3206 4020 3458 4076 praeesse
3477 3998 3758 4075 praecepit.

2117 4102 2182 4152 ut
2195 4097 2296 4168 jus
2309 4094 2518 4152 distrin
2527 4095 2851 4168 gendorum
2865 4093 3228 4166 negotiorum
3245 4091 3538 4164 episcopis
3549 4085 3759 4145 sanctis

2108 4186 2278 4257 juxta
2307 4183 2520 4240 divalia
2548 4183 2871 4240 constituta
2895 4180 3287 4254 permiserint.
3318 4180 3483 4248 Quod
3535 4193 3670 4234 cum
3708 4179 3760 4228 et

2107 4273 2263 4346 juris
2287 4271 2513 4345 antiqui
2541 4271 2844 4339 edictis,et
2874 4269 3054 4326 illatis
3077 4269 3486 4343 frequentibus
3515 4268 3595 4323 sit
3629 4261 3759 4335 legi-

2115 4363 2228 4418 bus
2247 4359 2936 4434 constitutum,przesonti
2961 4364 3223 4431 tempore
3245 4375 3280 4413 a
3300 4357 3600 4431 plerisque
3619 4354 3760 4409 inve-

2117 4451 2314 4507 nimus
2333 4450 2512 4508 l‘uisse
2531 4447 2995 4506 calcatum.Nam
3015 4446 3410 4520 praetermisso
3422 4437 3755 4501 sacerdotali

355 4535 634 4606 quoniam
685 4537 734 4593 si
783 4539 1052 4610 quaedam
1084 4539 1300 4596 ibidem
1331 4537 1665 4594 mordacius
1705 4543 2002 4609 resonant,
2037 4566 2084 4630 ο
2105 4539 2351 4612 judicio,
2391 4538 2613 4613 passim
2635 4538 2707 4593 ad
2730 4553 2972 4593 examen
2996 4535 3368 4592 saecularium
3385 4531 3751 4591 transierunt.

356 4638 471 4677 non
496 4623 640 4678 mihi
670 4626 845 4682 verba
875 4631 1014 4683 sunt
1044 4643 1254 4683 sensus
1287 4645 1300 4684 :
1335 4643 1462 4699 quae
1484 4626 1591 4683 etsi
1615 4627 2007 4695 forent,man-

353 4712 603 4768 suetudo
622 4718 816 4770 vestra
846 4715 1019 4771 debet
1047 4716 1309 4772 modeste
1324 4715 1700 4789 perpendere,
1725 4714 2006 4788 quoniam

353 4797 622 4856 adulator
641 4800 894 4859 blandus
919 4807 1008 4860 est
1026 4803 1490 4870 inimicus.0uod
1517 4803 1819 4878 Scriptura
1831 4803 2001 4860 dicit:

353 4890 503 4962 ()uia
529 4891 760 4947 meliora
786 4900 914 4948 sunt
943 4894 1173 4948 vulnera
1201 4895 1388 4961 amici,
1416 4909 1583 4966 quam
1611 4893 1844 4950 odientis
1885 4895 2004 4949 ini-

349 4979 483 5034 mici
511 4981 696 5036 oscula
715 4982 896 5050 (Prov.
929 4985 1130 5051 xxvn).
1153 4982 1277 5037 Non
1300 4981 1456 5038 enim
1478 4986 1824 5056 occupatam
1845 4986 2004 5038 tenet

347 5066 784 5135 vestram,sicut
803 5071 1198 5142 quorumdam
1222 5069 1574 5144 captivatam
1597 5074 1850 5127 mentem
1876 5087 2004 5144 pos-

349 5155 673 5212 sidetvobis
686 5157 833 5214 bene
857 5157 980 5215 noti
1003 5159 1448 5232 sententia,qnze
1472 5160 1612 5216 dicit
1633 5161 1998 5234 :obseq-uium,

349 5243 407 5298 id
439 5247 550 5313 est,
567 5246 907 5315 assentatio,
939 5246 1208 5304 videlicet
1251 5247 1531 5316 adulatio,
1561 5250 1784 5321 amicos,
1802 5253 2000 5306 veritas

347 5331 535 5389 odium
559 5336 711 5406 parit
737 5354 756 5391 :
787 5335 946 5409 quia,
973 5341 1038 5392 ut
1057 5335 1314 5392 veritatis
1346 5337 1572 5393 amicus
1596 5337 1894 5394 veritatem
1917 5337 2001 5394 di-

347 5419 548 5494 ligitis,
573 5423 820 5482 scientes
842 5441 878 5481 a
902 5424 1158 5482 Veritate
1189 5426 1411 5482 dictum
1447 5443 1459 5481 :
1495 5426 1825 5498 Cognoscetis
1853 5430 1998 5484 veri-

418 5559 440 5586 ι
467 5549 641 5604 Cone.
671 5549 872 5619 Afric.,
899 5567 1029 5608 can.
1054 5550 1140 5608 19.

417 5633 444 5674 ³
474 5633 646 5708 Ibid.,
678 5653 806 5695 can.
843 5638 928 5700 15.

2115 4628 2396 4695 Quocirca
2425 4626 2594 4684 nobis
2623 4627 2816 4682 visum
2848 4632 2959 4695 est,
2985 4629 3052 4680 ut
3081 4625 3235 4681 hanc
3263 4629 3324 4682 et
3353 4637 3656 4680 sacrarum
3683 4617 3752 4672 le-

2112 4735 2252 4792 gum
2285 4723 2342 4775 et
2371 4717 2553 4774 nostri
2586 4717 2811 4774 ordinis
2837 4714 3276 4785 contumeliam,
3307 4719 3367 4772 et
3393 4715 3468 4770 ad
3510 4719 3750 4787 presens

2112 4808 2494 4864 ulcisceretur
2512 4806 2688 4880 plena
2703 4805 3076 4873 districtio,et
3095 4804 3522 4861 observandam
3545 4803 3750 4858 forma-
3809 4823 3820 4834 ο

2111 4896 2228 4953 lam
2262 4895 2642 4953 constitueret
2673 4895 2730 4950 in
2763 4893 3049 4950 futurum.
3085 4893 3406 4950 Censemus
3448 4892 3664 4964 itaque,
3691 4887 3748 4938 ιιι

2111 4986 2466 5060 quicunque,
2485 4983 2878 5058 praetermisso
2906 4985 3204 5040 sacerdote
3234 4982 3493 5040 ecclesiae
3521 4995 3657 5044 sua,
3678 4971 3742 5028 ad

2109 5073 2590 5148 disceptationem
2607 5071 2829 5128 venerit
2851 5071 3438 5140 saecularium,sacris
3455 5065 3741 5126 liminibus

2108 5163 2388 5236 expulsus
2419 5179 2452 5217 a
2482 5159 2699 5218 ccelesti
2730 5164 3002 5216 arceatur
3030 5159 3259 5216 altario.
3295 5183 3323 5210 »

2177 5234 2248 5308 Et
2269 5252 2326 5308 in
2349 5249 2538 5324 primo
2565 5249 2715 5306 libro
2737 5249 3141 5323 Capitulorum
3161 5248 3530 5323 imperalium
3553 5234 3736 5300 domui

2107 5341 2297 5398 Caroli
2327 5343 2385 5398 et
2413 5339 2612 5395 domui
2643 5338 2919 5395 Ludovici
2951 5339 3240 5413 scriptum
3272 5343 3382 5407 est,
3403 5355 3524 5410 cap.
3546 5325 3738 5413 83m

2107 5432 2180 5488 ad
2213 5427 2729 5502 metropolitanum
2761 5412 3101 5502 episcopum
3125 5427 3478 5502 sull‘raganei
3499 5412 3740 5500 episcopi

2229 5555 2400 5626 lbid.,
2435 5571 2564 5613 can.
2602 5554 2724 5612 104.
