3976 6188
367 430 518 491 {Otii

1225 420 1380 487 pno
1427 423 1821 487 ECCLESIAE
1866 370 2374 486 Linua'rA'rUM
2394 518 2398 523 .
2419 419 2929 494 DEFENSIONE.

3625 434 3778 500 1062

362 562 768 635 respiciant,et
797 556 942 616 nihil
976 558 1106 614 novi
1138 557 1392 614 audeant
1423 559 1610 615 facere
1629 559 1688 613 in
1713 557 1838 614 suis
1860 573 2024 630 paro-
2053 554 2106 622 Α
2137 554 2269 612 liter
2298 562 2493 614 autem
2517 562 2806 618 sententia
2827 563 2983 619 finiri
3003 565 3228 633 debeat,
3248 565 3405 639 leges
3425 571 3482 623 et
3499 570 3649 624 sacri
3682 586 3778 625 ca-

363 651 512 707 chiis
543 650 672 706 sine
691 645 1045 706 conscientia
1069 651 1126 702 et
1155 645 1400 702 consilio
1429 647 1519 702 sui
1553 645 2019 719 metropolitani;

363 758 469 796 nec
502 737 994 811 metropolitanus
1017 735 1143 792 sine
1173 753 1376 792 eorum
1411 737 1676 792 consilio.
1717 761 1743 786 η

439 829 509 885 Et
535 828 678 885 item
709 827 771 883 in
820 827 1024 883 eodem
1075 823 1245 894 libro,
1280 842 1407 898 cap.
1439 828 1510 882 28
1541 843 1554 880 :
1589 849 1615 876 ‹‹
1647 825 1719 882 Ut
1749 827 1798 882 si
1829 825 2024 882 clerici

360 917 450 973 vel
475 916 744 974 monachi
777 915 932 972 inter
956 931 1018 970 se
1049 914 1349 988 negotium
1372 913 1608 986 aliquod
1634 913 1970 985 habuerint,
1991 932 2024 971 a

365 1023 474 1063 suo
505 1005 776 1079 episcopo
807 1003 1242 1076 dijudicentur;
1279 1021 1394 1060 non
1426 1005 1584 1078 apud
1629 1004 1957 1060 saeculares.
1994 1025 2024 1055 »

361 1097 436 1152 Et
485 1097 626 1154 item
681 1095 742 1151 in
800 1095 1004 1150 eodem
1063 1093 1235 1161 libro,
1284 1111 1413 1166 cap.
1469 1095 1586 1150 38:
1645 1117 1666 1144 «ι
1699 1093 1774 1150 Ut
1829 1091 2024 1150 clerici

363 1183 747 1260 ecclesiastici
807 1182 1032 1240 ordinis
1082 1183 1133 1239 si
1181 1183 1418 1256 culpam
1467 1182 1840 1249 incurrerint,
1869 1184 2022 1256 apud

364 1273 796 1331 ecclesiasticos
819 1271 1186 1346 judicentur,
1221 1290 1336 1330 non
1369 1273 1526 1345 apud
1559 1272 1886 1329 saeculares.
1921 1295 1948 1323 »

437 1365 508 1420 Et
536 1363 661 1420 hac
712 1361 1033 1420 constituta
1075 1365 1215 1418 sunt
1245 1361 1316 1417 de
1343 1361 1436 1416 his
1466 1377 1594 1434 quae
1624 1361 1696 1418 ab
1727 1361 2022 1435 episcopo,

363 1451 453 1509 vel
484 1451 843 1525 presbytero,
878 1466 982 1506 seu
1014 1450 1261 1506 diacono
1304 1449 1778 1518 committuntur,
1813 1449 1932 1506 sive
1962 1451 2022 1506 in

365 1539 796 1609 criminalibus,
817 1538 935 1596 sive
965 1539 1036 1595 de
1063 1538 1351 1608 civilibus,
1371 1539 1429 1594 id
1451 1543 1538 1595 est
1567 1539 1640 1594 de
1669 1539 2024 1612 pecuniariis

369 1629 591 1687 causis.
615 1630 898 1686 Caeterum
921 1629 992 1684 de
1015 1627 1189 1683 rebus
1210 1631 1266 1683 et
1287 1627 1618 1699 mancipiis,
1635 1631 1690 1683 et
1711 1627 2026 1700 mancipio-

367 1736 502 1775 rum
525 1715 1144 1789 commissis,episcopi
1166 1733 1234 1772 ex
1255 1715 1530 1772 Ecclesiis
1560 1715 1728 1772 nobis
1755 1717 2026 1774 commis-

367 1807 567 1877 sis,vel
590 1809 660 1863 de
681 1805 1141 1880 proprietatibus
1161 1804 1532 1874 clericorum,
1559 1806 1867 1863 advocatos
1889 1807 2026 1862 dare

368 1896 696 1953 secundum
727 1894 1214 1952 consuetudinem
1248 1911 1362 1949 non
1398 1893 1736 1950 abnuimus.

438 1985 546 2042 Ubi
566 1989 762 2041 autem
789 2001 856 2040 ea
879 1982 1178 2040 emendari
1209 1983 1624 2056 debeant,quae
1655 1983 1914 2057 episcopi
1939 1983 2023 2040 vel

367 2073 563 2130 clerici
578 2073 637 2128 in
652 2071 1058 2128 criminalibus
1073 2072 1160 2127 vel
1173 2071 1447 2127 civilibus
1466 2071 2026 2145 committunt,leges

368 2161 678 2219 manifeste
693 2162 1120 2227 demonstrant,
1143 2159 1402 2216 dicentes
1424 2160 1629 2216 multis
1661 2161 2025 2217 decernenti-

371 2253 484 2307 bus
498 2249 972 2324 imperatoribus.
991 2249 1072 2304 Ex
1087 2249 1304 2321 quibus
1321 2249 1596 2304 omnibus
1611 2249 1702 2304 hic
1719 2248 1907 2322 legem
1919 2249 2026 2304 Va-

367 2338 676 2396 lentiniani
705 2342 761 2394 et
787 2337 1050 2394 Valentis
1103 2354 1409 2410 ponemus,
1441 2337 1540 2410 qui
1595 2339 1975 2393 decreverunt
2009 2355 2020 2394 :

369 2428 442 2485 Ut
462 2427 618 2484 ultra
637 2425 943 2500 provincia:
974 2426 1258 2483 terminos
1291 2427 1604 2482 accusandi
1637 2426 1875 2482 licentia
1901 2445 2028 2500 pro-

369 2517 667 2573 hibeatur.
701 2539 728 2567 ››

440 2607 512 2662 Et
533 2606 671 2662 hinc
691 2622 925 2668 sacrum
956 2603 1412 2679 Carthaginense
1441 2604 1753 2662 concilium
1787 2606 2022 2662 statuit:

337 2699 399 2747 ’‹ι
433 2695 509 2752 Ut
537 2698 848 2752 accusatus
877 2697 934 2750 et
965 2699 1272 2749 accusator
1303 2694 1361 2748 in
1393 2711 1460 2750 eo
1491 2693 1615 2750 loco
1642 2695 1794 2749 unde
1819 2699 1908 2750 est
1930 2693 2025 2750 ille

367 2784 470 2856 qui
491 2786 818 2854 accusatur,
839 2781 1033 2838 locum
1067 2781 1178 2837 sibi
1210 2781 1384 2854 eligat
1407 2781 1883 2854 proximum.quo
1909 2799 2023 2836 non

366 2874 448 2927 sit
467 2873 706 2928 difficile
735 2875 916 2928 testes
947 2872 1291 2942 perducere,
1313 2871 1414 2925 ubi
1450 2887 1629 2926 causa
1658 2871 1898 2926 ﬁniatur
1917 2884 1958 2924 ι.
1998 2893 2018 2920 ιι

439 2962 512 3017 Et
541 2962 680 3016 item
702 2959 860 3032 leges
891 2959 1132 3014 dicunt:
1178 2981 1206 3007 ‹‹
1237 2959 1294 3014 Si
1329 2957 1463 3031 quis
1494 2957 1891 3014 adversarium
1923 2963 2026 3014 aut

367 3049 714 3123 repetitione
734 3052 836 3104 aut
855 3046 1119 3104 criminis
1136 3047 1460 3120 objectione
1483 3046 1882 3120 pulsaverit,in
1899 3065 2026 3120 pro-

311 3137 318 3144 ’
361 3137 635 3194 vinciain
655 3155 770 3211 qua
789 3136 1060 3193 consistit
1091 3135 1187 3191 ille
1208 3135 1309 3208 qui
1332 3135 1618 3208 pulsatur,
1643 3153 1782 3193 suas
1811 3141 2024 3203 exerat,

364 3227 652 3295 actiones,
683 3243 788 3282 nec
821 3224 1070 3281 aestimet
1099 3225 1501 3281 adversarium
1533 3241 1708 3282 suum
1740 3223 1898 3293 alibi,
1924 3229 2030 3280 aut

363 3315 604 3389 longius
621 3291 692 3372 ad
706 3314 1000 3388 judicium
1013 3314 1606 3388 protrahendumdlle
1626 3331 1758 3371 vero
1782 3291 2023 3387 quipul-
2053 3291 2096 3358 (ἶ

365 3409 538 3462 satus
567 3403 762 3470 tuerit,
784 3403 834 3460 si
859 3403 1120 3476 judicem
1155 3407 1495 3476 suspectum
1527 3403 1820 3472 habuerit,
1853 3402 2028 3460 liceat

368 3492 692 3566 appellare.
727 3515 756 3542 »

441 3583 515 3638 Et
535 3581 593 3637 S.
617 3581 996 3638 Innocentius
1029 3581 1100 3638 ad
1132 3579 1477 3637 Victricium
1505 3581 1884 3654 episcopum:
1921 3581 2024 3638 «Si

369 3687 526 3744 quae,
559 3669 769 3742 inquit,
807 3686 994 3727 causa:
1027 3669 1114 3726 vel
1148 3669 1549 3727 contentiones
1581 3670 1732 3726 inter
1763 3669 2022 3742 clericos,

369 3763 496 3816 tam
520 3759 840 3832 superioris
853 3759 1098 3826 ordinis,
1111 3775 1289 3831 quam
1305 3759 1481 3816 etiam
1505 3759 1796 3818 inferioris
1810 3759 2028 3815 fuerint

364 3849 602 3914 exortis,
623 3851 688 3904 ut
707 3849 1032 3904 secundum
1065 3849 1353 3921 synodum
1387 3848 1681 3904 Nicmnam
1714 3863 2024 3922 congrega-

363 3937 446 3994 tis
457 3937 724 4010 ejusdem
738 3936 1639 4010 provinciaeepiscOpis,jurgium
1653 3936 2019 4006 terminetur;

360 4042 471 4082 nec
503 4024 676 4082 alicui
711 4025 902 4092 liceat,
936 4025 1086 4099 (sine
1134 4025 1474 4098 prmjudicio
1523 4030 1719 4082 tamen
1747 4025 2020 4082 Romanas

358 4113 656 4180 Ecclesiae,
691 4114 785 4170 cui
817 4115 878 4170 in
910 4114 1189 4171 omnibus
1237 4112 1434 4171 causis
1481 4114 1653 4171 debet
1698 4113 2022 4170 reverentia

358 4201 693 4274 custodiri),
707 4201 926 4260 relictis
942 4203 1036 4260 his
1062 4201 1464 4260 sacerdotibus
1485 4201 1656 4274 quiin
1668 4202 1869 4258 eadem
1887 4218 2022 4274 pro-

353 4291 553 4348 vincia
572 4291 673 4348 Dei
697 4289 1017 4348 Ecclesium
1039 4295 1186 4348 nutu
1211 4290 1404 4347 divino
1427 4291 1857 4365 gubernant,ad
1873 4289 2020 4346 alias

356 4379 668 4438 convolare
693 4381 1210 4453 provincias.Quod
1235 4383 1280 4437 si
1302 4380 1434 4454 quis
1456 4381 1604 4437 forte
1625 4397 2017 4454 praesumpse-

357 4469 458 4536 rit,
475 4473 533 4524 et
562 4469 633 4524 ab
665 4469 857 4525 officio
889 4468 1026 4524 cieri
1057 4470 1388 4538 submotus,
1413 4475 1469 4526 et
1499 4469 1851 4542 injuriarum
1883 4486 2019 4524 reus

357 4558 434 4614 ab
467 4559 744 4615 omnibus
766 4557 1087 4630 judicetur.
1122 4560 1182 4614 Si
1223 4565 1420 4615 autem
1454 4560 1706 4630 majores
1737 4577 1924 4616 causae
1957 4559 2017 4614 in

2139 663 2321 704 nones
2353 655 2683 706 monstrant
2713 652 2993 719 dicentes,
3014 659 3079 708 ut
3097 653 3186 711 vel
3219 655 3276 710 in
3308 657 3548 729 synodo,
3567 657 3652 712 vel
3679 674 3781 730 per

2133 737 2507 809 judices,sive
2528 759 2676 814 quos
2698 742 3180 815 conquirentibus
3201 744 3480 816 primates
3491 746 3776 816 dederint,

2133 825 2254 882 sive
2282 843 2432 899 quos
2465 829 2574 901 ipsi
2607 828 2828 886 vicinos
2857 847 2926 886 ex
2953 847 3240 887 consensu
3271 831 3608 905 delegerint.

2203 915 2519 989 Deputatos
2539 923 2736 975 autem
2755 919 2986 992 judices
3005 919 3330 993 episcopos,
3354 925 3420 976 ut
3441 921 3778 978 Africanum

2133 1003 2274 1060 dicit
2297 1005 2766 1063 concilium.«Ah
2784 1007 2883 1063 illo
2900 1008 3151 1080 primate
3169 1013 3303 1065 sunt
3325 1009 3590 1078 dandi,in
3609 1011 3780 1083 cujus

2133 1093 2430 1165 provincia
2449 1111 2630 1151 causa
2647 1099 2934 1152 versatur.
2955 1096 3013 1152 Si
3035 1100 3232 1153 autem
3255 1113 3324 1154 ex
3343 1097 3642 1154 communi
3665 1099 3782 1172 pla-

2133 1183 2246 1238 cito
2268 1182 2681 1256 conquirentes
2700 1183 2920 1241 vicinos
2933 1185 3169 1258 judices
3189 1185 3490 1258 elegerint,
3509 1191 3612 1243 aut
3627 1205 3782 1246 unus

2133 1271 2402 1344 eligatur,
2426 1277 2529 1329 aut
2559 1279 2678 1330 tres
2702 1293 2716 1343 ;
2739 1274 2864 1331 etsi
2901 1279 3020 1330 tres
3049 1275 3349 1348 elegerint,
3383 1281 3487 1334 aut
3515 1277 3781 1334 omnium

2133 1361 2486 1418 sententiam
2519 1367 2861 1437 sequantur,
2894 1367 2996 1420 aut
3024 1364 3297 1420 duorum.
3333 1387 3361 1415 ››

2203 1451 2275 1506 Et
2295 1449 2766 1508 Chalcedonense
2794 1451 3107 1509 concilium
3149 1451 3289 1509 dicit
3313 1470 3324 1507 :
3369 1477 3396 1504 «
3421 1453 3481 1511 Si
3503 1455 3635 1529 quis
3666 1455 3783 1512 cle-

2133 1539 2292 1595 ricus
2313 1540 2593 1597 adversus
2622 1539 2900 1597 clericum
2931 1541 3109 1598 habet
3134 1542 3454 1616 negotium,
3480 1561 3594 1600 non
3619 1548 3781 1602 dese-

2134 1632 2224 1683 rat
2242 1628 2583 1703 episcopum
2606 1629 2931 1704 proprium,
2957 1635 3016 1686 et
3046 1631 3118 1687 ad
3152 1631 3452 1688 saacularia
3482 1639 3783 1706 percurrat

2125 1717 2382 1789 judicia;
2406 1719 2505 1774 sed
2539 1719 2702 1792 prius
2736 1719 2888 1775 actio
2919 1718 3232 1777 ventiletur
3261 1720 3416 1793 apud
3441 1720 3781 1795 episcopum

2133 1806 2457 1879 proprium,
2471 1807 2557 1862 vel
2590 1812 2742 1864 certe
2772 1807 3014 1864 consilio
3044 1809 3306 1879 ejusdem
3342 1809 3782 1884 episcOpi,apud

2057 1926 2102 1991 Β
2135 1911 2282 1991 quos
2314 1899 2574 1991 utraeque
2621 1892 2817 1970 partes
2861 1895 3169 1966 voluerint,
3195 1897 3491 1970 judicium
3523 1899 3780 1957 contine-

2136 1984 2304 2040 bunt.
2329 1984 2390 2040 Si
2409 1985 2542 2056 quis
2573 1987 2769 2042 autem
2793 1988 3000 2059 praeter
3017 1985 3136 2043 haec
3155 1986 3372 2060 fecerit,
3397 1989 3638 2045 canonis
3655 2005 3782 2044 cor-

2137 2071 2493 2129 rectionibus
2523 2075 2850 2146 subjacebit
2868 2087 2909 2130 σ,
2944 2097 2972 2126 ››

2207 2161 2276 2215 Et
2292 2161 2350 2216 S.
2367 2161 2678 2234 Gregorius
2703 2163 3080 2237 exlegibuset
3093 2164 3275 2221 sacris
3295 2165 3620 2222 canonibus
3645 2182 3782 2222 eon-

2136 2249 2608 2306 stituitscribens
2625 2251 2694 2306 ad
2717 2251 3103 2320 Bonifacium,
3128 2253 3491 2308 defensorem
3516 2253 3780 2322 Corsicae,

2135 2341 2191 2392 et
2219 2337 2374 2393 vices
2405 2343 2673 2410 agentem
2704 2339 3032 2412 apostolica:
3065 2340 3242 2412 sedis,
3274 2357 3422 2413 quas
3455 2341 3512 2396 in
3539 2340 3671 2400 istis
3703 2359 3786 2398 re-

2135 2426 2410 2498 gionibus
2442 2429 2723 2499 primates
2753 2428 3182 2501 provinciarum
3216 2434 3448 2486 tenent:
3493 2455 3519 2480 ι(
3545 2431 3606 2486 Si
3627 2430 3783 2503 quis,

2136 2516 2349 2589 inquit,
2365 2521 2566 2573 contra
2587 2517 2860 2574 clericum
2879 2535 3118 2574 causam
3141 2519 3783 2592 habuerit,episcopum

2136 2603 2324 2676 ipsius
2345 2607 2534 2662 adeat.
2559 2606 2666 2673 Qui
2687 2606 2736 2663 si
2758 2607 2905 2664 forte
2929 2612 3242 2680 suspectus
3263 2607 3456 2676 fuerit,
3482 2612 3787 2664 exsecutor

2135 2691 2220 2748 vel
2246 2693 2317 2748 ab
2341 2693 2490 2764 ipso,
2518 2693 2626 2758 vel,
2655 2694 2703 2748 si
2743 2699 2801 2750 et
2833 2693 2943 2760 hoc
2985 2699 3146 2750 actor
3177 2696 3475 2767 refugerit,
3504 2713 3535 2752 ε.
3564 2701 3668 2751 tua
3696 2699 3786 2751 est

2135 2780 2490 2852 experientia
2521 2781 2918 2854 deputandus,
2941 2781 3040 2853 qui
3067 2787 3258 2854 partes
3281 2783 3392 2837 sibi
3425 2787 3627 2838 mutuo
3655 2801 3786 2838 con-

2135 2887 2310 2924 sensu
2335 2869 2570 2941 judices
2602 2870 2912 2942 compellat
2941 2870 3173 2944 eligere,
3199 2889 3234 2926 a
3262 2870 3476 2942 quibus
3497 2871 3783 2943 quidquid

2135 2957 2309 3012 fuerit
2350 2958 2680 3024 definitum,
2713 2959 2796 3014 ita
2822 2957 2911 3014 vel
2941 2962 3062 3027 tua,
3094 2957 3182 3014 vel
3211 2958 3468 3031 episcopi
3500 2957 3784 3015 sollicitu-

2135 3045 2290 3114 dine,
2325 3051 2551 3102 servata
2595 3045 2741 3121 lege,
2770 3047 2962 3104 modis
2999 3047 3278 3104 omnibus
3307 3046 3689 3120 compleatur,
3720 3053 3787 3104 ut

2135 3152 2251 3190 non
2283 3136 2362 3190 sit
2392 3136 2545 3192 unde
2576 3135 2806 3209 possint
2835 3135 3038 3210 litigiis
3073 3135 3322 3210 fatigari.
3361 3157 3388 3185 »
3420 3137 3491 3192 Et
3519 3135 3567 3192 si
3599 3135 3784 3193 laicus

2133 3227 2336 3280 contra
2360 3224 2702 3296 episcopum
2734 3225 2984 3293 civilem,
3015 3223 3076 3281 id
3105 3229 3195 3282 est
3224 3224 3620 3298 pecuniariam
3641 3241 3786 3282 cau-

2135 3329 2261 3368 sam
2278 3313 2890 3388 habuerit,episcopus
2909 3314 3210 3370 admoneri
3223 3313 3308 3370 vel
3321 3313 3592 3388 compelli
3605 3315 3678 3370 ab
3692 3314 3785 3371 his

2135 3419 2387 3474 quorum
2420 3403 2663 3460 interest
2693 3403 3181 3472 debet;similiter
3200 3407 3258 3459 et
3278 3403 3464 3460 laicus
3483 3403 3786 3459 admoneri

2133 3491 2221 3549 vel
2235 3491 2503 3564 compelli
2531 3493 2702 3548 debet
2727 3509 2761 3548 a
2785 3491 3119 3565 reipublicae
3139 3495 3445 3564 potestate,
3461 3496 3525 3548 ut
3536 3492 3607 3548 ad
3629 3492 3784 3548 arbi-

2134 3581 2334 3650 trium,
2357 3581 2415 3637 id
2438 3585 2528 3637 est
2541 3583 2614 3638 ad
2622 3580 2916 3653 judicium
2935 3599 3004 3638 ex
3022 3585 3271 3655 utraque
3283 3586 3444 3656 parte
3465 3582 3784 3639 electorum

2126 3671 2398 3743 judicum
2420 3669 2675 3738 veniant,
2699 3675 2755 3726 et
2773 3687 2974 3727 eorum
2989 3670 3214 3743 judicio
3245 3687 3423 3727 causa
3452 3671 3710 3728 ﬁniatur.

2207 3759 2367 3816 Sicut
2397 3761 2469 3816 ad
2504 3759 2800 3816 Malchum
2831 3760 3170 3833 episcopum
3203 3759 3358 3816 idem
3391 3760 3450 3815 S.
3471 3759 3786 3834 Gregorius
3825 3792 3836 3796 -

2133 3863 2201 3904 ex
2231 3847 2462 3922 legibus
2494 3854 2551 3905 et
2582 3849 2765 3906 sacris
2798 3849 3018 3922 regulis
3066 3849 3328 3904 scribens
3366 3849 3733 3905 demonstrat
3766 3867 3780 3906 :

2107 3961 2162 3988 ·‹‹
2197 3937 2496 4006 Ριιωῐθτρα,
2545 3937 2758 4010 inquit,
2808 3937 3228 3995 fraternitatem
3285 3942 3451 3994 tuam
3512 3937 3785 4011 praesenti

2133 4024 2513 4098 praeceptione
2530 4025 2864 4087 curavimus
2881 4027 3408 4094 admonendam,ut
3420 4027 3783 4100 Stephanum

2131 4113 2472 4186 episcopum
2491 4115 2562 4169 ad
2577 4113 2912 4186 eligendum
2927 4113 3242 4186 compellas
3262 4114 3779 4184 venirejudicium:

2131 4207 2187 4258 et
2217 4201 2500 4274 quidquid
2531 4201 2686 4257 inter
2727 4201 3072 4274 praedictum
3116 4201 3403 4256 Joannem
3433 4201 3623 4256 virum
3656 4218 3779 4258 ma-

2130 4290 2496 4364 gnificum,et
2519 4289 2920 4362 supradictum
2943 4288 3632 4363 episcopum,electorum
3657 4289 3779 4345 fue-

2129 4379 2205 4434 rit
2235 4378 2525 4435 sententia
2556 4377 2896 4446 diffinitum,
2921 4378 2992 4433 ad
3017 4377 3288 4434 effectum
3322 4376 3638 4450 perducere
3660 4393 3778 4433 non

2129 4467 2378 4523 omittat.
3346 4507 3358 4516 .

2199 4557 2270 4613 Et
2299 4555 2435 4612 hinc
2464 4555 2622 4629 leges
2652 4572 2799 4629 quas
2822 4559 3012 4611 servat
3031 4553 3292 4612 Ecclesia
3322 4554 3546 4622 dicunt,
3577 4555 3777 4612 obser-

355 4645 555 4702 medio
586 4647 804 4704 fuerint
825 4647 1126 4719 devolutae,
1141 4649 1212 4704 ad
1236 4649 1432 4704 sedem
1456 4649 2017 4722 apostolicam,sicut
2047 4662 2093 4728 D
2126 4663 2260 4703 vare
2281 4651 2475 4702 autem
2501 4645 2830 4718 specialiter
2853 4643 3088 4718 judices
3125 4643 3374 4700 debent:
3411 4666 3438 4694 «
3461 4643 3535 4700 Ut
3558 4643 3620 4700 in
3649 4661 3776 4701 om-

353 4735 620 4808 synodus
641 4736 868 4802 statuit,
893 4742 950 4792 et
971 4741 1140 4794 vetus
1163 4739 1524 4794 consuetudo
1545 4737 1744 4809 exigit,
1769 4742 1900 4812 post
1913 4738 2012 4810 ju-

350 4822 577 4880 dicium
612 4824 942 4898 episcopale
974 4826 1278 4882 referatur.
1307 4849 1336 4876 »
1369 4825 1530 4882 Unde
1560 4827 2015 4900 Carthaginense

349 4910 500 4968 dicit
519 4912 834 4968 concilium
859 4930 872 4968 :
911 4936 938 4964 α
962 4913 1034 4970 Ut
1055 4931 1088 4970 a
1113 4913 1565 4987 quibuscunque
1587 4915 1890 4986 judicibus
1920 4933 2012 4972 ec-

346 4999 701 5056 clesiasticis
724 5001 796 5057 ad
829 5000 974 5058 alios
997 5002 1230 5074 judices
1249 5003 1804 5071 ecclesiasticos,ubi
1827 5005 2016 5076 major

349 5091 448 5145 est
477 5089 816 5158 auctoritas,
866 5089 1044 5146 fuerit
1099 5096 1500 5164 provocatum,
1535 5109 1651 5147 non
1700 5092 2011 5162 eis‘obsit,

350 5194 612 5252 quorum
636 5177 813 5234 fuerit
841 5177 1036 5236 soluta
1057 5180 1370 5248 sententia,
1397 5179 1446 5235 si
1478 5178 1741 5236 convinci
1775 5197 1888 5236 non
1917 5197 2014 5253 po-

349 5266 577 5324 tuerint
596 5265 684 5322 vel
707 5265 946 5324 inimico
972 5268 1170 5324 animo
1183 5268 1506 5340 judieasse,
1524 5267 1612 5324 vel
1631 5269 1829 5342 aliqua
1849 5269 2014 5341 cupi-

349 5355 542 5412 ditate
559 5359 660 5412 aut
675 5354 866 5428 gratia
891 5356 1216 5429 depravari.
1239 5358 1390 5414 Sane
1407 5357 1456 5414 si
1479 5374 1547 5413 ex
1569 5374 1857 5414 consensu
1880 5375 2012 5430 par-

347 5443 507 5502 tium
529 5443 696 5501 electi
717 5443 937 5501 fuerint
957 5445 1205 5517 iudices,
1229 5445 1403 5503 etiam
1429 5464 1464 5504 a
1483 5447 1742 5520 pauciori
1766 5463 2012 5503 numero

345 5532 514 5608 quod
529 5523 918 5590 constitutum
937 5539 1048 5607 est,
1068 5552 1184 5592 non
1215 5535 1388 5592 liceat
1408 5537 1705 5608 provocari
1727 5537 1771 5590 δ.
1797 5557 1825 5586 ››
1859 5539 2012 5603 Qua-

423 5647 448 5677 ⁸
477 5638 652 5696 Cone.
683 5640 888 5707 Afric.,
921 5657 1051 5698 can.
1083 5641 1172 5697 30.

423 5709 452 5750 δ
479 5713 650 5770 Cone.
685 5712 980 5788 Carthag.,
1013 5729 1108 5772 an.
1140 5713 1266 5784 397,
1301 5731 1429 5772 can.
1467 5715 1553 5772 10.

2125 4735 2300 4790 nibus
2323 4733 2518 4790 causis
2539 4733 2830 4790 sententia
2849 4750 2976 4806 qua:
3009 4732 3328 4790 deliberata
3359 4733 3532 4789 fuerit
3559 4733 3775 4790 consti-

2125 4822 2268 4880 tutis
2291 4823 2512 4896 pariter
2542 4822 2811 4894 partibus
2844 4822 3119 4878 recitetur
3141 4840 3155 4891 ;
3179 4825 3245 4878 ut
3268 4823 3342 4878 ab
3371 4822 3465 4879 his
3496 4839 3530 4878 a
3559 4823 3776 4895 quibus

2125 4929 2304 4969 causa
2334 4912 2491 4968 dicta
2523 4915 2630 4980 est,
2656 4911 2726 4966 ad
2768 4911 3061 4984 integrum
3092 4929 3220 4985 quae
3255 4912 3412 4968 dicta
3436 4912 3611 4968 fuerit
3641 4927 3775 4968 sen-

2125 5002 2308 5059 tentia
2323 5004 2790 5074 cognoscatur,et
2801 5001 3090 5074 quidquid
3109 5000 3495 5074 praesentibus
3507 4999 3654 5072 parti
3664 5000 3773 5054 bus

2126 5090 2187 5146 in
2208 5089 2403 5146 causis
2423 5088 2600 5144 fuerit
2618 5089 2978 5156 ordinatum,
3002 5088 3238 5146 habebit
3257 5087 3661 5162 plenissimam
3680 5081 3773 5141 fir-

2126 5179 2412 5246 mitatem,
2443 5194 2548 5234 nec
2579 5177 2791 5250 poterit
2819 5177 3146 5234 immutari.
3180 5200 3209 5228 η
3743 5187 3746 5190 '

2193 5268 2264 5322 Et
2294 5268 2432 5340 quia
2460 5268 2861 5341 imperatores,
2895 5267 2994 5341 qui
3053 5283 3160 5324 suo
3208 5269 3467 5338 tempore
3497 5264 3672 5320 fuerit
3701 5265 3771 5320 de

2121 5355 2475 5429 pecuniariis
2503 5357 2697 5414 causis
2727 5355 3189 5414 ecclesiasticum
3212 5352 3636 5420 ministrum,et
3666 5354 3770 5410 rei-

2121 5443 2368 5518 publicae
2390 5441 3152 5516 administrantemjudices
3172 5442 3243 5497 ad
3259 5457 3499 5497 causam
3519 5442 3589 5498 de
3609 5459 3776 5498 accu-

2119 5539 2246 5592 sato
2265 5535 2559 5610 episcopo,
2581 5534 2734 5592 sicut
2763 5533 2920 5605 leges
2953 5536 3010 5588 et
3031 5547 3282 5588 canones
3311 5531 3546 5604 jubent,
3581 5531 3769 5607 depu-

2189 5652 2212 5682 °
2242 5642 2415 5700 Conc.
2449 5641 2821 5708 Chalcedon.,
2851 5655 2982 5696 can.
3011 5637 3066 5696 9.
