3976 6188
334 372 492 432 1063

1100 363 1486 428 HINCMABI
1527 359 1775 424 RHEM.
1818 357 2210 423 ARCHIEPI.
2259 357 2664 422 OPUSCULA
2709 357 2966 422 VARIA.

3581 359 3736 435 1064

335 507 620 568 taverunt,
650 498 1040 572 B.Gregorius
1062 498 1120 554 in
1141 496 1387 572 epistola
1407 493 1678 554 decretali
1701 493 1772 548 ad
1803 491 1977 548 Joan-
2007 491 2064 558 Α
2093 491 2347 558 obedire,
2379 491 2633 547 Africani
2677 490 2904 548 concilii
2929 491 3222 563 judicium
3255 493 3588 562 sustinebit,
3617 511 3737 568 quo

333 609 468 650 nem
515 591 856 664 episcopum
912 587 1260 644 Larissesum
1318 586 1682 641 demonstrat
1729 582 1975 637 dicens:

337 679 648 753 «Cumque
673 676 937 752 porrecta
957 675 1270 751 appellatio
1289 693 1394 748 per
1414 673 1680 729 homines
1702 669 1978 726 Hadriani

334 769 612 844 episcOpi,
637 772 960 841 ceteraque
980 783 1108 838 qua:
1139 781 1316 839 penes
1337 769 1393 820 te
1414 765 1578 836 gesta
1599 763 1756 832 sunt,
1781 757 1978 831 piissi-

334 859 450 918 mis
498 859 747 916 fuissent
791 857 1094 930 deportata
1149 851 1534 927 principibus,
1569 848 1881 922 deputatis,
1915 851 1982 902 ut

335 947 612 1016 diximus,
663 945 955 1002 Honorato
1012 941 1340 1016 apostolica:
1392 938 1550 996 sedis
1607 937 1873 1005 diacono,
1923 939 1982 992 et

337 1036 678 1096 Sebastiano
711 1033 960 1109 glorioso
991 1029 1392 1104 antigrapheo,
1417 1027 1764 1100 cunctisque
1793 1025 1978 1082 subti-

335 1126 471 1184 liter
497 1123 864 1189 examinatis,
889 1140 922 1178 a
951 1118 1343 1178 serenissimis
1367 1117 1732 1192 principibus
1749 1119 1889 1172 sunt
1908 1115 1982 1170 ab

335 1215 611 1276 omnibus
631 1211 1000 1286 jussienibus
1033 1207 1304 1268 absoluti.
1334 1230 1364 1259 »

407 1305 572 1362 Unde
587 1302 742 1376 leges
760 1317 906 1374 quas
923 1299 1132 1374 probat
1157 1297 1416 1354 Ecclesia
1438 1314 1450 1354 :
1477 1321 1503 1348 (ι
1522 1296 1656 1364 Res,
1680 1294 1978 1368 inquiunt,

328 1393 604 1468 judicata
633 1383 905 1447 videntur
924 1387 995 1444 ab
1015 1387 1116 1444 his
1133 1386 1233 1460 qui
1262 1386 1576 1460 imperium
1607 1387 1982 1458 potestatem-

379 1499 452 1540 ue
471 1482 709 1551 habent,
733 1477 821 1535 vel
843 1477 942 1552 qui
969 1494 1041 1533 ex.
1059 1476 1404 1536 auctoritate
1433 1491 1634 1532 eorum
1667 1473 1822 1530 inter
1849 1489 1981 1547 par-

379 1501 452 1540 ue
473 1501 709 1551 nanent,
733 1501 751 1535 π

336 1501 424 1630 ges
454 1565 688 1630 dantur.
724 1592 751 1620 υ

406 1661 477 1718 Et
506 1659 852 1724 notandum,
877 1661 941 1713 ut
971 1654 1383 1729 praemisimus,
1418 1653 1696 1726 quoniam
1731 1653 1981 1724 impera-

337 1755 492 1809 tores
513 1749 672 1824 legos
692 1745 888 1804 saeculi
911 1738 1250 1802 etEcclesiae
1281 1746 1712 1811 conservantes,
1745 1743 1818 1798 ad
1845 1757 1980 1797 cau-

2091 580 2307 637 dicitur
2341 598 2352 637 :
2387 605 2416 631 ‹‹
2441 583 2486 636 Λ
2509 581 2811 653 judicibus
2837 585 2938 636 aut
2967 599 3116 653 quos
3137 583 3470 640 communis
3498 599 3742 642 consen-

2089 688 2192 726 sus
2215 669 2476 745 elegerit,
2513 689 2628 727 non
2657 670 2828 728 liceat
2856 671 3152 744 provocari
3178 689 3190 739 ;
3213 675 3272 728 et
3300 671 3572 746 quisquis
3603 689 3739 748 pro-

2089 761 2263 816 batus
2281 759 2456 816 fuerit
2477 777 2580 833 pro
2604 760 2972 817 contumacia
2993 759 3144 818 nolle
3165 761 3566 834 obtemperare
3579 763 3742 835 judi-

2089 849 2278 918 cibus,
2303 866 2438 906 cum
2466 847 2577 906 hoc
2607 850 2808 924 primae
2843 849 3000 907 sedis
3029 849 3300 926 episcopo
3323 850 3507 912 fuerit
3536 853 3743 926 proba-

2038 1013 2050 1020 .
2089 943 2242 1010 tum,
2274 939 2370 996 det
2399 937 2624 996 litteras
2655 944 2722 996 ut
2751 938 2950 996 nullus
2979 939 3032 996 ei
3059 939 3453 1018 communicet
3508 941 3741 1014 episco-

2090 1045 2322 1104 porum,
2360 1029 2542 1085 donec
2587 1029 2948 1103 obtemperet
2963 1038 3040 1085 ⁸.»
3074 1030 3146 1086 Et
3177 1029 3226 1086 si
3251 1029 3440 1086 laicus
3471 1047 3740 1104 quaerens

2091 1123 2294 1175 contra
2309 1117 2648 1192 episcOpum
2663 1117 2914 1176 noluerit
2929 1117 3163 1176 obedire
3169 1119 3196 1192 j
3203 1117 3500 1187 udicibus,
3523 1137 3558 1175 a
3577 1119 3738 1194 prin-

2045 1209 2054 1218 ’
2091 1207 2216 1281 cipe
2246 1206 2602 1282 reipublicae,
2623 1212 2682 1264 et
2709 1207 2977 1266 Ecclesia
3007 1213 3198 1266 tutore
3229 1223 3296 1264 ac
3326 1209 3649 1278 defensore,
3683 1199 3741 1266 et

2091 1299 2254 1372 regia
2278 1297 2638 1371 benignitate
2665 1299 3030 1371 protectore.
3045 1339 3081 1354 ..
3092 1340 3105 1354 .
3117 1341 3128 1354 .
3139 1340 3152 1354 .
3163 1339 3200 1356 ..

2161 1389 2225 1446 In
2269 1386 2544 1462 capitulis
2571 1387 2978 1461 imperialibus
3008 1387 3291 1462 scriptum
3321 1391 3434 1457 est,
3464 1386 3615 1444 libro
3647 1403 3739 1444 se-

2091 1477 2283 1536 cundo
2317 1493 2330 1532 :
2367 1500 2395 1527 «
2428 1474 2508 1532 De
2539 1475 2633 1533 his
2663 1475 2763 1550 qui
2791 1476 3010 1549 injuste
3060 1493 3238 1551 super
3283 1475 3431 1556 alios
3473 1475 3739 1550 querelas

2037 1642 2046 1648 .
2092 1567 2315 1624 faciunt
2347 1583 2360 1623 :
2393 1567 2460 1622 ut
2490 1566 2538 1622 si
2571 1565 2707 1622 inde
2735 1565 2980 1623 convicti
3041 1566 3276 1634 fuerint,
3311 1569 3550 1642 propter
3577 1563 3738 1621 illam

2091 1655 2456 1734 calumniam,
2469 1657 2798 1713 secundum
2815 1655 3002 1731 legem
3026 1659 3082 1712 ct
3097 1654 3426 1729 aequitatem
3441 1653 3739 1729 justitiam

2092 1745 2359 1803 reddant.
2396 1768 2424 1796 »

337 1857 464 1899 sam
495 1835 914 1932 pecuniariam,
942 1834 1008 1932 id
1039 1837 1132 1932 est
1155 1831 1588 1932 civilem,?inter
1643 1831 1981 1932 episcopum
2013 1866 2060 1932 Β
2159 1828 2230 1932 Et
2259 1833 2395 1891 hinc
2425 1833 2776 1932 lib-ro_tertio
2808 1835 3094 1908 scriptum
3143 1834 3394 1891 habetur
3425 1851 3437 1889 :
3473 1856 3501 1886 «
3537 1833 3616 1890 De
3639 1831 3742 1932 bis

337 1935 394 1988 et
423 1927 727 1985 saeculares
774 1923 1236 1996 investigandam
1285 1939 1350 1977 ac
1395 1921 1820 1990 difﬁniendam,
1847 1937 1983 1976 cum

337 2017 606 2076 ministro
647 2013 1040 2070 ecclesiastico
1089 2009 1600 2068 administrantem
1651 2008 1982 2082 reipublicm

337 2109 712 2181 deputarunt.
742 2103 801 2158 Si
851 2119 983 2158 vero
1040 2101 1348 2175 episcopus
1405 2102 1506 2156 aut
1549 2097 1849 2168 veraciter,
1884 2101 1985 2154 aut

338 2194 616 2254 simulata
649 2192 1007 2259 infirmitate,
1032 2195 1134 2246 aut
1162 2189 1276 2246 alia
1306 2188 1568 2263 qualibet
1598 2188 1898 2244 occasione
1921 2203 1988 2266 se

339 2284 548 2341 dixerit
568 2299 681 2338 non
706 2297 876 2354 posse
894 2278 1087 2336 venire
1109 2280 1178 2335 ad
1213 2279 1524 2352 synodum,
1550 2281 1652 2332 aut
1672 2278 1741 2332 ad
1773 2276 1982 2332 electo-

338 2389 470 2430 rum
494 2370 788 2446 judicium
837 2373 1038 2426 contra
1086 2369 1394 2424 adversum
1427 2383 1488 2422 se
1518 2365 1979 2438 conquirentem,

339 2461 516 2534 eligat
536 2459 646 2516 sibi
661 2457 916 2532 judices,
939 2461 1042 2514 aut
1066 2457 1375 2530 deputatas
1405 2454 1708 2529 suscipiat,
1733 2454 1887 2511 sicut
1915 2470 1984 2510 ex

339 2550 568 2624 legibus
597 2552 656 2606 et
688 2545 903 2623 regulis
935 2546 1116 2602 sacris
1149 2545 1645 2619 praemisimus;et
1663 2543 1857 2599 mittat
1879 2559 1984 2616 pro

340 2658 402 2697 se
434 2655 744 2713 personam
776 2638 1124 2694 instructam
1164 2637 1234 2692 ad
1265 2633 1481 2705 locum,
1513 2637 1570 2691 et
1601 2633 1758 2690 diem
1805 2631 1984 2690 desti-

273 2729 280 2737 ’
340 2732 568 2800 natum,
590 2744 717 2800 quae
739 2724 1166 2784 exsecutionem
1199 2728 1256 2781 et
1283 2724 1693 2780 difﬁnitionem
1723 2721 1988 2794 legaliter

341 2821 398 2874 et
428 2815 772 2892 regulariter
797 2816 868 2871 ad
899 2831 1068 2872 voces
1117 2813 1278 2870 illius
1326 2813 1384 2868 in
1419 2812 1736 2868 electorum
1757 2810 1986 2883 judicio

341 2909 762 2981 prosequatur;
775 2909 832 2962 et
847 2904 1002 2977 quod
1022 2903 1197 2963 fuerit
1209 2905 1545 2960 exsecutum
1564 2918 1630 2958 ac
1642 2899 1983 2968 difﬁnitum,

341 2985 628 3067 suscipiat
684 2989 1136 3063 observandum,
1168 2991 1320 3047 sicut
1371 2989 1582 3066 regula:
1639 3005 1704 3045 ac
1756 2987 1988 3055 decreta

341 3088 556 3142 sancta:
589 3081 746 3139 sedis
777 3083 1048 3138 Romans:
1077 3078 1444 3153 pontiﬁcum,
1468 3078 1569 3135 sed
1589 3082 1646 3134 et
1675 3079 1732 3133 S.
1767 3076 1988 3150 Grego‘

2091 1924 2192 1996 qui
2224 1941 2462 1980 causam
2487 1923 2812 1996 judicatam
2846 1927 3102 1997 repetere
3132 1927 3522 1997 przesumunt,
3557 1922 3659 1982 sed
3687 1925 3741 1977 et

2092 2015 2161 2070 de
2184 2013 2277 2070 his
2308 2013 2408 2086 qui
2458 2013 2645 2088 legem
2695 2013 3002 2068 observare
3041 2011 3518 2085 contempserint,
3554 2013 3619 2066 ut
3640 2027 3742 2084 per

2092 2103 2466 2176 ﬁdejussorcs
2499 2103 2568 2158 ad
2602 2102 2974 2175 praesentiam
3001 2101 3154 2174 regis
3183 2101 3569 2158 deducantur.
3605 2123 3633 2149 ι»

2162 2193 2242 2248 Dc
2271 2193 2362 2248 his
2392 2208 2526 2247 vero
2557 2191 2654 2264 qui
2690 2190 2967 2246 Romanis
2998 2189 3228 2262 legibus
3248 2189 3616 2262 judicantur,
3648 2187 3742 2245 de-

2091 2285 2314 2337 cretum
2338 2285 2463 2336 est:
2508 2303 2535 2330 «
2561 2277 2635 2336 Ut
2657 2279 2756 2352 qui
2778 2296 2880 2352 per
2911 2277 3270 2334 calumniam
3303 2270 3530 2350 injuﬁaa
3562 2277 3739 2334 actio-

2093 2387 2226 2426 nem
2251 2369 2525 2426 instituit.
2551 2372 2710 2425 extra
2740 2367 3002 2424 ordinem
3034 2367 3342 2442 puniatur;
3361 2383 3568 2424 omnes
3584 2367 3740 2428 enim

2091 2458 2545 2516 calumniatores
2565 2455 2754 2514 exsilii
2773 2456 2861 2514 vel
2882 2455 3088 2513 insulae
3105 2455 3457 2530 relegatione
3475 2459 3582 2512 aut
3596 2453 3742 2514 ordi-

2039 2609 2044 2613 ,
2077 2547 2184 2605 .nis
2213 2546 2532 2605 amissione
2559 2545 2754 2620 puniri
2786 2545 3025 2620 placuit.
3061 2567 3089 2598 η

2163 2636 2343 2711 Regia
2373 2635 2552 2710 igitur
2579 2633 2932 2704 sollicitudo,
2965 2651 3000 2690 a
3029 2633 3183 2708 Rege
3213 2650 3417 2708 regum
3447 2637 3510 2706 et
3539 2633 3744 2707 aequis-

2093 2729 2244 2784 simo
2273 2726 2468 2799 judice
2498 2725 2636 2791 Deo,
2668 2727 2734 2780 ut
2763 2724 2822 2779 in
2857 2722 3176 2780 directione
3223 2723 3418 2778 cordis
3441 2722 3740 2795 judicium

2085 2816 2405 2889 judicetur,
2433 2813 2769 2882 constituta,
2791 2813 3030 2887 provide
3059 2811 3419 2884 solliciteque
3439 2810 3742 2884 providere

2093 2906 2356 2974 debet,ut
2375 2904 2520 2961 tales
2532 2903 2767 2978 judices
2777 2919 2912 2959 cum
2924 2901 3213 2976 episcopis
3235 2899 3309 2956 ad
3328 2916 3574 2957 causam
3594 2899 3746 2956 inter

2094 2992 2518 3053 ecclesiasticos
2547 2997 2604 3051 et
2645 2991 2953 3049 saeculares
3005 2989 3394 3046 dirimendam
3451 2987 3635 3062 eligat
3686 2991 3746 3044 et

2095 3081 2430 3152 constituat,
2455 3082 2552 3156 qui
2585 3079 2840 3154 religiosi
2870 3079 3008 3151 sint,
3042 3082 3098 3138 et
3125 3077 3442 3136 Dominum
3469 3079 3742 3149 timeant,

313 3237 317 3242 τ
341 3173 466 3230 rius
487 3170 809 3245 saepissime
830 3169 886 3224 in
911 3167 1174 3242 epistolis
1199 3166 1324 3224 suis
1345 3184 1413 3227 ex
1436 3165 1662 3240 legibus
1681 3171 1739 3224 et
1769 3165 1987 3238 regulis
2025 3237 2058 3245 _
2096 3178 2288 3230 etnon
2311 3169 2572 3228 muneris
2593 3170 2854 3244 premio’
2877 3185 2993 3226 non
3029 3167 3256 3235 favoris,
3286 3167 3375 3224 vel
3408 3165 3750 3240 Propinqui-

343 3261 525 3318 sacris
558 3259 848 3332 agendum
880 3257 1262 3313 demonstrat.

413 3349 494 3404 Ex
523 3347 742 3420 quibus
773 3361 958 3402 unum
991 3345 1061 3400 de
1091 3341 1362 3418 pluribus
1391 3345 1486 3400 hic
1530 3343 1682 3400 beati
1725 3343 1984 3417 Gregorii

343 3437 643 3494 decretum
675 3451 888 3510 ponere
917 3433 1138 3502 censui,
1159 3435 1314 3506 quod
1355 3433 1426 3490 ad
1465 3431 1849 3490 Fortunatam
1871 3432 1988 3511 epi-

344 3539 587 3596 scopum
645 3522 908 3584 scribens
941 3540 954 3579 :
1009 3545 1038 3574 «
1070 3521 1540 3593 Fraternitatem,
1573 3523 1786 3596 inquit,
1822 3527 1984 3580 tuam

342 3611 437 3668 his
461 3611 764 3668 hortamur
793 3611 1087 3681 alfatibus,
1122 3615 1186 3668 ut
1217 3617 1482 3669 cessante
1538 3612 1698 3668 omni
1747 3629 1985 3668 excusa-

340 3701 520 3770 tione,
551 3695 862 3775 personam
911 3701 1026 3757 buc
1075 3700 1422 3758 instructam
1472 3701 1582 3756 sub
1615 3699 1988 3756 festinatione

343 3791 736 3858 transmittas,
761 3808 887 3862 quae
909 3789 1088 3846 autin
1113 3791 1450 3859 electorum,
1484 3795 1586 3848 aut
1613 3793 1766 3845 certe
1795 3789 1854 3844 in
1887 3789 1988 3846 dc-

343 3883 681 3951 putatorum
704 3897 738 3936 a
759 3875 930 3934 nobis
949 3877 1194 3950 judicio,
1217 3877 1264 3934 si
1296 3895 1415 3954 qua
1442 3895 1548 3952 pro
1579 3876 1695 3934 tuis
1724 3877 1990 3950 partibus

343 3969 506 4036 sunt,
528 3981 718 4038 agere,
747 3969 804 4021 et
825 3965 1286 4022 adversariorum
1309 3963 1732 4022 intentionibus
1745 3981 1811 4020 ac
1831 3965 1991 4037 obje-

345 4054 654 4113 ctisvaleat
667 4071 772 4128 per
786 4053 984 4110 omnia
1003 4055 1372 4128 respondere,
1395 4059 1460 4111 ut
1477 4055 1716 4112 veritate
1736 4053 1986 4128 cognita,

343 4143 640 4204 salubrem
673 4143 768 4201 hic
791 4143 967 4200 ﬁnem
1001 4141 1304 4217 suscipiat.
1343 4167 1364 4193 υ

413 4234 483 4292 Et
512 4231 572 4290 in
597 4230 844 4306 epistola
871 4219 944 4288 ad
978 4231 1249 4307 Sergium
1297 4233 1663 4292 defensorem
1712 4231 1938 4306 Siponti
1973 4249 1986 4288 :
2034 4219 2043 4223 ’

343 4345 373 4374 ‹‹
395 4321 772 4396 Experientizs
795 4324 906 4378 tua:
929 4321 1198 4396 praesenti
1223 4322 1566 4379 auctoritate
1596 4321 1989 4396 praecipimus,

341 4415 412 4467 ut
439 4411 905 4468 Fruniscendum
965 4411 1279 4468 admonere
1337 4411 1588 4480 studeat,
1623 4417 1916 4484 quatenus
1942 4410 1991 4467 si

343 4499 486 4572 quid
511 4501 583 4556 de
607 4499 894 4558 obstrictu
925 4499 1230 4556 redhibere
1259 4499 1526 4556 Ecclesiae
1557 4499 1874 4574 cognoscit,
1906 4517 1994 4556 sa-

2017 3237 2062 3311 C
2095 3261 2258 3331 tatis,
2276 3265 2376 3318 aut
2395 3237 2662 3318 amicitiae
2685 3237 3024 3332 gratia,non
3056 3257 3330 3314 indebita:
3359 3237 3744 3328 subjectionis

2095 3349 2396 3424 obsequio,
2431 3365 2544 3404 non
2577 3347 2815 3404 alterius
2846 3346 3028 3420 partis
3058 3345 3558 3420 odio,.personam
3591 3344 3744 3400 acci-

2095 3439 2259 3512 piant
2288 3438 2346 3492 in
2369 3437 2627 3510 judicio;
2679 3436 2780 3493 sed
2811 3435 3034 3509 absque
3063 3434 3438 3504 contentione.
3460 3439 3524 3490 et
3543 3432 3740 3499 livore,

2096 3529 2249 3586 sicut
2277 3528 2404 3602 ipsa
2432 3526 2661 3584 Veritas
2689 3525 2835 3582 dicit
2861 3543 2874 3582 :
2905 3525 3028 3584 Non
3056 3523 3354 3582 secundum
3399 3525 3627 3596 faciem,
3657 3519 3745 3578 sed

2086 3615 2302 3692 justum
2331 3615 2608 3690 judicium
2648 3615 2910 3689 judicent
2937 3614 3116 3684 (Joan.
3147 3615 3270 3683 vn).
3303 3613 3374 3672 Et
3399 3612 3516 3669 boc
3547 3629 3664 3668 non
3688 3611 3743 3666 in

2097 3706 2332 3780 publico
2349 3705 2562 3778 judicii
2610 3704 2756 3778 loco,
2789 3705 2888 3762 sed
2921 3705 2980 3760 in
3012 3703 3235 3778 privato
3269 3720 3282 3760 :
3316 3699 3459 3776 quia
3489 3699 3743 3774 episcopi

2097 3813 2212 3851 non
2235 3793 2294 3852 in
2319 3793 2664 3851 consistorio
2696 3810 2920 3867 regum,
2941 3810 3055 3848 non
3079 3792 3138 3847 in
3168 3789 3438 3865 prtatorio
3451 3788 3742 3862 judicu'm,

2099 3901 2204 3941 nec
2221 3882 2335 3940 nisi
2358 3882 2431 3940 ab
2447 3881 2842 3957 episcopis,in
2873 3881 3116 3956 synodo,
3147 3883 3247 3936 aut
3275 3880 3333 3934 in
3369 3879 3596 3952 privato
3626 3875 3745 3934 loco

2098 3991 2134 4032 a
2162 3972 2516 4046 primatibus
2545 3972 2982 4046 deputatorum,
3015 3973 3119 4027 aut
3147 3987 3184 4028 a
3212 3986 3273 4025 se
3303 3967 3626 4024 electorum
3649 3965 3743 4039 ju-

2099 4063 2298 4120 dicum
2320 4059 2547 4135 judicio
2579 4059 2792 4118 debent
2823 4063 2924 4117 aut
2951 4063 3200 4134 possunt
3229 4057 3577 4132 regulariter
3595 4054 3744 4129 judi-

2099 4169 2238 4212 cari.

2168 4241 2240 4298 Et
2265 4245 2576 4312 praet’exato
2606 4241 2778 4296 modo
2809 4237 3180 4314 supradictas
3208 4236 3368 4317 leges
3400 4239 3524 4292 tam
3555 4229 3740 4308 publi-

2099 4345 2200 4385 cas
2229 4343 2408 4402 quam
2439 4327 2864 4385 ecclesiasticas
2897 4327 2955 4382 in
2988 4326 3114 4384 suis
3143 4321 3514 4398 temporibus
3535 4317 3738 4378 servari

2100 4416 2424 4475 decrevisse
2453 4415 2769 4474 didicimus
2799 4415 3077 4489 antiquos
3106 4415 3512 4487 imperatores,
3535 4415 3592 4467 et
3612 4423 3739 4484 pre-

2101 4507 2437 4564 decessores
2493 4522 2559 4562 ac
2617 4505 3018 4580 progenitores
3074 4508 3320 4569 vestros,
3353 4498 3646 4575 episcopis
3684 4501 3737 4552 et

343 4585 612 4644 tist‘acere
633 4581 910 4678 dilatione
931 4587 1256 4678 postposita
1276 4605 1390 4645 non
1423 4589 1686 4646 desistat.
1718 4587 1990 4678 Alioquin
2022 4611 2070 4678 Ι)
2100 4595 2243 4652 viris
2299 4594 2712 4652 ecclesiasticis
2743 4611 2757 4652 :
2791 4599 2850 4652 et
2903 4594 3075 4651 nobis
3127 4595 3321 4650 vestra
3368 4585 3740 4646 dilectissime

345 4691 511 4732 mora
530 4669 792 4734 cessante
812 4676 886 4732 ad
905 4675 1222 4734 electorum
1255 4679 1493 4736 accedat
1523 4682 1579 4735 te
1608 4676 1991 4752 compellente

335 4763 654 4837 judicium,
677 4771 741 4821 et
754 4765 1041 4840 quidquid
1071 4767 1310 4826 veritate
1341 4766 1576 4841 cognita
1603 4767 1994 4824 sacrosanctis

343 4853 659 4928 evangeliis
683 4854 858 4912 fuerit
877 4857 1274 4926 statutum,ita
1293 4857 1365 4913 ad
1390 4857 1659 4914 effectum
1677 4857 1994 4914 exsecutio-

344 4941 438 5002 nis
457 4947 560 5001 tua
579 4943 858 5002 instantia
888 4947 1262 5018 perducatur,
1287 4951 1353 5003 ut
1381 4946 1562 5020 hujus
1591 4946 1672 5004 rei
1697 4947 1888 5004 denuo
1918 4947 1990 5002 ad

344 5051 452 5090 nos
481 5032 720 5107 querela
751 5051 867 5090 non
899 5035 1115 5091 redeat.
1151 5057 1178 5086 ››

413 5123 484 5178 Et
503 5121 600 5178 hic
621 5121 778 5196 ieges
810 5123 1105 5194 Romanae,
1129 5123 1188 5180 in
1213 5141 1274 5180 re
1298 5124 1654 5197 pecuniaria,
1681 5129 1990 5192 tormenta,

344 5209 460 5270 nisi
489 5229 624 5269 cum
655 5211 724 5268 de
756 5211 930 5268 rebus
959 5211 1327 5271 hereditariis
1351 5214 1651 5286 quaeritur,
1675 5231 1791 5271 non
1822 5213 1990 5272 adhi-

343 5301 503 5359 bent.
526 5301 685 5358 Alias
715 5306 912 5358 autem
951 5302 1339 5374 jurejurando
1388 5308 1490 5360 aut
1531 5305 1779 5361 testibus
1811 5303 1990 5377 expli-

343 5393 573 5448 cantur.
588 5389 658 5448 Et
677 5389 726 5447 si
760 5389 1070 5464 episcopus
1100 5391 1353 5449 noluerit
1385 5393 1510 5450 suis
1535 5393 1895 5467 coepiscopis
1925 5410 1992 5449 ac

337 5478 642 5552 judicibus
671 5496 706 5538 ει
735 5495 798 5536 se
825 5479 1049 5552 electis,
1082 5481 1169 5538 vel
1215 5499 1250 5539 a
1291 5479 1644 5554 primatibus
1666 5530 1676 5540 .
1695 5481 1992 5557 deputatis

420 5661 443 5687 ⁸
465 5658 638 5716 Coac.
669 5657 870 5729 Afric.,
903 5673 1032 5716 can.
1066 5659 1190 5716 122.

2100 4688 2156 4742 et
2186 4683 2613 4758 benignissima
2643 4683 2962 4740 dominatio
3006 4685 3370 4740 servatorem
3399 4693 3462 4736 se
3489 4676 3661 4734 verbo
3686 4679 3738 4728 et

2102 4773 2533 4848 subscriptione
2566 4771 2835 4846 promisit
2867 4773 2928 4829 in
2957 4770 3246 4828 Carisiaco
3281 4785 3296 4824 :
3332 4767 3436 4824 ubi
3463 4765 3578 4823 hoc
3605 4760 3739 4837 capi-

2103 4864 2294 4922 tulum
2305 4863 2365 4920 in
2379 4863 2648 4921 consultu
2661 4880 2728 4922 ac
2741 4861 2983 4920 consilio
3003 4859 3266 4921 ﬁdelium
3286 4861 3616 4915 vestrorum
3629 4857 3736 4909 tam

2101 4954 2511 5028 episcoporum
2567 4969 2744 5026 quam
2788 4956 2846 5008 et
2891 4951 3174 5008 laicorum
3214 4945 3587 5012 condidistis,
3616 4937 3735 4998 etei

2103 5042 2563 5116 subscripsistis,
2583 5041 2871 5098 dicentes:
2892 5043 3188 5108 Quantum
3213 5036 3487 5104 sciero,et
3509 5033 3735 5090 rationa-

2102 5131 2297 5190 biliter
2325 5135 2588 5204 potuero,
2623 5131 2871 5188 Domino
2901 5131 3233 5202 adjuvante,
3267 5133 3734 5198 unumquemque

2097 5223 2380 5287 vestrum,
2402 5219 2728 5276 secundum
2751 5235 2925 5276 suum
2952 5217 3218 5275 ordinem
3234 5208 3293 5274 et
3306 5228 3622 5289 personam
3639 5209 3732 5266 ho-

2099 5309 2318 5368 norabo
2339 5313 2396 5365 et
2419 5309 2676 5378 salvabo,
2697 5307 2750 5366 ei
2771 5307 3124 5364 honoratum
3145 5308 3203 5362 et
3223 5303 3518 5362 salvatum
3531 5301 3730 5370 absque

2099 5396 2218 5454 ullo
2250 5397 2382 5456 dolo
2403 5402 2462 5456 et
2478 5397 2855 5454 damnatione
2883 5393 2971 5456 vel
3001 5393 3343 5470 deceptione
3372 5385 3724 5449 conservabo-

2099 5487 2169 5545 Et
2197 5487 2512 5562 unicuique
2540 5490 2970 5561 competentem
2998 5484 3187 5558 legem
3215 5487 3274 5545 et
3293 5481 3590 5556 justitiam
3618 5488 3726 5544 φη·
