3976 6188
240 421 392 485 1065

1076 421 1230 481 PRO
1275 419 1669 482 ECClESl/E
1713 421 2214 483 LIBERTATUM
2259 423 2772 486 DEFENSIONE.

3486 421 3646 490 31068

237 554 500 612 servabo.
523 553 594 610 Et
621 551 722 624 qui
751 551 915 607 illum
949 568 1187 608 necesse
1229 553 1501 608 habuerit
1539 557 1596 609 et
1633 553 1888 610 rationa-
1917 555 1972 623 Α
2001 553 2164 626 plum
2198 554 2416 610 imitari
2463 554 2770 625 voluerint,
2803 558 2980 614 ullam
3029 561 3262 632 penitus
3301 562 3645 620 divisionem

238 643 433 702 biliter
462 639 712 714 petierit,
736 639 1142 697 rationabilem
1175 640 1636 697 misericordiam
1662 642 1891 698 exhibe-

239 734 332 802 bo,
366 731 521 790 sicut
552 729 739 786 ﬁdelis
770 747 868 786 rex
896 747 1037 786 suos
1079 731 1280 786 fideles
1311 749 1414 804 per
1453 737 1672 787 rectum
1707 731 1888 787 hono-

239 838 390 888 rare,
413 824 473 877 et
501 818 744 888 salvere,
760 823 820 876 et
841 819 1158 892 unicuique
1182 824 1605 894 compctentem
1626 820 1813 894 legem
1835 823 1892 876 et

234 909 528 984 justitiam
561 909 624 964 in
654 925 1010 982 unoquoque
1039 908 1243 966 ordine
1271 926 1636 978 conservare,
1661 914 1718 966 et
1747 907 1892 965 indi-

237 998 540 1072 gentibus,
592 1001 650 1054 et
695 996 1059 1054 rationaliter
1100 999 1438 1072 petentibus
1484 997 1892 1055 rationabilem

242 1087 705 1145 misericordiam
737 1087 909 1144 debet
935 1086 1302 1160 impendere;
1339 1092 1396 1144 et
1433 1105 1538 1161 pro
1588 1087 1752 1144 nullo
1782 1087 1892 1142 ho-

241 1177 403 1238 mine
430 1179 504 1233 ab
536 1177 666 1246 hoc,
699 1181 987 1250 quantum
1019 1177 1264 1234 dimittit
1293 1178 1554 1233 humana
1585 1176 1890 1250 fragilitas,

245 1284 349 1342 per
366 1267 652 1336 studium,
676 1271 780 1324 aut
800 1267 1274 1336 malivolentiam,
1293 1267 1380 1324 vel
1402 1267 1654 1339 alicujus
1676 1265 1896 1323 indebi-

245 1362 373 1414 tum
405 1356 840 1412 hortamentum
863 1356 1126 1424 deviabo,
1148 1361 1434 1428 quantum
1467 1356 1612 1412 mihi
1640 1354 1897 1412 Deusin-

247 1445 546 1503 tellectum
577 1449 636 1502 et
663 1444 1110 1518 possibilitatem
1143 1445 1462 1502 donaverit.
1486 1446 1556 1500 Et
1583 1444 1633 1503 si
1655 1462 1758 1517 per
1787 1445 1898 1500 fra-

243 1535 530 1609 gilitatem
548 1539 750 1592 contra
768 1535 878 1591 hoc
894 1534 1040 1590 mihi
1057 1535 1407 1608 subreptum
1429 1533 1764 1603 fuerit,cum
1786 1534 1896 1590 hoc

247 1640 653 1698 recognovero,
687 1622 834 1678 illud
881 1624 1194 1680 emendare
1232 1623 1521 1678 curabo.»
1552 1623 1670 1678 Nos
1698 1626 1894 1678 autem

249 1713 450 1770 fideles
465 1711 958 1786 vestri,episcOpi,
983 1721 1042 1768 et
1069 1712 1259 1768 cmteri
1288 1712 1513 1768 laicalis
1543 1711 1765 1768 ordinis
1795 1711 1894 1782 qui

248 1802 584 1870 adfuerunt,
614 1801 724 1858 hoc
753 1801 1076 1874 capitulum
1107 1805 1165 1858 et
1192 1802 1494 1858 vobiscum
1525 1801 1897 1857 condidimus

245 1895 306 1946 et
318 1890 370 1946 ei
390 1889 1293 1963 subscripsimus,unusquisque
1313 1889 1638 1964 proﬁtendo
1654 1891 1900 1955 ;«Quan-
1924 1929 1974 1996 Β

247 1985 374 2035 tum
405 1979 592 2036 sciero
623 1983 680 2036 et
721 1983 984 2052 potuero,
1019 1979 1266 2036 Domino
1315 1979 1646 2051 adjuvante,
1675 1979 1898 2050 absque

247 2067 374 2125 ulla
403 2067 712 2126 dolositate
742 2072 846 2125 aut
863 2068 1202 2125 seductione
1221 2073 1279 2124 et
1298 2067 1542 2124 consilio
1572 2071 1632 2124 et
1659 2065 1898 2136 auxilio,

243 2157 578 2214 secundum
609 2173 806 2214 meum
837 2157 1252 2226 ministerium,
1273 2162 1332 2214 et
1358 2157 1684 2214 secundum
1707 2170 1899 2212 meam

249 2261 584 2319 personam,
601 2246 792 2303 fidelis
809 2247 976 2303 vobis
999 2248 1236 2320 adjutor
1253 2264 1370 2316 ero,
1386 2252 1454 2303 ut
1472 2247 1633 2303 illam
1656 2250 1903 2318 potesta-

248 2341 596 2408 tem,quam
627 2335 685 2391 in
718 2337 876 2410 regio
923 2337 1158 2394 nemine
1203 2341 1262 2394 et
1309 2353 1489 2411 regno
1534 2335 1700 2393 vobis
1746 2335 1902 2390 Deus

248 2425 563 2493 concessit,
586 2426 660 2482 ad
707 2425 898 2498 ipsius
925 2425 1304 2494 voluntatem,
1337 2430 1396 2482 et
1423 2425 1496 2482 ad
1543 2429 1797 2480 vestram
1845 2426 1904 2478 et

249 2514 518 2572 ﬁdelium
538 2519 866 2572 vestrorum
887 2515 1288 2584 salvationem,
1307 2532 1443 2572 cum
1465 2515 1662 2572 debito
1685 2514 1902 2570 honore

245 2607 308 2660 et
334 2603 534 2678 vigore
563 2609 760 2662 tenere
789 2609 846 2662 et
872 2607 1201 2678 gubernare
1231 2605 1491 2679 possitis.

707 2810 1122 2873 EXPOSITIO
1165 2811 1457 2872 TERTIA

611 2922 706 2964 cm
743 2923 984 2964 TITULUS
1025 2925 1040 2964 :
1092 2907 1549 2964 ADMONITIO.

327 3011 490 3066 Hunc
535 3009 724 3083 legem
773 3013 1106 3069 decessores
1137 3015 1194 3069 et
1230 3013 1684 3087 praedecessores
1730 3011 1909 3068 vestri

255 3115 430 3172 rcges
458 3099 722 3156 Ecclesiae
754 3105 1130 3158 servaverunt
1158 3117 1171 3156 :
1197 3119 1323 3174 quae
1355 3101 1404 3157 si
1443 3106 1545 3158 aut
1583 3119 1687 3176 per
1713 3117 1908 3157 exces-

254 3205 394 3244 sum
419 3188 774 3262 principum,
795 3194 898 3246 aut
926 3205 1031 3262 per
1058 3189 1470 3263 negligentiam
1501 3190 1909 3264 episcoporum

251 3277 456 3349 aliquo
482 3277 654 3334 modo
675 3276 886 3334 violata
906 3277 1034 3347 fuit,
1049 3283 1245 3336 tamen
1267 3283 1544 3349 correcta,

251 3383 392 3420 rum
422 3365 693 3438 capitulis
721 3367 956 3440 legitur,
979 3367 1192 3424 existit.
1213 3367 1329 3424 Vos
1353 3368 1549 3436 etiam,
1575 3368 1910 3424 decessores

250 3458 484 3512 vestros
505 3459 838 3528 sequentes,
857 3457 1009 3513 hanc
1026 3455 1215 3530 legem
1241 3456 1704 3514 ecclesiasticam
1726 3472 1912 3513 serva-

250 3547 428 3600 turos
448 3544 565 3600 Deo
587 3549 644 3601 et
663 3544 832 3602 nobis
853 3545 1231 3618 promisistis,
1255 3547 1409 3602 sicut
1431 3546 1525 3603 hic
1555 3547 1908 3603 continetur.

331 3631 397 3688 In
428 3632 578 3689 libro
620 3634 812 3706 primo
851 3633 1243 3708 capitulorum
1272 3635 1686 3708 imperialium,
1711 3633 1913 3690 domui

251 3720 452 3778 Caroli
481 3721 592 3790 avi,
616 3726 672 3778 et
703 3723 904 3780 domui
937 3723 1213 3780 Ludovici
1253 3725 1440 3798 patris
1467 3725 1666 3795 vestri,
1695 3725 1755 3780 in
1787 3723 1914 3796 lege

221 3811 332 3866 sub
367 3810 516 3884 ipsis
547 3812 910 3883 conﬁrmata,
934 3813 1204 3884 Ecclesiae
1224 3817 1280 3870 et
1311 3813 1600 3870 universis
1625 3812 1915 3887 episcopis

254 3900 555 3974 scriptum
585 3907 692 3971 est,
717 3919 844 3975 cap.
868 3903 922 3958 8.
947 3926 976 3954 «
1000 3903 1072 3959 Ut
1101 3903 1174 3959 ad
1219 3903 1730 3976 metropolitanum
1763 3901 1914 3974 epis-

258 4005 479 4060 copum
501 3991 856 4064 sull‘raganei
889 3991 1296 4064 respiciant,et
1326 3991 1472 4048 nihil
1504 3991 1631 4047 novi
1667 3991 1920 4048 audeant

261 4079 454 4134 facere
485 4078 543 4133 in
571 4078 694 4135 suis
717 4079 1032 4152 parochiis,
1058 4081 1184 4138 sine
1207 4081 1566 4138 conscientia
1596 4078 1918 4151 etconsilio

258 4167 355 4221 sui
389 4167 845 4239 metropolitani,
879 4185 984 4226 nec
1016 4169 1504 4244 metropolitanus
1549 4169 1675 4227 sine
1716 4185 1919 4225 eorum

259 4254 584 4311 consilio.»
611 4255 754 4312 Item
787 4258 845 4313 in
876 4259 1079 4314 eodem
1106 4258 1277 4328 libro,
1302 4277 1429 4332 cap.
1451 4261 1541 4315 28.
1569 4283 1598 4309 ‹‹
1630 4258 1703 4314 Ut
1734 4257 1784 4314 si
1815 4257 1923 4312 cle-

253 4344 394 4412 rici,
413 4343 503 4400 vel
524 4345 798 4402 monachi
829 4346 984 4403 inter
1013 4364 1074 4404 se
1107 4347 1406 4420 negotium
1436 4347 1673 4420 aliquod
1701 4347 1921 4402 habue-

249 4434 410 4504 rint,
440 4451 476 4489 a
505 4451 610 4490 suo
661 4433 931 4508 episcopo
980 4436 1396 4508 dijudicentur,
1426 4455 1542 4493 non
1572 4455 1606 4492 a
1637 4435 1926 4493 saeculari-

247 4522 440 4578 bus.»
466 4521 612 4578 Item
635 4521 693 4578 in
718 4525 922 4581 eodem
941 4525 1116 4594 libro,
1137 4543 1266 4599 cap.
1292 4527 1418 4582 38.«
1448 4526 1520 4582 Ut
1538 4525 1731 4582 clerici
1753 4523 1928 4581 eccle-

247 4609 498 4666 siastici
519 4611 740 4668 ordinis
759 4611 808 4668 si
831 4611 1067 4687 culpam
1089 4613 1463 4682 incurrerint,
1485 4615 1639 4687 apud
1663 4613 1930 4670 ecclesia-

247 4697 829 4770 sticosjudicentur,
855 4719 970 4759 non
999 4703 1156 4775 apud
1189 4702 1556 4759 saeculares.»
1569 4703 1714 4760 Item
1743 4702 1804 4758 in
1833 4719 1928 4758 eo-

1997 647 2101 698 aut
2123 645 2419 714 jacturam
2457 643 2772 716 patiantur.
2801 667 2828 695 ››

2071 733 2140 787 Et
2170 733 2276 787 hoc
2307 749 2440 788 cum
2474 733 2604 789 aliis
2645 735 2967 807 capitulum
3021 739 3174 808 quod
3225 739 3512 812 sequitur,
3541 756 3645 797 vos

1999 821 2124 892 ipse
2153 838 2333 877 manu
2355 823 2593 896 propria
2620 823 2680 878 in
2703 823 2840 880 villa
2859 839 2986 896 qua:
3009 824 3224 882 dicitur
3241 827 3498 895 Colonia,
3513 845 3645 884 con-

1997 925 2176 966 sensu
2207 909 2637 984 episcoporum,
2659 916 2715 968 et
2742 913 2986 980 Warini,
3012 931 3078 970 ac
3121 913 3370 971 aliorum
3401 916 3647 988 optima-

2001 1001 2126 1054 tum
2169 1002 2516 1067 vestrorum,
2541 1016 2696 1056 anno
2727 1018 2783 1056 1v
2811 1001 2974 1073 regni
3002 1003 3179 1058 vestri
3229 1003 3642 1072 conﬁt-mustis,

1999 1090 2058 1142 et
2087 1103 2190 1158 per
2228 1086 2542 1144 Ricuinum
2595 1089 2884 1146 Ludovico
2933 1091 3096 1146 fratri
3123 1097 3318 1149 vestro
3351 1086 3598 1148 misistis
3629 1107 3644 1148 ε

2003 1197 2032 1226 ‹‹
2056 1175 2138 1231 De
2159 1175 2378 1232 honore
2398 1176 2686 1246 videlicet,
2701 1183 2758 1234 et
2782 1178 2943 1234 cultu
2963 1179 3084 1250 Dei,
3109 1185 3284 1253 atque
3311 1185 3647 1238 sanctarum

2001 1264 2404 1334 ecclesiarum,
2421 1283 2569 1338 quae,
2595 1271 2828 1324 auctore
2857 1269 2994 1334 Deo,
3009 1269 3119 1325 sub
3141 1269 3360 1328 ditione
3375 1260 3436 1327 et
3453 1269 3650 1326 tuitio-

2001 1369 2076 1408 ne
2098 1351 2402 1426 regiminis
2423 1355 2606 1410 nostri
2625 1357 3393 1431 consistunt,communiter,
3408 1359 3652 1416 Domino

2003 1442 2321 1512 mediante,
2355 1443 2748 1510 decernimus,
2774 1449 2839 1500 ut
2867 1447 3020 1502 sicut
3057 1450 3320 1520 tempore
3345 1448 3528 1503 beatae
3559 1465 3654 1504 re-

2004 1531 2362 1588 cordationis
2381 1532 2579 1588 domni
2604 1549 2672 1589 ac
2692 1534 2972 1607 genitoris
2993 1536 3178 1592 nostri
3199 1535 3440 1592 exculte:
3463 1551 3528 1592 ac
3546 1535 3654 1592 ho-

2003 1625 2242 1687 noratae,
2267 1623 2443 1693 atque
2471 1621 2648 1678 rebus
2679 1623 2973 1696 ampliata;
3010 1625 3263 1692 fuerunt,
3285 1624 3445 1681 salva
3471 1623 3654 1696 aequi-

2003 1710 2144 1766 tatis
2165 1710 2386 1765 ratione
2407 1710 2488 1766 ita
2507 1716 2908 1784 permaneant.
2927 1715 2998 1768 Et
3018 1731 3144 1786 quas
3167 1731 3201 1770 a
3221 1718 3423 1770 nostra
3450 1713 3655 1770 libera-

2006 1799 2168 1854 litate
2200 1799 2567 1856 honorantur
2590 1806 2766 1874 atque
2797 1801 3081 1872 ditantur,
3103 1804 3174 1859 de
3196 1807 3400 1859 caetero
3420 1803 3532 1860 sub
3561 1803 3652 1858 in-

2005 1888 2278 1961 tegritate
2334 1889 2425 1945 sui
2485 1895 2806 1946 serventur.
2841 1891 2912 1947 Et
2943 1893 3216 1948 sacerdos
3247 1908 3313 1950 ac
3360 1893 3509 1949 servi
3555 1890 3654 1948 Dei

2005 1977 2265 2050 vigorem
2293 1978 2756 2036 ecclesiasticum
2780 1983 2838 2036 et
2856 1980 3054 2038 debita
3073 1981 3374 2055 privilegia
3385 1983 3556 2054 juxta
3571 1995 3658 2036 re-

2006 2068 2260 2124 verenda
2279 2067 2688 2125 auctoritatem
2717 2069 3038 2126 obtineant.
3061 2071 3296 2127 Eisdem
3325 2085 3460 2126 vero
3491 2085 3656 2142 rege:-

2008 2155 2082 2212 lis
2123 2160 2402 2228 potestas,
2425 2161 2483 2213 et
2529 2157 2850 2214 illustrium
2879 2159 3136 2216 virorum
3186 2159 3506 2215 strenuitas
3552 2173 3657 2214 seu

2009 2245 2342 2318 reipublicae
2387 2247 2911 2317 administratores,
2941 2253 3010 2304 ut
3035 2251 3436 2320 competenter
3481 2259 3658 2302 suum

2008 2333 2404 2390 ministerium
2436 2336 2675 2408 exsequi
2695 2337 2948 2406 valeant,
2963 2337 3022 2392 in
3045 2335 3322 2392 omnibus
3343 2333 3659 2392 rationabi-

2009 2421 2142 2478 liter
2168 2439 2234 2479 ac
2256 2425 2420 2496 juste
2447 2429 2820 2482 concurrant.
2845 2447 2876 2475 »

2082 2513 2152 2568 Et
2181 2511 2290 2568 hoc
2321 2529 2456 2568 cum
2486 2513 2618 2570 aliis
2637 2513 2963 2586 capitulum
2989 2513 3145 2586 quod
3175 2511 3576 2586 subsequitur,
3597 2511 3660 2567 in

2012 2600 2315 2674 Belgiva’co
2345 2601 2599 2670 civitate,
2638 2619 2794 2658 anno
2823 2620 2882 2660 vr
2911 2603 3076 2676 regni
3103 2603 3280 2660 vestri
3317 2617 3514 2658 coram
3543 2601 3660 2657 Deo

2011 2694 2069 2746 et
2099 2688 2324 2761 angelis
2353 2690 2502 2760 ejus,
2532 2689 2592 2744 in
2624 2691 2739 2746 ﬁde
2785 2695 2844 2746 et
2890 2691 3127 2747 dextera
3152 2694 3362 2762 vestra,
3393 2706 3498 2762 per
3525 2705 3662 2760 spa-

2011 2781 2177 2834 tam'
2202 2781 2456 2834 vestram
2498 2779 2792 2850 jurautes,
2825 2778 2976 2834 sicut
3031 2783 3348 2851 prmsentes
3402 2777 3659 2850 episcopi

2015 2865 2117 2939 qui
2145 2867 2461 2923 adfuerunt
2501 2867 2808 2940 petierant,
2829 2866 2948 2924 illis
2997 2871 3054 2923 et
3101 2866 3324 2923 caeteris
3369 2864 3660 2938 episcopis

2015 2956 2178 3029 regni
2208 2955 2406 3025 vestri,
2423 2973 2488 3012 ac
2512 2955 2953 3013 successoribus
2984 2955 3128 3024 suis,
3153 2959 3212 3011 et
3240 2970 3443 3012 eorum
3474 2954 3661 3011 eccleo

2017 3043 2122 3102 siis
2153 3043 2382 3101 cunctis
2413 3044 2620 3102 diebus
2647 3045 2779 3101 vitae
2801 3048 3008 3102 vestrae
3039 3061 3140 3100 vos
3170 3047 3498 3100 servaturos
3529 3059 3662 3116 pro-

2014 3133 2286 3200 misistis,
2298 3134 2633 3208 petentibus
2651 3151 2699 3190 :«
2716 3133 2898 3206 Utjus
2912 3133 3457 3200 ecclesiasticum,et
3474 3131 3664 3205 legem

2019 3224 2360 3280 canonicam
2391 3223 2562 3280 nobis
2589 3223 2670 3279 ita
2699 3221 3072 3291 conservetis,
3091 3222 3244 3279 sicut
3267 3225 3664 3278 antecessores

1569 3283 1724 3384 S‘Icut
1743 3296 1804 3334 "1
1825 3295 1914 3384 φῖ
1942 3300 1986 3368 C
2017 3311 2334 3384 vestri,qui
2351 3312 2461 3368 hoc
2491 3313 2639 3368 bene
2669 3315 2726 3368 et
2749 3310 3173 3368 rationabiliter
3189 3309 3666 3378 observaverunt,

2010 3403 2180 3474 juxta
2201 3403 2357 3474 quod
2377 3401 2516 3458 sciri
2538 3400 2770 3474 poterit,
2787 3403 2846 3457 et
2865 3401 3022 3457 Deus
3039 3400 3204 3457 vobis
3224 3415 3396 3474 posse
3421 3397 3666 3464 dederit,

2020 3489 2236 3547 nostris
2266 3489 2794 3563 praedecessoribus
2819 3493 3327 3546 conservaverunt.
3351 3509 3381 3538 »

2090 3581 2160 3635 Et
2191 3579 2300 3635 hoc
2329 3596 2464 3635 cum
2505 3578 2636 3636 aliis
2683 3577 3008 3650 capitulum
3057 3579 3212 3650 quod
3264 3576 3665 3649 subsequitur,

2021 3686 2174 3725 anno
2205 3667 2629 3725 Incaruationis
2679 3666 2994 3724 Dominicaa
3041 3683 3236 3723 necem
3283 3667 3344 3722 in
3391 3666 3518 3722 loco
3567 3665 3668 3737 qui

2023 3758 2242 3814 dicitur
2291 3757 2564 3813 Marsana
2621 3772 2758 3812 cum
2815 3755 3098 3812 fratribus
3151 3751 3361 3812 vestris
3390 3751 3669 3812 Waltario

2023 3845 2341 3920 [Lothario]
2363 3851 2422 3902 et
2451 3844 2740 3903 Ludovico
2771 3861 2951 3900 manu
2981 3843 3217 3917 propria
3236 3859 3340 3917 per
3357 3841 3671 3900 consilium

2023 3941 2082 3993 et
2101 3951 2454 3993 consensum
2473 3934 2737 3990 fidelium
2751 3937 3080 3990 vestrorum
3097 3931 3503 3990 communium
3521 3944 3674 3986 com-

2025 4025 2282 4081 muniter
2309 4021 2701 4078 conﬂrmastis
2725 4040 2777 4078 :«
2808 4022 2880 4078 Ut
2909 4022 3095 4078 nostri
3127 4021 3326 4078 fideles
3355 4018 3676 4091 unusquis-

2027 4131 2140 4188 que
2169 4113 2228 4167 in
2263 4128 2369 4168 suo
2417 4111 2619 4166 ordine
2648 4114 2706 4166 et
2745 4113 2902 4166 statu
2929 4111 3210 4166 veraciter
3255 4109 3377 4164 sint
3407 4109 3479 4162 de
3507 4105 3677 4160 nobis

2029 4201 2240 4268 securi,
2261 4194 2401 4272 quia
2448 4199 2678 4254 nullum
2734 4199 2947 4254 abhinc
2975 4197 3037 4252 in
3067 4201 3223 4263 ante,
3248 4199 3447 4252 contra
3487 4193 3676 4265 legem

2029 4294 2086 4346 et
2107 4289 2426 4362 justitiam,
2455 4288 2546 4344 vel
2574 4285 2981 4343 auctoritatem
3011 4302 3077 4340 ac
3113 4286 3341 4356 justam
3372 4281 3676 4347 rationem,

2032 4384 2138 4436 aut
2169 4377 2608 4445 damnabimus,
2643 4379 2746 4432 aut
2793 4374 3310 4440 dehouorabimus,
3345 4374 3446 4427 aut
3483 4369 3680 4443 oppri-

2032 4484 2264 4527 memus
2295 4467 2384 4523 vel
2428 4465 2704 4522 indebitis
2746 4462 3281 4520 machinationibus
3312 4459 3679 4532 afﬂigemus;

2034 4563 2091 4616 et
2121 4558 2378 4623 illorum,
2409 4556 2631 4613 scilicet
2679 4554 2963 4611 veraciter
2992 4551 3163 4608 nobis
3207 4549 3490 4619 fidelium,
3523 4563 3681 4604 com-

1959 4674 2005 4740 D
2036 4646 2202 4703 muni
2231 4645 2496 4716 consilio,
2521 4643 2846 4700 secundum
2891 4642 2994 4698 Dei
3030 4640 3414 4708 voluntatem,
3437 4642 3495 4694 et
3522 4652 3684 4694 com-

2038 4753 2218 4793 mune
2261 4735 2708 4805 salvamentum,
2732 4733 2805 4788 ad
2854 4731 3285 4788 restitutionem
3337 4732 3551 4786 sanctae
3581 4727 3686 4784 Dei

246 4785 1296 4895 ξίθέῗεῖῗθῗίῗῐθαίδ·π’(ίθηίῖιῖῗκίίὲ
1322 4792 1929 4895 θθοθίοτιῖωηῗεξέτυω
2038 4785 3080 4895 Ξοέὶξείὲεῖεἶ’ἐὶέὲιᾉῖἓὲέηῖ,’ἑὲἑά
3113 4785 3394 4877 tamen
3434 4817 3684 4892 regium,

238 4875 656 4933 traditionem
674 4877 943 4936 novimus
962 4895 1052 4936 res
1071 4879 1340 4937 Ecclesiae
1357 4898 1484 4937 esse
1499 4885 1631 4938 vota
1645 4880 1930 4950 fidelium,

237 4963 468 5042 pretia
496 4970 890 5038 peccatorum,
911 4972 968 5025 et
989 4969 1346 5042 patrimonia
1369 4969 1933 5044 pauperum,cuique

239 5071 395 5113 non
429 5053 622 5110 solum
653 5055 857 5113 habita
885 5074 1249 5127 conservare,
1281 5077 1483 5116 verum
1516 5060 1692 5115 etiam
1726 5059 1934 5125 multa,

231 5147 397 5204 Deo
429 5143 776 5217 opitulante,
799 5146 1060 5205 conferre
1089 5153 1385 5222 optamus.
1410 5150 1631 5205 Tamen
1655 5153 1720 5204 ut
1749 5149 1822 5204 ab
1844 5164 1938 5204 ec-

231 5233 651 5304 clesiasticis,
675 5235 748 5290 de
769 5252 886 5292 non
909 5236 1238 5294 dividendis
1271 5239 1447 5295 rebus
1476 5237 1635 5293 illius
1663 5235 1942 5310 suspicio-

229 5339 418 5382 nem
453 5321 678 5379 dudum
710 5329 1054 5398 conceptam
1076 5343 1506 5399 amoveremus,
1530 5325 1850 5384 statuimus
1882 5327 1946 5381 ut

227 5427 477 5484 neque
508 5413 747 5481 nostris,
772 5430 963 5487 neque
1005 5415 1287 5482 ﬁliorum,
1309 5421 1366 5472 et
1397 5417 1514 5472 Deo
1543 5415 1942 5487 dispensante,

2041 4920 2218 4988 atque
2265 4929 2468 4986 pacem
2521 4910 2721 4985 populi
2770 4909 3072 4966 commissi
3121 4908 3292 4966 nobis
3337 4905 3691 4981 pertinentia

2045 5019 2353 5061 assensum
2403 5001 2752 5074 praebemus,
2778 5001 2840 5055 in
2887 4999 2996 5056 hoc
3043 5001 3109 5054 ut
3155 4997 3303 5054 nulli
3350 5000 3467 5052 nun
3497 4993 3688 5050 solum

2045 5107 2162 5148 non
2193 5093 2314 5147 sint
2341 5090 2511 5146 nobis
2535 5089 2998 5146 contradicentes
3019 5091 3076 5144 et
3096 5087 3454 5151 resistentes,
3477 5083 3548 5138 ad
3579 5081 3692 5136 ista

2049 5181 2438 5254 exsequenda,
2469 5195 2673 5237 verum
2703 5179 2881 5236 etiam
2913 5177 2996 5236 sic
3035 5178 3158 5235 sint
3208 5174 3377 5232 nobis
3407 5169 3609 5228 fideles
3639 5167 3698 5226 et

2053 5272 2410 5338 obedientes,
2445 5287 2511 5326 ac
2549 5269 2668 5326 veri
2715 5270 3032 5341 adjutores,
3080 5269 3252 5337 atque
3297 5257 3696 5333 cooperatores

2051 5379 2186 5418 vero
2217 5358 2482 5427 consilio,
2505 5362 2562 5414 et
2592 5357 2819 5414 sincero
2859 5355 3072 5413 auxilio
3113 5354 3184 5409 ad
3223 5351 3338 5408 ista
3373 5349 3702 5424 peragenda

2055 5468 2184 5524 quae
2214 5447 2632 5522 praemisimus,
2655 5446 2810 5503 sicut
2833 5462 2936 5518 per
2957 5446 3179 5499 rectum
3203 5437 3612 5512 unusquisque
3639 5435 3702 5492 in

221 5519 700 5610 3".°°.e§5f’f“.‘.“
748 5508 1086 5610 nostmnfm
1117 5506 1508 5610 temPOS‘b‘fS:
1527 5504 1630 5579 qui
1661 5510 1948 5610 "95tmmv
2057 5504 2165 5596 suo
2187 5504 2389 5596 ordine
2409 5542 2466 5596 et
2493 5504 2674 5610 statu,
2700 5552 2807 5594 suo
2833 5504 3106 5608 principi,
3129 5533 3186 5588 et
3205 5545 3313 5588 suo
3340 5504 3556 5588 seniori
3576 5539 3705 5585 esse

217 5592 369 5656 vel
403 5592 850 5666 progenitorum
889 5599 1225 5654 nostrorum
1252 5595 1611 5654 voluntatem
1645 5594 1732 5654 vel
1761 5611 1948 5654 exem-

347 5731 382 5759 ⁸
411 5718 662 5795 Sputum,
695 5721 856 5794 épée.

623 5847 886 5914 Pusam.
933 5847 1163 5916 CXXV.

2060 5629 2252 5690 debet.
2278 5650 2308 5681 »

3309 5839 3389 5904 34
