3976 6188
394 384 550 448 1067

1150 371 1555 454 lHINCMARI
1601 368 1846 430 RHEM.
1891 365 2040 427 ARC

2153 365 2253 425 2P.
2300 365 2709 427 OPUSCULA
2752 365 3019 426 VARIA.

3638 368 3785 428 1068

464 518 536 573 Et
562 513 672 571 hoc
703 526 839 569 cum
869 508 1000 566 aliis
1028 505 1350 580 capitulum
1375 503 1531 577 quod
1552 499 1955 572 subsequitur,
1978 499 2039 554 in
2068 501 2124 568 Α
2152 497 2226 554 ab
2256 496 2454 570 aliquo
2478 497 2706 569 subripi
2735 497 2940 570 possit,
2962 512 3068 553 nec
3098 513 3133 553 a
3159 513 3510 570 quocunque
3532 498 3692 556 vobis
3718 503 3786 556 de

394 604 617 680 synodo
646 602 803 675 apud
849 595 1186 657 Suessionis
1232 594 1549 656 civitatem,
1582 591 1641 646 in
1690 587 2042 680 monasterio

393 678 583 753 sancti
606 688 888 759 Medardi,
904 704 1057 743 anno
1078 681 1504 741 Incarnationis
1531 679 1845 736 Dorniuicae
1867 678 2045 733 octin-

392 780 722 857 gentesimo
740 774 1227 852 quinquagesimo
1250 772 1421 828 tertio
1441 786 1544 826 vos
1564 771 1897 825 servaturos
1920 782 2048 857 pro-

394 855 537 929 fessi
566 868 709 927 estis
733 886 782 925 :«
807 864 1286 925 Denuntiandum
1316 865 1405 917 est
1433 858 1729 925 omnibus,
1749 861 1806 912 et
1836 873 1870 910 a
1899 855 2041 910 mis-

396 960 481 1018 sis
509 957 728 1016 nostris
757 954 1254 1020 ordinandum,ut
1277 965 1482 1006 omnes
1509 945 1774 1003 Ecclesiae
1805 944 2042 1017 presby-

395 1049 505 1107 teri
534 1047 646 1105 sub
691 1044 1086 1110 immunitate,
1120 1056 1186 1097 ac
1233 1037 1553 1113 privilegio,
1577 1040 1635 1092 et
1678 1033 2044 1091 ordinatione

397 1141 574 1211 atque
601 1133 984 1208 dispositione
1014 1129 1417 1202 episcoporum
1463 1123 1831 1196 singularum
1861 1119 2044 1211 eccle-

397 1210 622 1286 siarum
652 1224 713 1281 in
734 1222 952 1296 quibus
976 1218 1330 1284 consistunt,
1355 1214 1681 1272 secundum
1703 1210 2043 1267 cononicam

399 1313 806 1374 auctoritatem
820 1314 879 1368 et
897 1304 1453 1382 capitulariadomni
1466 1300 1654 1360 Caroli
1673 1297 2044 1372 imperatoris

398 1403 490 1461 avi
519 1400 726 1470 nostri,
749 1403 808 1456 et
837 1398 918 1472 pii
947 1395 1186 1471 augusti
1208 1391 1483 1450 Ludovici
1512 1389 1712 1447 domni
1742 1392 1797 1446 et
1827 1386 2048 1461 genito-

397 1494 482 1553 ris
511 1491 696 1551 nostri
724 1490 1128 1564 permaneant.
1153 1508 1183 1536 ››

467 1583 540 1639 Et
564 1581 677 1639 hoc
704 1578 863 1654 quod
884 1574 1289 1649 subsequitur,
1311 1589 1464 1630 anno
1486 1567 1910 1628 Incarnationis
1941 1567 2048 1623 Do-

389 1670 628 1730 minime
644 1653 1128 1742 octingentesimo
1144 1659 1634 1736 quinquagesimo
1655 1653 2047 1729 octavo,regni

398 1764 597 1819 autem
619 1757 797 1817 vestri
829 1754 1056 1813 decimo
1086 1753 1356 1826 septimo,
1379 1750 1440 1807 in
1470 1746 1758 1806 Carisiaco
1807 1744 2044 1819 palatio,

397 1864 690 1914 consensu
701 1845 1110 1920 episcoporum
1127 1858 1194 1898 ac
1205 1844 1547 1897 ceterorum
1559 1834 1822 1899 fidelium
1834 1837 2048 1890 vestro-

395 1939 759 2010 rum‘sponte
780 1951 959 1991 manu
990 1931 1227 2005 propria
1244 1925 1638 1987 confirmastis
1661 1942 1711 1981 :«
1744 1926 2039 1991 Quantum

393 2025 675 2096 sciero,et
697 2020 1121 2081 rationabiliter
1144 2022 1406 2092 potuero,
1428 2014 1675 2072 Domino
1706 2013 2038 2085 adjuvante.

397 2106 882 2187 unumquemque
907 2113 1169 2168 vestrum
1212 2106 1540 2164 secundum
1570 2119 1745 2159 suum
1775 2100 2041 2157 ordinem

397 2201 695 2259 honorabo
712 2204 772 2257 et
791 2198 1048 2269 salvabo,
1060 2200 1120 2254 et
1146 2195 1499 2252 honoratum
1520 2196 1578 2249 et
1597 2191 1886 2248 salvatum
1908 2189 2043 2247 abs-

398 2306 513 2364 que
533 2288 654 2346 ullo
674 2287 805 2345 dolo
834 2303 903 2344 ac
921 2284 1299 2342 damnatione
1315 2281 1406 2339 vel
1427 2280 1785 2353 deceptione,
1808 2293 2043 2335 conser-

398 2379 569 2437 vabo.
591 2378 664 2434 Et
686 2374 1004 2448 unicuique
1023 2374 1448 2445 competentem
1468 2369 1655 2442 legem
1675 2372 1732 2424 et
1746 2365 2042 2439 justitiam

399 2465 777 2525 conservabo.
808 2465 879 2521 Et
905 2462 1008 2536 qui
1057 2460 1220 2517 illam
1252 2475 1490 2516 necesse
1545 2456 1836 2527 habuerit,
1866 2461 1924 2511 et
1951 2471 2044 2510 ra-

402 2553 760 2612 tionabiliter
807 2551 1058 2626 petierit,
1117 2547 1525 2607 rationabilem
1582 2543 2045 2602 misericordiam

399 2642 674 2713 exhibeo;
701 2642 854 2699 sicut
883 2638 1081 2696 fidelix
1107 2655 1207 2695 rex
1252 2654 1393 2695 suos
1422 2634 1624 2692 fideles
1670 2651 1775 2707 per
1821 2638 2045 2689 rectum

398 2731 685 2789 honorare
713 2733 772 2788 et
798 2729 1043 2797 salvere,
1067 2732 1126 2784 et
1162 2725 1482 2798 unicuique
1510 2726 1937 2797 competentem
1964 2722 2046 2778 le-

397 2836 532 2894 gem
561 2823 620 2876 et
637 2818 936 2892 justitiam
972 2816 1034 2874 in
1064 2832 1419 2890 unoquoque
1447 2812 1651 2870 ordine
1680 2827 2042 2879 conservare,

397 2914 457 2968 et
484 2909 887 2984 indigentibus
905 2912 964 2965 et
985 2906 1411 2965 rationabiliter
1436 2903 1770 2978 petentibus
1800 2902 2048 2959 rationa-

394 2998 575 3056 bilem
595 2996 1058 3056 misericordiam
1081 2997 1252 3053 debet
1281 2994 1648 3068 impendere;
1672 2996 1730 3049 et
1759 3008 1864 3065 pro
1884 2990 2046 3047 nullo

397 3087 637 3146 homine
665 3088 738 3145 ab
768 3087 900 3155 hoc,
923 3090 1214 3159 quantum
1243 3083 1493 3140 dimittit
1527 3083 1788 3138 humana
1824 3078 2046 3155 fragili-

394 3180 508 3246 tas,
533 3193 637 3249 per
664 3176 929 3233 studium
959 3179 1061 3232 aut
1087 3171 1546 3247 malivolentiam
1569 3170 1657 3228 vel
1682 3169 1934 3242 alicujus
1964 3167 2048 3222 in-

2150 588 2222 658 ad
2241 604 2342 643 vos
2361 587 2788 659 pertinentibus
2820 590 3024 643 contra
3052 586 3389 643 ﬁrmitatem
3412 588 3782 660 subripiatur.

2151 675 2424 732 Firmitas
2454 680 2651 732 autem
2680 677 2764 731 ita
2791 693 2854 733 se
2884 676 3098 732 habet:
3126 700 3153 726 ‹‹
3175 677 3422 743 Amodo,
3445 682 3504 733 et
3533 679 3786 750 quandiu

2149 764 2362 833 vixero,
2376 763 2558 820 istum
2580 765 2819 821 fratrem
2836 781 3034 820 meum
3058 768 3290 833 natura,
3303 769 3360 822 et
3374 770 3616 838 nepotes
3635 783 3785 826 meos

2151 858 2380 921 natura,
2404 854 2476 909 ad
2508 852 2610 910 Dei
2637 853 2996 910 voluntatem
3028 857 3086 910 et
3123 859 3339 911 sanctae
3369 856 3499 927 ejus
3528 855 3789 913 Ecclesiae

2151 946 2371 999 statum
2400 946 2457 999 et
2488 942 2770 999 honorem
2811 946 2986 1015 atque
3015 943 3434 1015 defensionem,
3469 950 3527 1002 et
3574 946 3645 1001 ad
3692 963 3791 1002 no-

2152 1036 2335 1089 stram
2358 1047 2731 1089 communem
2755 1032 3005 1088 salutem
3025 1036 3085 1089 et
3103 1032 3405 1102 honorem,
3429 1038 3487 1091 et
3506 1035 3580 1091 ad
3599 1035 3793 1108 populi

2151 1120 2464 1178 Christiani
2496 1121 2666 1177 nobis
2695 1121 2996 1178 commissi
3029 1121 3457 1179 salvamentum
3484 1128 3543 1180 et
3570 1141 3789 1197 pacem,

2152 1214 2210 1266 et
2237 1210 2310 1266 ad
2342 1209 2488 1283 legis
2517 1226 2585 1266 ac
2605 1208 2852 1287 justitia
2884 1213 3061 1283 atque
3090 1215 3258 1267 recte:
3290 1211 3534 1269 rationis
3564 1230 3791 1270 conser-

2152 1299 2463 1366 vationem,
2483 1303 2772 1372 quantum
2802 1299 2948 1356 mihi
2979 1300 3135 1357 Deus
3164 1299 3314 1357 scire
3342 1305 3401 1357 et
3428 1317 3599 1374 posse
3625 1303 3793 1360 dona-

2152 1388 2321 1457 verit,
2335 1392 2392 1443 et
2412 1388 2526 1461 ipsi
2547 1405 2641 1445 me
2663 1388 3053 1459 obaudierint,
3068 1394 3126 1445 et
3145 1407 3180 1446 a
3195 1406 3290 1447 me
3308 1390 3421 1463 ipsi
3437 1390 3789 1463 quaesierint,

2152 1493 2286 1534 vero
2315 1477 2582 1546 consilio,
2610 1482 2667 1534 et
2689 1479 3016 1535 secundum
3038 1482 3107 1536 ut
3130 1478 3278 1536 mihi
3299 1478 3723 1538 rationabiliter
3740 1486 3795 1538 et

2153 1565 2469 1622 salubriter
2497 1567 2780 1640 possibile
2809 1567 3004 1639 fuerit,
3040 1569 3266 1626 sincero
3304 1568 3520 1627 auxilio
3568 1571 3794 1642 adjutor

2153 1671 2272 1711 ero.
2300 1677 2328 1705 ››
2353 1656 2425 1712 Et
2454 1655 2681 1729 reliqua
2697 1668 2739 1713 ι.

2223 1744 2256 1802 J
2261 1744 2384 1801 uris
2400 1748 2594 1802 autem
2611 1745 2991 1803 ecclesiastici
3009 1746 3167 1820 leges
3178 1746 3397 1820 Spiritu
3410 1747 3513 1805 Dei
3531 1750 3791 1817 condite,

2153 1836 2211 1889 et
2229 1833 2418 1906 ipsius
2438 1828 2726 1906 sapientia
2741 1851 2859 1907 qua
2873 1835 3205 1892 conditores
3217 1835 3414 1910 legum
3425 1838 3452 1909 j
3462 1842 3598 1895 usta
3612 1838 3795 1896 decer-

2152 1918 2319 1990 nunt,
2327 1916 2597 1990 decretae,
2612 1922 2832 1995 quibus
2853 1929 3059 1980 sancta
3074 1925 3413 1982 moderatur
3431 1926 3709 1997 Ecclesia,
3720 1933 3792 1995 et,

2153 2015 2219 2067 ut
2249 2015 2491 2068 sanctus
2522 2012 2634 2067 Leo
2666 2012 2831 2084 dicit,
2863 2013 3047 2069 totius
3075 2018 3217 2070 sunt
3243 2014 3450 2071 mundi
3483 2016 3797 2074 reverentia

2150 2105 2520 2167 consecratae,
2562 2117 2710 2173 quos
2768 2101 3059 2175 episcopis
3117 2102 3281 2176 regni
3336 2104 3537 2173 vestri,
3577 2110 3636 2161 et
3689 2096 3797 2162 sibi

2152 2188 2487 2245 commissis
2514 2188 2770 2247 ecclesia:
2799 2207 2902 2248 vos
2940 2195 3273 2248 servaturos
3315 2192 3557 2250 vovistis
3584 2200 3643 2250 et
3669 2212 3798 2267 pro-

2153 2276 2421 2344 misistis,
2467 2277 2790 2335 manifesta:
2837 2283 2997 2335 sunt.
3031 2282 3186 2346 Quas
3216 2281 3320 2353 qui
3368 2297 3485 2337 non
3532 2282 3800 2341 observat

2152 2366 2280 2424 sine
2310 2366 2488 2424 dubio
2516 2370 2721 2424 contra
2748 2367 2851 2425 Dei
2880 2356 3342 2437 voluntatem,et
3369 2376 3586 2428 sancte
3616 2372 3799 2446 ipsius

2153 2454 2422 2512 Ecclesiae
2456 2459 2677 2512 statum
2721 2461 2779 2513 et
2822 2457 3105 2515 honorem
3152 2463 3331 2532 atque
3376 2460 3799 2531 defensionem,

2153 2549 2473 2618 contraque
2500 2562 2669 2603 suam
2700 2544 2974 2614 salutem,
3007 2550 3065 2603 et
3092 2548 3390 2620 justitiam
3420 2553 3600 2623 atque
3626 2551 3803 2608 direc-

2153 2637 2275 2689 tam
2305 2633 2592 2690 rationem
2642 2635 2799 2690 facit.
2823 2636 2905 2691 De
2934 2635 3150 2707 quibus
3178 2635 3407 2710 legibus
3451 2638 3548 2694 hic
3595 2656 3800 2712 pauca,

2153 2726 2211 2779 et
2240 2739 2429 2780 causa:
2457 2724 2611 2781 unde
2653 2724 2848 2797 agitur
2876 2726 3298 2795 convenientia,
3333 2728 3407 2783 ad
3456 2728 3801 2786 memoriam

2153 2816 2407 2868 vestram
2439 2812 2640 2869 studui
2672 2830 2958 2870 revocare.

2229 2922 2258 2952 «
2288 2901 2588 2974 Quisquis,
2610 2901 2803 2974 inquit
2845 2919 3078 2959 sacrum
3101 2902 3565 2979 Carthaginense
3610 2907 3799 2963 conci-

2152 2988 2319 3057 lium,
2335 2990 2766 3064 episcoporum,
2781 2992 3251 3065 presbyterorum
3262 2993 3690 3069 ,diaconorum,
3703 3013 3798 3052 seu

2153 3077 2512 3152 reliquorum
2557 3079 2922 3149 clericorum,
2956 3098 3091 3137 cum
3130 3081 3192 3137 in
3238 3082 3487 3140 ecclesia
3528 3085 3583 3140 ei
3633 3086 3800 3141 fuerit

2155 3168 2378 3225 crimen
2399 3170 2902 3239 constitutum,vel
2923 3170 3108 3228 civilis
3130 3188 3309 3229 causa
3336 3172 3516 3229 fuerit
3544 3189 3797 3229 commo-

397 3238 660 3321 debitum
722 3242 1162 3322 hortamentum
1218 3261 1488 3328 deviaho,
1542 3238 1853 3332 quantumv
1897 3255 2045 3313 mihi
2075 3238 2119 3306 C
2154 3261 2234 3326 ta,
2260 3257 2332 3324 si,
2356 3258 2556 3315 relicto
2586 3238 2979 3316 ecclesiastico
3001 3259 3249 3331 judicio,
3283 3260 3539 3334 publicis
3563 3261 3799 3334 judiciis

396 3353 555 3411 Deus
581 3352 942 3410 intellectum
973 3356 1031 3409 et
1060 3349 1509 3424 possibilitatem
1540 3346 1861 3404 donaverit.
1893 3347 1964 3402 Et
1994 3345 2043 3402 si

391 3457 498 3514 per
523 3440 902 3515 fragilitatem
933 3445 1137 3498 contra
1165 3440 1276 3497 hoc
1297 3439 1443 3495 mihi
1472 3438 1820 3511 subreptum
1846 3435 2042 3508 fuerit,

392 3545 529 3586 cum
572 3530 684 3588 hoc
741 3546 1126 3605 recognovero
1152 3528 1475 3587 voluntarie
1534 3526 1679 3583 illud
1733 3526 2044 3583 emendare

392 3621 633 3679 curabo.
656 3642 686 3672 ››

398 3750 403 3759 .
440 3728 441 3733 π
465 3708 672 3766 Postea
700 3708 876 3764 etiam
906 3707 967 3762 in
996 3705 1135 3763 villa
1164 3707 1407 3775 Breona,
1433 3720 1586 3760 anno
1618 3702 2042 3761 Incarnationis

391 3795 709 3852 Dominieaa
760 3794 1246 3866 octingentesimo
1276 3791 1765 3866 quinquagesimo
1819 3794 2040 3859 octavo,

390 3883 628 3955 quando
685 3898 793 3937 nos
848 3881 1264 3938 transmisistis
1302 3883 1374 3937 ad
1413 3879 2042 3937 excommunicandum

391 3970 631 4027 fratrem
659 3972 1013 4038 vestrum,et
1039 3968 1323 4042 populum
1352 3970 1609 4041 quicum
1641 3985 1708 4025 eo
1737 3985 1914 4042 super
1940 3985 2042 4026 vos

389 4062 647 4129 venerat,
662 4063 729 4115 ut
747 4059 820 4115 ab
845 4058 1115 4115 evasioue
1139 4058 1303 4132 regni
1317 4058 1516 4126 vestri,
1530 4062 1589 4115 et
1608 4058 1892 4114 effusione
1912 4074 2044 4115 san-

390 4148 590 4223 guinis
616 4148 818 4216 vestri,
838 4152 896 4205 et
922 4147 1188 4206 fidelium
1217 4151 1545 4204 vestrorum
1576 4164 1639 4204 se
1678 4147 2039 4216 cohiberent,

386 4237 512 4295 haec
538 4236 681 4294 talia
708 4235 880 4311 plura
905 4253 1007 4294 vos
1046 4240 1377 4294 servaturos
1416 4235 1644 4292 cunctis
1673 4236 1882 4293 diebus
1911 4235 2040 4291 vita;

383 4330 589 4383 vestras
620 4326 792 4383 nobis
837 4330 896 4382 et
923 4324 1198 4382 omnibus
1229 4325 1520 4398 episcopis
1556 4325 1721 4399 regni
1750 4325 1950 4393 vestri,
1984 4328 2042 4381 et

384 4413 651 4472 ecclesiis
680 4414 851 4472 nobis
880 4414 1309 4483 commissis,et
1337 4414 1626 4471 universis
1648 4414 1922 4471 ﬁdelibus
1942 4431 2039 4470 ve-

386 4504 529 4559 stris
557 4503 746 4576 legem
766 4504 1129 4574 etjustitiam
1151 4521 1254 4560 vos
1275 4508 1605 4560 servaturos
1624 4520 1817 4560 coram
1842 4504 1958 4559 Deo
1979 4507 2039 4560 et

2152 3346 2390 3419 purgari
2411 3347 2678 3416 voluerit,
2702 3347 2932 3405 etiamsi
2954 3365 3059 3421 pro
3083 3348 3210 3421 ipso
3232 3349 3411 3406 fuerit
3430 3350 3662 3423 prolata
3682 3367 3800 3407 seu.

2151 3435 2351 3504 tentia,
2377 3433 2572 3491 locum
2603 3453 2779 3493 suum
2827 3437 3079 3505 amittat,
3104 3441 3162 3493 et
3211 3437 3322 3494 hoc
3366 3438 3425 3493 in
3475 3437 3793 3505 criminali;

2151 3524 2211 3579 in
2242 3524 2396 3581 civili
2421 3542 2575 3594 vero,
2603 3526 2810 3598 perdat
2845 3526 3001 3598 quod
3031 3526 3263 3595 devicit,
3286 3527 3336 3583 si
3380 3526 3581 3584 locum
3628 3543 3794 3585 suum

2151 3613 2413 3670 obtinere
2443 3614 2718 3671 maluerit
2736 3615 2782 3670 ι’.
2809 3636 2838 3666 ››

2222 3704 2292 3759 Et
2317 3701 2379 3758 in
2409 3702 2562 3759 beati
2593 3702 2857 3776 Gregorii
2887 3705 3139 3762 decretis
3163 3720 3233 3761 ex
3263 3704 3549 3762 Romanis
3576 3705 3813 3784 legibus.

2150 3792 2318 3848 factis
2330 3792 2627 3849 canonicis
2640 3793 2715 3848 ad
2725 3793 3011 3849 Joannem
3025 3794 3392 3851 defensorem
3414 3794 3790 3851 constitutum

2151 3885 2239 3938 est
2259 3898 2362 3954 pro
2390 3882 2785 3954 qualicunque
2807 3881 2960 3938 civili
2979 3882 3067 3938 vel
3089 3882 3380 3940 criminali
3403 3897 3793 3955 causa,quem-

2150 3988 2383 4042 cunque
2405 3970 2668 4042 judicem
2699 3988 2815 4027 non
2859 3970 3033 4036 licere
3079 3971 3329 4029 invitum
3358 3971 3694 4045 episcopum
3723 3969 3787 4025 ad

2142 4059 2435 4133 judicium
2464 4059 2769 4134 publicum
2797 4077 3129 4134 provocare,
3169 4061 3494 4133 producam
3523 4061 3611 4117 vel
3639 4057 3787 4116 exhi-

2149 4149 2304 4205 bere.
2337 4149 2450 4205 Sed
2496 4149 2610 4206 sia
2637 4148 2845 4206 clerico
2875 4148 2965 4206 vel
3014 4150 3455 4223 aliquocunque
3505 4145 3787 4206 altercatio

2150 4241 2352 4293 contra
2379 4238 2722 4312 episcopum
2771 4242 3009 4312 propter
3037 4239 3366 4311 quamlibet
3406 4255 3645 4295 causam
3673 4238 3784 4301 fiat,

2148 4324 2305 4395 apud
2317 4324 2831 4398 metropolitanum
2844 4325 2930 4382 vel
2947 4325 3259 4398 primatem
3276 4328 3589 4399 provincias
3599 4341 3789 4384 secunc

2147 4413 2289 4468 dum
2321 4418 2558 4470 sanctas
2587 4415 2820 4488 regulas
2846 4432 3085 4472 causam
3107 4415 3366 4486 judicari
3396 4415 3626 4472 debere.
3649 4416 3713 4470 Et
3740 4412 3787 4468 si
3898 4484 3907 4491 0

2147 4502 2285 4574 quid
2311 4502 2596 4574 judicatis
2625 4503 2935 4577 episcopus
2964 4503 3401 4575 contradixerit,
3426 4506 3501 4561 ad
3533 4502 3785 4560 beatissi-

387 4591 612 4665 angelis
640 4592 771 4664 ejus
798 4609 934 4649 cum
964 4592 1239 4666 lacrymis
1279 4592 1510 4665 publice
1539 4593 1786 4666 professi
1817 4593 2032 4650 fuistis.
2065 4607 2113 4671 D
2146 4608 2309 4647 mum
2341 4592 2497 4648 sedis
2529 4593 2802 4649 Romana
2824 4593 3161 4665 pontificem
3196 4610 3379 4650 causa
3410 4595 3706 4650 referatur.
3723 4590 3785 4646 Et

455 4679 739 4737 Caeterum
757 4682 912 4754 apud
924 4681 1042 4738 Con
1050 4682 1476 4753 fluentes,anno
1489 4681 1915 4739 Incarnationis
1930 4683 2037 4740 Do-

383 4768 614 4824 minicaa
657 4769 1144 4843 octingentesimo
1192 4771 1575 4843 sexagesimo,
1617 4770 1866 4827 ﬁrmitas
1906 4788 2034 4843 quae

381 4856 767 4930 subsequitur
783 4857 937 4915 inter
954 4874 1056 4915 vos
1076 4863 1135 4915 et
1156 4858 1393 4915 fratrem
1412 4864 1692 4925 vestrum,
1707 4876 1774 4916 ac
1794 4865 2034 4933 nepotes

379 4949 604 5004 vestros
642 4945 814 5016 facta,
838 4952 1133 5019 est,quam
1168 4946 1384 5003 idcirco
1423 4947 1519 5003 hic
1556 4947 1902 5020 posui,quia
1930 4947 2032 5005 Dei

377 5035 672 5105 voluntas,
691 5036 743 5093 ei
772 5040 987 5093 sanctae
1008 5036 1199 5108 ipsius
1229 5036 1496 5093 Ecclesia:
1522 5040 1731 5105 status,
1760 5042 1819 5094 et
1848 5036 2035 5093 honor

379 5127 557 5198 atque
577 5124 859 5193 defensio,
872 5128 930 5181 et
952 5124 1159 5198 populi
1176 5124 1493 5181 Christiani
1516 5126 1684 5183 nobis
1704 5125 2028 5195 commissi,

379 5213 483 5270 ubi
503 5230 620 5271 non
653 5231 847 5282 sexus,
870 5230 987 5270 non
1009 5213 1286 5287 dignitas,
1302 5231 1415 5271 non
1438 5214 1577 5271 ordo
1609 5216 1913 5288 excipitur,
1936 5232 2026 5272 sa-

377 5302 493 5373 lus,
526 5319 659 5377 pax,
689 5308 748 5361 et
793 5302 942 5376 legis
983 5318 1049 5359 ac
1078 5303 1538 5377 justitiae,atque
1577 5308 1745 5361 rectae
1784 5303 2028 5362 rationis

377 5392 834 5463 oonservatio,et
851 5396 1047 5451 vestra
1070 5392 1405 5451 communis
1434 5393 1596 5449 salus
1625 5397 1683 5449 et
1712 5393 1897 5450 honor
1916 5398 2026 5462 est,

2144 4679 2241 4736 ille
2272 4682 2596 4738 secundum
2620 4699 2872 4739 canones
2902 4686 2960 4738 et
2988 4681 3145 4756 leges
3174 4683 3315 4739 huic
3334 4699 3527 4740 causae
3550 4682 3782 4756 praebeat

2142 4770 2341 4826 finem.
2357 4770 2426 4825 Et
2449 4787 2683 4827 sacrum
2708 4771 3160 4845 Carthaginense
3181 4771 3501 4828 concilium
3524 4768 3777 4835 decrevit,

2142 4864 2207 4914 ut
2228 4882 2255 4909 ‹‹
2281 4860 2564 4932 Quisquis
2585 4860 2995 4933 euiscoporum
3026 4866 3361 4927 accusatur,
3376 4861 3451 4917 ad
3486 4861 3776 4934 primatem

2142 4947 2448 5020 provinciae
2493 4948 2681 5021 ipsius
2724 4966 2965 5005 causam
3013 4950 3235 5006 deferat
3284 4944 3777 5006 accusators.»Et

2141 5036 2441 5094 sanctione
2470 5036 2616 5111 legis
2656 5038 2941 5109 Gratiani,
2961 5037 3356 5094 Valentiniani
3388 5043 3446 5095 et
3485 5031 3772 5094 Theodosii

2140 5126 2471 5199 specialiter
2485 5127 2829 5198 prohibetur
2841 5145 2854 5183 :
2866 5150 2895 5178 (ι
2908 5127 2989 5184 Ne
3008 5126 3143 5200 quis
3160 5127 3375 5183 audeat
3391 5128 3549 5199 apud
3563 5123 3771 5199 judice:

2139 5215 2409 5287 publicos
2436 5214 2777 5289 episcopum
2809 5232 3113 5284 accusare;
3146 5216 3249 5272 sed
3293 5216 3352 5271 in
3385 5215 3767 5289 episcoporum

2139 5304 2498 5362 audientiam
2530 5306 2787 5377 proferre
2818 5323 2935 5362 non
2967 5306 3199 5362 differat
3227 5305 3519 5378 quidquid
3550 5301 3652 5359 sibi
3673 5311 3763 5371 pro

2137 5393 2421 5466 qualitate
2452 5394 2667 5467 negotii
2690 5398 2861 5467 putat
2891 5410 3063 5467 posse
3078 5397 3432 5467 competere,
3453 5396 3521 5449 ut
3548 5389 3602 5447 in
3628 5387 3760 5460 epis-

377 5497 451 5539 ne
470 5498 577 5556 per
593 5481 944 5540 oblivionem
971 5482 1043 5539 de
1061 5482 1156 5540 his
1177 5499 1304 5555 quae
1330 5482 1402 5538 ad
1424 5498 1523 5538 eos
1542 5482 2028 5555 pertinent,vobis
2134 5498 2415 5556 coporum
2438 5481 2689 5539 aliorum
2702 5482 2928 5556 judicio
2951 5500 3079 5558 quae
3100 5482 3313 5542 asserit
3332 5484 3538 5541 contra
3562 5478 3760 5553 episco~

445 5596 470 5662 ξ
499 5587 677 5662 Cone.
710 5588 1191 5662 ap._Conﬂuent.,
1224 5605 1320 5646 an.
1351 5588 1478 5646 860.

447 5655 476 5700 ⁵
504 5657 678 5725 Cone.
711 5655 915 5736 A’fric.,
946 5676 1077 5720 can.
1112 5655 1198 5721 15.

2207 5603 2228 5631 c
2259 5588 2434 5661 Ibid.,
2467 5605 2595 5648 can.
2630 5589 2717 5648 19.
2738 5662 2756 5672 ﬂ
