3976 6188
346 399 502 458 1069

1609 397 1991 458 CAPITULA
2035 395 2500 458 SYNODALIA.

3596 404 3755 465 10⁸70

344 547 488 603 pum
520 527 772 584 debeant
801 527 1051 584 deﬁniri.
1089 549 1116 576 »
1148 528 1217 582 Et
1245 527 1303 582 in
1337 529 1585 584 decretis
1617 530 1766 585 beati
1791 530 1998 602 Grcgo—
2027 532 2080 598 Α
2112 529 2331 586 missus
2363 535 2452 586 est
2480 530 2752 603 populus,
2785 537 2842 586 et
2869 534 3076 589 animae
3108 551 3236 606 quae
3265 534 3422 591 intra
3449 535 3752 592 ecclesiam

346 620 421 676 cii
451 619 524 674 ad
554 617 867 684 Joannem,
895 635 964 674 ex
1002 617 1129 690 lege
1179 617 1462 684 Gratiani,
1493 618 1887 674 Valentiniani
1931 635 1998 674 ac

346 707 660 764 Theodosii
695 708 821 762 :«Et
851 706 907 760 in
942 706 1624 779 privatis,inquit,causis
1659 707 1997 779 hujusmodi

346 798 537 854 forma
568 799 929 865 servetur,ne
951 813 1307 868 quemquam
1332 795 1688 868 litigatorum
1712 795 2001 852 sententia

347 903 465 943 non
499 903 533 941 a
563 902 669 942 suo
693 884 894 957 judice
925 885 1082 941 dicta
1110 885 1492 958 constringat.
1531 909 1558 935 ››
1591 889 1656 941 Et
1704 886 1842 941 item
1868 884 1948 940 ibi
1982 902 1995 940 :

347 1001 376 1028 ‹‹
409 977 660 1032 Necesse
690 979 780 1031 est
812 980 876 1030 ut
905 975 1060 1048 quod
1093 979 1294 1032 contra
1342 975 1502 1048 leges
1531 976 1752 1031 factum
1783 980 1872 1032 est
1901 976 2002 1030 ﬁr-

346 1067 615 1122 mitatem
647 1082 762 1120 non
793 1064 1027 1121 habeat.
1066 1088 1092 1114 ››

419 1157 490 1211 Et
518 1153 978 1227 Carthaginense
1007 1153 1318 1210 concilium
1351 1153 1555 1209 statuit
1586 1170 1600 1208 :
1645 1174 1672 1202 «
1714 1153 1787 1209 Ut
1830 1170 1998 1209 accu-

347 1247 515 1301 satus
546 1242 633 1299 vel
666 1246 973 1300 accusator
1002 1243 1059 1298 in
1093 1260 1158 1299 eo
1193 1243 1316 1298 loco
1349 1243 1502 1298 unde
1533 1247 1622 1298 est
1645 1241 1741 1298 ille
1773 1242 1873 1315 qui
1904 1259 1999 1298 ac-

347 1337 534 1401 satur,
581 1332 776 1388 locum
825 1331 937 1388 sibi
988 1331 1164 1404 eligat
1210 1330 1563 1404 proximum,
1599 1348 1713 1404 quo
1762 1349 1876 1387 non
1926 1331 2003 1386 sit

346 1421 586 1478 difﬁcile
617 1425 800 1477 testes
841 1421 1182 1494 producere,
1215 1420 1316 1475 ubi
1347 1437 1525 1476 causa
1556 1421 1794 1476 ﬁniatur
1817 1435 1896 1476 τι.»
1931 1421 2002 1476 Et

347 1511 475 1586 lege
503 1510 898 1568 Valentiniani
929 1514 1106 1582 atque
1134 1509 1394 1566 Valentis
1426 1509 1774 1579 decernitur,
1809 1514 1875 1565 ut
1911 1509 2000 1564 ul-

347 1606 441 1658 tra
469 1599 777 1674 provincia:
801 1599 1082 1655 terminos
1105 1598 1421 1655 accusandi
1442 1597 1678 1654 licentia
1704 1597 2004 1671 prohibea-

347 1696 464 1748 tur.

421 1781 490 1836 Et
517 1778 857 1836 Africanum
888 1777 1202 1834 concilium
1254 1796 1266 1835 :
1315 1801 1343 1828 «
1389 1778 1493 1834 Per
1539 1777 1864 1850 episcopos,
1914 1778 2001 1832 in-

350 1870 500 1943 quit,
528 1868 761 1941 judices
807 1883 990 1924 causa
1036 1867 1297 1934 ﬁniatur,
1330 1867 1449 1922 sive
1479 1883 1625 1938 quos
1651 1867 1701 1922 ei
1733 1866 2000 1938 (conqui-
2037 1909 2084 1974 Β

354 1959 646 2027 rentibus)
675 1956 957 2030 primates
985 1955 1277 2024 dederint,
1309 1956 1430 2012 sive
1452 1973 1597 2027 quos
1626 1955 1738 2028 ipsi
1783 1955 2003 2011 vicinos

350 2067 420 2104 ex
449 2063 738 2103 consensu
771 2044 1094 2118 delegerint
1124 2051 1167 2101 δ.
1203 2066 1231 2094 ››
1262 2044 1424 2100 Sicut
1455 2043 1512 2098 in
1545 2043 1811 2116 sequenti
1858 2043 2001 2099 arti-

350 2137 485 2194 culo
518 2136 753 2205 dicitur,
775 2134 930 2207 quod
962 2134 1176 2190 servari
1206 2134 1276 2189 de
1307 2133 1502 2189 causis
1534 2132 1590 2187 in
1625 2132 1852 2206 legibus
1874 2150 2006 2188 con-

351 2225 599 2294 stitutis,
651 2225 806 2281 sicut
853 2241 962 2280 sua
1011 2223 1136 2279 loca
1181 2225 1605 2290 demonstrant,
1657 2228 1713 2278 et
1763 2226 2004 2278 sanctus

349 2315 666 2388 Gregorius
695 2312 1053 2370 decrevit.Et
1082 2313 1222 2368 item
1255 2312 1404 2369 sacri
1435 2328 1689 2368 canones
1719 2315 1776 2366 et
1805 2312 2001 2366 decre-

353 2410 415 2462 ta
465 2403 625 2460 sedis
667 2404 940 2460 Romana:
989 2401 1356 2475 pontiﬁcum,
1390 2401 1561 2457 annis
1610 2400 1860 2474 singulis
1901 2418 2004 2473 per

349 2510 652 2564 unamque
681 2491 1039 2565 provinciam
1072 2490 1163 2547 bis
1193 2491 1253 2547 in
1285 2507 1438 2547 anno
1469 2491 1717 2546 concilia
1746 2489 2001 2546 celebra-

353 2601 415 2638 re
447 2581 823 2654 praecipiunt;
876 2584 942 2636 ut
998 2581 1391 2637 communiter
1447 2580 1624 2635 simul
1681 2597 1817 2635 cum
1876 2596 2001 2634 om-

350 2670 528 2727 nibus
579 2670 870 2743 episcopis
919 2670 1308 2743 congregatis,
1343 2670 1651 2742 provincize
1683 2668 2002 2724 discutian-

350 2766 449 2816 tur
477 2760 850 2832 quaestiones,
895 2764 952 2815 et
999 2776 1204 2816 omnes
1235 2758 1638 2816 controversize
1687 2757 2004 2812 dissolvan-

353 2855 472 2906 tur.

422 2940 494 2994 Et
521 2938 660 2994 item
691 2937 841 2995 sacri
873 2954 1126 2994 canones
1151 2937 1495 2994 Antiocheni
1526 2941 1584 2992 et
1611 2937 1999 3009 Gangrenses,

349 3033 529 3101 atque
559 3029 789 3084 decreta
818 3027 975 3084 sedis
1005 3028 1280 3083 Romanae
1311 3026 1653 3099 pontiﬁcum
1677 3027 1910 3096 jubent,
1939 3030 2004 3081 ut

352 3121 525 3186 «Quae
557 3123 696 3175 sunt
721 3117 1160 3184 Eccclesize,sub
1192 3117 1351 3172 omni
1383 3115 1776 3172 sollicitudine
1795 3119 1851 3171 et
1871 3132 2004 3171 con-

2108 623 2552 691 congregantur.
2582 642 2609 668 ››
2640 619 2711 674 Et
2746 637 2758 676 :
2795 644 2823 670 ‹‹
2856 620 3178 695 Episcopus
3225 622 3754 680 ecclesiasticarum

2109 725 2300 763 rerum
2318 708 2529 763 habeat
2550 711 2894 780 potestatem
2918 709 2988 763 ad
3012 709 3468 783 dispensandum
3483 729 3621 786 erga
3636 729 3756 769 om-

2109 814 2212 851 nes
2240 797 2339 868 qui
2367 797 2790 870 indigent,cum
2823 815 3060 854 summa
3092 800 3412 857 reverentia
3444 805 3501 856 et
3543 801 3755 858 timore

2109 885 2550 959 Dei.Participet
2579 890 2774 942 autem
2805 891 2862 942 et
2889 886 3016 960 ipse
3047 887 3261 960 quibus
3290 888 3531 962 indiget,
3565 890 3614 946 si
3664 895 3754 945 ta-

2109 992 2244 1030 men
2274 973 2517 1047 indiget,
2549 979 2672 1030 tam
2721 975 2844 1031 suis
2893 993 3071 1048 quam
3120 977 3367 1032 fratrum
3418 978 3518 1050 qui
3565 979 3638 1034 ab
3689 995 3756 1034 eo

2109 1064 2514 1136 suscipiuntur
2542 1063 2887 1120 necessariis
2914 1063 3121 1122 usibus
3141 1065 3466 1138 profuturis
3480 1083 3521 1121 ο.
3543 1088 3676 1116 ››--‹‹
3697 1066 3758 1122 Si

2109 1153 2244 1226 quis
2275 1157 2472 1209 autem
2502 1153 2825 1210 oblationes
2853 1153 3118 1209 Ecclesiae
3142 1159 3303 1212 extra
3322 1154 3640 1212 Ecclesiam
3661 1172 3757 1211 ac-

2110 1243 2301 1314 cipere
2330 1242 2416 1298 vel
2449 1243 2586 1298 dare
2606 1242 2870 1311 voluerit,
2905 1247 3114 1315 praeter
3143 1243 3562 1300 conscientiam
3606 1243 3758 1317 cpis-

2111 1331 2236 1404 copi
2249 1330 2354 1398 ,vel
2368 1332 2495 1403 ejus
2507 1332 2601 1387 cui
2623 1331 3031 1404 hujuscemodi
3048 1332 3240 1389 ofﬁcia
3261 1334 3579 1390 commissa
3597 1338 3758 1401 sunt,

2112 1437 2216 1476 nec
2247 1437 2380 1475 cum
2404 1422 2532 1492 ejus
2556 1421 2803 1477 voluerit
2830 1437 3000 1493 agere
3025 1421 3608 1489 consilio,anathema
3627 1423 3761 1478 sit.»

2109 1511 2181 1565 Et
2213 1527 2226 1565 :
2266 1531 2293 1560 «
2326 1509 2384 1565 Si
2417 1510 2550 1583 quis
2580 1511 2806 1566 dederit
2848 1511 2936 1567 vel
2985 1511 3271 1584 acceperit
3310 1511 3523 1580 oblata,
3553 1516 3764 1585 praeter

2111 1598 2568 1672 episcopum,vel
2589 1617 2724 1656 eum
2748 1599 2849 1672 qui
2872 1600 3229 1657 constitutus
3253 1603 3342 1656 est
3361 1601 3432 1657 ab
3454 1617 3520 1657 eo
3543 1601 3616 1658 ad
3639 1601 3759 1658 dis-

2112 1689 2476 1760 pensandam
2507 1688 2970 1745 misericordiam
3002 1689 3358 1763 pauperibus
3392 1707 3405 1747 :
3441 1693 3499 1746 et
3517 1689 3619 1762 qui
3641 1690 3760 1758 dat,

2112 1781 2169 1832 et
2200 1777 2298 1850 qui
2331 1777 2560 1851 accipit,
2591 1778 2908 1835 anathema
2934 1779 3014 1834 sit
3037 1782 3081 1834 ἀ.
3118 1801 3146 1829 ››

2183 1867 2246 1934 Ε,
2281 1867 2595 1923 concilium
2627 1868 3096 1924 Chalcedonense
3126 1869 3379 1924 decrevit
3413 1885 3427 1925 :
3453 1890 3481 1920 «
3532 1869 3645 1925 Res
3675 1885 3763 1924 ec-

2114 1956 2474 2012 clesiasticas
2504 1957 2830 2013 secundum
2861 1957 3212 2013 sententiam
3233 1957 3491 2031 episcopi
3534 1958 3764 2032 dispen-

2113 2045 2432 2118 pcnsari,et
2463 2045 2725 2102 redditus
2755 2046 3011 2102 ecclesiae
3042 2047 3290 2103 viduatae
3321 2063 3500 2120 penes
3532 2065 3761 2121 (nconc-

2114 2151 2276 2190 mum
2308 2136 2574 2208 ejusdem
2599 2135 2854 2191 ecclesiae
2888 2136 3146 2208 integros
3176 2136 3470 2192 observari
3502 2151 3544 2194 ο.
3579 2159 3608 2188 ››

2182 2225 2250 2278 Et
2279 2229 2519 2280 sanctus
2550 2225 2884 2297 Stephanus
2914 2242 3066 2298 papa
3086 2231 3144 2281 et
3165 2229 3388 2298 martyr
3408 2225 3760 2298 :«Quidquid

2111 2311 2170 2367 in
2204 2314 2470 2380 sacratis,
2505 2312 2906 2385 loquitur,Deo
2937 2314 3112 2370 rebus
3137 2319 3195 2370 et
3223 2313 3512 2388 episcopis
3540 2314 3760 2386 injuste

2112 2403 2326 2475 agitur,
2359 2420 2463 2475 pro
2497 2401 2799 2475 sacrilegio
2831 2403 3215 2474 reputabitur.
3253 2425 3281 2453 ››

2183 2493 2253 2546 Et
2282 2491 2713 2564 Cathaginense
2744 2491 3057 2547 concilium
3106 2493 3216 2548 sub
3257 2492 3433 2549 Grato
3464 2492 3758 2566 episcopo,

2103 2580 2325 2653 juravit
2356 2585 2422 2635 ut
2453 2603 2480 2630 ‹‹
2517 2581 2573 2635 Si
2610 2580 2741 2652 quis
2773 2584 2992 2637 statuta
3021 2597 3439 2654 supergressus
3487 2599 3762 2654 corrupe-

2112 2670 2207 2736 rit,
2240 2669 2325 2724 vel
2357 2687 2460 2741 pro
2491 2669 2673 2724 nihilo
2705 2669 2975 2725 habenda
3012 2670 3319 2740 putaverit,
3352 2671 3402 2726 si
3434 2669 3620 2727 laicus
3651 2675 3759 2737 est,

2113 2759 2545 2826 communione,
2577 2757 2625 2813 si
2659 2757 2904 2814 clericus
2954 2761 3064 2826 est,
3115 2757 3332 2813 honore
3375 2759 3632 2830 privetur
3660 2763 3696 2814 ί.
3730 2781 3759 2807 ››

2113 2847 2278 2916 Quia,
2313 2851 2377 2902 ut
2407 2851 2646 2903 sanctus
2694 2864 2846 2920 papa
2883 2846 3136 2902 Hilarius
3183 2847 3504 2903 decernens
3551 2846 3693 2902 dicit
3741 2864 3755 2901 :

2116 2938 2274 2993 «Non
2305 2936 2503 2992 minus
2532 2937 2592 2990 in
2624 2940 2960 2992 sanctarum
2989 2935 3375 2991 traditionum
3395 2934 3762 3008 delinquitur

2111 3025 2464 3094 sanctiones,
2493 3043 2670 3098 quam
2701 3025 2762 3081 in
2801 3024 3079 3098 injuriam
3107 3024 3339 3084 Domini
3369 3023 3693 3098 prosilitur.
3729 3046 3759 3075 »

2113 3117 2274 3173 Unde
2303 3132 2540 3173 necesse
2569 3119 2657 3172 est
2686 3119 2751 3170 ut
2781 3133 2907 3188 quae
2931 3116 3093 3186 juste
3121 3116 3178 3170 et
3203 3112 3630 3170 rationabiliter
3659 3130 3759 3169 vo-

349 3207 600 3264 scientia
628 3207 863 3274 bona,et
889 3207 1004 3262 ﬁde
1035 3223 1160 3278 quae
1191 3205 1252 3260 in
1285 3206 1470 3262 Deum
1509 3209 1618 3272 est,
1649 3204 1750 3277 qui
1793 3208 2004 3260 cuncta
2110 3205 2277 3262 vistis
2321 3209 2378 3261 et
2412 3205 2767 3278 promisistis
2812 3204 3060 3261 Domino
3110 3203 3486 3272 conservetis,
3511 3202 3760 3275 jubente

345 3297 684 3352 considerat
704 3296 1050 3368 judicatque
1074 3299 1538 3362 serventur.Quaa
1561 3294 1738 3351 etiam
1769 3295 1999 3367 dispen-
2028 3283 2070 3351 C
2110 3295 2209 3351 Dei
2241 3295 2462 3367 Spiritu
2491 3311 2595 3367 per
2625 3294 2970 3367 prophetam
3005 3312 3018 3362 ;
3064 3294 3265 3362 Vovete,
3315 3301 3368 3350 et
3411 3301 3533 3350 vota
3582 3300 3760 3350 vestra

344 3386 538 3442 sanda
565 3389 704 3442 sunt
725 3385 952 3456 judicio
985 3388 1042 3441 et
1067 3388 1351 3456 potestate
1389 3383 1704 3456 pontiﬁcis,
1729 3383 1824 3440 cui
1846 3400 2000 3439 com-

418 3520 440 3545 ⁸
471 3510 646 3566 Ccnc.
678 3509 879 3577 Afric.,
913 3526 1041 3565 can.
1074 3511 1164 3566 30.

310 3591 323 3601 '
419 3581 446 3618 ³³
477 3582 650 3649 Ibid.,
683 3598 811 3638 can.
842 3584 965 3636 120.

418 3657 441 3684 °
467 3653 643 3709 Cone.
672 3653 966 3721 Antioch.,
1000 3669 1129 3710 can.
1161 3654 1234 3708 24
1265 3655 1322 3708 et
1349 3653 1440 3708 25.

2106 3384 2316 3442 reddite
2345 3386 2579 3440 Domino
2608 3384 2713 3440 Deo
2743 3390 2916 3440 vestro
2945 3384 3118 3455 (Psal.
3154 3382 3337 3455 Lxxv).
3370 3404 3400 3434 «

2177 3509 2202 3548 τι
2233 3509 2406 3565 Cone.
2431 3509 2781 3577 Gangrens.,
2816 3525 2946 3564 can.
2976 3509 3013 3562 7
3039 3512 3096 3564 et
3123 3511 3177 3564 8.

2178 3586 2200 3650 ξ
2230 3581 2404 3636 Conc.
2439 3580 2813 3650 Chalcedon.,
2847 3596 2975 3636 can.
3007 3581 3099 3635 25.

2179 3642 2197 3680 τ
2225 3657 2396 3708 Cone.
2431 3652 2732 3725 Carthag.,
2765 3642 2860 3708 ah.
2891 3653 3018 3722 348,
3052 3668 3181 3707 can.
3217 3652 3304 3708 14.

1924 3919 2195 3989 XIII.

459 4070 1021 4160 CAPITULA
1083 4070 1197 4159 IN
1266 4069 1734 4160 stono
1800 4067 2088 4160 APUD
2156 4070 2245 4159 s.
2313 4071 2799 4160 MACRAM
2871 4072 3004 4156 AB
3077 3997 3667 4157 HINCMARO

1774 4248 2338 4312 PROMULGATA.

1491 4383 1682 4455 (Apud
1717 4383 2036 4453 Labbeum,
2069 4383 2243 4440 Conc.
2277 4386 2421 4441 tom.
2454 4382 2631 4453 VIII.)
2740 4353 2746 4360 .-

349 4617 649 4698 Synodus
678 4637 819 4696 quae
851 4618 966 4677 fuit
995 4622 1136 4677 acta
1167 4617 1335 4696 apud
1367 4622 1647 4677 sanctam
1681 4619 1982 4691 Macram,
2003 4619 2064 4678 in
2097 4619 2234 4679 loco
2267 4618 2635 4697 qui'dicitnr
2664 4615 2920 4698 Finibus
2952 4613 3323 4698 Rhemensis
3351 4611 3682 4698 parochiaa
3703 4623 3767 4688 ⁸;

436 4694 719 4777 tempore
750 4698 1051 4759 Ludovici
1082 4694 1266 4774 regis,
1300 4697 1411 4757 ﬁlii
1446 4699 1740 4758 Ludovici
1774 4700 1981 4759 Caroli
2013 4699 2144 4772 filii,
2180 4694 2365 4760 die—1v
2394 4701 2604 4759 Nonas
2631 4697 2901 4777 Apriles,
2937 4714 3100 4755 anno
3131 4694 3367 4777 Christi
3394 4695 3539 4777 881,
3569 4696 3766 4757 Joan-

436 4781 531 4838 nis
563 4775 744 4857 papze
780 4780 933 4854 Vlll,
967 4797 1134 4839 anno
1175 4795 1263 4852 Ix,
1316 4778 1615 4839 Ludovici
1664 4779 1944 4856 ejusdem
1994 4780 2158 4857 regis
2213 4798 2380 4839 anno
2429 4797 2491 4840 x1
2545 4775 2706 4859 (Imo’
2743 4794 2784 4838 Il
2836 4776 3151 4854 duntaxat,
3203 4785 3268 4835 ut
3319 4775 3459 4838 bene
3492 4775 3771 4838 Sirmon-

436 4859 564 4938 dus)
576 4904 592 4920 .

988 4992 1384 5048 PRIEFATIO.

430 5081 803 5136 Diversarum
835 5081 1269 5153 provinciarum
1299 5082 1580 5154 episcopi,
1613 5098 1862 5153 quorum
1904 5100 2011 5138 no-

353 5170 525 5225 mina
551 5173 826 5225 tenentur
847 5170 1049 5225 subter
1063 5169 1444 5242 ascripta,qui
1462 5175 1596 5227 ante
1620 5172 2014 5242 nequivimus,

354 5258 610 5315 diversis
641 5258 1275 5330 occupationibus,tam
1305 5276 1667 5332 paganorum
1699 5259 2016 5317 infestatio-

355 5347 540 5403 nibus
561 5364 741 5419 quam
766 5364 1076 5420 pravorum
1108 5347 1572 5404 Christianorum
1622 5349 2017 5406 insectationi-

353 5437 496 5501 bus,
531 5435 1028 5510 praapediti,nunc
1064 5452 1216 5492 anno
1251 5437 1668 5492 incarnationis
1703 5437 2015 5494 Dominicis

433 5573 456 5598 ³
487 5559 669 5636 Hodie
699 5561 878 5616 Fimes
906 5560 1184 5636 vocitant,
1216 5561 1454 5636 celebre
1483 5563 1762 5636 oppidum
1797 5568 2015 5636 marty-

353 5631 449 5705 rio
482 5635 540 5686 et
569 5631 731 5705 cultu
766 5638 980 5689 sanctae
1013 5633 1218 5689 Macra:
1242 5631 1698 5705 virginis—Olim
1730 5637 1888 5691 Fines
1927 5631 2018 5690 (Πα-

355 5703 578 5764 cebant
607 5704 748 5779 quia
777 5705 838 5762 in
871 5705 1090 5763 ﬁnibus
1118 5703 1254 5780 pagi
1285 5703 1634 5764 Rhemensis
1664 5709 1721 5763 et
1750 5707 2018 5766 Suessio-

2039 4993 2094 5058 Α
2124 4993 2572 5062 881,indictione
2597 4993 2744 5060 14,1v
2765 4992 2960 5048 Nonas
2979 4990 3225 5064 Apriles,
3241 4991 3497 5049 maxima
3519 4989 3772 5046 necessi-

2122 5085 2239 5138 tate
2257 5081 2728 5154 eompulsi,apud
2748 5082 3094 5154 martyrium
3114 5086 3327 5138 sanctae
3345 5078 3774 5145 Macrm,inloco

2124 5171 2224 5243 qui
2257 5171 2470 5226 dicitur
2491 5171 2730 5226 Finibus
2757 5170 3104 5227 Rhemensis
3133 5168 3506 5242 parochiaa,in
3537 5168 3776 5223 nomine

2125 5260 2340 5316 Christi
2371 5261 2858 5317 convenimus.Ab
2890 5261 3167 5317 omnibus
3197 5257 3297 5330 qui
3320 5258 3483 5328 justo
3503 5259 3560 5313 et
3589 5256 3682 5330 pie
3713 5255 3774 5312 in

2126 5349 2537 5406 communione
2569 5349 2865 5406 catholicae
2905 5348 3194 5416 Ecclesiae,
3247 5362 3374 5418 quae
3423 5345 3637 5403 Christi
3687 5350 3778 5402 est

2128 5457 2358 5512 corpus,
2391 5439 2580 5496 vivere
2611 5439 2833 5509 volunt,
2867 5456 2936 5494 ea
2976 5455 3105 5510 quae
3136 5438 3485 5508 sequuntur,
3527 5436 3776 5494 Domino

2127 5564 2263 5619 nici.
2299 5565 2666 5621 Itinerarium
2697 5568 2862 5621 vetus
2898 5581 2911 5632 ;
2945 5563 3185 5631 Augusta
3231 5562 3551 5619 Suessorum
3596 5565 3775 5622 Fines.

2125 5638 2482 5695 Durocortum
2509 5639 2850 5694 Rhemorum.
2879 5635 3050 5692 Sum.
