3976 6188
322 344 478 410 1073

1563 343 1958 418 CAPITULA
1998 342 2466 406 SYNODALIA.

3581 346 3737 412 1074
3757 377 3773 394 ο

317 479 504 538 nostri
536 477 893 552 consistunt,
915 457 1308 537 communiter
1325 477 1518 536 verbis
1547 478 1676 552 ejus
1700 477 1804 552 qui
1833 476 1979 534 dixit
2003 477 2062 548 Α
2085 475 2439 544 manducare,
2471 479 2530 534 et
2559 479 2786 548 cetera,
2811 477 3030 552 quibus
3067 479 3210 539 dicit
3231 496 3244 538 :
3267 478 3536 540 Discedite
3565 497 3601 538 a
3626 497 3735 550 me,
3763 510 3766 516 ι

318 567 628 643 discipulis
650 573 708 626 et
732 567 1018 643 apostolis
1039 569 1468 642 suis,quorum,
1483 567 1617 625 licet
1638 567 1978 642 indigni,vi-

318 659 486 716 cibus
512 659 572 716 in
605 657 868 715 Ecclesia
896 658 1185 732 sanguine
1205 657 1421 715 Christi
1455 659 1754 732 redempta
1783 657 1979 732 fungi-

319 765 456 805 mur
487 765 500 805 :
538 749 646 817 Qui
673 764 763 804 vos
793 747 951 804 audit
977 765 1064 804 me
1093 749 1276 818 audit,
1308 756 1359 805 et
1389 751 1486 820 qui
1523 765 1611 804 vos
1658 750 1870 820 spernit
1894 764 1980 804 me

317 839 532 912 spernit
559 857 578 892 :
608 854 718 896 non
748 839 898 894 enim
926 853 1017 894 vos
1045 839 1176 894 estis
1211 839 1310 910 qui
1338 839 1653 910 loquimini,
1675 837 1767 894 sed
1796 838 1980 909 Spiri-

320 937 411 985 tus
438 929 626 984 Patris
651 929 818 984 vestri
845 929 946 1001 qui
983 927 1227 1000 loquitur
1254 929 1316 982 in
1343 928 1494 983 vobis
1523 928 1672 996 (Luc.
1697 926 1774 998 x),
1808 927 1978 982 dom-

320 1035 468 1074 num
499 1021 768 1073 nostrum
817 1031 1012 1088 regem
1044 1032 1378 1082 monemus,
1413 1019 1478 1072 ut
1521 1014 1674 1072 sicut
1720 1019 1980 1088 tempore

321 1111 766 1164 antecessorum
783 1122 1028 1162 suorum
1047 1105 1467 1178 imperatorum
1487 1122 1554 1162 ac
1570 1121 1774 1178 regum
1791 1103 1981 1160 excul-

319 1199 393 1252 ιω
415 1199 474 1252 et
497 1195 812 1265 honoratae,
834 1198 1011 1267 atque
1033 1195 1210 1252 rebus
1231 1194 1521 1266 ampliataa
1542 1195 1799 1263 fuerunt,
1819 1192 1980 1250 salva

319 1283 618 1358 aequitatis
648 1283 873 1341 ratione
901 1283 985 1340 ita
1014 1288 1427 1356 permaneant;
1460 1287 1518 1340 et
1547 1299 1673 1355 quae
1704 1299 1812 1338 sua
1843 1281 1978 1338 libe-

317 1373 550 1431 ralitate
579 1372 875 1430 honorata:
921 1376 1097 1445 atque
1146 1373 1340 1429 ditata)
1389 1373 1646 1439 fuerunt,
1669 1371 1742 1428 de
1773 1372 1976 1428 caitero

317 1463 432 1520 sub
491 1460 825 1536 integritate
880 1461 973 1518 sui
1033 1466 1357 1519 serventur.
1392 1463 1462 1518 Et
1517 1461 1872 1530 sacerdotes,
1909 1477 1978 1517 ac

315 1549 468 1610 servi
497 1553 556 1607 et
583 1549 807 1607 ancillae
839 1550 962 1619 Dei,
990 1549 1248 1623 vigorem
1275 1550 1768 1620 ecclesiasticum,
1799 1555 1856 1607 et
1885 1551 1982 1606 de-

315 1642 444 1698 bita
475 1638 798 1714 privilegia,
813 1641 985 1712 juxta
1004 1641 1381 1696 reverendam
1404 1639 1812 1698 auctoritatem
1835 1638 1979 1696 obti-

317 1734 528 1788 neant:
553 1729 754 1803 eisque
773 1728 988 1803 regalis
1009 1733 1353 1802 potestas,et
1373 1729 1698 1786 illustrium
1717 1729 1974 1785 virorum

319 1819 666 1889 strenuitas,
687 1835 792 1876 seu
816 1817 1148 1892 reipublicae
1170 1818 1696 1888 administratores,
1712 1823 1778 1875 ut
1800 1834 1976 1875 suum

323 1909 722 1968 ministerium
772 1913 1169 1983 competenter
1205 1909 1443 1983 exsequi
1471 1908 1721 1978 valeant,
1753 1908 1814 1965 in
1855 1923 1979 1964 om-

325 2000 506 2058 nibus
535 1998 962 2057 rationabiliter
989 2002 1048 2055 et
1067 1999 1231 2072 justo
1262 2001 1631 2056 concurrant.

533 2115 626 2173 IV.
657 2117 734 2173 De
753 2115 1101 2188 suscipienda
1128 2131 1264 2171 cura
1290 2117 1774 2172 monasteriorum.

401 2228 474 2280 Ut
498 2222 665 2280 missi
696 2222 840 2296 regii
864 2239 967 2296 per
985 2222 1268 2290 civitates,
1284 2226 1343 2279 et
1365 2221 1598 2296 singula
1626 2221 1985 2279 monasteria

328 2319 453 2370 tam
478 2312 1110 2384 canonicorum,quam
1142 2311 1590 2380 monachorum,
1611 2311 1730 2368 sive
1759 2311 1982 2368 sancti-

328 2402 703 2471 monialium,
717 2419 834 2458 una
848 2417 982 2457 cum
1004 2400 1276 2474 episcopo
1299 2401 1585 2474 parochias
1609 2401 1984 2473 uniuscujus-

327 2510 564 2566 cunque
602 2492 661 2548 in
694 2509 812 2565 qua
863 2491 1211 2561 consistunt,
1245 2508 1380 2548 cum
1429 2490 1670 2548 consilio
1719 2491 1896 2548 etiam
1929 2496 1988 2548 et

326 2599 624 2640 consensu
643 2581 834 2654 ipsius
862 2581 963 2654 qui
987 2581 1412 2637 monasterium
1440 2581 1668 2649 retinet,
1692 2579 1870 2637 vitam
1903 2581 1984 2638 ibi

326 2671 671 2746 degentium
702 2675 760 2728 et
789 2660 1287 2727 conversationem
1318 2668 1640 2741 inquirant,
1675 2674 1733 2726 et
1761 2668 1860 2726 ubi
1893 2687 1988 2726 ne-

328 2779 494 2819 cesse
525 2764 615 2818 est
643 2761 956 2834 corrigunt,
981 2765 1040 2816 et
1085 2759 1185 2816 ubi
1224 2760 1456 2827 desunt,
1481 2775 1770 2832 congruas
1801 2758 1987 2815 offici-

329 2867 440 2908 nas
470 2853 808 2907 construere
842 2849 1113 2921 jubeant,
1146 2853 1204 2904 et
1245 2847 1342 2904 ubi
1386 2849 1550 2904 factae
1581 2853 1638 2903 et
1668 2864 1770 2920 per
1800 2847 1987 2921 negli-

325 2939 590 3016 gentiam
629 2943 770 2996 sunt
798 2939 1129 3004 destructa},
1152 2936 1469 2994 instaurari
1520 2936 1880 3010 praecipiant,
1933 2941 1992 2993 et

325 3030 554 3086 victum
585 3045 651 3086 ac
681 3031 906 3102 potum,
934 3033 991 3084 et
1027 3025 1304 3093 vestium,
1333 3030 1506 3099 atque
1547 3029 1754 3082 caetera
1784 3041 1990 3082 neces-

328 3118 510 3184 saria,
535 3134 638 3189 pro
669 3115 952 3190 qualitate
983 3121 1041 3172 et
1084 3114 1470 3188 possibilitate
1510 3113 1642 3186 loci,
1667 3117 1724 3170 et
1759 3114 1989 3170 inhabi-

2085 568 2384 635 maledieti,
2409 569 2470 624 in
2502 569 2686 638 ignem
2711 576 2995 638 aeternum,
3016 573 3115 643 qui
3137 579 3366 644 paratus
3389 580 3470 630 est
3496 571 3735 641 diabolo,

2086 666 2138 714 et
2164 659 2374 728 angelis
2404 659 2520 730 ejus
2555 658 2764 728 (Matth.
2787 661 2960 728 xxxx).
2987 659 3132 716 Hinc
3167 675 3303 734 ergo
3340 661 3734 734 colligendum

2088 751 2196 819 est,
2211 751 2432 820 quanta
2452 747 2828 804 damnatione
2847 747 3300 820 plectendi-sunt
3320 751 3421 822 qui
3441 749 3633 808 aliena
3651 768 3734 808 ra-

2088 835 2279 909 piunt,
2303 836 2354 891 si
2377 839 2538 893 tanta
2556 837 3058 895 animadversione
3077 839 3368 896 feriuntur
3386 839 3488 912 qui
3509 857 3618 898 sua
3646 839 3736 898 in-

2089 925 2336 982 discrete
2355 931 2688 982 tenuerunt.
2706 927 3073 1000 Perpendant
3088 944 3204 1000 quo
3221 945 3322 985 eos
3335 928 3552 1001 obliget
3572 933 3737 986 reatu

2089 1031 2181 1072 res
2209 1019 2394 1087 rapta,
2429 1013 2478 1070 si
2507 1013 2610 1070 tali
2651 1016 2891 1088 subjicit
2919 1033 3100 1090 pcenae
3148 1031 3265 1074 non
3309 1017 3529 1074 tradita
3557 1035 3572 1075 :
3607 1033 3738 1091 per-

2088 1104 2348 1178 pendant
2377 1103 2519 1176 quid
2547 1108 2804 1161 meretur
2823 1104 3118 1178 injustiﬁa
3147 1105 3328 1175 illata,
3352 1105 3404 1162 si
3425 1109 3586 1164 tanta
3613 1123 3741 1180 per.

2087 1192 2360 1249 cussione
2391 1193 2570 1267 digna
2586 1198 2675 1251 est
2702 1195 2892 1266 pietas
2913 1211 3029 1251 non
3058 1195 3348 1268 impensa.
3369 1195 3627 1252 Audiant
3654 1213 3742 1252 ra-

2087 1285 2323 1354 ptores:
2354 1283 2443 1342 Vae
2470 1291 2522 1340 et
2547 1285 2644 1356 qui
2677 1284 3018 1356 multiplicat
3063 1301 3175 1342 non
3219 1301 3321 1341 sua
3364 1301 3655 1358 usquequo,
3687 1293 3742 1342 et

2085 1380 2350 1444 aggravet
2377 1380 2566 1428 contra
2595 1389 2654 1430 se
2681 1372 2906 1430 densum
2927 1375 3101 1431 lutum
3123 1373 3345 1447 (Habac.
3367 1378 3454 1444 ιι).
3478 1375 3738 1432 Densum

2084 1459 2280 1518 lutum
2312 1465 2515 1519 contra
2545 1479 2607 1519 se
2651 1477 2984 1536 aggravare,
3018 1467 3108 1520 est
3135 1467 3366 1520 terrena
3407 1462 3574 1520 lucra
3603 1480 3738 1521 cum

2085 1551 2342 1624 pondere
2390 1551 2614 1624 peccati
2643 1551 2968 1608 cumulare.
2997 1553 3256 1610 Audiant
3297 1553 3442 1625 quid
3474 1553 3740 1614 Christus

2085 1639 2242 1697 dicat
2274 1657 2286 1696 :
2324 1641 2466 1710 Quid
2488 1641 2708 1714 prodest
2735 1643 2949 1698 homini
2975 1644 3028 1699 si
3053 1649 3224 1700 totum
3258 1643 3528 1700 mundum
3561 1643 3740 1702 lucre-

2086 1738 2196 1798 tur,
2235 1731 2444 1789 animaz
2471 1747 2594 1789 vero
2636 1746 2757 1789 suae
2801 1731 3185 1788 detrimentum
3211 1733 3344 1804 ﬁat?
3371 1733 3576 1805 (Matth.
3599 1738 3742 1803 xw.)

2088 1820 2150 1876 Id
2181 1825 2290 1890 est,
2316 1820 2457 1894 quid
2487 1823 2726 1895 prodest
2754 1821 3064 1893 homini,si
3087 1826 3275 1879 totum
3307 1823 3462 1896 quod
3492 1827 3655 1880 extra
3678 1841 3742 1880 se

2091 1913 2181 1967 est
2209 1915 2544 1985 congregat,
2573 1910 2622 1968 si
2649 1911 2760 1968 hoc
2789 1911 2982 1970 solum
3014 1913 3168 1984 quod
3201 1912 3326 1986 ipse
3345 1917 3436 1970 est
3463 1913 3742 1969 damnat?

2089 1999 2352 2055 Audiant
2371 2001 2528 2072 quod
2559 1999 2660 2056 illa
2689 2016 2817 2072 quae
2863 2001 3101 2072 rapiunt
3127 2000 3187 2056 in
3217 1999 3326 2057 hoc
3357 1999 3570 2058 saeculo
3599 2001 3741 2057 defi-

2092 2087 2684 2156 cient,autinsa:culo
2697 2088 3013 2157 dimittent,
3029 2091 3130 2147 sed
3143 2106 3342 2148 secum
3361 2091 3434 2146 ad
3450 2089 3742 2163 judicium

2093 2193 2304 2234 causas
2334 2176 2573 2250 rapinae,
2608 2177 2665 2234 id
2697 2182 2787 2236 est
2814 2179 3252 2236 damnationem
3297 2195 3496 2236 secum
3535 2179 3741 2234 ferent.

2090 2265 2351 2322 Audiant
2370 2265 2509 2338 quid
2541 2267 2824 2339 propheta
2844 2268 3026 2325 Isaias
3046 2268 3189 2324 dicit
3211 2285 3224 2324 :
3251 2270 3463 2340 Rapina
3483 2269 3744 2340 pauperis

2095 2355 2155 2410 in
2183 2355 2340 2412 domo
2372 2363 2547 2412 vestra
2574 2359 2706 2426 (Isa.
2728 2361 2836 2425 ιιι).
2859 2357 2930 2412 Et
2960 2374 2973 2412 :
3011 2359 3188 2413 Causa
3211 2358 3398 2414 vidua:
3424 2373 3534 2412 non
3565 2358 3748 2426 ingre-

2092 2444 2246 2501 ditur
2275 2445 2347 2501 ad
2375 2461 2462 2501 eos
2494 2446 2627 2517 (Isa.
2657 2445 2717 2518 1).
2748 2446 2820 2502 Et
2853 2463 2866 2503 :
2900 2447 3014 2503 Non
3045 2446 3304 2518 despiciet
3329 2447 3592 2504 Dominus
3617 2462 3746 2518 pre-

2093 2551 2176 2591 ces
2200 2535 2428 2606 pupilli,
2459 2551 2556 2591 nec
2602 2535 2844 2603 viduam,
2876 2537 2930 2592 si
2963 2535 3209 2608 effundat
3255 2536 3527 2608 loquelam
3572 2536 3746 2605 gemi-

2095 2631 2201 2679 tus.
2234 2624 2423 2680 Nonne
2451 2624 2717 2695 lacryma:
2750 2624 2936 2682 vidua:
2965 2624 3035 2680 ad
3058 2625 3353 2681 maxillam
3399 2624 3750 2692 descendunt,

2095 2719 2146 2769 et
2173 2712 2506 2768 exclamatio
2533 2713 2653 2783 ejus
2702 2729 2866 2784 super
2891 2713 3238 2769 deducentem
3265 2715 3399 2769 eas?
3427 2713 3466 2767 A
3514 2715 3757 2770 maxilla

2096 2802 2246 2856 enim
2272 2799 2573 2857 ascendunt
2599 2817 2770 2872 usque
2800 2799 2872 2855 ad
2902 2801 3116 2866 ctelum,
3148 2808 3201 2858 et
3230 2802 3503 2857 Dominus
3530 2802 3756 2858 exaudi.

2099 2896 2182 2946 tor
2226 2905 2332 2946 non
2391 2889 2748 2946 delectabitur
2803 2890 2864 2944 in
2909 2889 3027 2945 illis
3057 2889 3244 2961 (Ecdi.
3279 2891 3468 2959 xxxv).
3499 2890 3756 2948 Audiant

2100 2977 2240 3051 quia
2267 2977 2327 3034 in
2359 2979 2530 3050 cujus
2551 2979 2726 3034 domo
2747 2977 2952 3051 rapina
2971 2982 3080 3047 est,
3106 2978 3225 3035 sive
3253 2977 3314 3034 in
3345 2978 3518 3035 domo
3547 2995 3754 3052 corpo-

2101 3066 2203 3132 ris,
2235 3067 2359 3123 sive
2407 3067 2465 3122 in
2517 3067 2692 3123 domo
2730 3066 3076 3135 mansionis,
3112 3083 3228 3124 nou
3277 3065 3505 3123 habitat
3544 3067 3606 3122 in
3653 3065 3758 3124 illa

2101 3155 2275 3212 domo
2296 3154 2549 3228 Spiritus
2571 3159 2832 3222 sanctus,
2855 3156 2955 3212 sed
2985 3155 3228 3228 spiritus
3255 3153 3553 3228 malignus
3578 3171 3591 3212 :
3614 3159 3673 3212 et
3701 3173 3756 3230 si

327 3209 564 3261 tantum
596 3203 945 3261 necessitate
973 3203 1243 3260 ordinent
1290 3208 1347 3260 et
1383 3203 1491 3260 hos
1535 3202 1849 3260 italitatem
1879 3220 1978 3260 su-
2103 3202 2549 3254 “”’“.”¹”””““’
2571 3202 2832 3256 ”““’“ῖ’“”
2857 3202 2955 3212 ”““
2985 3202 3227 3256 “²’“’ῖ“”
3255 3202 3553 3256 ’“”“’“⁰’ἶ““ῒ
3578 3202 3591 3212 ’
3617 3202 3672 3212 ⁷⁷
3702 3202 3756 3255 ’ῖι

330 3292 792 3318 *ψη-,ηηημ
820 3293 1117 3318 ,_M_,,__
1161 3297 1211 3318 Α,
1236 3220 1622 3318 ζμηιεξηκ
1659 3309 1980 3318 ηηηη,
2013 3231 2062 3302 C
2103 3245 2411 3302 acceditad
2432 3258 2904 3302 communionem
2923 3261 3182 3318 corporis
3197 3249 3256 3301 et
3271 3244 3758 3318 sangmmsChri-

330 3292 798 3368 pervenientium
819 3293 1143 3366 hospitum,
1158 3297 1216 3349 et
1235 3293 1625 3365 receptionem
1659 3309 1986 3366 pauperum

329 3383 557 3440 ibidem
597 3383 915 3456 disponant
959 3386 1018 3438 et
1065 3382 1340 3438 ordinent
1373 3399 1386 3438 :
1421 3387 1481 3438 et
1525 3381 1894 3448 thesaurum,
1927 3398 1994 3438 ac

331 3472 704 3539 vestimenta,
753 3487 858 3528 seu
913 3471 1096 3528 libros
1155 3471 1467 3544 diligenter
1522 3471 1890 3538 imbrevient,
1936 3475 1996 3527 et

331 3564 540 3620 breves
563 3561 683 3636 regi
705 3565 1023 3634 reportent.
1045 3560 1399 3616 Imbrevient
1419 3559 1561 3632 quid
1584 3559 1994 3632 unusquisque

331 3649 718 3708 ecclesiarum
747 3648 1287 3724 praelatus,quando
1313 3647 1714 3722 praelationem
1737 3647 1994 3706 ecclesia:

331 3739 618 3813 suscepit,
653 3739 734 3795 ibi
766 3739 1070 3809 invenerit,
1094 3743 1151 3795 et
1182 3738 1324 3810 quid
1357 3738 1530 3794 modo
1560 3738 1766 3794 exinde
1796 3737 1995 3794 minus

333 3827 530 3896 sit,vel
543 3828 684 3900 quid
705 3832 764 3884 et
783 3832 1071 3900 quantum
1087 3827 1167 3883 sit
1185 3827 1652 3900 superadditum.
1670 3827 1994 3883 Numerum

333 3918 517 3976 etiam
561 3916 1080 3985 canonicorum,et
1125 3917 1572 3983 monachorum,
1606 3916 1724 3972 sive
1775 3914 1994 3972 sancti-

335 4006 710 4074 monialium,
734 4005 1207 4078 uniuscujusque
1257 4005 1368 4062 loci
1411 4004 1764 4073 describant,
1787 4007 1844 4060 et
1874 4003 1992 4078 regi

336 4097 596 4152 referant
627 4112 642 4151 :
675 4097 1002 4152 secundum
1044 4094 1388 4168 qualitatem
1419 4093 1551 4162 loci,
1586 4109 1720 4149 cum
1752 4092 1995 4149 consilio

334 4184 748 4258 episcoporum
773 4187 830 4241 et
860 4183 1125 4240 ﬁdelium
1148 4199 1414 4250 suorum,
1437 4182 1537 4239 ubi
1570 4181 1762 4237 minor
1790 4197 1995 4237 nume-

337 4292 446 4331 rus
474 4273 672 4343 fuerit,
703 4273 866 4346 regia
909 4272 1254 4330 auctoritate
1292 4273 1543 4328 addatur
1587 4271 1685 4327 ubi
1718 4287 1850 4326 vero
1901 4271 1995 4326 in-

337 4362 693 4420 discretione
723 4361 1097 4434 praelatorum
1138 4361 1514 4434 superfuerit,
1546 4361 1617 4416 ad
1658 4377 1996 4416 mensuram

337 4453 661 4526 redigatur.
681 4452 750 4508 Et
769 4450 1022 4524 qualiter
1039 4449 1408 4506 abbatiarum
1432 4448 1672 4522 praelati,
1687 4453 1744 4506 et
1763 4449 1823 4504 in
1855 4447 1998 4505 locis

338 4542 532 4600 sacris
563 4540 982 4608 inhabitantes,
1007 4541 1078 4595 de
1099 4538 1192 4596 his
1213 4557 1340 4612 quae
1364 4537 1530 4594 missi
1553 4537 1696 4611 regii
1718 4555 1999 4611 pracepc-

339 4631 483 4700 rint,
510 4629 852 4698 obedicrint,
886 4629 1008 4702 regi
1037 4627 1489 4703 diligentissime
1527 4631 1584 4684 et
1631 4625 1996 4700 capitulatim

340 4721 559 4779 referre
588 4723 919 4793 procurent.

435 4835 504 4891 V.
537 4837 612 4893 De
643 4837 860 4908 rapinis
889 4835 1282 4908 compescendis
1310 4844 1362 4892 et
1391 4852 1527 4907 pace
1555 4835 1905 4892 restituenda.

421 4941 706 5013 Raptores
733 4945 954 5011 autem,
987 4957 1102 4996 non
1154 4939 1372 4998 nostris
1418 4940 1630 5009 verbis,
1655 4941 1758 4997 sed
1786 4940 2001 4997 Christi

345 5034 408 5087 et
439 5033 779 5086 sanctorum
809 5029 960 5101 ejus,
983 5029 1239 5102 quicum
1270 5028 1369 5086 illo
1399 5029 1460 5085 in
1483 5029 1626 5086 ccelo
1657 5033 1923 5103 regnant,
1947 5034 2005 5086 et

345 5119 412 5176 in
443 5117 614 5174 terris
647 5117 949 5174 miraculis
976 5123 1304 5188 coruscant,
1329 5119 1674 5176 auctoritate
1694 5120 1882 5192 ipsius
1903 5120 2005 5192 qui

349 5206 545 5276 nobis,
560 5206 697 5264 licet
717 5207 998 5282 indignis,
1017 5207 1079 5264 in
1101 5207 1380 5282 apostolis
1401 5209 1528 5266 suis
1545 5209 1721 5265 dixit:
1743 5210 2008 5278 Quaecun-

348 5313 458 5370 que
475 5298 844 5369 alligaveritis
868 5315 1032 5370 super
1055 5307 1277 5366 terram,
1299 5307 1462 5355 erunt
1481 5300 1650 5371 ligata
1667 5307 1718 5354 et
1735 5301 1798 5355 in
1815 5299 1965 5354 oculis
1987 5317 2006 5355 :

347 5395 401 5443 et
436 5401 564 5458 qua:
591 5389 862 5446 solveritis
901 5405 1067 5461 super
1095 5397 1318 5456 terram,
1350 5398 1510 5446 erunt
1538 5389 1714 5445 soluta
1743 5397 1794 5445 et
1821 5391 1882 5444 in
1905 5406 2007 5446 ca:-

351 5476 428 5532 lis
457 5475 661 5546 (Matth.
685 5482 867 5548 xvm),
900 5495 1232 5546 monemus,
1265 5482 1322 5534 et
1363 5479 1449 5535 eis
1477 5479 1652 5535 verba
1681 5477 1867 5551 ipsius
1897 5479 2009 5536 Do-

355 5564 504 5622 mini
547 5565 936 5638 inculcamus,
963 5586 1112 5641 quae,
1137 5568 1250 5624 nisi
1302 5585 1365 5624 se
1411 5568 1782 5633 correxerint,
1815 5569 1874 5624 in
1923 5586 2014 5626 ex-

355 5658 548 5710 tremo
567 5655 794 5727 judicio
826 5657 1066 5715 audient
1101 5675 1113 5714 :
1143 5659 1383 5725 Esurivi,
1411 5666 1464 5714 et
1487 5675 1599 5715 non
1626 5657 1848 5715 dedistis
1872 5659 2014 5714 mihi

2103 3333 2178 3390 sti
2209 3338 2342 3390 ante
2373 3334 2616 3407 dignam
2647 3333 3130 3401 satisfactionem,
3153 3351 3270 3390 non
3303 3333 3626 3391 mandatur
3652 3349 3786 3406 per.

2102 3421 2266 3480 illam
2295 3423 2771 3480 communionem
2813 3441 2845 3479 a
2885 3428 3140 3496 peccato,
3173 3423 3276 3480 sed
3313 3421 3569 3496 plenius,
3600 3421 3757 3479 sicut

2101 3512 2308 3580 Judas,
2333 3513 2568 3583 quando
2597 3511 2656 3567 in
2691 3529 2855 3568 coena
2885 3512 3096 3584 plenus
3125 3511 3330 3586 rapina
3357 3515 3416 3568 et
3445 3510 3756 3584 iniquitate

2103 3600 2538 3656 communicare
2559 3601 2936 3673 praesumpsit
2959 3601 3032 3657 de
3059 3613 3240 3657 manu
3261 3599 3496 3669 Christi,
3524 3617 3754 3673 posses-

2104 3706 2208 3746 sus
2223 3693 2313 3746 est
2332 3707 2368 3745 a
2387 3688 2810 3746 diabolo.Unde
2831 3693 2890 3746 et
2909 3707 3234 3762 suspensus
3256 3689 3482 3763 crepuit
3501 3689 3753 3758 medius,

2103 3784 2161 3836 et
2191 3779 2336 3836 abiit
2363 3777 2424 3834 in
2456 3777 2650 3835 locum
2677 3796 2875 3846 suum,
2899 3779 2955 3836 id
2983 3783 3074 3836 est
3099 3779 3223 3836 suis
3249 3778 3476 3836 meritis
3495 3777 3756 3852 acquisi-

2103 3866 2536 3938 tum,videlicet
2557 3868 2617 3923 in
2641 3867 2834 3941 ignem
2857 3873 3176 3925 aeternum:
3205 3867 3344 3941 quia
3363 3885 3499 3924 cum
3518 3866 3758 3925 intravit

2105 3961 2344 4014 sanctus
2398 3957 2568 4030 panis
2626 3958 2686 4012 in
2745 3957 2984 4030 plenum
3017 3958 3089 4014 de
3118 3957 3428 4030 iniquitate
3469 3960 3752 4027 ventrem,

2105 4047 2346 4103 intravit
2400 4045 2588 4102 hostis
2634 4046 2938 4118 antiquus,
2979 4046 3081 4118 qui
3127 4045 3341 4102 dicitur
3383 4045 3654 4104 diabolus
3699 4049 3758 4102 et

2105 4137 2376 4201 Satanas,
2408 4135 2468 4190 in
2513 4134 2807 4190 crudelem
2838 4139 2895 4190 et
2934 4134 3177 4204 impiam
3231 4138 3509 4190 mentem.
3539 4135 3609 4190 Et
3656 4133 3756 4190 ille

2105 4225 2284 4293 enim,
2317 4224 2470 4280 sicut
2501 4224 2687 4280 Judas
2735 4222 2978 4278 tradidit
3006 4221 3305 4277 Christum
3352 4220 3756 4292 peccatoribus

2104 4313 2356 4381 Judzeis,
2416 4313 2498 4368 ita
2552 4311 2760 4384 plenus
2820 4307 3044 4382 rapinis
3099 4313 3158 4364 et
3210 4307 3522 4380 iniquitate
3575 4307 3757 4364 tradit

2107 4403 2407 4460 Christum
2439 4400 2842 4475 peccatoribus
2875 4397 3158 4456 membris
3187 4397 3334 4467 suis,
3366 4396 3468 4468 qui
3496 4395 3641 4453 illud
3674 4397 3758 4452 in-

2106 4491 2450 4551 aestimabile
2477 4489 2710 4547 Domini
2743 4505 2954 4561 corpus
2972 4486 3189 4544 violare
3222 4486 3548 4560 przesumit.
3579 4487 3650 4542 Et
3674 4503 3756 4542 va

2107 4582 2192 4638 illi
2225 4579 2586 4652 homini,qui
2609 4579 2679 4634 ad
2714 4593 2978 4634 mensam
3011 4576 3240 4633 Domini
3273 4575 3570 4650 malignus
3589 4593 3758 4634 acce-

2108 4671 2213 4740 dit,
2230 4670 2329 4744 qui
2348 4667 2578 4725 insidiis
2595 4670 2788 4724 mente
2808 4665 3184 4739 conditis,qui
3201 4665 3540 4738 praeordiis
3552 4665 3760 4738 rapina

2105 4765 2207 4819 aut
2234 4759 2430 4832 aliquo
2461 4757 2675 4815 scelere
2706 4755 2946 4829 pollutis
2975 4755 3385 4828 mysteriorum
3415 4753 3630 4812 Christi
3670 4772 3760 4811 se-

2107 4849 2282 4907 cretis
2313 4847 2662 4922 participare
2708 4861 2822 4902 non
2874 4843 3101 4900 metuit.
3131 4843 3228 4900 Vae
3255 4842 3362 4899 'illi
3408 4843 3657 4908 homini,
3689 4843 3760 4898 de

2111 4957 2227 5012 quo
2257 4939 2451 5009 Jesus,
2475 4936 2577 5009 qui
2621 4934 2905 4992 altaribus
2935 4933 3326 4990 sacrosanctis
3358 4932 3512 4988 inter
3555 4930 3763 4986 immo.

2111 5029 2379 5095 landum,
2411 5029 2612 5098 utpote
2666 5023 2968 5098 proposita
3015 5026 3464 5080 consecraturus
3493 5033 3758 5086 munera,

2113 5119 2320 5176 adesse
2349 5133 2463 5172 non
2494 5115 2817 5185 dubitatur,
2841 5113 3173 5171 astantibus
3195 5110 3307 5168 sibi
3338 5107 3628 5165 ministris
3647 5123 3761 5164 cte-

2114 5207 2364 5265 lestibus
2393 5204 2559 5278 queri
2586 5203 2832 5278 cogitur,
2857 5203 3012 5276 quod
3055 5201 3114 5257 in
3155 5216 3319 5256 caena
3354 5195 3663 5270 discipulis
3691 5196 3764 5253 de

2113 5296 2268 5354 Juda
2301 5294 2484 5352 dixit:
2513 5294 2664 5362 Eece,
2696 5291 2992 5364 inquiens,
3022 5304 3218 5345 manus
3248 5287 3509 5344 tradauis
3536 5301 3624 5341 me
3649 5301 3764 5341 me-

2115 5403 2240 5442 cum
2275 5391 2355 5441 est
2391 5385 2451 5439 in
2488 5400 2676 5440 mensa
2695 5383 2848 5453 (Luc.
2871 5382 3029 5447 χχιι).
3055 5379 3124 5433 Et
3152 5395 3233 5433 va:
3261 5374 3348 5431 illi
3379 5376 3451 5431 de
3479 5391 3597 5447 quo
3625 5373 3769 5430 dicit

2119 5473 2335 5532 Paulus
2364 5472 2664 5547 apostolus
2694 5471 2850 5543 quod
2881 5465 3050 5540 quasi
3095 5462 3334 5538 speciali
3376 5462 3676 5538 privilegio
3707 5464 3766 5520 in

2119 5584 2284 5623 omna
2311 5563 2544 5622 Domini
2578 5560 2812 5634 quando
2861 5559 2984 5613 htBC-
3025 5559 3165 5612 sunt
3210 5553 3428 5611 tradita
3466 5553 3764 5626 legimus:

2124 5657 2440 5727 Quicunque
2478 5651 2769 5709 manducat
2812 5663 3013 5718 panem
3057 5646 3223 5710 hunc,
3255 5652 3352 5702 aut
3393 5645 3617 5702 calicem
3663 5644 3768 5701 Do-
