3976 6188
248 349 404 412 1075

1018 349 1400 414 HINCMARI
1445 349 1690 412 RHEM.
1739 349 2106 413 ARGHIEP.
2152 349 2570 415 OPUSGULA
2615 349 2876 413 VARIA.

3509 346 3668 410 1076

246 481 560 576 minibibit
587 479 833 576 indigne,
857 477 1136 555 judicium
1169 485 1281 540 sibi
1322 483 1618 542 manducet
1653 493 1704 541 et
1743 485 1896 556 bibit,
1932 484 1984 552 Α
2009 493 2107 542 aut
2135 485 2369 544 adulter.
2401 492 2498 542 aut
2538 500 2735 576 rppax,
2767 490 2864 541 aut
3202 488 3447 576 esu-cum
3475 481 3671 576 (injus-

248 589 360 630 non
385 571 720 645 diiudicans,
749 569 808 628 id
840 576 931 628 est
962 589 1079 628 non
1121 572 1460 630 discernens
1493 591 1526 629 a
1555 573 1703 631 cibis
1733 578 1902 631 cate-

251 660 354 730 ris,
375 677 571 735 corpus
617 663 842 719 Domini
869 662 917 734 (Ι
935 661 1056 718 Gor.
1079 661 1158 735 x1)
1183 679 1196 718 :
1223 661 1326 718 sed
1381 663 1465 720 sic
1515 664 1586 719 ad
1635 681 1902 720 mensam

252 750 485 818 Domini
505 749 732 808 accedit
752 751 881 808 sine
902 751 1223 808 reverentia
1241 756 1298 808 et
1316 751 1526 810 timore
1549 753 1619 809 de
1649 752 1904 824 peccatis

252 839 400 910 suis,
425 839 580 897 sicut
604 839 774 896 laetus
803 839 1044 909 accedit,
1069 842 1304 914 quando
1335 841 1531 898 socius
1561 859 1708 898 suus
1735 841 1904 899 illum

251 929 428 1005 plena
455 945 664 986 mensa
691 929 882 1002 pascit
917 929 990 986 de
1027 930 1250 1003 rapinis
1281 929 1426 986 suis.
1459 932 1530 986 Et
1559 932 1715 1004 quod
1749 932 1903 988 idem

253 1019 398 1077 dicit
422 1018 774 1092 Apostolus:
797 1019 918 1076 Ideo
947 1020 1092 1075 inter
1119 1036 1210 1075 vos
1247 1021 1413 1076 multi
1453 1022 1685 1092 inﬁrmi,
1714 1031 1764 1077 et
1797 1023 1904 1077 im-

257 1109 492 1178 becilles,
519 1115 571 1165 et
592 1107 891 1177 dormiunt,
917 1106 982 1163 id
1005 1111 1095 1163 est
1125 1109 1480 1178 moriuntur,
1508 1111 1676 1166 multi
1701 1110 1900 1183 (ibid.).
1925 1159 1928 1164 .

256 1197 376 1254 Hoc
398 1199 762 1254 monstratur
775 1195 832 1251 in
851 1195 1114 1269 exemplo
1131 1197 1202 1253 de
1217 1197 1663 1256 inﬁrmitatibus
1679 1202 1737 1256 et
1757 1217 1906 1255 mor-

255 1287 418 1343 tibus
437 1285 838 1358 corporalibus
865 1283 1218 1358 aliquorum,
1247 1288 1403 1360 quod
1433 1288 1501 1343 ﬁt
1527 1288 1584 1344 in
1615 1289 1816 1346 anima
1845 1290 1906 1346 in

257 1373 624 1450 spiritalibus
645 1372 1090 1431 infirmitatibus
1114 1378 1290 1448 atque
1320 1377 1610 1432 mortibus
1641 1378 1906 1435 omnium

257 1464 780 1523 irreverendorum.
814 1463 933 1520 Hoc
963 1463 1122 1521 enim
1160 1467 1400 1539 pascha,
1424 1469 1578 1540 quod
1617 1473 1756 1525 tunc
1795 1470 1906 1526 Do-

261 1553 460 1612 minus
490 1551 550 1608 in
581 1569 728 1609 novo
767 1552 1044 1626 mysterio
1071 1555 1210 1628 egit,
1244 1555 1505 1628 quotidie
1543 1557 1910 1616 celebramus

259 1641 726 1716 quotiescunque
746 1641 992 1698 missam
1014 1642 1246 1716 agimus
1271 1661 1286 1700 :
1307 1645 1461 1702 sicut
1481 1645 1606 1719 ipse
1627 1651 1769 1703 tunc
1792 1665 1912 1704 om-

259 1732 436 1790 nibus
465 1731 758 1804 episcopis
785 1734 843 1788 et
869 1733 1245 1806 presbyteris,
1267 1751 1336 1790 ac
1361 1735 1586 1793 caeteris
1614 1736 1909 1806 fidelibus,

259 1819 698 1921 celebrantibus
715 1823 889 1894 atque
919 1821 1253 1921 astantibus
1282 1824 1355 1921 ad
1385 1823 1496 1881 hoc
1524 1825 1782 1882 terribile
1813 1843 1912 1882 sa—
1943 1855 1991 1921 B

260 1913 650 1977 cramentum,
682 1909 744 1966 in
783 1910 1064 1984 apostolis
1113 1913 1239 1969 suis
1287 1913 1476 1972 dixit:
1508 1918 1630 1972 Haec
1678 1919 1910 1988 quoties-

259 2015 474 2072 cunque
498 2001 760 2072 feceritis,
787 2001 850 2056 in
875 2017 1056 2056 meam
1094 2005 1436 2060 memoriam
1463 2006 1678 2076 facietis
1704 2006 1908 2077 (ibid).

261 2088 333 2146 Et
360 2091 567 2163 potest
581 2087 706 2146 ﬁeri
738 2092 806 2146 ut
834 2090 1076 2163 quidam
1107 2092 1410 2150 audientes
1441 2093 1556 2150 tale
1587 2095 1912 2167 periculum

263 2195 393 2239 esse
421 2179 856 2237 communicare
883 2180 1111 2254 corpori
1139 2185 1196 2238 et
1228 2183 1500 2256 sanguini
1534 2185 1788 2254 Domini,
1812 2184 1914 2256 qui

265 2287 383 2327 non
409 2267 617 2327 volunt
643 2286 678 2326 a
707 2269 880 2326 malis
908 2271 1176 2328 recedere
1205 2275 1263 2329 et
1290 2273 1362 2329 de
1392 2274 1701 2345 praeteritis
1730 2274 1912 2348 paeni-

263 2357 512 2416 tentiam
563 2375 755 2432 agere,
785 2359 1028 2416 dicant:
1058 2359 1502 2418 Abstinebimus
1553 2380 1658 2419 nos
1702 2363 1774 2420 ab
1815 2363 1916 2420 illa

267 2447 848 2522 communione,quia
865 2465 981 2506 non
996 2449 1350 2506 retrahimus
1373 2467 1480 2508 nos
1498 2469 1532 2508 a
1547 2451 1702 2508 mala
1721 2469 1917 2526 opera-

264 2537 444 2595 tione.
468 2536 632 2614 Unde
657 2536 900 2594 audiant
918 2537 1371 2612 quibuscunque
1391 2541 1662 2598 diabolus
1682 2531 1796 2599 ista
1825 2559 1919 2598 su—

269 2630 486 2694 surrat,
510 2625 791 2699 quoniam
821 2625 975 2683 sicut
1011 2627 1298 2686 Dominus
1328 2629 1472 2686 dicit
1499 2631 1571 2688 de
1599 2631 1914 2704 baptismo,

269 2715 428 2789 quod
471 2713 673 2772 nullus
721 2718 915 2788 potest
961 2716 1086 2772 fieri
1133 2717 1350 2796 salvus,
1375 2719 1490 2776 nisi
1527 2720 1629 2792 qui
1676 2726 1918 2777 renatus

269 2802 448 2862 fuerit
475 2819 545 2861 ex
573 2821 728 2878 aqua
751 2807 808 2861 et
837 2804 1060 2879 Spiritu
1091 2811 1295 2864 sancto
1320 2823 1334 2863 :
1366 2807 1452 2865 ita
1477 2809 1548 2865 de
1575 2809 1684 2866 hac
1715 2813 1921 2866 sancta

271 2891 684 2953 communione
713 2893 859 2950 dixit
889 2911 902 2950 :
934 2895 1061 2952 Nisi
1084 2897 1551 2955 manducaveritis
1579 2915 1802 2954 carnem
1829 2899 1919 2954 Fi-

273 2984 342 3040 lii
364 2983 690 3051 hominis,et
719 2984 967 3040 biberitis
995 2985 1112 3056 ejus
1139 2988 1486 3055 sanguiuem,
1513 3003 1625 3044 non
1653 2987 1920 3044 habebitis

269 3075 442 3129 vitam
471 3073 533 3129 in
555 3071 706 3128 vobis
733 3074 910 3141 (Joan.
950 3072 1049 3144 v1).
1083 3073 1154 3128 Et
1175 3072 1351 3129 sicut
1391 3073 1539 3130 dixit
1569 3090 1583 3129 :
1619 3075 1728 3144 Qui
1753 3076 1922 3132 credi-

2008 575 2160 632 modi
2184 592 2283 631 nec
2311 576 2496 631 cibum
2522 569 2737 631 sumere
2763 577 2816 642 (l
2842 575 2963 630 Cor.
2996 577 3074 642 v).
3107 571 3321 630 Christi
3349 569 3666 644 discipulo,

2012 665 2071 721 id
2103 668 2192 722 est
2232 663 2588 734 Christiano,
2619 662 2756 720 licet
2797 667 2930 719 ante
2979 661 3460 728 satisfactionem,
3484 659 3542 715 id
3575 665 3673 717 est

2013 753 2450 821 correctionem,
2471 769 2538 810 ac
2559 751 3026 808 emendationem
3050 753 3107 806 et
3126 749 3366 824 dignam
3386 749 3675 822 paeniten-

2011 831 2176 900 tiam.
2199 841 2456 898 Audiant
2478 841 2634 915 quod
2656 845 2894 898 sanctus
2912 839 3169 896 Joannes
3202 837 3526 912 apostolus,
3550 837 3674 895 ele-

2014 934 2144 986 ctus
2184 934 2242 985 et
2287 929 2535 986 dilectus
2561 929 2798 996 Christi,
2824 929 2923 1001 qui
2953 929 3015 986 in
3047 921 3212 984 omna
3241 944 3417 1000 super
3462 930 3676 1000 pectus

2013 1019 2144 1091 ejus
2164 1017 2452 1088 recubuit,
2467 1017 2644 1074 talem
2661 1017 2960 1073 hominem
2979 1015 3632 1084 salutarevetat,dicens
3654 1032 3669 1070 :

2013 1109 2120 1166 Nec
2147 1109 2253 1164 Ave
2301 1109 2356 1164 ei
2399 1108 2675 1174 dixeritis,
2697 1123 2872 1180 neque
2899 1109 2960 1163 in
2990 1107 3210 1162 domum
3255 1107 3564 1178 receperitis
3595 1106 3676 1174 (11

2011 1203 2178 1257 Joan.
2201 1199 2280 1268 Χ).
2301 1197 2559 1254 Audiant
2582 1196 2723 1270 quid
2756 1213 2860 1270 per
2886 1195 3229 1270 prophetam
3262 1195 3550 1252 Dominus
3581 1193 3674 1249 di-

2015 1287 2095 1342 cit
2125 1287 2199 1342 ad
2229 1303 2330 1343 eos
2349 1285 2451 1358 qui
2481 1286 2540 1341 in
2570 1285 2761 1342 medio
2793 1284 3000 1342 talium
3029 1285 3426 1342 immorantur
3449 1301 3464 1340 :
3487 1285 3672 1352 Exite,

2015 1375 2310 1448 inquiens,
2341 1376 2407 1432 de
2432 1375 2610 1432 med-io
2635 1391 2842 1442 eorum,
2873 1383 2926 1431 et
2952 1373 3294 1430 immundam
3317 1390 3387 1430 ne
3433 1374 3675 1443 tetigeri-

2016 1467 2106 1536 tis,
2129 1473 2181 1522 et
2207 1481 2304 1536 ego
2342 1467 2610 1538 recipiam
2656 1481 2770 1533 vos,
2801 1473 2854 1521 et
2881 1464 3135 1521 habitabo
3182 1465 3327 1520 inter
3352 1479 3466 1531 vos,
3499 1471 3550 1519 et
3578 1479 3674 1519 ero

2016 1555 2166 1612 vobis
2191 1557 2253 1611 in
2283 1555 2472 1625 Deum,
2495 1563 2548 1612 et
2571 1571 2661 1612 vos
2707 1555 2863 1611 eritis
2915 1555 3056 1611 mihi
3083 1555 3140 1610 in
3169 1553 3316 1624 ﬁlios
3343 1559 3396 1609 et
3423 1552 3572 1624 ﬁlias
3603 1552 3680 1624 (II

2021 1645 2142 1702 Cor.
2175 1663 2252 1711 v1,
2282 1646 2392 1702 Jer.
2425 1643 2598 1717 xxxx).
2633 1643 2790 1700 Nihil
2835 1643 2994 1700 enim
3023 1647 3115 1700 est
3155 1641 3316 1698 aliud
3366 1641 3522 1714 quod
3575 1641 3674 1697 isti

2020 1737 2283 1806 raptores
2314 1733 2556 1800 faciunt,
2583 1731 2699 1789 nisi
2729 1731 3046 1804 praecursio
3071 1731 3361 1788 exercitus
3379 1728 3673 1786 Antichri-

2021 1821 2118 1895 sti,
2143 1822 2312 1894 cujus
2349 1838 2486 1878 voce
2531 1821 2752 1877 dictum
2785 1825 2908 1878 est:
2935 1822 3052 1878 Non
3097 1822 3406 1877 movebere
3438 1835 3675 1892 genera-

2018 1914 2165 1969 tione
2216 1913 2278 1968 in
2323 1913 2728 1984 generationem
2777 1913 2900 1968 sine
2952 1911 3098 1968 malo
3153 1910 3326 1980 (Psai.
3359 1908 3438 1981 χ),
3471 1908 3529 1964 id
3586 1911 3676 1965 est

2019 2005 2186 2056 tanta
2214 1999 2370 2056 mala
2400 2001 2608 2056 faciam
2657 2001 2718 2056 in
2768 2017 2884 2057 uno
2931 1998 3080 2072 loco,
3111 2005 3178 2056 ut
3225 2003 3546 2072 antequam
3598 1997 3670 2054 ad

2020 2089 2203 2145 alium
2233 2089 2427 2144 locum
2459 2089 2711 2156 veniam,
2735 2089 3048 2146 adventum
3074 2105 3271 2144 meum
3297 2087 3378 2144 ibi
3408 2087 3674 2144 habitan-

2019 2181 2108 2235 tes
2127 2177 2411 2234 timeant:
2441 2177 2541 2233 sed
2564 2182 2621 2234 et
2650 2183 2854 2252 postea
2878 2177 3152 2234 sentient.
3175 2178 3246 2233 Et
3265 2176 3523 2234 Joannes
3543 2191 3675 2248 apo-

2019 2266 2207 2324 stolus
2231 2283 2245 2322 :
2271 2268 2446 2335 Nunc,
2479 2266 2692 2341 inquit,
2723 2267 3039 2325 antichristi
3083 2267 3247 2324 multi
3281 2273 3415 2323 sunt
3439 2269 3490 2337 (Ι
3511 2266 3668 2322 Joan.

1992 2357 2108 2430 ιιι).
2141 2355 2305 2412 Unde
2346 2355 2672 2413 timendum
2713 2357 2882 2414 nobis
2911 2361 3002 2414 est
3029 2357 3187 2430 quod
3219 2354 3412 2412 omnis
3439 2360 3674 2428 propter

2022 2444 2132 2501 hoc
2188 2445 2534 2518 deprecatur
2590 2445 2892 2504 Ecclesia:
2933 2447 3196 2518 Exsurge,
3227 2448 3458 2503 Domine
3509 2447 3670 2511 Deus,

2021 2535 2294 2591 eraltctur
2316 2552 2516 2592 manus
2543 2543 2658 2605 tua,
2691 2535 2751 2592 id
2789 2538 2879 2592 est
2919 2535 2992 2592 ad
3023 2527 3363 2600 vindictam,
3392 2551 3506 2590 non
3533 2535 3670 2590 obli-

2023 2625 2255 2682 viscaris
2307 2641 2602 2698 pauperem
2637 2625 2905 2698 populum
2931 2625 3106 2694 (Psal.
3133 2627 3212 2696 Χ).
3246 2625 3318 2681 Et
3363 2623 3672 2689 Dominus,

2026 2713 2128 2786 qui
2159 2731 2275 2770 non
2306 2714 2609 2794 mentitur,
2641 2713 3012 2787 repromitlit,
3033 2715 3235 2771 dicens
3267 2731 3280 2768 :
3311 2719 3544 2786 Propter
3568 2713 3676 2768 mi-

2023 2804 2227 2860 seriam
2249 2805 2492 2876 inopum,
2505 2812 2558 2860 et
2575 2805 2836 2876 gemitum
2849 2820 3177 2877 pauperum,
3191 2820 3340 2860 nunc
3353 2819 3673 2872 exsurgant.

2027 2892 2162 2949 dicit
2193 2895 2460 2949 Dominus
2482 2892 2651 2966 (Psal.
2673 2895 2774 2963 xu),
2799 2891 2856 2948 id
2887 2896 2978 2948 est
2998 2893 3126 2965 jam
3147 2893 3394 2965 jamque
3409 2890 3470 2947 in
3494 2891 3678 2964 proxi-

2028 2999 2124 3038 mo
2154 2982 2472 3038 vindictam
2502 2982 2796 3040 exercebo.
2820 2982 3078 3039 Audiant
3118 2985 3400 3055 raptores,
3432 2980 3577 3054 quid
3608 2980 3677 3036 de

2027 3069 2246 3128 talibus
2275 3069 2428 3127 sacri
2457 3087 2712 3128 canones
2741 3071 3064 3128 decernunt
3087 3076 3260 3140 (conc.
3295 3072 3458 3128 Totet.
3487 3088 3531 3137 ι,
3555 3087 3676 3126 can.

271 3162 415 3225 derit
437 3169 492 3218 et
518 3161 826 3234 baptizatus
869 3161 1060 3231 luerit,
1094 3161 1283 3218 salvus
1325 3164 1434 3219 erit
1474 3163 1660 3232 (Marc.
1692 3164 1828 3236 xw),
1863 3164 1922 3220 id
1959 3225 1994 3236 Α
2034 3160 2124 3229 11)
2147 3176 2160 3216 :
2185 3159 2243 3215 Si
2277 3160 2430 3232 quis,
2467 3159 2764 3232 inquiunt,
2779 3160 2851 3216 de
2881 3159 3220 3232 potentibus
3248 3158 3553 3222 clericum,
3584 3161 3682 3215 aut

271 3254 382 3318 est,
416 3225 879 3322 sicut-promisit:
895 3247 953 3304 in
1005 3225 1378 3322 baptismate,
1409 3225 1640 3309 diabolo
1689 3257 1748 3310 et
1792 3225 1922 3325 ejus
1953 3225 1997 3292 (ἶ
2035 3225 2355 3323 quemlibet
2382 3225 2722 3322 pauperem,
2751 3225 2858 3306 aut
2881 3225 3224 3323 religiosum
3255 3246 3679 3320 ex'spoliaverit,

274 3337 550 3412 operibus
579 3335 1067 3407 abrenuntiando,
1100 3343 1158 3394 et
1186 3339 1246 3394 in
1283 3340 1471 3397 Deum
1501 3342 1616 3398 ﬁde
1647 3360 1774 3415 quae
1823 3360 1926 3416 per

273 3425 646 3483 dilectionem
674 3428 950 3498 operatur
977 3427 1286 3498 credendo,
1308 3429 1418 3486 hoc
1448 3434 1540 3486 est
1569 3435 1634 3488 ut
1651 3431 1713 3487 in
1734 3433 1850 3488 ﬁde
1867 3437 1926 3489 et

275 3513 447 3572 bonis
476 3511 752 3587 operibus
797 3519 1154 3588 permaneat,
1188 3521 1246 3574 et
1284 3517 1335 3575 si
1384 3521 1517 3592 post
1560 3519 1923 3594 baptismum

274 3601 621 3678 peccaverit,
653 3602 1079 3661 confessionem
1119 3609 1177 3662 et
1212 3606 1451 3680 dignam
1495 3609 1921 3682 paenitentiam,

273 3690 393 3749 illis
421 3691 525 3764 qui
560 3691 623 3748 in
652 3708 790 3750 eum
839 3699 1226 3766 peccaverunt
1251 3695 1622 3767 dimittendo,
1654 3702 1712 3754 et
1755 3698 1925 3754 bonis

275 3779 552 3853 operibus
572 3780 920 3851 insistendo,
943 3782 1056 3838 hoc
1081 3785 1235 3855 quod
1267 3785 1419 3840 male
1449 3786 1586 3841 fecit
1614 3787 1921 3842 emendet:

276 3869 361 3925 ita
388 3868 565 3924 etiam
605 3870 676 3924 de
724 3869 835 3924 hac
881 3874 1086 3926 sancta
1131 3873 1544 3930 communione
1571 3875 1718 3930 dixit
1745 3878 1922 3947 (Joan.

276 3959 392 4025 v1):
419 3956 527 4025 Qui
551 3957 848 4014 manducet
883 3975 1106 4016 carnem
1137 3977 1334 4028 meam,
1357 3957 1407 4018 et
1435 3963 1574 4020 bibit
1597 3967 1928 4034 sanguinem

153 4093 156 4099 .
273 4061 480 4112 meum,
503 4047 566 4102 in
593 4062 681 4102 me
705 4055 910 4115 manet,
932 4055 984 4104 et
1009 4065 1107 4118 ego
1153 4052 1214 4105 in
1253 4067 1334 4107 eo.
1368 4051 1440 4108 Et
1471 4067 1484 4107 :
1515 4052 1581 4109 Si
1606 4056 1729 4126 quis
1765 4071 1926 4110 man-

275 4134 558 4192 ducauerit
581 4151 652 4192 ea:
678 4136 776 4192 hoc
797 4153 962 4208 pane,
983 4139 1126 4194 vivet
1155 4141 1214 4194 in
1253 4147 1537 4198 aeternam.
1572 4151 1624 4199 et
1646 4159 1744 4213 ego
1770 4160 1925 4200 resu-

273 4223 478 4281 scitabo
529 4240 655 4280 eum
705 4225 767 4280 in
811 4227 1107 4284 novissimo
1135 4226 1242 4284 die.
1276 4229 1394 4286 Et:
1427 4230 1582 4286 Sicut
1633 4233 1789 4288 misit
1839 4249 1928 4288 me

275 4313 462 4370 vivens
507 4313 691 4381 Pater,
722 4322 776 4370 at
818 4329 916 4384 ego
962 4317 1083 4372 vivo
1129 4325 1352 4390 propter
1395 4321 1640 4376 Patrem.
1673 4320 1790 4378 Et:
1824 4322 1928 4390 Qai

275 4401 571 4458 manducet
599 4419 705 4469 me,
736 4410 790 4458 et
817 4404 928 4475 ipse
967 4406 1109 4460 vivet
1147 4415 1368 4478 propter
1407 4424 1512 4464 me.
1542 4409 1800 4466 Audiant
1829 4427 1924 4466 ra-

277 4505 450 4562 paces
468 4493 528 4548 et
549 4491 1077 4564 prmdatores,quid
1108 4494 1322 4550 iterum
1352 4495 1640 4553 Dominus
1669 4515 1772 4570 per
1801 4516 1928 4570 pro-

2032 3342 2090 3394 et
2119 3337 2483 3395 mandaverit
2513 3339 2586 3394 ad
2617 3338 2816 3411 ipsum
2857 3337 3168 3411 episcopus
3197 3340 3264 3394 ut
3289 3353 3427 3393 eum
3460 3335 3677 3404 audiat,

2031 3431 2090 3484 et
2115 3427 2166 3484 is
2186 3427 2604 3501 contempserit
2629 3444 2642 3482 :
2666 3427 2914 3484 invicem
2936 3443 3072 3484 mox
3091 3427 3310 3500 scripta
3337 3429 3678 3500 percurrunt

2033 3533 2136 3590 per
2189 3533 2395 3572 omnes
2454 3515 2759 3588 provinciae
2816 3517 3143 3590 episcopos,
3183 3521 3240 3572 et
3296 3530 3678 3588 quoscunque

2033 3605 2192 3663 adire
2230 3605 2506 3679 potuerit,
2538 3608 2606 3661 ut
2651 3605 3195 3662 excommunicatus
3239 3603 3674 3682 habeatur,_do-

2033 3711 2138 3751 nec
2169 3693 2372 3750 audiat
2398 3698 2457 3750 et
2485 3695 2691 3751 reddat
2721 3693 2928 3752 aliena.
2953 3694 3098 3750 Ecce
3127 3695 3199 3751 de
3229 3710 3560 3767 pauperum
3591 3709 3676 3748 ra-

2033 3783 2320 3856 ptoribus.
2352 3783 2610 3839 Audiant
2640 3788 2902 3856 raptores
2931 3787 2989 3839 et
3025 3784 3328 3856 praedones
3357 3799 3560 3838 rerum
3587 3798 3676 3836 ec-

2033 3871 2663 3945 clesiasticarum,quid
2689 3877 2930 3930 sanctus
2947 3871 3260 3929 Anacletus
3279 3888 3454 3944 papa,
3469 3873 3545 3928 ab
3560 3862 3676 3944 ipso

2032 3959 2202 4016 beato
2228 3960 2388 4016 Petro
2409 3960 2671 4034 apostolo
2689 3961 2993 4034 presbyter
3011 3960 3340 4031 ordinatus,
3353 3977 3494 4016 cum
3511 3959 3680 4015 totius

2035 4047 2242 4104 mundi
2273 4049 2675 4106 sacerdotibus
2697 4049 3002 4121 judicavit.
3032 4049 3187 4106 Dicit
3224 4065 3482 4122 namque
3512 4050 3678 4121 (epist.

2035 4137 2086 4209 1)
2112 4153 2124 4194 :
2151 4137 2260 4204 Qui
2289 4137 2600 4194 abstulerit
2627 4137 2848 4212 aliquid
2875 4139 3025 4211 patri
3043 4137 3132 4195 vel
3155 4139 3354 4206 matri,
3381 4137 3682 4194 homicidas

2033 4226 2324 4300 particeps
2353 4231 2462 4284 est.
2487 4227 2654 4284 Pater
2680 4231 2881 4284 noster
2907 4227 3034 4283 sine
3065 4226 3246 4284 dubio
3267 4227 3426 4282 Deus
3457 4232 3569 4292 est,
3590 4224 3680 4298 qui

2034 4331 2140 4371 nos
2161 4314 2396 4384 creavit,
2421 4319 2610 4372 mater
2635 4332 2768 4371 vero
2798 4319 3000 4372 nostra
3023 4313 3303 4384 Ecclesia,
3327 4332 3458 4388 quas
3491 4332 3597 4372 nos
3627 4313 3680 4368 in

2033 4403 2327 4476 baptismo
2357 4403 2699 4476 spiritaliter
2745 4403 3124 4478 regeneravit.
3148 4404 3298 4477 Ergo
3327 4402 3433 4476 qui
3473 4401 3681 4460 Christi

2033 4492 2313 4564 pecunias
2331 4496 2390 4548 et
2409 4491 2677 4550 Ecclesia:
2709 4492 2882 4566 rapit,
2898 4497 3003 4548 aut
3021 4493 3232 4560 aufert,
3247 4491 3336 4548 vel
3355 4493 3678 4558 fraudetur,

277 4574 514 4646 phetam
531 4575 701 4632 dicit:
719 4579 1141 4650 ()uipraedaris,
1155 4597 1337 4638 nonne
1355 4591 1406 4638 et
1427 4585 1928 4656 ίρεθρνέείίαὺανίδῗ
1953 4596 2002 4662 Ι)
2032 4579 2328 4636 homicida
2346 4585 2454 4649 est,
2471 4585 2645 4653 atque
2666 4581 2962 4636 homicida
2979 4585 3114 4638 ante
3135 4585 3519 4652 conspectum
3538 4580 3680 4653 justi

273 4662 406 4732 (lsa.
435 4665 660 4735 xxxm.)
687 4663 970 4724 Videlicet
997 4667 1136 4742 quia
1179 4668 1338 4727 illius
1369 4670 1468 4744 qui
1507 4673 1801 4746 praedatur
1829 4691 1917 4733 res

2030 4669 2245 4741 judicis
2284 4668 2678 4742 deputabitur.
2713 4669 2819 4736 Qui
2871 4669 3024 4742 rapit
3067 4669 3378 4743 pecuniam
3435 4667 3677 4742 proximi

277 4767 604 4824 pauperum
631 4755 688 4808 et
715 4753 1096 4813 ecclesiarum
1125 4775 1193 4815 ac
1221 4776 1520 4817 servorum
1552 4761 1676 4830 Dei,
1707 4764 1926 4836 prada-

275 4842 376 4896 tur
401 4857 438 4896 a
465 4838 719 4910 diabolo,
737 4845 794 4898 et
822 4845 1015 4914 praeda
1042 4845 1202 4902 illius
1232 4848 1317 4904 ﬁt.
1343 4848 1600 4906 Audiant
1623 4851 1764 4923 quid
1796 4869 1926 4908 san-

276 4931 408 4984 ctus
437 4927 655 4985 Paulus
683 4931 986 5002 apostolus
1014 4933 1190 5004 dicat,
1213 4952 1318 5008 per
1351 4954 1526 5010 quem
1573 4938 1804 4996 locutus
1834 4945 1925 4998 est

273 5016 628 5085 Cbristus,et
645 5017 746 5092 qui
769 5023 971 5092 raptus
994 5020 1104 5077 fuit
1119 5039 1308 5096 usque
1328 5026 1399 5081 ad
1422 5026 1661 5084 tertium
1685 5028 1920 5098 coelum,

273 5110 333 5165 et
361 5107 464 5180 qui
494 5111 696 5181 raptus
725 5109 837 5164 fuit
865 5107 926 5165 in
955 5112 1316 5182 paradisum,
1341 5118 1398 5170 et
1418 5116 1640 5172 audivit
1671 5117 1812 5174 talia
1839 5134 1925 5174 se-

274 5201 433 5252 creta
457 5197 654 5264 verba,
669 5215 795 5271 quae
821 5217 936 5255 non
963 5199 1175 5256 licebat
1193 5201 1417 5258 homini
1437 5203 1620 5278 loqui.
1647 5206 1742 5262 Ait
1763 5224 1926 5263 nam-

274 5302 388 5358 que
411 5286 553 5359 quia
570 5303 745 5359 neque
773 5305 1016 5360 rapaces,
1043 5307 1218 5362 neque
1239 5293 1549 5359 homicidae,
1571 5311 1743 5366 neque
1764 5295 1921 5352 adul-

273 5377 378 5430 teri
430 5388 659 5447 regnum
710 5377 810 5432 Dei
855 5379 1208 5449 possidebunt
1245 5380 1302 5451 (1
1328 5382 1448 5437 Cor.
1481 5382 1580 5455 v1).
1614 5383 1777 5440 Unde
1832 5385 1922 5440 in-

273 5465 518 5520 tendant
543 5463 715 5536 quale
752 5470 1158 5540 quantumque
1203 5473 1506 5542 peccatum
1555 5475 1645 5528 est
1695 5473 1918 5544 rapina,

275 5567 450 5620 quam
482 5569 619 5608 cum
649 5554 934 5611 adulterio
972 5561 1030 5612 et
1071 5556 1387 5614 homicidio
1415 5563 1656 5616 sanctus
1685 5579 1920 5634 compa-

274 5636 358 5692 vit
396 5639 728 5710 Apostolus.
770 5643 915 5700 Item
955 5645 1080 5717 ipse
1110 5646 1288 5703 dicit:
1317 5648 1383 5702 Si
1429 5649 1551 5720 quis
1596 5651 1914 5720 fornicator.

2030 4757 2144 4828 sui,
2177 4755 2547 4830 iniquitatem
2576 4762 2888 4831 operatur:
2917 4757 3019 4831 qui
3041 4761 3238 4815 autem
3262 4757 3576 4830 pecuniam
3598 4755 3681 4812 vel

2031 4862 2124 4902 res
2151 4845 2420 4902 Ecclesia:
2455 4846 2786 4916 abstulerit,
2807 4846 3183 4920 sacrilegium
3217 4846 3376 4917 facit,
3401 4849 3460 4902 et
3489 4851 3559 4902 ut
3589 4863 3680 4901 sa-

2030 4933 2282 5008 crilegus
2294 4934 2655 5006 judicandus
2674 4938 2784 4992 est.
2807 4936 2880 4992 Et
2899 4939 3143 4992 sanctus
3163 4935 3438 4992 Urbanus
3458 4951 3611 5008 papa
3628 4937 3681 4988 et

2029 5027 2278 5097 martyr:
2298 5025 2429 5092 Res,
2446 5023 2660 5097 inquit,
2673 5028 2730 5080 et
2763 5023 3069 5081 facultates
3093 5023 3503 5082 ecclesiasticis
3525 5021 3680 5079 obla-

2029 5111 2218 5168 tiones
2247 5112 2639 5185 appellantur,
2661 5113 2802 5186 quia
2831 5113 3080 5170 Domino
3110 5113 3536 5177 oll‘eruntur,et
3553 5115 3680 5167 vota

2032 5206 2172 5256 sunt
2191 5200 2475 5270 fidelium,
2491 5219 2558 5258 ac
2582 5201 2769 5273 pretia
2787 5206 3179 5275 peccatorum,
3195 5205 3370 5273 atque
3399 5200 3680 5272 patrimo-

2033 5289 2132 5346 nia
2152 5295 2472 5362 pauperum
2493 5307 2505 5344 :
2531 5290 2577 5344 si
2603 5289 2736 5362 quis
2761 5284 2863 5346 illa
2882 5290 3158 5364 rapuerit,
3178 5306 3312 5346 reus
3335 5295 3426 5345 est
3447 5291 3680 5346 damna-

2031 5378 2208 5434 tionis
2229 5379 2464 5434 Anania:
2485 5383 2542 5434 et
2563 5379 2844 5451 Sapbiraa,
2863 5385 2924 5435 et
2943 5381 3167 5452 oportet
3193 5377 3544 5450 hujusmodi
3567 5383 3674 5433 tra-

2030 5467 2165 5524 dcrc
2195 5467 2444 5533 Satanae,
2478 5470 2542 5522 ut
2582 5466 2828 5540 spiritus
2875 5467 3070 5524 salvus
3099 5468 3180 5524 sit
3205 5467 3266 5523 in
3295 5467 3394 5524 die
3424 5465 3671 5524 Domini.

2029 5557 2099 5612 Et
2127 5559 2365 5612 sanctus
2407 5554 2622 5612 Lucius
2659 5573 2813 5628 papa
2843 5573 2854 5612 :
2891 5557 3128 5624 lterum,
3159 5556 3375 5628 inquit,
3406 5555 3672 5614 ecclesia-

2028 5644 2308 5702 sticarum
2339 5647 2398 5700 et
2426 5642 2774 5700 facultatum
2800 5647 3063 5716 raptores
3083 5661 3118 5701 a
3137 5643 3447 5702 liminibus
3467 5647 3672 5702 sancta
