3976 6188
340 304 496 368 1083

1119 308 1503 371 HINCMARI
1551 308 1792 370 RHEM.
1839 306 2201 370 ARCHIEP.
2249 306 2661 370 OPUSCULA
2701 307 2966 370 VARIA.

3592 311 3754 374 1084

337 439 762 517 professionem
793 442 954 515 quod
980 441 1052 499 ab
1085 441 1218 500 istis
1247 443 1440 514 malis,
1463 443 1524 499 in
1546 443 1762 518 quibus
1790 443 1988 500 hacte-
2018 441 2070 510 Α
2101 439 2590 514 potest),sollicite
2609 441 3476 518 attendatqueSCregmiusin
3489 443 3748 518 quadam

337 549 451 588 nus
480 531 691 588 versati
723 549 952 600 sumus,
985 549 1094 590 nos
1119 534 1191 589 de
1221 537 1424 590 caetero
1455 533 1746 590 abstinere
1777 534 1988 590 debea-

335 638 492 688 mus,
524 621 666 695 quia
693 620 1095 694 paenitentiam
1135 638 1267 678 vere
1318 639 1486 694 agere
1529 627 1620 679 est
1668 623 1986 679 cOmmissa

335 702 632 785 plangere,
663 715 720 768 et
745 710 959 768 iterum
991 711 1322 786 plangenda
1351 711 1906 776 declinare,mutata
1924 713 1984 768 in

333 805 532 858 mente
559 801 926 876 malignitate
945 799 1005 854 in
1028 799 1835 874 benignitatem,accipiamus
1857 817 1984 858 cor-

333 907 448 964 pus
475 893 534 947 et
561 891 914 965 sanguinem
945 891 1156 948 Christi
1187 891 1245 946 in
1280 890 1686 947 remissionem
1716 895 1984 964 peccato-

335 997 468 1036 rum
501 983 930 1050 nostrorum,ut
955 981 1110 1038 Deus
1139 980 1201 1036 in
1233 979 1401 1037 nobis
1432 980 1676 1047 habitet,
1699 984 1756 1036 et
1783 997 1890 1036 nos
1923 983 1981 1037 in

333 1070 451 1127 Deo
484 1088 498 1128 :
533 1075 824 1143 quatenus
855 1087 960 1126 nec
983 1069 1439 1139 invisibiles,nec
1467 1069 1726 1126 visibiles
1759 1069 1982 1127 inimici

333 1165 540 1216 contra
567 1177 676 1218 nos
705 1163 1050 1232 potestatem
1079 1159 1509 1217 habeant.Nam
1540 1159 1727 1228 aliter,
1747 1177 1852 1217 nec
1883 1178 1982 1217 su-

334 1266 438 1322 per
458 1266 665 1322 pravos
683 1248 1045 1306 Christianos
1072 1249 1480 1317 virtutemmcc
1500 1252 1702 1304 contra
1723 1265 1983 1322 paganos

331 1337 547 1395 habere
577 1337 900 1410 poterimus
929 1338 1254 1395 victoriam.
1286 1337 1498 1395 Nullus
1543 1343 1740 1394 autem
1772 1339 1842 1394 de
1870 1338 1980 1394 ini-

331 1427 627 1500 quitatum
659 1443 902 1484 suarum
933 1427 1300 1484 immanitate
1328 1427 1633 1500 desperet:
1659 1431 1891 1484 tantum
1913 1445 1983 1485 ex

330 1519 452 1573 toto
502 1517 674 1572 corde
720 1520 1090 1573 convertatur
1136 1516 1210 1573 ad
1259 1516 1598 1573 Dominum.
1629 1516 1980 1574 Veternosas

331 1621 588 1678 namque
607 1605 996 1662 Ninivitarum
1015 1605 1218 1678 culpas
1236 1605 1512 1661 triduana
1530 1605 1872 1678 pmnitentia
1885 1607 1983 1664 ab-

331 1694 533 1752 stersit
563 1695 738 1769 (Joan.
772 1699 853 1766 ιν)
887 1711 900 1750 :
935 1700 994 1752 et
1021 1712 1338 1752 conversus
1367 1694 1514 1752 latro
1561 1694 1691 1751 vita:
1741 1695 1982 1768 praemia

331 1783 509 1841 etiam
538 1784 598 1840 in
631 1785 762 1858 ipsa
790 1785 1083 1842 sententia
1127 1803 1248 1842 suae
1297 1783 1504 1842 mortis
1547 1785 1796 1842 emeruit
1823 1787 1976 1856 (Luc.
2008 1816 2056 1882 B

329 1873 512 1941 xxxii).
547 1871 843 1928 Mutamus
873 1872 1056 1946 igitur
1083 1873 1280 1942 corda,
1311 1877 1371 1929 et
1398 1889 1827 1946 praesumamus
1869 1892 1978 1932 nos

323 1959 453 2032 jam
503 1961 834 2034 percepisse
881 1963 1038 2034 quod
1085 1962 1362 2036 petimus.
1395 1962 1581 2020 Citius
1629 1964 1700 2020 ad
1747 1980 1978 2036 precem

320 2049 506 2122 judex
534 2049 868 2120 ﬂectitur,si
887 2068 923 2108 a
942 2053 1224 2124 pravitate
1255 2069 1364 2108 sua
1389 2053 1603 2125 petitor
1631 2053 1974 2125 corrigatur.

327 2141 410 2195 Ea
437 2156 697 2212 namque
726 2156 854 2212 quas
875 2140 1106 2214 ingrata
1123 2157 1252 2198 esse
1271 2140 1612 2198 hominibus
1632 2140 1980 2214 importuni-

328 2229 419 2282 tas
450 2227 616 2294 solet,
633 2227 858 2298 judicio
878 2228 1140 2285 veritatis
1160 2229 1382 2302 placet:
1406 2229 1546 2302 quia
1565 2230 1699 2302 pius
1721 2247 1788 2287 ac
1810 2231 1980 2287 mise-

329 2313 513 2372 ricors
541 2315 696 2372 Deus
723 2315 915 2373 vulta
945 2333 1007 2374 se
1050 2317 1281 2373 veniam
1330 2317 1501 2391 exigi,
1535 2319 1636 2391 qui
1687 2323 1977 2391 quantum

329 2421 627 2461 meremur
644 2422 760 2461 non
780 2404 906 2462 vult
923 2405 1272 2463 irasci.Hinc
1288 2406 1500 2464 etenim
1515 2425 1619 2480 per
1629 2407 1978 2480 Prophetam

328 2492 472 2548 dicit
502 2508 516 2548 :
549 2493 740 2550 Invoco
767 2511 854 2551 me
882 2496 943 2550 in
965 2494 1054 2552 die
1091 2495 1464 2553 tribulationis
1507 2505 1634 2564 tum,
1665 2505 1716 2553 et
1743 2498 1979 2570 eripiam

329 2589 400 2648 te,
429 2589 483 2638 et
520 2582 898 2655 magniﬁcabis
943 2600 1032 2640 me
1080 2583 1247 2656 (Psal.
1274 2589 1444 2654 XLVI).
1483 2587 1612 2658 Ipse
1669 2602 1806 2658 ergo
1863 2585 1976 2644 sibi

326 2670 496 2727 testis
524 2674 614 2726 est
643 2671 742 2744 qui
771 2671 1180 2730 invocantibus
1218 2671 1483 2731 misereri
1531 2673 1841 2744 desiderat,
1875 2675 1975 2748 qui

327 2759 602 2815 admonet
626 2763 694 2816 ut
722 2759 1278 2818 invocetur.Etsicut
1298 2779 1402 2835 per
1419 2761 1600 2819 alium
1631 2763 1976 2837 prophetam

327 2847 605 2905 admonet
637 2865 650 2906 :
682 2850 936 2906 Levemus
993 2850 1158 2906 corda
1200 2857 1389 2908 nostra
1432 2867 1558 2908 cum
1603 2852 1860 2909 manibus
1905 2852 1977 2908 ad

325 2941 503 2994 Deum
530 2937 748 3009 (Thren.
783 2939 887 3012 ui).
917 2938 1004 2994 Ad
1035 2939 1221 2997 Deum
1253 2940 1469 3014 quippe
1497 2941 1674 2996 corda
1693 2957 1828 2997 cum
1851 2957 1974 2997 ma-

327 3023 503 3083 nibus
531 3025 722 3084 levare
743 3031 834 3084 est
847 3026 1128 3085 orationis
1143 3027 1409 3085 studium
1426 3045 1560 3085 cum
1579 3029 1787 3085 merito
1809 3029 1973 3086 bona

325 3115 680 3189 operationis
708 3115 948 3190 erigere.
983 3121 1088 3173 Dat
1115 3117 1392 3190 profecto,
1415 3118 1516 3174 dat
1543 3117 1742 3175 timori
1774 3123 1974 3174 nostro

2095 529 2342 602 epistola
2361 547 2470 586 sua
2487 530 2629 586 dicit
2649 531 3090 604 (lib.x1,epist.45
3114 534 3367 602 Theoct.):
3391 557 3420 584 ‹‹
3445 534 3506 590 Si
3527 536 3626 608 qui
3651 554 3748 593 ve-

2059 631 2064 635 ‘
2096 636 2159 675 ro
2191 619 2771 693 sunt,inquiens,qui
2803 621 3006 677 dicunt
3035 621 3175 694 quia
3204 623 3546 696 compulsus
3577 627 3751 698 quis-

2093 708 2252 780 piam
2285 709 2652 778 necessitate,
2669 710 2719 766 si
2741 709 3338 776 anathematizaverit,
3353 713 3750 772 anathematis

2091 797 2324 854 vinculo
2345 815 2462 854 non
2485 797 2852 872 tenetur,ipsi
2864 798 2972 854 sibi
2989 803 3166 855 testes
3179 805 3318 855 sunt
3329 801 3751 873 quiaCbristia-

2093 887 2153 942 ni
2175 904 2290 942 non
2313 905 2380 943 su
2390 887 2616 960 nt,quia
2631 886 2950 960 ligamenta
2971 893 3184 944 sanctae
3206 888 3475 946 Ecclesiae
3497 890 3665 948 vanis
3685 909 3751 948 se

2093 977 2387 1033 aestimant
2406 977 2714 1034 conatibus
2735 976 3058 1034 solvere.Ac
3071 994 3174 1050 per
3184 978 3292 1034 hoc
3305 995 3412 1035 nec
3432 979 3752 1038 absolutio-

2093 1083 2226 1122 nem
2249 1063 2463 1122 sancta:
2485 1065 2962 1140 Ecclesiae,quam
2983 1071 3220 1140 praestat
3240 1067 3750 1136 fidelibus,veram

2091 1155 2378 1228 putant,si
2397 1155 2684 1229 ligaturas
2709 1157 2840 1229 ejus
2866 1155 3058 1213 valere
3077 1173 3193 1212 non
3213 1156 3750 1216 aestimantﬁontra

2092 1261 2239 1317 quos
2265 1245 2367 1299 diu
2400 1243 2826 1318 diSputandum
2861 1263 2976 1302 non
3007 1245 3263 1318 est,qu_ia
3289 1261 3394 1319 per
3417 1246 3618 1303 omnia
3647 1250 3746 1304 de-

2093 1332 2374 1405 spiciendi
2398 1337 2455 1390 et
2477 1333 3007 1390 anathematizandi
3033 1339 3200 1390 sunt:
3215 1335 3440 1392 etunde
3461 1352 3522 1392 se
3549 1335 3747 1394 fallere

2089 1421 2391 1477 veritatem
2423 1423 2690 1491 credunt,
2722 1423 2858 1480 inde
2890 1423 2948 1479 in
2987 1423 3246 1496 peccatis
3293 1425 3420 1481 suis
3465 1425 3749 1482 veraciter

2087 1509 2368 1582 ligantur.
2401 1511 2460 1567 Si
2493 1511 2595 1584 qui
2629 1516 2772 1568 sunt
2800 1511 2999 1585 igitur,
3035 1512 3135 1586 qui
3171 1513 3282 1569 sub
3312 1511 3552 1569 nomine
3581 1513 3745 1570 Chri-

2089 1597 2278 1656 stiano
2309 1600 2452 1666 haec,
2480 1617 2607 1672 quae
2638 1601 3147 1672 praediximus,aut
3167 1603 3481 1674 praedicare
3502 1604 3743 1672 audent,

2089 1691 2192 1744 aut
2220 1687 2568 1762 taciti'apud
2600 1691 2827 1763 seipsos
2855 1697 3072 1758 tenere,
3104 1691 3307 1764 procul
3355 1692 3539 1748 dubio
3565 1709 3668 1750 eos
3688 1698 3747 1749 et

2088 1793 2214 1850 ego,
2243 1781 2301 1834 et
2328 1795 2534 1834 omnes
2564 1778 2838 1834 catholici
2861 1779 3140 1852 episcopi,
3157 1783 3332 1852 atque
3351 1778 3628 1837 universa
3646 1782 3749 1838 Ec-

2088 1865 2268 1922 clesia
2295 1866 3032 1940 anathematizamus,quia
3049 1867 3274 1925 veritati
3294 1869 3594 1926 contraria
3611 1887 3744 1927 sen-

2087 1955 2335 2024 tiunt,et
2355 1954 2646 2012 contraria
2674 1955 3058 2028 loquuntur,»
3081 1957 3328 2013 Interest
3347 1962 3547 2014 tamen
3571 1957 3748 2032 pluri-

2089 2059 2253 2099 mum
2284 2045 2436 2100 inter
2463 2061 2582 2114 eos,
2619 2045 2718 2117 qui
2749 2049 2883 2118 post
2911 2045 3317 2118 paenitentiam
3345 2051 3404 2102 et
3433 2047 3742 2120 professio-

2086 2151 2222 2190 nem
2253 2134 2327 2190 ad
2358 2133 2690 2190 criminalia
2717 2139 2775 2190 et
2801 2133 3039 2206 publica
3065 2141 3304 2208 peccata
3339 2136 3593 2193 redeunt.
3639 2155 3742 2210 per

2087 2227 2513 2296 contemptum,
2538 2227 2597 2280 et
2626 2223 2687 2279 in
2718 2223 2804 2280 eis
2833 2240 3202 2297 perseverare
3223 2224 3561 2299 diligunt,et
3591 2226 3740 2283 inter

2085 2312 2312 2385 eos;qui
2341 2330 2444 2386 per
2473 2312 2848 2386 fragilitatem
2879 2313 2939 2369 in
2969 2315 3264 2386 praterita
3289 2319 3533 2388 peccata
3551 2314 3742 2371 crimi-

2086 2401 2245 2458 nalia
2263 2401 2351 2458 vel
2375 2401 2613 2474 publica
2633 2402 3212 2471 recidunt,etiterum
3223 2403 3632 2476 pcenitentiam
3646 2421 3742 2477 po-

2085 2494 2258 2546 scunt
2278 2507 2290 2544 :
2315 2491 2455 2563 quia
2467 2490 2876 2548 sicutsanctus
2887 2491 3253 2566 Augustinus
3273 2492 3418 2548 dicit
3436 2492 3740 2566 (cpist.5-t),

2084 2579 2144 2634 in
2157 2582 2385 2636 tantum
2401 2579 2706 2636 hominum
2719 2579 3003 2653 iniquitas
3013 2580 3328 2654 aliquando
3339 2583 3740 2655 progreditur,

2083 2673 2148 2724 ut
2169 2669 2347 2726 etiam
2371 2673 2504 2742 post
2523 2673 2714 2726 actam
2737 2665 3300 2744 poenitentiam,post
3319 2670 3523 2728 altaris
3543 2689 3745 2728 recon-

2083 2757 2460 2824 ciliationem,
2487 2758 2577 2815 vel
2609 2759 2830 2816 similia
2858 2758 2945 2815 vel
2974 2759 3240 2833 graviora
3269 2759 3601 2817 committat
3632 2777 3647 2815 :
3685 2765 3745 2817 et

2081 2851 2278 2902 tamen
2301 2847 2454 2904 Deus
2478 2847 2618 2904 facit
2639 2847 2815 2904 etiam
2835 2864 3014 2921 super
3024 2847 3170 2906 tales
3182 2848 3320 2905 oriri
3333 2848 3514 2907 solem
3535 2867 3740 2922 suum,

2082 2953 2188 2992 nec
2220 2935 2420 2992 minus
2449 2935 2658 2994 tribuit
2687 2953 2864 3009 quam
2897 2941 3032 2994 ante
3061 2937 3378 3006 tribuebat,
3403 2937 3742 3011 largissime

2082 3041 2330 3082 munera
2348 3025 2478 3082 vita:
2500 3041 2567 3082 ac
2589 3025 2898 3082 salutis.Et
2921 3025 3189 3098 quamvis
3209 3027 3267 3082 in
3289 3027 3550 3084 Ecclesia
3573 3027 3741 3085 locus

2083 3113 2428 3170 humillima;
2451 3114 2804 3188 poenitentiae
2833 3131 2949 3170 non
2981 3115 3513 3185 concedatur,Deus
3533 3121 3737 3173 tamen

323 3203 730 3278 fiduciam,qui
760 3189 864 3278 per
891 3189 1237 3278 prophetam
1277 3205 1491 3262 clamat
1525 3223 1538 3262 :
1569 3207 1702 3264 Nolo
1746 3215 1977 3266 mortem
2002 3189 2048 3254 C
2087 3220 2264 3276 super
2291 3221 2388 3260 eos
2411 3221 2530 3259 suae
2552 3204 2908 3276 poenitentiae
2931 3220 3046 3260 non
3069 3203 3736 3272 obliviscitur.0uamvis

319 3295 640 3365 peccatoris,
670 3293 765 3350 sed
791 3301 853 3350 ut
877 3303 1224 3352 convertatur
1250 3303 1302 3352 et
1328 3297 1478 3352 vivat
1505 3297 1717 3366 (Ezech.
1749 3298 1970 3366 xxxm).

323 3379 396 3436 Et
425 3384 583 3437 certa
610 3380 902 3438 sententia
931 3386 1038 3452 est,
1071 3383 1212 3456 quia
1239 3400 1388 3457 quos
1417 3389 1568 3441 Deus
1599 3383 1701 3441 diu
1736 3388 1800 3440 ut
1831 3402 1972 3442 con-

322 3471 627 3524 vertantur
653 3473 969 3542 exspectat,
1002 3489 1119 3529 non
1153 3489 1462 3530 conversos
1481 3473 1687 3530 durius
1709 3474 1972 3531 damnat.

323 3555 396 3612 Et
423 3562 738 3630 postquam
778 3558 992 3629 taliter,
1025 3561 1179 3618 sicut
1223 3561 1622 3635 praediximus,
1655 3581 1690 3620 a
1717 3565 1974 3636 peccatis

323 3645 540 3703 nostris
571 3653 678 3704 nos
694 3651 752 3704 et
769 3665 872 3706 vos
891 3651 1410 3718 mundabimus,de
1431 3655 1635 3710 caetero
1655 3653 1727 3708 ab
1750 3651 1974 3710 eisdem

323 3737 382 3790 et
409 3736 482 3792 ab
512 3735 646 3792 aliis
675 3738 930 3808 peccatis
961 3755 1069 3795 nos
1098 3739 1525 3807 contineamus,
1557 3758 1629 3796 ne
1675 3741 1977 3814 contingat

324 3821 494 3878 nobis
523 3822 669 3878 illud
702 3825 1258 3899 proverbium,quod
1289 3828 1498 3883 beatus
1522 3827 1726 3885 Petrus
1747 3834 1973 3902 aposto-

323 3907 419 3964 lus
448 3910 520 3966 de
550 3910 934 3969 redeuntibus
981 3917 1115 3986 post
1161 3913 1565 3985 pceuitentiam
1615 3915 1686 3972 ad
1737 3920 1976 3989 peccata

326 3996 506 4054 dicit:
531 3998 696 4055 Canis
721 4015 966 4057 reversus
993 4001 1064 4058 ad
1090 4019 1255 4058 suum
1281 4005 1560 4074 vomitum,
1592 4011 1646 4061 et
1668 4021 1764 4060 sus
1788 4005 1896 4062 lota
1914 4007 1976 4062 in

321 4087 601 4145 volutabra
647 4089 752 4144 luti
776 4090 852 4159 (II
868 4091 1016 4147 Petr.
1045 4093 1129 4160 ιι).
1165 4079 1380 4165 Magna
1425 4097 1517 4150 est
1564 4093 1723 4150 enim
1771 4099 1975 4153 contra

321 4182 626 4248 peccatum
658 4177 1009 4251 pmnitentize
1046 4179 1268 4250 virtus;
1303 4181 1404 4238 sed
1436 4181 1486 4239 si
1516 4183 1649 4254 quis
1679 4183 1738 4239 in
1769 4185 1973 4241 eadem

321 4264 664 4337 poenitentia
689 4273 1038 4340 perseveret.
1062 4271 1209 4326 Nam
1236 4270 1521 4343 scriptum
1552 4275 1642 4328 est
1674 4289 1687 4327 :
1725 4273 1832 4342 Qui
1853 4289 1976 4346 per-

318 4355 643 4412 severaverit
669 4373 840 4430 usque
869 4359 930 4414 in
959 4359 1144 4430 ﬁnem,
1176 4360 1267 4414 hic
1293 4359 1478 4416 salvus
1507 4361 1614 4416 erit
1655 4361 1860 4432 (Matth.
1892 4364 1970 4431 ι).

320 4441 466 4498 Ηίηο
496 4443 782 4516 scriptum
813 4449 903 4501 est
933 4461 948 4502 :
983 4449 1100 4520 Qui
1129 4446 1439 4518 baptizatur
1465 4464 1502 4503 a
1529 4457 1763 4517 mortuo,
1793 4458 1848 4506 et
1871 4453 1972 4507 ite-

319 4547 447 4586 rum
476 4535 655 4620 tangit
691 4550 839 4602 eum,
870 4535 1004 4606 quid
1047 4537 1265 4608 proﬁcit
1311 4537 1513 4594 lavatio
1559 4537 1752 4594 illius?
1783 4539 1970 4612 (Eccli.
2001 4554 2050 4620 Ι)

319 4603 534 4691 XXXIV)
564 4603 862 4678 Mortuum
877 4603 1110 4696 quippe
1137 4603 1226 4681 est
1243 4641 1416 4681 omne
1439 4642 1588 4698 opus
1611 4603 1969 4699 perversum,

325 4707 482 4778 quod
511 4709 799 4782 pertrahit
826 4711 895 4768 ad
929 4717 1200 4780 mortem,
1233 4714 1388 4786 quod
1421 4714 1538 4770 vita
1559 4713 1807 4788 justitiaa
1853 4734 1970 4774 non

200 4875 206 4880 ἢ
317 4794 476 4852 vivit.
509 4797 842 4870 Baptizatur
882 4817 1020 4874 ergo
1062 4819 1097 4858 a
1131 4806 1384 4872 mortuo,
1418 4805 1476 4860 et
1519 4802 1733 4860 iterum
1781 4807 1971 4880 tangit

318 4902 476 4954 eum,
509 4885 610 4960 qui
639 4903 818 4960 prava
847 4905 1042 4962 opera,
1075 4907 1203 4963 quas
1229 4909 1292 4948 se
1321 4891 1512 4966 egisse
1541 4893 1830 4962 meminit,
1863 4895 1968 4952 de-

320 4973 538 5048 plorat;
555 4977 656 5034 sed
677 4977 900 5034 eisdem
922 4995 986 5036 se
1004 4977 1216 5038 iterum
1237 4980 1964 5056 postlacrymasimplicat.

316 5065 539 5122 Animae
571 5065 769 5140 itaque
797 5065 1037 5126 cuilibet
1063 5069 1328 5141 ejusdem
1359 5070 1577 5128 mortui
1607 5071 1818 5129 lavatio
1849 5089 1966 5131 non

318 5155 568 5226 proficit,
599 5156 702 5229 qui
751 5157 860 5214 hoc
907 5157 1122 5216 iterum
1161 5158 1424 5217 faciendo
1455 5161 1610 5234 quod
1642 5159 1964 5233 planxerat,

318 5257 425 5298 nec
454 5261 558 5317 per
585 5243 843 5303 lamenta
871 5247 1228 5319 poenitentiae
1257 5266 1324 5305 ac
1355 5249 1764 5306 rectitudinem
1787 5251 1964 5322 justi-

316 5330 408 5386 tiaa
439 5334 722 5407 exsurgit.
737 5336 806 5391 Et
825 5335 1160 5410 quicunque
1180 5341 1439 5410 tempore
1459 5337 1811 5411 poenitentiae
1833 5358 1964 5414 pro-

317 5419 517 5477 ﬁtetur
540 5422 615 5478 ad
647 5423 895 5496 pristina
923 5428 1162 5498 peccata
1181 5442 1243 5482 se
1265 5443 1380 5482 non
1413 5427 1762 5495 rediturum,
1788 5428 1847 5484 id
1877 5433 1968 5486 est

319 5509 610 5578 prrsterita
629 5517 865 5584 peccata
881 5514 1337 5572 anathematizat
1356 5515 1653 5588 (quoniam
1671 5515 1840 5574 aliter
1860 5536 1966 5575 nec

320 5610 355 5649 a
367 5595 484 5652 Deo
500 5598 879 5671 solvitur,nec
892 5603 1234 5661 sacerdotali
1257 5603 1582 5662 ministerio
1603 5605 1965 5664 reconciliari

2083 3309 2220 3366 ergo
2251 3298 2420 3350 caute
2441 3293 2870 3366 salubriterque
2892 3294 3192 3368 provisum
3204 3294 3550 3364 sit,utlocus
3571 3295 3737 3354 illius

2082 3381 2428 3438 humillimae
2450 3381 2802 3456 poenitentiae
2819 3383 2998 3440 semel
3017 3383 3076 3439 in
3094 3383 3340 3440 ecclesia
3353 3385 3730 3454 concedatur,

2083 3487 2156 3527 ne
2187 3469 2478 3528 medicina
2504 3471 2634 3528 vilis
2665 3471 2863 3528 minus
2904 3471 3067 3530 utilis
3115 3477 3270 3530 esset
3314 3474 3569 3547 aegrotis,
3601 3491 3734 3547 qua

2082 3562 2244 3616 tanto
2274 3559 2464 3632 magis
2495 3559 2748 3617 salubris
2779 3565 2890 3630 est,
2921 3565 3143 3634 quanto
3175 3560 3371 3618 minus
3391 3563 3738 3636 contempti-

2083 3646 2219 3704 bilis
2249 3647 2425 3704 fuerit
2456 3667 2469 3705 :
2505 3648 2638 3720 quis
2667 3654 2864 3706 tamen
2895 3651 3108 3707 audeat
3133 3651 3249 3708 Deo
3281 3649 3509 3708 dicere:
3545 3653 3736 3718 Quare

2081 3735 2221 3791 huic
2249 3735 2498 3806 homini,
2522 3737 2621 3810 qui
2645 3741 2778 3810 post
2807 3737 3058 3810 primam
3090 3738 3493 3812 paenitentiam
3525 3757 3736 3796 rursus

2083 3841 2145 3880 se
2174 3823 2401 3897 laqueis
2429 3825 2762 3898 iniquitatis
2783 3827 3355 3901 constringit,adhuc
3375 3827 3588 3885 iterum
3609 3846 3739 3902 par-

2082 3911 2209 3970 cis?
2241 3913 2380 3980 Quis
2413 3914 2624 3970 audeat
2653 3914 2843 3972 dicere
2889 3932 3029 3990 erga
3069 3916 3213 3974 istos
3260 3933 3379 3974 non
3434 3917 3528 3990 agi
3577 3917 3736 3990 quod

2080 4001 2394 4074 Apostolus
2426 4002 2507 4058 ait
2539 4019 2553 4057 :
2585 4005 2810 4076 Ignoras
2839 4007 2972 4077 quia
2991 4007 3270 4078 patientia
3298 4007 3401 4062 Dei
3443 4006 3514 4062 ad
3552 4008 3737 4079 paeni-

2083 4093 2309 4147 tentiam
2338 4098 2386 4148 te
2411 4091 2634 4148 adducit
2660 4093 2835 4162 (Rom.
2868 4093 2975 4164 11)?
3002 4098 3106 4150 aut
3142 4093 3272 4151 istis
3319 4094 3577 4168 exceptis
3605 4111 3738 4151 esse

2082 4179 2404 4236 difﬁnitum
2437 4182 2592 4253 quod
2624 4182 2910 4256 scriptum
2939 4188 3031 4240 est
3057 4201 3072 4240 ε
3105 4185 3261 4240 Beati
3287 4201 3471 4241 omnes
3489 4187 3588 4257 qui
3603 4201 3738 4240 con-

2081 4269 2258 4340 ﬁdunt
2288 4271 2350 4325 in
2377 4286 2504 4326 eum
2531 4272 2703 4340 (Psal.
2737 4271 2840 4341 11)?
2869 4275 2973 4328 aut
2994 4273 3067 4329 ad
3093 4272 3239 4330 istos
3278 4290 3397 4330 non
3443 4273 3738 4347 pertinere

2081 4358 2236 4429 quod
2268 4357 2486 4414 dicitur
2517 4375 2531 4414 :
2568 4359 2812 4418 Viriliter
2839 4363 3004 4431 agite,
3035 4365 3447 4436 etconfortetur
3487 4379 3582 4420 cor
3613 4379 3740 4418 ves-

2081 4454 2247 4516 trum,
2279 4463 2462 4510 omnes
2492 4449 2588 4521 qui
2613 4451 2844 4522 speratis
2874 4451 2934 4506 in
2964 4451 3193 4509 Domino
3224 4453 3395 4521 (Psal.
3417 4451 3592 4508 xxvi?

2204 4589 2355 4646 VIII.
2387 4591 2467 4646 Ad
2493 4607 2693 4664 regem,
2727 4600 2790 4649 ut
2818 4593 2982 4650 bonos
3011 4592 3212 4664 diligat
3235 4595 3603 4652 consiliarios.

2151 4715 2414 4772 Tandem
2446 4715 2519 4773 ad
2549 4733 2672 4786 vos,
2707 4716 2942 4774 domine
2973 4735 3068 4775 rex
3109 4717 3492 4776 dilectissime
3541 4719 3736 4791 nobis,

2077 4820 2408 4862 sermonem
2439 4805 2854 4877 convertimus,
2887 4807 3027 4880 quia
3053 4811 3112 4864 et
3151 4807 3212 4863 in
3260 4807 3374 4864 isto
3423 4807 3740 4883 temporali

2077 4910 2255 4968 regno
2280 4911 2382 4952 vos
2413 4895 2742 4971 prosperari
2773 4895 3131 4968 cupimus,et
3147 4901 3283 4969 post
3301 4895 3463 4954 istud
3485 4914 3736 4972 regnum

2076 4985 2149 5040 ad
2172 4987 2454 5040 aeternum
2483 4984 2782 5058 pervenire
2822 4985 3246 5042 desideramus.
3282 4985 3449 5043 Sicut
3487 4987 3736 5058 quidam

2074 5076 2342 5131 nostrum
2373 5073 2445 5130 ab
2475 5072 2594 5130 illis
2624 5073 2846 5130 audivit
2893 5073 2996 5148 qui
3041 5073 3458 5145 interfuerunt,
3489 5074 3734 5134 Carolus

2075 5162 2324 5236 Magnus
2347 5161 2789 5236 imperator,qui
2803 5179 3049 5238 regnum
3072 5165 3432 5222 Francorum
3454 5164 3736 5222 nobiliter

2074 5251 2396 5325 ampliavit,
2429 5257 2487 5308 et
2515 5269 2619 5325 per
2656 5271 2843 5311 annos
2891 5253 3284 5327 quadraginta
3329 5272 3436 5312 sex
3486 5255 3734 5313 feliciter

2075 5341 2240 5410 rexit,
2274 5345 2331 5397 et
2361 5340 2646 5413 sapientia
2674 5346 2796 5398 tam
2827 5343 2888 5401 in
2919 5343 3139 5400 sanctis
3172 5343 3516 5418 Scripturis,
3545 5359 3727 5416 quam

2073 5434 2130 5486 et
2159 5429 2218 5486 in
2243 5429 2472 5504 legibus
2501 5431 2914 5488 ecclesiasticis
2943 5436 3001 5489 et
3029 5432 3330 5499 humanis,
3346 5451 3514 5508 reges
3543 5434 3728 5490 Fran-

2073 5535 2274 5576 corum
2308 5519 2792 5592 prtecessitmullo
2817 5539 3078 5595 unquam
3099 5526 3360 5594 tempore
3381 5523 3510 5580 sine
3533 5521 3732 5578 tribus

2073 5609 2145 5665 de
2167 5609 2624 5682 sapientioribus
2645 5615 2705 5668 et
2720 5610 3204 5669 eminentioribds
3225 5611 3571 5670 consiliariis
3589 5610 3732 5668 suis
