3976 6188
371 507 2820 542 ---————--—-,————-—-————-p-————-————_.._________,____.

372 313 526 386 1087
1143 317 1528 380 HlNCMAlll
1575 321 1820 406 RHEM.
1864 321 2227 386 ARCHIEP.
2275 326 2684 389 OPUSCULA
2730 326 2992 388 VARIA.
3619 328 3792 392 £088

1960 651 2206 722 XIV.

461 782 672 854 ,QU/E
714 784 1052 858 EXSEQUI
1096 787 1408 848 DEBEAT
1451 789 2483 936 ΕΡΙΞΟΟὲΙέἓίἓξΙέἑξᾶοὲῐὲῐὶΑ
2525 795 2765 858 TUERI
2812 795 2957 854 RES
3001 795 3104 856 ET
3148 795 3659 890 FACULTATES

1433 1031 1620 1104 (Apud
1653 1031 1969 1101 Sirmond.,
1995 1048 2064 1088 ex
2092 1031 2287 1090 codice
2315 992 2713 1107 Virdunensi.)

417 1260 572 1348 .Hznc
613 1261 942 1336 specialiter
987 1264 1226 1337 exsequi
1273 1264 1443 1322 debet
1491 1265 1798 1340 episcopus
1838 1263 2010 1338 juxta
2035 1267 2090 1334 Α
2122 1271 2341 1339 quanto
2372 1269 2550 1326 etiam
2581 1285 2683 1340 pro
2714 1268 2861 1343 ipsis
2893 1268 3129 1343 regibus
3149 1266 3457 1324 hominum
3489 1267 3552 1322 in
3582 1266 3780 1323 divino

371 1367 569 1408 sacras
598 1352 850 1425 regulas.
886 1351 1097 1410 Missas
1141 1355 1406 1427 publicas
1437 1355 1748 1424 celebrare,
1781 1373 2015 1412 sacrum

368 1437 628 1496 chrisma
651 1441 994 1514 regulariter
1020 1461 1380 1512 consecrare,
1411 1451 1682 1502 sanctum
1723 1445 2017 1518 baptisma

358 1528 530 1600 juxta
559 1530 936 1588 traditionem
966 1533 1423 1592 ecclesiasticam
1457 1540 1710 1609 agere,et
1738 1541 1803 1592 ut
1831 1553 1866 1593 a
1893 1553 2016 1608 pre-

367 1617 617 1691 sbyteris
636 1624 847 1694 agatur
876 1623 1198 1694 providere.
1232 1624 1603 1698 Presbyteros
1628 1630 1686 1682 et
1713 1626 2012 1693 diaconos,

365 1709 422 1763 et
452 1707 708 1781 reliquos
735 1709 1162 1770 ecclesiasticos
1193 1713 1760 1784 ministros,statutis
1789 1720 2011 1788 tempo-

365 1795 550 1866 ribus,
575 1797 781 1870 quales
809 1801 1157 1875 praecipiunt
1185 1802 1418 1876 regulae,
1445 1805 1572 1860 sine
1603 1805 1782 1862 ullius
1807 1823 2012 1862 mune-

365 1885 447 1943 ris
497 1889 830 1960 acceptione
884 1890 1174 1948 ordinare.
1227 1892 1492 1964 Synodos
1539 1895 2010 1968 presbyterorum

365 1977 692 2032 secundum
725 1995 926 2036 sacros
955 1997 1208 2038 canones
1245 1982 1372 2039 sine
1419 1983 1728 2040 venalitate
1773 1985 2008 2042 habere.

360 2065 447 2119 Ad
481 2065 892 2137 provincialem
919 2068 1327 2144 episcoporum
1348 2073 1658 2145 synodum,
1692 2077 1748 2128 et
1761 2074 1833 2128 ad
1855 2074 2010 2129 ordi-

363 2155 660 2211 nationem
699 2156 980 2230 episcopi,
1021 2163 1258 2217 vocatus
1310 2161 1634 2230 convenire,
1665 2161 1756 2218 vel
1804 2180 1908 2236 pro
1949 2181 2010 2220 se

364 2241 769 2316 presbyterum
799 2250 902 2301 aut
940 2247 1266 2321 diaconem,
1300 2267 1433 2306 cum
1484 2251 1758 2307 tractoria
1800 2267 2009 2308 causas

363 2346 482 2386 suae
513 2329 1004 2403 impossibilitatis
1043 2342 1386 2408 exponente,
1433 2339 1521 2394 vel
1569 2355 1703 2394 cum
1755 2339 2007 2412 regulari

363 2434 470 2488 suo
501 2435 791 2478 consensu
823 2422 1093 2498 dirigere.
1125 2425 1354 2482 Clerum
1405 2427 1749 2500 regulariter
1795 2430 2006 2502 guber-

362 2511 587 2577 nare,et
614 2508 770 2566 sicut
797 2516 1036 2569 sanctus
1067 2514 1380 2589 Gregorius
1399 2516 1459 2572 in
1490 2517 1766 2589 pastorali
1787 2518 2009 2592 Regula

2125 1357 2412 1426 reddituri
2441 1363 2582 1414 sunt
2610 1359 2877 1416 examine
2908 1359 3254 1415 rationem.»
3285 1358 3356 1414 Et
3381 1360 3544 1413 tanto
3573 1356 3640 1412 in
3669 1356 3780 1412 huc

2125 1447 2317 1504 manis
2346 1449 2524 1505 rebus
2552 1465 2758 1522 regum
2789 1465 2932 1505 cura
2959 1453 3050 1505 est
3076 1447 3422 1521 propensior
3457 1463 3645 1520 quam
3692 1463 3782 1504 sa-

2123 1537 2448 1604 cerdotum,
2497 1541 2718 1610 quanto
2777 1555 2882 1611 pro
2940 1537 3160 1594 honore
3216 1541 3275 1593 et
3321 1536 3664 1614 defensione
3712 1553 3784 1592 ac

2123 1627 2318 1700 quiete
2348 1631 2564 1684 sancta:
2595 1625 2889 1696 Ecclesiae,
2918 1631 2976 1682 et
3021 1631 3313 1683 rectorum
3363 1641 3431 1682 ac
3468 1625 3782 1682 ministro-

2122 1733 2254 1772 rum
2286 1716 2499 1790 ipsius,
2529 1721 2586 1774 et
2615 1716 2775 1789 leges
2806 1716 3258 1790 promulgando,
3289 1731 3356 1772 ac
3387 1713 3721 1782 militando,
3745 1730 3782 1769 a

2122 1805 2276 1878 Rege
2306 1822 2508 1879 regum
2542 1810 2631 1862 est
2661 1807 2748 1862 eis
2765 1823 2917 1863 curae
2947 1823 3097 1862 onus
3117 1803 3578 1877 impositumzsic
3598 1803 3775 1860 actio-

2121 1895 2297 1951 nibus
2356 1895 2609 1969 propriis
2663 1895 3172 1970 dignitatibusque
3227 1892 3551 1962 distinctis,
3605 1897 3673 1949 ut
3717 1897 3780 1948 et

2120 1983 2438 2042 Christiani
2484 2001 2650 2060 reges
2681 2001 2784 2056 pro
2816 1987 3032 2040 aeterna
3058 1982 3176 2039 vita
3205 1981 3588 2056 pontiﬁcibus
3625 1979 3774 2038 indi-

2118 2077 2404 2146 gerent,et
2435 2073 2743 2146 pontifices
2774 2090 2878 2146 pro
2907 2071 3323 2144 temporalium
3363 2088 3562 2127 rerum
3592 2087 3774 2127 cursu

2118 2180 2321 2235 regum
2353 2161 2736 2236 dispositione
2783 2163 3112 2230 uterentur;
3146 2165 3439 2233 quatenus
3485 2160 3773 2234 spiritalis

2119 2252 2268 2308 actio
2299 2251 2634 2308 carnalibus
2656 2251 2902 2308 distaret
2919 2251 3341 2318 incursibus,et
3369 2249 3637 2308 militans
3653 2251 3770 2306 Deo

2117 2341 2362 2398 minime
2393 2341 2644 2414 negotiis
2666 2339 3048 2397 seacularibus
3077 2357 3140 2396 se
3159 2339 3584 2413 implicaret,ac
3603 2338 3774 2396 vicis-

2117 2429 2231 2486 sim
2262 2447 2378 2486 non
2409 2429 2508 2486 ille
2534 2431 2709 2486 rebus
2739 2428 2951 2486 divinis
2983 2427 3290 2501 praesidere
3321 2427 3640 2496 videretur,
3673 2427 3775 2500 qui

2115 2523 2270 2576 esset
2300 2519 2551 2592 negotiis
2568 2517 2949 2583 saecularibus
2977 2519 3054 2574 im
3063 2517 3598 2591 plicatus.Sanctus
3613 2533 3777 2572 nam-

362 2595 524 2668 dicit,
557 2597 748 2710 eidem
778 2599 953 2671 clero,
987 2606 1106 2660 tam
1137 2603 1200 2659 in
1229 2603 1626 2676 interioribus,
1652 2623 1830 2680 quam
1859 2611 1918 2664 et
1946 2607 2006 2664 in
2037 2645 2087 2710 Β
2117 2624 2230 2680 que
2259 2608 2516 2682 Spiritus
2546 2626 2650 2682 per
2679 2625 2778 2665 eos
2809 2608 2909 2680 qui
2941 2624 3077 2664 cum
3108 2607 3340 2664 Christo
3369 2605 3431 2662 in
3475 2605 3624 2662 cazlo
3679 2623 3772 2662 re.

367 2703 598 2710 --....-..-
631 2687 762 2710 2L---
796 2690 957 2710 _AL_,,
1289 2693 1302 2706 ο
1519 2696 1528 2706 -
1554 2697 1569 2710 1
1717 2697 1756 2710 n
1829 2697 1843 2710 ι
1921 2697 1932 2708 ο
2282 2700 2290 2710 ι
2405 2700 2414 2710 .
2473 2695 2486 2708 ο
2581 2700 2589 2710 .
2702 2695 2712 2706 ο
2862 2694 2874 2706 ο
3023 2695 3062 2710 «ιο
3440 2699 3452 2710 ι
3532 2695 3570 2710 ιο
3617 2695 3653 2710 ο.
3755 2699 3765 2710 ι

363 2687 764 2756 corporalibus
793 2690 988 2761 rebus,
1014 2693 1344 2750 necessaria
1371 2696 1692 2768 providere.
1717 2697 2005 2768 Ecclesia},

363 2779 484 2832 tam
513 2775 576 2833 in
604 2777 1000 2849 luminaribus
1031 2786 1088 2839 et
1115 2784 1680 2858 ornamentis,quam
1707 2791 1762 2843 et
1788 2787 1846 2842 in
1871 2787 2006 2842 aedi-

363 2864 533 2934 ﬁciis,
567 2870 626 2924 et
670 2867 730 2924 in
761 2870 1108 2941 sartatectis,
1145 2889 1346 2930 curam
1385 2874 1620 2932 habere.
1654 2875 1925 2948 Hospites
1953 2881 2011 2932 et

362 2972 650 3030 pauperes
677 2957 737 3016 in
765 2961 1104 3019 constitutis
1133 2963 1476 3038 singillatim
1506 2965 1897 3038 hospitalibus
1927 2984 2011 3023 re-

363 3046 574 3120 cipere,
599 3051 658 3105 et
687 3049 916 3108 dicente
943 3052 1221 3125 Apostolo
1245 3071 1258 3110 :
1285 3055 1394 3124 Qui
1419 3071 1666 3124 suorum,
1689 3063 1742 3112 et
1766 3059 2010 3114 maxime

361 3135 798 3208 domesticorum,
829 3157 1020 3198 curam
1048 3158 1157 3200 non
1185 3143 1364 3211 habet,
1393 3144 1556 3216 ﬁdem
1584 3148 1822 3216 negavit,
1856 3153 1908 3202 et
1931 3153 2010 3202 est

363 3226 578 3299 inﬁdeli
623 3227 856 3287 deterior
903 3231 951 3303 (Ι
981 3233 1115 3288 Tim.
1149 3251 1203 3300 v,
1243 3235 1320 3303 8),
1366 3251 1608 3292 suorum
1654 3235 2010 3292 domestico-

363 3331 496 3372 rum
525 3315 586 3372 in
617 3317 1007 3376 ministrando
1027 3322 1358 3380 necessaria
1385 3340 1586 3381 curam
1619 3323 1851 3382 habere.
1886 3326 2008 3382 Mo-

362 3405 750 3462 nasteriorum
781 3406 841 3462 in
871 3425 980 3465 sua
1008 3411 1302 3483 parochia,
1337 3417 1394 3470 et
1415 3413 1792 3471 ecclesiarum
1823 3414 2007 3472 rusti-

361 3507 642 3550 canarum
672 3496 1104 3566 parochiarum,
1137 3504 1313 3572 atque
1338 3502 1891 3573 matriculariorum,
1925 3521 2008 3561 se-

362 3582 624 3640 cundum
655 3601 852 3644 sacras
891 3588 1124 3662 regulas
1155 3591 1609 3650 sollicitudinem
1648 3611 1866 3666 gerere.
1900 3597 2032 3650 Po.

362 3667 500 3742 pulo
550 3687 670 3728 suae
715 3675 1004 3746 parochize
1048 3678 1292 3734 verbum
1340 3681 1574 3737 Domini
1624 3683 1914 3752 nuntiare,
1953 3687 2009 3739 et

261 3801 272 3808 ,
359 3757 536 3816 verbo
568 3764 743 3832 atque
768 3763 1030 3836 exemplo
1060 3766 1358 3838 subjectos
1387 3767 1498 3823 sibi
1529 3769 1752 3838 docere,
1787 3775 1846 3826 et
1873 3787 2009 3827 ora-

358 3847 520 3910 tione
545 3849 869 3907 consulere.
904 3853 968 3908 In
1001 3853 1442 3928 consignatione
1487 3873 1710 3926 eorum,
1740 3858 1843 3930 qui
1875 3876 2008 3916 nec-

361 3935 505 3993 dum
533 3935 596 3992 in
625 3937 920 3996 frontibus
951 3940 1273 4000 ministerio
1305 3943 1620 4020 episcopali
1643 3951 1784 4002 sunt
1811 3949 2004 4005 consi-

360 4025 544 4100 gnati,
569 4027 913 4102 regulariter
939 4034 1225 4106 satagere,
1255 4037 1314 4089 et
1338 4011 1402 4090 in
1431 4011 1612 4107 hujus
1642 4037 1860 4110 negotii
1891 4037 2002 4094 cir-
2035 4011 2078 4084 (ἶ

360 4115 636 4185 cuitione,
675 4119 984 4193 parochias,
1017 4121 1172 4180 ultra
1217 4123 1482 4180 debitum
1519 4131 1578 4182 et
1609 4125 2007 4184 necessarium

362 4207 786 4276 modum,sicut
813 4215 1054 4269 sanctus
1079 4213 1332 4270 decrevit
1362 4215 1694 4289 Gregorius,
1709 4217 2006 4290 presbyte-

363 4313 460 4354 ros
481 4314 601 4354 non
629 4315 890 4371 gravare.
917 4301 1142 4358 Bonum
1165 4303 1569 4360 testimonium
1602 4305 1777 4361 etiam
1808 4306 1880 4361 ab
1911 4305 2006 4362 his

362 4385 464 4458 qui
495 4387 637 4444 foris
663 4393 806 4446 sunt
829 4389 1064 4447 habere.
1090 4392 1472 4450 Peccantibus
1501 4399 1560 4450 et
1587 4394 2008 4466 pmnitentibus

363 4477 689 4532 secundum
721 4479 964 4535 modum
995 4479 1303 4552 culparum
1335 4482 1681 4555 regulariter
1722 4482 2005 4556 pceniten-

362 4564 507 4620 tiam
537 4565 876 4638 indicere,et
904 4573 1036 4641 post
1051 4570 1510 4628 satisfactionem
1538 4572 1880 4646 regulariter
1908 4590 2007 4629 eos

364 4653 758 4713 reconciliare.
782 4657 986 4714 Omnis
1017 4659 1427 4732 possessionis,
1461 4678 1589 4734 quis
1619 4663 1730 4718 sub
1761 4663 1890 4733 ejus
1921 4667 2010 4718 est

364 4745 668 4816 potestate,
703 4745 1125 4818 providentiam
1153 4764 1370 4822 gerere.
1405 4749 1674 4806 Militiam
1707 4751 1780 4807 ad
1810 4751 2007 4808 defen-

365 4833 590 4890 sionem
641 4840 856 4894 sanctae
905 4837 1195 4907 Ecclesiae,
1228 4841 1554 4898 secundum
1604 4840 2008 4913 possibilitatis

367 4923 782 4997 quantitatem,
791 4926 964 4997 juxta
991 4927 1297 5002 antiquam
1321 4930 1807 4987 consuetudinem
1839 4930 2008 5004 regias

365 5012 736 5087 dispositioni
765 5014 1056 5084 exhibere,
1089 5021 1146 5073 et
1175 5020 1501 5075 secundum
1532 5019 1762 5076 Domini
1787 5019 2006 5092 jussio-

366 5121 522 5174 nem,
555 5121 683 5176 quae
731 5103 976 5162 Cesaris
1020 5111 1160 5163 sunt
1206 5108 1437 5176 Caesari,
1470 5114 1528 5166 et
1575 5110 1690 5166 Deo
1741 5126 1869 5182 quae
1912 5109 2008 5165 Dei

363 5195 504 5248 sunt
531 5193 771 5250 reddere
793 5193 1272 5266 (Matth.xxu,21).
1289 5196 1438 5264 Quia
1455 5198 1607 5254 sicut
1636 5201 1876 5254 sanctus
1897 5198 2008 5254 Ge-

363 5280 549 5337 lasius
579 5283 1038 5340 facundissimus
1069 5303 1218 5358 papa
1252 5287 1310 5342 in
1331 5288 1578 5344 decretis
1606 5286 1731 5344 suis
1747 5287 2010 5344 scribens

2117 2700 2320 2770 gnant,
2365 2700 2424 2752 et
2470 2695 2530 2751 in
2576 2695 2750 2752 terris
2797 2694 3098 2752 miraculis
3147 2699 3478 2764 coruscant,
3512 2695 3684 2763 dixit,
3716 2699 3776 2752 et

2119 2801 2305 2858 usque
2330 2785 2402 2841 ad
2433 2801 2540 2842 nos
2569 2784 2803 2858 scriptis
2833 2785 3134 2858 pervenire
3165 2784 3303 2841 fecit
3326 2784 3771 2857 dicenswrban.

2117 2877 2274 2947 epist.
2310 2876 2364 2944 1)
2397 2890 2412 2930 :
2449 2897 2478 2924 ‹‹
2512 2875 2625 2930 Res
2656 2878 2714 2930 et
2742 2873 3052 2932 facultates
3083 2872 3488 2930 ecclesiastica:
3523 2873 3774 2930 oblatio-

2119 2980 2223 3019 nes
2268 2961 2659 3036 appellantur,
2695 2963 2833 3036 quia
2881 2961 3124 3018 Domino
3173 2963 3518 3031 oll'eruntur,
3553 2967 3612 3018 et
3640 2966 3776 3017 vota

2117 3057 2260 3109 sunt
2288 3052 2647 3122 ﬁdelium,ac
2681 3052 2868 3126 pretia
2897 3055 3476 3124 peccatorum,atque
3493 3049 3775 3124 patrimo-

2118 3141 2218 3198 nia
2246 3158 2594 3216 pauperum.
2627 3140 2686 3198 Si
2719 3141 2854 3215 quis
2885 3141 2988 3197 illa
3018 3139 3296 3214 rapuerit,
3325 3157 3462 3196 reus
3489 3145 3583 3196 est
3608 3141 3776 3196 dam-

2117 3231 2374 3288 nationis
2401 3231 2638 3287 Ananiaa
2667 3235 2727 3286 et
2756 3230 3036 3304 Saphiraa,
3069 3234 3128 3285 et
3156 3233 3382 3302 oportet
3424 3229 3774 3299 hujusmodi

2117 3322 2346 3378 tradere
2376 3321 2624 3390 Satanaz,
2653 3325 2718 3377 ut
2755 3319 3000 3394 spiritus
3047 3317 3246 3376 salvus
3288 3317 3368 3376 sit
3411 3318 3471 3374 in
3509 3318 3606 3374 die
3652 3319 3772 3375 Do-

2117 3410 2284 3468 mini.
2318 3412 2480 3477 Quod
2513 3411 2698 3468 nostri
2727 3409 2965 3484 gloriosi
2995 3409 3380 3482 imperatores
3425 3407 3672 3464 Carolus
3716 3413 3776 3464 et

2119 3499 2448 3556 Ludovicus
2480 3501 2540 3556 in
2578 3500 2770 3572 primo
2803 3497 2950 3555 libro
2981 3496 3386 3570 Capitulorum
3417 3513 3660 3553 suorum
3690 3497 3774 3552 ita

2119 3589 2494 3646 inseruerunt
2519 3591 2660 3660 (cap.
2685 3587 2804 3661 83):
2831 3587 2996 3654 Quia,
3030 3585 3326 3658 inquiunt,
3343 3587 3511 3658 juxta
3537 3588 3768 3640 sancto-

2119 3695 2251 3734 rum
2282 3678 2518 3734 Patrum
2550 3676 2924 3733 traditionem
2942 3675 3212 3733 novimus
3242 3692 3335 3732 res
3355 3673 3620 3731 Ecclesia;
3636 3677 3774 3729 vota

2117 3783 2246 3824 esse
2295 3766 2580 3836 fidelium,
2631 3765 2819 3839 pretia
2865 3769 3264 3838 peccatorum,
3311 3768 3369 3820 et
3414 3762 3774 3837 patrimonia

2118 3871 2468 3928 pauperum,
2503 3855 2716 3927 cuique
2763 3871 2880 3910 non
2913 3854 3106 3910 solum
3155 3853 3360 3909 habita
3405 3869 3767 3920 conservare,

2117 3961 2318 4002 verum
2349 3944 2526 4001 etiam
2559 3942 2768 4012 multa,
2803 3943 2918 3999 Deo
2949 3941 3292 4014 opitulante,
3321 3941 3583 3998 conferre
3610 3946 3774 4013 opta-

2116 4050 2270 4115 mus.
2305 4035 2524 4089 Tamen
2555 4037 2621 4089 ut
2649 4033 2722 4088 ab
2754 4031 3165 4090 ecclesiasticis
3192 4031 3264 4088 de
3294 4047 3411 4088 non
3443 4027 3771 4096 dividendis

2117 4123 2292 4180 rebus
2312 4121 2580 4180 Ecclesiae
2611 4120 3006 4195 suspicionem
3037 4121 3263 4177 dudum
3297 4124 3636 4192 conceptam
3668 4136 3768 4191 pe-

2117 4211 2279 4270 nitus
2309 4228 2734 4282 amoveremus,
2750 4210 3068 4267 statuimus
3092 4214 3159 4266 ut
3189 4225 3382 4282 neque
3406 4207 3645 4274 nostris,
3665 4226 3770 4264 ne-

2061 4322 2070 4333 ·
2116 4318 2231 4374 que
2261 4301 2514 4358 ﬁliorum
2545 4305 2602 4358 et
2629 4301 2746 4357 Deo
2776 4299 3153 4379 dispensante
3191 4313 3604 4366 successorum
3632 4313 3770 4352 uos-

2116 4396 2341 4447 trorum
2372 4389 2758 4462 temporibus,
2792 4387 2893 4462 qui
2921 4391 3182 4444 nostram
3209 4385 3298 4443 vel
3329 4384 3772 4460 progenitorum

2117 4485 2451 4537 nostrorum
2481 4476 2960 4545 voluntatem,vel
2979 4475 3312 4549 exemplum
3341 4474 3564 4531 imitari
3583 4472 3775 4531 volue-

2118 4569 2254 4636 rint,
2289 4567 2472 4625 ullam
2503 4567 2736 4642 penitus
2766 4565 3110 4624 divisionem
3134 4569 3236 4622 aut
3255 4565 3556 4637 jacturam
3586 4565 3770 4637 patia-

2118 4664 2231 4716 tur.
2279 4680 2308 4710 »
2356 4659 2608 4714 Sanctus
2658 4673 2894 4730 quoque
2939 4654 3254 4712 Anacletus
3304 4671 3479 4730 papa,
3519 4654 3596 4710 ab
3643 4655 3770 4727 ipso

2117 4749 2286 4805 beato
2319 4748 2486 4806 Petro
2517 4747 2778 4820 apostolo
2809 4747 3112 4820 presbyter
3139 4745 3681 4819 ordinatus,postea
3707 4744 3772 4799 in

2117 4838 2254 4895 sede
2284 4837 2549 4894 Romana
2561 4853 2866 4894 successor
2893 4834 3053 4892 illius
3074 4835 3264 4891 factus
3292 4833 3768 4907 episcopus,cum

2117 4927 2298 4984 totius
2329 4926 2536 4983 mundi
2568 4924 2970 4982 sacerdotibus
2991 4923 3284 4996 judicavit
3311 4925 3496 4997 (epist.
3529 4923 3580 4996 1)
3612 4940 3627 4978 :
3657 4921 3768 4989 Qui

2119 5015 2449 5082 abstulerit,
2481 5014 2776 5087 inquiens,
2809 5011 3032 5086 aliquid
3061 5009 3214 5084 patri
3240 5011 3328 5068 vel
3357 5011 3556 5081 matri,
3579 5010 3768 5068 homi-

2117 5107 2261 5163 cide:
2293 5104 2584 5178 particeps
2628 5107 2736 5160 est.
2769 5102 2938 5158 Pater
2986 5105 3184 5158 noster
3225 5101 3356 5158 sine
3404 5101 3584 5157 dubio
3613 5101 3768 5157 Deus

2118 5201 2228 5263 est,
2261 5197 2364 5268 qui
2396 5211 2502 5251 nos
2533 5192 2783 5260 creavit;
2817 5196 3004 5248 mater
3052 5208 3189 5248 vero
3235 5194 3442 5248 nostra
3487 5188 3766 5255 Ecclesia,

2120 5304 2246 5358 quae
2278 5303 2384 5340 nos
2415 5285 2474 5340 in
2504 5283 2798 5356 baptismo
2829 5280 3169 5354 spiritaliter
3209 5281 3589 5355 regeneran't.
3617 5281 3766 5351 Ergo

365 5371 438 5426 ad
467 5372 846 5430 Anastasium
876 5373 1286 5446 imperatorem
1315 5377 1458 5432 dicit
1486 5381 1667 5449 (epist.
1695 5379 1862 5446 lO):«
1885 5377 2009 5432 Duo
2041 5389 2088 5454 D
2121 5375 2219 5448 qui
2251 5375 2465 5430 Christi
2495 5371 2775 5446 pecunias
2818 5376 2876 5428 et
2923 5370 3190 5428 Ecclesiae
3236 5371 3412 5443 rapit,
3445 5371 3627 5426 aufert
3677 5367 3766 5421 vel

365 5463 506 5514 sunt
535 5459 750 5530 quibus
779 5462 1180 5535 principaliter
1209 5465 1467 5521 mundus
1497 5465 1592 5520 hic
1632 5466 1872 5539 regitur,
1905 5484 2006 5522 au-

365 5546 604 5604 ctoritas
632 5566 798 5606 sacra
829 5551 1192 5624 pontificum,
1220 5557 1278 5608 et
1321 5553 1534 5626 regalis
1585 5558 1862 5626 potestas.
1897 5557 2007 5611 Sed

370 5636 531 5695 tanto
561 5640 796 5710 gravius
816 5644 906 5697 est
934 5642 1165 5714 pondus
1187 5643 1556 5702 sacerdotum
1580 5660 1758 5718 quam
1781 5661 2008 5716 regum,

2118 5465 2429 5538 praedatur,
2455 5462 2751 5518 homicida
2777 5465 2887 5530 est,
2913 5465 3086 5532 atque
3116 5458 3414 5515 homicida
3442 5462 3576 5514 ante
3605 5473 3770 5512 cons-

2121 5558 2350 5628 pectum
2375 5553 2525 5624 justi
2566 5551 2788 5623 judicis
2817 5548 3213 5622 deputabitur.
3247 5548 3357 5614 Qui
3411 5547 3565 5620 rapit
3589 5561 3769 5618 pecu-

2121 5645 2280 5700 niam
2311 5641 2558 5715 proximi
2590 5641 2704 5708 sui,
2727 5638 3102 5712 iniquitatém
3133 5637 3535 5711 operatur:qui
3565 5639 3772 5692 autem
