3976 6188
265 355 426 418 1089

1433 357 1532 418 DE
1576 358 1904 420 OFFICllS
1951 359 2524 423 EPISCOPORUM.

3518 369 3677 433 1090

263 487 580 564 pecuniam
611 485 700 544 vel
729 501 824 543 res
865 485 1132 542 Ecclesiae
1183 486 1513 556 abstulerit,
1546 489 1920 565 sacrilegium
1949 495 2003 558 Α
2033 491 2228 548 salvus
2251 491 2396 562 ﬁeri,
2421 498 2478 549 et
2509 493 2582 550 ab
2613 499 2826 552 mterna
2857 504 3040 554 morte
3069 499 3395 571 liberari,et
3417 504 3487 559 ad
3519 508 3677 560 aeter-

243 578 430 646 ‘facit,
465 582 523 634 et
553 580 620 632 ut
649 575 970 648 sacrilegus
1006 575 1370 648 judicandus
1398 581 1510 634 est.
1547 600 1576 628 »
1609 579 1750 634 Item
1786 597 1920 635 san-

269 673 403 725 ctus
431 667 704 723 Urbanus
757 682 911 738 papa
959 669 1019 721 et
1061 669 1284 739 martyr
1313 668 1492 738 (epist.
1525 670 1578 736 1)
1613 685 1625 723 :
1663 690 1690 718 «
1724 670 1836 725 Res
1867 673 1925 726 et

269 756 580 813 facultates
600 752 1004 811 ecclesiasticm
1029 753 1354 810 oblationes
1376 755 1763 828 appellantur,
1785 755 1923 830 quia

245 845 521 902 ‘Domino
550 845 894 910 offeruntur,
917 846 975 898 et
997 847 1130 898 vota
1159 847 1298 900 sunt
1328 843 1612 913 ﬁdelium,
1639 863 1704 901 ac
1735 846 1924 918 pretia

269 938 668 1008 peccatorum,
699 935 873 1006 atque
903 931 1260 1004 patrimonia
1313 949 1664 1006 pauperum.
1698 935 1758 990 Si
1789 933 1922 1008 quis

265 1025 375 1081 illa
430 1021 710 1097 rapuerit,
769 1037 904 1079 reus
960 1025 1050 1078 est
1106 1021 1502 1080 damnationis
1571 1023 1807 1079 Ananiae
1867 1027 1926 1080 et

269 1113 558 1188 Saphirae,
603 1115 660 1168 et
706 1115 934 1184 oportet
988 1111 1330 1184 hujusmodi
1391 1113 1619 1169 tradere
1671 1113 1920 1182 Satanae,

269 1207 342 1260 ut
369 1202 615 1276 spiritus
645 1199 842 1258 salvus
873 1200 952 1258 sit
979 1199 1040 1257 in
1095 1201 1187 1258 die
1229 1201 1485 1258 Domini.
1522 1225 1550 1252 »
1581 1203 1652 1259 Et
1683 1207 1924 1259 sanctus

245 1291 492 1349 ’Lucius
523 1307 675 1365 papa
702 1293 880 1364 (epist.
915 1291 1040 1364 il):
1076 1313 1104 1341 ‹‹
1138 1291 1354 1348 Rerum
1396 1291 1923 1349 ecclesiasticarum

250 1386 332 1438 'ct
353 1380 704 1437 facultatum
736 1384 998 1454 raptores
1018 1397 1052 1436 a
1074 1379 1379 1436 liminibus
1411 1384 1626 1438 sanctae
1657 1381 1924 1440 Ecclesiae

272 1469 802 1527 anathematizatos
835 1468 1155 1542 apostolica
1183 1469 1530 1527 auctoritate
1562 1470 1838 1544 pellimus
1869 1477 1926 1528 et

271 1561 834 1632 damnamus,atque
853 1558 1169 1634 sacrilegos
1189 1577 1317 1617 esse
1329 1561 1671 1632 judicamus
1695 1578 1708 1617 :
1733 1566 1788 1618 et
1809 1579 1923 1618 non

245 1650 469 1706 ’solum
485 1666 606 1717 eos,
625 1649 726 1706 sed
752 1653 809 1706 et
828 1666 1032 1706 omnes
1055 1650 1486 1706 consentientes
1506 1650 1612 1719 eis,
1639 1651 1778 1724 quia
1809 1668 1924 1708 non

251 1739 470 1796 'solum
501 1739 602 1812 qui
633 1737 856 1794 faciunt
887 1738 969 1794 rei
992 1739 1356 1810 judicantur,
1383 1741 1483 1796 sed
1506 1741 1682 1797 etiam
1705 1740 1804 1814 qui
1838 1742 1926 1798 fa-

273 1828 570 1886 cientibus
618 1827 1014 1884 consentiunt.
1050 1827 1159 1884 Par
1207 1829 1364 1884 enim
1422 1847 1594 1902 poena
1649 1833 1706 1886 et
1750 1847 1926 1904 agen-

270 1921 364 1974 tes
420 1920 479 1974 et
534 1915 961 1974 consentientes
1019 1917 1480 1990 comprehendit.
1513 1921 1560 1974 A
1591 1935 1708 1992 qua
1755 1937 1928 1992 poena

271 2023 602 2063 consensus
621 2005 788 2062 liberi
805 2021 934 2062 esse
956 2023 1071 2062 non
1094 2011 1343 2079 possunt
1365 2005 1729 2080 illi,quorum
1751 2006 1926 2064 mini-

273 2096 524 2152 sterium
545 2099 656 2164 est,
677 2099 734 2152 et
753 2094 853 2168 qui
873 2095 1016 2152 talia
1035 2102 1284 2169 possunt
1312 2097 1638 2169 prohibere,
1673 2099 1925 2172 compri-

272 2200 438 2240 mere
457 2188 515 2240 et
534 2185 865 2252 emendare,
889 2189 950 2240 et
968 2201 1037 2241 ea
1057 2202 1172 2241 non
1195 2187 1436 2243 student
1474 2187 1779 2260 corrigere.
1808 2211 1836 2237 »
1857 2188 1928 2243 Et

273 2276 522 2328 sanctus
542 2271 854 2346 Gregorius
874 2271 935 2328 in
956 2273 1204 2348 epistola
1223 2276 1294 2331 ad
1318 2275 1603 2332 Sabinum
1626 2278 1926 2334 subdiaco-

274 2379 422 2417 num
455 2361 574 2434 (lib.
605 2379 729 2429 vm,
759 2363 917 2435 epist.
948 2365 1008 2432 7)
1039 2379 1052 2419 :
1105 2386 1133 2415 «
1168 2365 1550 2438 Sacrilegum,
1609 2365 1821 2438 inquit,
1870 2371 1928 2422 et

274 2454 484 2508 contra
511 2448 668 2524 leges
699 2454 806 2520 est,
840 2452 890 2507 si
920 2451 1054 2524 quis
1085 2455 1239 2526 quod
1297 2453 1728 2512 venerabilibus
1783 2453 1928 2512 locis

275 2538 650 2612 relinquitur,
674 2555 861 2613 pravae
881 2540 1200 2598 voluntatis
1217 2542 1450 2610 studiis,
1477 2543 1600 2599 suis
1623 2543 1930 2600 tentaverit

278 2629 644 2702 compendiis
667 2628 971 2686 retinere.»
995 2630 1066 2686 Et
1089 2631 1148 2687 S.
1173 2631 1537 2705 Augustinus
1569 2631 1629 2687 in
1661 2649 1929 2688 sermone

276 2717 576 2792 Evangelii
598 2717 784 2774 sancti
803 2719 1048 2775 Joannis
1069 2719 1238 2776 dicit:
1267 2743 1294 2770 «
1309 2722 1425 2776 Fur
1443 2720 1931 2794 sacrileguslocu-

277 2810 474 2866 lorum
503 2824 802 2864 sacrorum
833 2811 891 2863 et
920 2807 1360 2865 Dominicorum
1391 2813 1480 2866 est
1510 2809 1542 2866 J
1550 2810 1716 2876 udas,
1749 2813 1806 2865 et
1829 2809 1928 2882 qui

279 2897 505 2971 aliquid
537 2898 608 2953 de
638 2897 896 2954 Ecclesia
945 2898 1173 2956 furatur
1214 2903 1273 2956 et
1302 2899 1476 2972 rapit,
1508 2899 1672 2956 Judw
1702 2899 1928 2973 perdito

279 2989 676 3060 comparatur.
709 3011 732 3040 ι
768 2987 840 3043 Et
867 2987 1008 3044 item
1041 2987 1100 3044 in
1134 2989 1316 3046 sacris
1345 2989 1691 3057 canonibus,
1725 2993 1928 3046 sancto

278 3075 507 3150 Spiritu
537 3075 792 3146 dictatis,
825 3080 883 3134 et
925 3077 1138 3132 Christi
1198 3078 1486 3152 sanguine
1543 3079 1926 3147 conﬁrmatis,

279 3165 572 3238 scriptum
629 3169 719 3222 est
765 3170 936 3236 (cono.
974 3167 1081 3223 Tol.
1116 3183 1156 3233 ι,
1188 3183 1315 3224 can.
1351 3169 1440 3236 11)
1473 3183 1486 3224 :
1543 3188 1572 3219 «
1602 3168 1662 3224 Si
1693 3168 1827 3240 quis
1857 3169 1930 3223 de

2033 599 2168 636 nam
2217 581 2398 637 vitam
2457 582 2776 655 pervenire,
2836 587 3224 646 attentissime
3281 591 3474 648 cordis
3536 609 3676 648 aure

2031 671 2303 727 exaudiat
2333 671 2475 743 quid
2503 677 2744 728 sanctus
2770 673 3024 745 Spiritus
3053 693 3158 748 per
3185 695 3284 736 eos
3312 677 3545 737 locutus
3564 685 3672 750 est,

2033 761 2248 832 quibus
2275 759 2420 816 dixit
2451 761 2734 818 Dominus
2768 779 2781 818 :
2815 763 2944 818 Ecce
2971 779 3067 834 ego
3099 766 3374 823 vobiscum
3409 785 3532 824 sum
3562 787 3676 826 om-

2031 851 2196 905 nibus
2227 849 2414 906 diebus
2441 867 2612 922 usque
2627 851 2696 906 ad
2715 855 3227 910 consummationem
3255 857 3447 913 saeculi
3467 859 3674 928 (Matth.

2030 955 2230 1005 xxvm,
2251 939 2341 1012 20)
2364 957 2377 1008 ;
2402 943 2459 995 et
2479 957 2492 995 :
2514 941 2634 996 Non
2657 957 2748 997 vos
2767 943 2894 998 estis
2914 943 3012 1015 qui
3040 943 3354 1015 loquimini,
3377 946 3469 1002 sed
3497 947 3676 1018 Spiri-

2033 1034 2116 1082 tus
2148 1029 2331 1083 Patris
2359 1030 2526 1084 vestri
2553 1031 2650 1100 qui
2680 1031 2924 1102 loquitur
2954 1033 3015 1087 in
3042 1033 3192 1088 vobis
3221 1032 3424 1104 (Matth.
3457 1051 3513 1103 x,
3545 1037 3676 1104 20);

2033 1120 2132 1172 et:
2199 1121 2556 1190 Quaecunque
2609 1119 2971 1190 alligaveritis
3025 1137 3190 1193 super
3242 1130 3466 1190 terram,
3519 1132 3684 1181 erunt

2034 1206 2206 1276 ligata
2253 1214 2306 1263 et
2361 1209 2422 1263 in
2475 1209 2624 1276 creto,
2683 1217 2736 1264 et
2786 1225 3124 1282 quaecunque
3191 1212 3461 1269 solveritis
3518 1229 3682 1286 super

2034 1305 2257 1362 terram,
2289 1305 2452 1353 erunt
2503 1298 2687 1354 soluta
2732 1306 2784 1354 et
2830 1301 2891 1354 in
2937 1300 3068 1357 σαειο
3116 1299 3320 1369 (Matth.
3351 1319 3512 1370 xvm,
3551 1302 3678 1375 18);

2035 1389 2092 1440 et
2125 1401 2138 1440 :
2175 1386 2424 1456 .4ccipite
2464 1385 2734 1458 Spiritum
2770 1396 3021 1444 sanctum
3051 1407 3070 1446 :
3101 1405 3333 1462 quorum
3361 1393 3682 1449 remiseritis

2029 1481 2267 1546 peccata,
2290 1475 2647 1532 remittuntur
2663 1477 2764 1546 eis,
2781 1485 2834 1534 et
2857 1494 3084 1550 quorum
3117 1481 3456 1537 retinueritis
3475 1490 3684 1539 retenta

2033 1573 2162 1620 sunt
2192 1564 2368 1638 (Joan.
2400 1581 2492 1632 xx,
2525 1565 2615 1638 22)
2642 1583 2656 1635 ;
2685 1569 2743 1622 et
2775 1583 2788 1622 :
2825 1567 2932 1636 Qui
2986 1584 3076 1623 vos
3131 1568 3287 1626 audit
3319 1587 3403 1626 me
3430 1570 3605 1642 audit,
3633 1581 3686 1628 et

2013 1655 2134 1726 qui
2163 1669 2250 1710 vos
2279 1655 2487 1726 spernit
2514 1671 2600 1710 me
2633 1659 2845 1727 spernit
2873 1658 3023 1726 (Luc.
3047 1675 3102 1726 x,
3137 1658 3244 1730 16).
3280 1659 3494 1716 Dicunt
3523 1661 3681 1718 enim

2036 1741 2143 1811 illi,
2177 1743 2275 1816 qui
2308 1743 2368 1798 in
2400 1743 2542 1800 coelo
2569 1749 2834 1818 regnant,
2849 1746 2980 1802 etin
3001 1750 3154 1821 terra
3185 1747 3486 1805 miraculis
3511 1767 3682 1807 coru-

2037 1837 2222 1901 scant,
2249 1832 2349 1906 qui
2374 1836 2430 1888 et
2459 1849 2647 1905 usque
2673 1834 2844 1892 hodie
2875 1835 3183 1892 nobiscum
3213 1837 3436 1908 vivunt,
3460 1839 3518 1895 et
3546 1856 3680 1896 cum

2035 1919 2474 1976 successoribus
2519 1922 2738 1978 nostris
2783 1939 2969 1996 usque
2997 1921 3056 1978 in
3089 1929 3435 1998 perpetuum
3464 1928 3678 1997 vivent,

2035 2008 2314 2080 quoniam
2325 2010 2482 2082 apud
2495 2010 2680 2068 Deum
2693 2015 2782 2068 est
2795 2028 3016 2070 merces
3027 2029 3229 2071 eorum
3245 2031 3297 2072 :«
3308 2015 3369 2074 Si
3382 2015 3515 2088 quis
3528 2017 3685 2073 obla-

2035 2097 2225 2154 tiones
2253 2097 2524 2154 Ecclesite
2555 2105 2718 2156 extra
2763 2101 3082 2158 Ecclesium
3131 2104 3394 2176 accipere
3421 2103 3507 2161 vel
3542 2104 3682 2162 dare

2033 2186 2298 2256 voluerit,
2318 2191 2527 2260 praeter
2552 2190 2972 2246 conscientiam
3001 2191 3280 2266 epiSCOpi,
3311 2193 3400 2250 vel
3428 2195 3557 2266 ejus
3587 2195 3683 2250 cui

2033 2275 2378 2345 hujusmodi
2407 2276 2600 2333 ofﬁcia
2628 2279 2948 2336 commissa
2976 2285 3249 2348 sunt,nec
3279 2297 3414 2338 cum
3443 2283 3573 2355 ejus
3592 2298 3686 2338 vo-

2035 2362 2210 2420 luerit
2263 2381 2431 2437 agere
2483 2365 2748 2435 consilio,
2799 2367 3114 2424 anathema
3159 2368 3236 2424 sit
3277 2371 3448 2438 (conc.
3482 2370 3682 2444 Ancyr.

2037 2469 2164 2509 can.
2195 2455 2273 2522 7).
2310 2476 2337 2503 ››
2367 2454 2696 2512 Anathema
2753 2460 2949 2512 autem
3004 2456 3423 2530 interpretatur
3462 2459 3524 2516 in
3567 2461 3687 2518 Ro-

2038 2559 2214 2599 mana
2239 2543 2443 2618 lingua
2484 2545 2768 2612 alienatio,
2803 2547 2942 2618 quia
2997 2547 3191 2604 omnis
3249 2547 3389 2605 talia
3444 2550 3684 2620 faciens,

2037 2631 2299 2704 quandiu
2350 2633 2411 2687 in
2458 2633 2574 2689 illis
2626 2633 2878 2706 peccatis
2934 2639 3152 2705 manet,
3212 2636 3349 2694 licet
3406 2655 3514 2696 nos
3564 2639 3691 2713 epi-

2037 2721 2218 2792 scopi,
2281 2721 2382 2792 qui
2442 2721 2499 2775 in
2559 2721 2841 2793 apostolis
2889 2727 2946 2778 et
2997 2739 3134 2780 cum
3208 2727 3490 2796 apostolis
3567 2744 3686 2788 non

2037 2813 2234 2865 nostro
2267 2807 2472 2864 merito
2501 2810 2600 2865 sed
2629 2809 2816 2883 gratia
2863 2811 3060 2867 divina
3087 2811 3306 2885 ligandi
3339 2818 3396 2870 et
3425 2813 3687 2874 solvendi

2037 2901 2386 2970 potestatem
2433 2897 2788 2970 accepimus,
2833 2898 3130 2956 interdum
3178 2901 3350 2970 tardi,
3385 2901 3681 2961 interdum

2039 2985 2216 3042 divini
2249 3002 2458 3042 sensus
2487 2985 2699 3060 ignari,
2729 2986 3026 3043 interdum
3075 3004 3202 3060 quae
3234 2990 3687 3048 committuntur

2039 3075 2389 3145 nescientes,
2421 3075 2737 3148 aliquando
2791 3077 2970 3134 etiam
3016 3077 3333 3134 commissa
3363 3083 3428 3135 ut
3455 3081 3687 3153 expedit

2042 3164 2328 3238 corrigere
2360 3181 2474 3221 non
2506 3163 2782 3235 valentes,
2817 3181 2944 3238 quae
2993 3169 3212 3222 statuta
3259 3172 3400 3225 sunt
3445 3171 3684 3242 exsequi

280 3237 622 3328 potentibus
652 3253 950 3322 clericum,
984 3259 1088 3311 aut
1129 3255 1451 3328 quemlibet
1499 3237 1924 3329 pauperiorem,
1957 3237 2001 3306 C
2042 3237 2506 3327 dissimulamus,
2536 3253 2625 3310 vel
2651 3237 3243 3329 etiaminegligamus,
3278 3261 3345 3313 ut
3373 3257 3551 3314 talem
3581 3237 3688 3314 lio-

281 3347 389 3398 aut
409 3342 745 3417 religiosum
762 3341 1256 3416 exxpoliavcrit,et
1268 3345 1630 3402 mandaverit
1647 3347 1716 3402 ad
1737 3347 1931 3420 ipsum

251 3432 598 3505 'episcopus
628 3436 694 3488 ut
719 3448 855 3488 eum
888 3432 1109 3501 audiat,
1143 3432 1192 3489 si
1225 3435 1658 3507 contempserit,
1683 3435 1932 3491 invicem

285 3537 424 3578 mox
446 3521 665 3594 scripta
683 3525 1028 3600 percurrent
1044 3538 1150 3595 per
1168 3539 1373 3580 omnes
1389 3523 1696 3596 provinciae
1717 3523 1933 3596 episco-

277 3628 412 3684 pos,
436 3613 494 3667 et
515 3626 899 3684 quoscunque
920 3611 1080 3668 adire
1099 3611 1370 3684 potuerit,
1393 3613 1934 3671 excommunicatus

279 3700 594 3768 habeatur,
625 3700 808 3756 donec
839 3699 1040 3756 audiat
1068 3705 1126 3756 et
1159 3701 1362 3758 reddat
1387 3701 1596 3758 aliena.
1629 3723 1658 3754 »
1690 3704 1761 3760 Et
1791 3693 1932 3760 item

279 3789 572 3862 scriptum
595 3792 685 3846 est
712 3793 884 3860 (conc.
907 3790 1123 3861 Agath.,
1148 3807 1274 3846 can.
1301 3792 1354 3864 4)
1388 3807 1401 3847 :
1439 3815 1464 3842 ‹‹
1498 3790 1702 3849 Clerici
1733 3793 1930 3861 etiam,

277 3877 371 3934 vel
394 3877 724 3948 saeculares,
739 3877 841 3950 qui
863 3877 1184 3935 oblationes
1206 3883 1644 3952 parcntum,aut
1665 3883 1930 3950 donatas,

283 3971 387 4023 aut
407 3970 759 4023 testamento
791 3965 1302 4033 relictas,retinere
1327 3971 1935 4041 prazsumpserint,aut

255 4058 342 4112 ’id
371 4059 527 4130 quod
561 4055 672 4128 ipsi
723 4057 1086 4114 donaverunt
1135 4058 1396 4116 ecclesiis
1443 4058 1532 4115 vel
1563 4062 1934 4118 monasteriis

279 4145 642 4201 crediderint
653 4146 1057 4216 auferendum,
1067 4147 1218 4203 sicut
1231 4148 1490 4220 synodus
1507 4152 1712 4204 sancta
1727 4167 1830 4205 con
1838 4151 1936 4208 sti-

279 4231 420 4300 tuit,
441 4233 598 4290 velut
627 4240 927 4292 necatores
958 4253 1307 4309 pauperum,
1340 4253 1645 4310 quousque
1665 4239 1932 4310 reddant,

255 4321 359 4378 “ab
373 4321 642 4380 ecclesiis
663 4322 1068 4381 excludantur.
1087 4348 1113 4374 »
1127 4324 1293 4382 Unde
1309 4342 1682 4398 summopere
1695 4332 1937 4384 caveant

277 4411 642 4485 potentiores
659 4413 900 4486 quique,
919 4414 1328 4487 unusquisque
1359 4415 1420 4471 in
1452 4415 1655 4472 ordine
1677 4421 1734 4472 et
1753 4415 1940 4491 digni-

254 4497 408 4558 'tate
430 4519 558 4568 sua,
582 4518 654 4558 ne
677 4507 1058 4576 praesumant,
1082 4503 1142 4558 in
1175 4505 1610 4562 damnationem
1642 4523 1811 4562 suam
1844 4523 1937 4564 res

2042 3343 2262 3401 minem
2285 3344 2356 3399 ab
2373 3343 2629 3401 Ecclesia
2643 3347 2701 3401 et
2721 3343 2982 3402 ﬁdelium
2999 3345 3274 3402 societate
3294 3347 3689 3404 excommuni-

2042 3437 2242 3490 cantes
2265 3450 2382 3489 non
2405 3449 2799 3506 segregemus,
2815 3435 2942 3507 jam
2963 3438 3159 3491 tamen
3185 3452 3221 3492 a
3249 3433 3432 3494 sacris
3458 3437 3690 3492 canoni-

2043 3523 2155 3580 bus
2185 3520 2724 3578 excommunicatus
2771 3526 2829 3579 et
2875 3523 3314 3596 praedamnatus
3365 3528 3472 3592 est,
3507 3525 3689 3582 donec

2043 3615 2346 3685 peccatum
2379 3610 2540 3688 illud
2556 3611 2809 3679 deserat,
2825 3617 2882 3667 et
2901 3627 3006 3684 per
3033 3613 3493 3670 satisfactionem
3515 3614 3692 3672 eccle-

2044 3699 2363 3766 siasticam,
2410 3704 2467 3756 et
2514 3699 2933 3756 sacerdotalem
2985 3700 3536 3773 reconciliationem,
3572 3703 3692 3759 Do-

2045 3789 2188 3844 mini
2220 3789 2468 3862 gratiam
2507 3793 2566 3846 et
2615 3787 2878 3844 ﬁdelium
2936 3789 3272 3847 societatem
3333 3791 3594 3866 recipiat.
3622 3793 3694 3849 Et

2043 3876 2380 3952 quicunque
2401 3878 2460 3933 in
2481 3877 2736 3951 peccatis
2757 3877 2882 3936 suis
2911 3881 2969 3936 et
2997 3878 3215 3936 talibus
3248 3879 3566 3938 sceleribus
3587 3882 3694 3938 im-

2044 3969 2297 4042 plicatus
2355 3972 2489 4024 ante
2539 3967 3000 4024 satisfactionem
3061 3969 3452 4026 necessariam
3508 3971 3692 4028 vitam

2042 4056 2220 4112 istam
2249 4055 2488 4127 ﬁnierit,
2521 4057 2996 4111 communionem
3045 4060 3104 4112 et
3160 4057 3497 4114 societatem
3556 4077 3692 4116 cum

2042 4143 2242 4201 electis
2272 4144 2331 4198 in
2367 4160 2540 4216 regno
2571 4143 2674 4199 Dei
2703 4142 2918 4199 habere
2949 4143 3288 4200 nullatenus
3321 4146 3554 4217 poterit,
3587 4165 3694 4204 nec

2043 4235 2114 4290 de
2143 4231 2356 4289 inferni
2405 4231 2593 4304 pcnnis
2623 4235 2680 4288 et
2709 4230 3040 4286 daemonum
3099 4232 3376 4288 societate
3427 4247 3693 4304 unquam

2043 4321 2281 4378 liberari
2337 4320 2573 4378 valebit.
2620 4319 2882 4393 Denique
2929 4320 3046 4374 duo
3097 4318 3354 4392 capitula
3412 4337 3538 4394 qua:
3598 4338 3695 4378 se-

2045 4415 2328 4484 quuntur,
2383 4427 2453 4466 ex
2509 4408 2698 4464 edicto
2777 4411 3083 4481 assumpta
3155 4412 3298 4464 sunt
3371 4409 3445 4465 ab
3510 4409 3693 4466 Anse-

2045 4500 2170 4574 giso
2215 4499 2443 4568 abbate,
2476 4495 2866 4570 capitulorum
2927 4495 3322 4571 imperialium
3379 4513 3450 4555 ex
3505 4497 3694 4558 diver-

285 4589 404 4646 sibi
437 4589 1102 4664 ecclesiasticas,.neque
1144 4591 1389 4666 fatigent
1429 4593 1518 4650 vel
1551 4594 1817 4668 afﬂigant
1847 4595 1937 4651 in-
1967 4611 2014 4676 D
2046 4589 2128 4646 sis
2165 4587 2402 4662 synodis
2451 4592 2510 4644 et
2556 4587 2790 4660 placitis
2815 4675 2821 4676 γ
2843 4585 3164 4676 collectore,
3215 4603 3396 4644 causa
3453 4587 3696 4646 brevita-

287 4679 590 4736 consuetis
647 4681 1174 4738 consuetudinibus
1228 4681 1331 4738 Dei
1387 4682 1662 4740 ecclesias
1709 4687 1766 4740 et
1811 4683 1940 4740 loca

283 4771 652 4833 sanctorum.
676 4770 928 4828 scientes
959 4770 1098 4844 quia
1126 4773 1192 4827 ut
1215 4771 1610 4844 praemisimus
1643 4789 1736 4828 res
1765 4772 1942 4830 eccle-

277 4857 536 4916 siasticae
563 4863 700 4916 vota
729 4864 868 4916 sunt
897 4859 1182 4931 ﬁdelium,
1206 4859 1560 4933 patrimonia
1589 4877 1936 4933 pauperum,

265 4947 477 5022 pretia
520 4952 920 5020 peccatorum,
943 4952 1001 5005 et
1029 4948 1089 5005 in
1120 4950 1369 5006 tuitione
1399 4953 1573 5022 atque
1602 4951 1940 5007 defensione

261 5036 500 5094 Christi
533 5038 886 5106 consistunt,
907 5038 1005 5111 qui
1031 5056 1128 5096 eas
1159 5044 1322 5096 terrae
1351 5037 1738 5112 principibus,
1764 5045 1940 5113 atque

278 5125 648 5200 primoribus
680 5127 751 5182 ad
783 5127 1212 5183 defendendum
1243 5133 1300 5184 et
1327 5129 1938 5198 conservandum,non

281 5215 670 5288 al‘ﬂigendum
699 5214 789 5272 vel
835 5217 1245 5290 usurpandum
1294 5218 1413 5274 sive
1463 5219 1940 5291 praesumendum

280 5303 758 5361 commisit.Nam
773 5320 1134 5378 quaecunque
1145 5307 1538 5378 praetendatur
1549 5325 1581 5363 a
1593 5323 1942 5380 quocunque

281 5391 560 5450 utilitatis
577 5392 700 5453 sive
721 5393 1091 5452 necessitatis
1107 5393 1355 5466 occasio,
1367 5393 1465 5450 ille
1479 5397 1655 5453 corda
1673 5397 1940 5453 omnium

283 5482 596 5556 conspicit,
616 5481 718 5556 qui
735 5483 894 5541 novit
913 5483 1294 5558 cogitationes
1315 5483 1646 5554 hominum,
1660 5490 1718 5543 et
1739 5503 1942 5544 remu-

265 5577 452 5629 nerat
473 5573 754 5640 actiones,
779 5577 837 5631 et
865 5573 1041 5632 etiam
1072 5573 1454 5648 cogitationes
1483 5574 1942 5634 irremuneratas

267 5659 632 5723 mal-latentis
660 5655 1047 5744 derelinquat.
1081 5663 1361 5735 Quocirca
1419 5665 1612 5725 omnis
1670 5665 1772 5744 qui
1822 5665 1944 5728 vult

2047 4678 2124 4736 tis
2155 4677 2214 4733 in
2245 4677 2433 4751 primo
2489 4675 2639 4733 libro
2699 4675 3111 4748 capitulorum,
3141 4677 3574 4752 septuagesimo
3604 4696 3696 4736 se-

2049 4769 2233 4842 ptimo
2265 4771 2322 4823 et
2369 4764 2802 4840 septuagesimo
2857 4767 3077 4837 octavo,
3113 4765 3185 4822 de
3216 4783 3333 4823 non
3365 4765 3698 4826 dividendis

2048 4859 2224 4914 rebus
2245 4854 2743 4924 ecclesiasticis,et
2758 4852 3165 4928 episcoporum
3187 4854 3488 4925 electione,
3508 4873 3576 4914 ex
3598 4875 3696 4914 su-

2048 4945 2392 5020 prascriptis
2433 4945 2720 5015 excerpta,
2745 4941 2805 4998 in
2847 4944 3084 5016 praafato
3114 4943 3263 5002 libro
3295 4945 3695 5004 inveniuntur.

2049 5035 2211 5102 Quod
2242 5033 2498 5090 edictum
2531 5050 2600 5088 ex
2627 5035 2856 5106 integro
2896 5033 3150 5093 domnus
3179 5035 3418 5094 Carolus
3449 5034 3698 5108 Magnus

2047 5124 2384 5197 imperator,
2405 5139 2540 5178 cum
2563 5121 3016 5197 interrogatione
3033 5126 3103 5180 de
3125 5123 3576 5197 chorepiscopis,
3594 5139 3700 5197 per

2047 5215 2338 5270 Arnonem
2356 5209 2858 5286 archiepiscopum
2871 5214 2943 5270 ad
2957 5213 3208 5270 Leonem
3225 5228 3435 5284 papam
3466 5211 3694 5282 direxit,

2051 5307 2108 5360 et
2123 5302 2194 5358 ad
2213 5303 2340 5375 ejus
2356 5301 2692 5358 consultum
2709 5301 2867 5358 aliud
2885 5302 3140 5359 edictum
3154 5302 3225 5356 de
3243 5315 3360 5354 non
3371 5298 3698 5358 dividendis

2051 5392 2226 5450 rebus
2247 5390 2742 5460 ecclesiasticis,et
2765 5393 2834 5448 de
2855 5389 3260 5463 episcoporum
3278 5386 3471 5444 causis
3491 5387 3696 5458 edidit,

2050 5487 2107 5540 et
2119 5481 2446 5556 apostolicae
2461 5481 2618 5538 sedis
2633 5485 2804 5553 atque
2817 5478 3161 5536 auctoritate
3182 5493 3291 5533 sua
3311 5476 3697 5546 conﬁrmavit,

2051 5576 2108 5628 et
2117 5589 2222 5645 per
2235 5587 2436 5628 omnes
2448 5568 2928 5644 metropolitanas
2939 5565 3214 5623 ecclesias
3224 5564 3456 5640 imperii
3471 5565 3562 5624 sui
3575 5582 3701 5641 per-

2054 5666 2230 5740 petuo
2251 5661 2535 5724 servanda
2553 5657 3109 5720 direxit.Memorata
3125 5655 3326 5733 itaque
3343 5654 3602 5734 capitula
3617 5656 3702 5720 ita
