  <div class='ocr_page' id='page_1' title='image "/cluster/home/n/w/nwhite01/storage/ocr_20150623/125/hvd.32044054759873/551.png"; bbox 0 0 3976 6188; ppageno 0'>
   <div class='ocr_carea' id='block_1_1' title="bbox 361 331 511 391">
    <p class='ocr_par' dir='ltr' id='par_1_1' title="bbox 361 331 511 391">
     <span class='ocr_line' id='line_1_1' title="bbox 361 331 511 391; baseline -0.02 1"><span class='ocrx_word' id='word_1_1' title='bbox 361 331 511 391; x_wconf 77' lang='grc'><strong>1091</strong></span> 
     </span>
    </p>
   </div>
   <div class='ocr_carea' id='block_1_2' title="bbox 1134 321 2988 387">
    <p class='ocr_par' dir='ltr' id='par_1_2' title="bbox 1134 321 2988 387">
     <span class='ocr_line' id='line_1_2' title="bbox 1134 321 2988 387; baseline -0.001 -2"><span class='ocrx_word' id='word_1_2' title='bbox 1134 323 1524 386; x_wconf 79' lang='lat' dir='ltr'><strong>HINCMARI</strong></span> <span class='ocrx_word' id='word_1_3' title='bbox 1571 322 1811 384; x_wconf 79' lang='lat' dir='ltr'><strong>RHEM.</strong></span> <span class='ocrx_word' id='word_1_4' title='bbox 1860 321 2225 384; x_wconf 77' lang='lat' dir='ltr'><strong>AltCHIEP.</strong></span> <span class='ocrx_word' id='word_1_5' title='bbox 2272 324 2681 387; x_wconf 82' lang='lat' dir='ltr'><strong>OPUSCULA</strong></span> <span class='ocrx_word' id='word_1_6' title='bbox 2728 321 2988 385; x_wconf 82' lang='lat' dir='ltr'><strong>VARIA.</strong></span> 
     </span>
    </p>
   </div>
   <div class='ocr_carea' id='block_1_3' title="bbox 3608 323 3777 387">
    <p class='ocr_par' dir='ltr' id='par_1_3' title="bbox 3608 323 3777 387">
     <span class='ocr_line' id='line_1_3' title="bbox 3608 323 3777 387; baseline 0 -1"><span class='ocrx_word' id='word_1_7' title='bbox 3608 323 3777 387; x_wconf 70' lang='lat'><strong>1092</strong></span> 
     </span>
    </p>
   </div>
   <div class='ocr_carea' id='block_1_4' title="bbox 359 426 3774 530">
    <p class='ocr_par' dir='ltr' id='par_1_4' title="bbox 359 426 3774 530">
     <span class='ocr_line' id='line_1_4' title="bbox 359 426 3774 530; baseline -0.002 -12"><span class='ocrx_word' id='word_1_8' title='bbox 359 479 418 519; x_wconf 82' lang='lat' dir='ltr'><strong>se</strong></span> <span class='ocrx_word' id='word_1_9' title='bbox 437 457 1009 530; x_wconf 75' lang='lat' dir='ltr'><strong>habent(tib.l,c.83):</strong></span> <span class='ocrx_word' id='word_1_10' title='bbox 1025 479 1053 508; x_wconf 85' lang='grc'><strong>‹‹</strong></span> <span class='ocrx_word' id='word_1_11' title='bbox 1070 456 1216 523; x_wconf 87' lang='lat' dir='ltr'><strong>Quia</strong></span> <span class='ocrx_word' id='word_1_12' title='bbox 1224 457 1744 530; x_wconf 89' lang='lat' dir='ltr'><strong>juxtasanetorum</strong></span> <span class='ocrx_word' id='word_1_13' title='bbox 1767 426 2006 511; x_wconf 73' lang='lat' dir='ltr'><strong>Patrum</strong></span> <span class='ocrx_word' id='word_1_14' title='bbox 2036 458 2090 526; x_wconf 80' lang='grc' dir='ltr'>Α</span> <span class='ocrx_word' id='word_1_15' title='bbox 2119 454 2264 528; x_wconf 84' lang='lat' dir='ltr'><strong>ipsis</strong></span> <span class='ocrx_word' id='word_1_16' title='bbox 2295 459 2385 512; x_wconf 88' lang='lat' dir='ltr'><strong>est</strong></span> <span class='ocrx_word' id='word_1_17' title='bbox 2411 454 2785 513; x_wconf 81' lang='lat' dir='ltr'><strong>monasteriis</strong></span> <span class='ocrx_word' id='word_1_18' title='bbox 2823 453 2996 511; x_wconf 85' lang='lat' dir='ltr'><strong>hodie</strong></span> <span class='ocrx_word' id='word_1_19' title='bbox 3042 452 3397 526; x_wconf 79' lang='lat' dir='ltr'>delegatum,</span> <span class='ocrx_word' id='word_1_20' title='bbox 3427 452 3518 510; x_wconf 87' lang='lat' dir='ltr'><strong>vel</strong></span> <span class='ocrx_word' id='word_1_21' title='bbox 3552 455 3774 512; x_wconf 85' lang='lat' dir='ltr'><strong>futuris</strong></span> 
     </span>
    </p>
   </div>
   <div class='ocr_carea' id='block_1_5' title="bbox 354 542 2003 612">
    <p class='ocr_par' dir='ltr' id='par_1_5' title="bbox 354 542 2003 612">
     <span class='ocr_line' id='line_1_5' title="bbox 354 542 2003 612; baseline -0.005 -5"><span class='ocrx_word' id='word_1_22' title='bbox 354 550 504 607; x_wconf 86' lang='lat' dir='ltr'><strong>tradi</strong></span> <span class='ocrx_word' id='word_1_23' title='bbox 515 550 732 605; x_wconf 77' lang='lat' dir='ltr'><strong>tionem</strong></span> <span class='ocrx_word' id='word_1_24' title='bbox 755 547 1025 604; x_wconf 85' lang='lat' dir='ltr'><strong>novimus</strong></span> <span class='ocrx_word' id='word_1_25' title='bbox 1044 563 1136 603; x_wconf 91' lang='lat' dir='ltr'><strong>res</strong></span> <span class='ocrx_word' id='word_1_26' title='bbox 1152 544 1421 602; x_wconf 89' lang='lat' dir='ltr'><strong>Ecclesia</strong></span> <span class='ocrx_word' id='word_1_27' title='bbox 1434 548 1569 600; x_wconf 89' lang='lat' dir='ltr'><strong>vota</strong></span> <span class='ocrx_word' id='word_1_28' title='bbox 1579 560 1707 600; x_wconf 92' lang='lat' dir='ltr'><strong>esse</strong></span> <span class='ocrx_word' id='word_1_29' title='bbox 1720 542 2003 612; x_wconf 81' lang='lat' dir='ltr'><strong>ﬁdelium,</strong></span> 
     </span>
    </p>
   </div>
   <div class='ocr_carea' id='block_1_6' title="bbox 352 633 2008 714">
    <p class='ocr_par' dir='ltr' id='par_1_6' title="bbox 352 633 2008 714">
     <span class='ocr_line' id='line_1_6' title="bbox 352 633 2008 714; baseline -0.005 -18"><span class='ocrx_word' id='word_1_30' title='bbox 352 640 541 714; x_wconf 89' lang='lat' dir='ltr'><strong>pretia</strong></span> <span class='ocrx_word' id='word_1_31' title='bbox 569 640 965 712; x_wconf 77' lang='lat' dir='ltr'><strong>peccatorum,</strong></span> <span class='ocrx_word' id='word_1_32' title='bbox 989 640 1046 691; x_wconf 89' lang='lat' dir='ltr'><strong>et</strong></span> <span class='ocrx_word' id='word_1_33' title='bbox 1060 634 1415 708; x_wconf 87' lang='lat' dir='ltr'><strong>patrimonia</strong></span> <span class='ocrx_word' id='word_1_34' title='bbox 1429 651 1772 707; x_wconf 87' lang='lat' dir='ltr'><strong>pauperum,</strong></span> <span class='ocrx_word' id='word_1_35' title='bbox 1795 633 2008 705; x_wconf 87' lang='lat' dir='ltr'><strong>cuique</strong></span> 
     </span>
    </p>
   </div>
   <div class='ocr_carea' id='block_1_7' title="bbox 356 722 2006 794">
    <p class='ocr_par' dir='ltr' id='par_1_7' title="bbox 356 722 2006 794">
     <span class='ocr_line' id='line_1_7' title="bbox 356 722 2006 794; baseline -0.005 -9"><span class='ocrx_word' id='word_1_36' title='bbox 356 746 473 785; x_wconf 90' lang='lat' dir='ltr'><strong>non</strong></span> <span class='ocrx_word' id='word_1_37' title='bbox 488 727 677 785; x_wconf 91' lang='lat' dir='ltr'><strong>solum</strong></span> <span class='ocrx_word' id='word_1_38' title='bbox 692 725 894 783; x_wconf 86' lang='lat' dir='ltr'><strong>habita</strong></span> <span class='ocrx_word' id='word_1_39' title='bbox 905 741 1474 794; x_wconf 86' lang='lat' dir='ltr'><strong>conservare,verum</strong></span> <span class='ocrx_word' id='word_1_40' title='bbox 1488 722 1665 779; x_wconf 85' lang='lat' dir='ltr'><strong>etiam</strong></span> <span class='ocrx_word' id='word_1_41' title='bbox 1678 722 2006 792; x_wconf 89' lang='lat' dir='ltr'><strong>multa,Deo</strong></span> 
     </span>
    </p>
   </div>
   <div class='ocr_carea' id='block_1_8' title="bbox 355 811 2008 891">
    <p class='ocr_par' dir='ltr' id='par_1_8' title="bbox 355 811 2008 891">
     <span class='ocr_line' id='line_1_8' title="bbox 355 811 2008 891; baseline -0.004 -17"><span class='ocrx_word' id='word_1_42' title='bbox 355 817 699 891; x_wconf 79' lang='lat' dir='ltr'><strong>opitulante,</strong></span> <span class='ocrx_word' id='word_1_43' title='bbox 716 816 977 872; x_wconf 85' lang='lat' dir='ltr'><strong>conferre</strong></span> <span class='ocrx_word' id='word_1_44' title='bbox 995 818 1287 887; x_wconf 83' lang='lat' dir='ltr'><strong>optamus.</strong></span> <span class='ocrx_word' id='word_1_45' title='bbox 1305 815 1522 869; x_wconf 85' lang='lat' dir='ltr'><strong>Tamen</strong></span> <span class='ocrx_word' id='word_1_46' title='bbox 1537 817 1601 867; x_wconf 93' lang='lat' dir='ltr'><strong>ut</strong></span> <span class='ocrx_word' id='word_1_47' title='bbox 1613 813 1685 868; x_wconf 92' lang='lat' dir='ltr'><strong>ab</strong></span> <span class='ocrx_word' id='word_1_48' title='bbox 1699 811 2008 868; x_wconf 81' lang='lat' dir='ltr'><strong>ecclesias-</strong></span> 
     </span>
    </p>
   </div>
   <div class='ocr_carea' id='block_1_9' title="bbox 354 900 2006 973">
    <p class='ocr_par' dir='ltr' id='par_1_9' title="bbox 354 900 2006 973">
     <span class='ocr_line' id='line_1_9' title="bbox 354 900 2006 973; baseline -0.005 -9"><span class='ocrx_word' id='word_1_49' title='bbox 354 906 488 964; x_wconf 88' lang='lat' dir='ltr'><strong>tieis</strong></span> <span class='ocrx_word' id='word_1_50' title='bbox 505 907 577 963; x_wconf 91' lang='lat' dir='ltr'><strong>de</strong></span> <span class='ocrx_word' id='word_1_51' title='bbox 599 923 712 962; x_wconf 90' lang='lat' dir='ltr'><strong>non</strong></span> <span class='ocrx_word' id='word_1_52' title='bbox 739 903 1066 960; x_wconf 88' lang='lat' dir='ltr'><strong>dividendis</strong></span> <span class='ocrx_word' id='word_1_53' title='bbox 1095 902 1269 959; x_wconf 84' lang='lat' dir='ltr'><strong>rebus</strong></span> <span class='ocrx_word' id='word_1_54' title='bbox 1299 901 1458 957; x_wconf 90' lang='lat' dir='ltr'><strong>illius</strong></span> <span class='ocrx_word' id='word_1_55' title='bbox 1490 900 1884 973; x_wconf 89' lang='lat' dir='ltr'><strong>suspicionem</strong></span> <span class='ocrx_word' id='word_1_56' title='bbox 1898 902 2006 957; x_wconf 88' lang='lat' dir='ltr'><strong>du-</strong></span> 
     </span>
    </p>
   </div>
   <div class='ocr_carea' id='block_1_10' title="bbox 356 989 2007 1067">
    <p class='ocr_par' dir='ltr' id='par_1_10' title="bbox 356 989 2007 1067">
     <span class='ocr_line' id='line_1_10' title="bbox 356 989 2007 1067; baseline -0.005 -15"><span class='ocrx_word' id='word_1_57' title='bbox 356 997 501 1052; x_wconf 91' lang='lat' dir='ltr'><strong>dum</strong></span> <span class='ocrx_word' id='word_1_58' title='bbox 533 998 876 1067; x_wconf 82' lang='lat' dir='ltr'><strong>conceptam</strong></span> <span class='ocrx_word' id='word_1_59' title='bbox 909 990 1142 1065; x_wconf 81' lang='lat' dir='ltr'><strong>penitus</strong></span> <span class='ocrx_word' id='word_1_60' title='bbox 1164 1007 1587 1057; x_wconf 89' lang='lat' dir='ltr'><strong>amoveremus,</strong></span> <span class='ocrx_word' id='word_1_61' title='bbox 1611 989 1928 1046; x_wconf 86' lang='lat' dir='ltr'><strong>statuimus</strong></span> <span class='ocrx_word' id='word_1_62' title='bbox 1941 993 2007 1045; x_wconf 88' lang='lat' dir='ltr'><strong>ut</strong></span> 
     </span>
    </p>
   </div>
   <div class='ocr_carea' id='block_1_11' title="bbox 356 1078 2007 1157">
    <p class='ocr_par' dir='ltr' id='par_1_11' title="bbox 356 1078 2007 1157">
     <span class='ocr_line' id='line_1_11' title="bbox 356 1078 2007 1157; baseline -0.004 -16"><span class='ocrx_word' id='word_1_63' title='bbox 356 1101 546 1157; x_wconf 88' lang='lat' dir='ltr'><strong>neque</strong></span> <span class='ocrx_word' id='word_1_64' title='bbox 560 1083 995 1154; x_wconf 87' lang='lat' dir='ltr'><strong>nostris,neque</strong></span> <span class='ocrx_word' id='word_1_65' title='bbox 1011 1079 1265 1136; x_wconf 86' lang='lat' dir='ltr'><strong>ﬁliorum</strong></span> <span class='ocrx_word' id='word_1_66' title='bbox 1279 1079 1461 1136; x_wconf 91' lang='lat' dir='ltr'><strong>etDeo</strong></span> <span class='ocrx_word' id='word_1_67' title='bbox 1479 1078 1857 1152; x_wconf 82' lang='lat' dir='ltr'><strong>dispensante</strong></span> <span class='ocrx_word' id='word_1_68' title='bbox 1878 1095 2007 1135; x_wconf 91' lang='lat' dir='ltr'><strong>suc-</strong></span> 
     </span>
    </p>
   </div>
   <div class='ocr_carea' id='block_1_12' title="bbox 356 1168 2004 1242">
    <p class='ocr_par' dir='ltr' id='par_1_12' title="bbox 356 1168 2004 1242">
     <span class='ocr_line' id='line_1_12' title="bbox 356 1168 2004 1242; baseline -0.005 -11"><span class='ocrx_word' id='word_1_69' title='bbox 356 1190 657 1231; x_wconf 91' lang='lat' dir='ltr'><strong>cessorum</strong></span> <span class='ocrx_word' id='word_1_70' title='bbox 690 1175 1022 1227; x_wconf 90' lang='lat' dir='ltr'><strong>nostrorum</strong></span> <span class='ocrx_word' id='word_1_71' title='bbox 1074 1168 1459 1242; x_wconf 85' lang='lat' dir='ltr'><strong>temporibus,</strong></span> <span class='ocrx_word' id='word_1_72' title='bbox 1493 1169 1594 1241; x_wconf 90' lang='lat' dir='ltr'><strong>qui</strong></span> <span class='ocrx_word' id='word_1_73' title='bbox 1626 1173 1888 1225; x_wconf 89' lang='lat' dir='ltr'><strong>nostram</strong></span> <span class='ocrx_word' id='word_1_74' title='bbox 1916 1168 2004 1224; x_wconf 88' lang='lat' dir='ltr'><strong>vel</strong></span> 
     </span>
    </p>
   </div>
   <div class='ocr_carea' id='block_1_13' title="bbox 355 1256 2003 1336">
    <p class='ocr_par' dir='ltr' id='par_1_13' title="bbox 355 1256 2003 1336">
     <span class='ocr_line' id='line_1_13' title="bbox 355 1256 2003 1336; baseline -0.003 -19"><span class='ocrx_word' id='word_1_75' title='bbox 355 1260 790 1336; x_wconf 89' lang='lat' dir='ltr'><strong>progenitorum</strong></span> <span class='ocrx_word' id='word_1_76' title='bbox 813 1263 1149 1315; x_wconf 90' lang='lat' dir='ltr'><strong>nostrorum</strong></span> <span class='ocrx_word' id='word_1_77' title='bbox 1172 1257 1529 1313; x_wconf 84' lang='lat' dir='ltr'><strong>voluntatem</strong></span> <span class='ocrx_word' id='word_1_78' title='bbox 1542 1257 1653 1326; x_wconf 88' lang='lat' dir='ltr'><strong>,vel</strong></span> <span class='ocrx_word' id='word_1_79' title='bbox 1670 1256 2003 1329; x_wconf 86' lang='lat' dir='ltr'><strong>exemplum</strong></span> 
     </span>
    </p>
   </div>
   <div class='ocr_carea' id='block_1_14' title="bbox 353 1346 2006 1420">
    <p class='ocr_par' dir='ltr' id='par_1_14' title="bbox 353 1346 2006 1420">
     <span class='ocr_line' id='line_1_14' title="bbox 353 1346 2006 1420; baseline -0.004 -13"><span class='ocrx_word' id='word_1_80' title='bbox 353 1351 575 1407; x_wconf 89' lang='lat' dir='ltr'><strong>imitari</strong></span> <span class='ocrx_word' id='word_1_81' title='bbox 589 1348 891 1417; x_wconf 85' lang='lat' dir='ltr'><strong>voluerint,</strong></span> <span class='ocrx_word' id='word_1_82' title='bbox 909 1346 1089 1403; x_wconf 85' lang='lat' dir='ltr'><strong>ullam</strong></span> <span class='ocrx_word' id='word_1_83' title='bbox 1103 1347 1339 1420; x_wconf 90' lang='lat' dir='ltr'><strong>penitus</strong></span> <span class='ocrx_word' id='word_1_84' title='bbox 1353 1346 1697 1403; x_wconf 87' lang='lat' dir='ltr'><strong>divisionem</strong></span> <span class='ocrx_word' id='word_1_85' title='bbox 1712 1350 1814 1402; x_wconf 90' lang='lat' dir='ltr'><strong>aut</strong></span> <span class='ocrx_word' id='word_1_86' title='bbox 1814 1347 1840 1418; x_wconf 90' lang='lat' dir='ltr'><strong>j</strong></span> <span class='ocrx_word' id='word_1_87' title='bbox 1848 1350 2006 1402; x_wconf 88' lang='lat' dir='ltr'><strong>actu-</strong></span> 
     </span>
    </p>
   </div>
   <div class='ocr_carea' id='block_1_15' title="bbox 355 1437 2003 1512">
    <p class='ocr_par' dir='ltr' id='par_1_15' title="bbox 355 1437 2003 1512">
     <span class='ocr_line' id='line_1_15' title="bbox 355 1437 2003 1512; baseline -0.003 -16"><span class='ocrx_word' id='word_1_88' title='bbox 355 1457 479 1496; x_wconf 90' lang='lat' dir='ltr'><strong>ram</strong></span> <span class='ocrx_word' id='word_1_89' title='bbox 492 1437 1322 1512; x_wconf 70' lang='lat' dir='ltr'><strong>patiatur.(cap84.)Sacrorum</strong></span> <span class='ocrx_word' id='word_1_90' title='bbox 1336 1452 1568 1509; x_wconf 89' lang='lat' dir='ltr'><strong>quoque</strong></span> <span class='ocrx_word' id='word_1_91' title='bbox 1580 1453 1873 1493; x_wconf 90' lang='lat' dir='ltr'><strong>canonum</strong></span> <span class='ocrx_word' id='word_1_92' title='bbox 1886 1452 2003 1492; x_wconf 92' lang='lat' dir='ltr'><strong>non</strong></span> 
     </span>
    </p>
   </div>
   <div class='ocr_carea' id='block_1_16' title="bbox 354 1520 2003 1602">
    <p class='ocr_par' dir='ltr' id='par_1_16' title="bbox 354 1520 2003 1602">
     <span class='ocr_line' id='line_1_16' title="bbox 354 1520 2003 1602; baseline -0.003 -17"><span class='ocrx_word' id='word_1_93' title='bbox 354 1528 563 1602; x_wconf 88' lang='lat' dir='ltr'><strong>ignari,</strong></span> <span class='ocrx_word' id='word_1_94' title='bbox 585 1527 719 1582; x_wconf 89' lang='lat' dir='ltr'><strong>utin</strong></span> <span class='ocrx_word' id='word_1_95' title='bbox 742 1526 846 1583; x_wconf 90' lang='lat' dir='ltr'><strong>Dei</strong></span> <span class='ocrx_word' id='word_1_96' title='bbox 864 1525 1099 1582; x_wconf 87' lang='lat' dir='ltr'><strong>nomine</strong></span> <span class='ocrx_word' id='word_1_97' title='bbox 1132 1520 1336 1582; x_wconf 80' lang='lat' dir='ltr'><strong>sancta</strong></span> <span class='ocrx_word' id='word_1_98' title='bbox 1355 1524 1612 1582; x_wconf 86' lang='lat' dir='ltr'><strong>Ecclesia</strong></span> <span class='ocrx_word' id='word_1_99' title='bbox 1631 1542 1738 1582; x_wconf 89' lang='lat' dir='ltr'><strong>suo</strong></span> <span class='ocrx_word' id='word_1_100' title='bbox 1760 1524 2003 1582; x_wconf 86' lang='lat' dir='ltr'><strong>liberius</strong></span> 
     </span>
    </p>
   </div>
   <div class='ocr_carea' id='block_1_17' title="bbox 349 1614 2005 1692">
    <p class='ocr_par' dir='ltr' id='par_1_17' title="bbox 349 1614 2005 1692">
     <span class='ocr_line' id='line_1_17' title="bbox 349 1614 2005 1692; baseline -0.002 -17"><span class='ocrx_word' id='word_1_101' title='bbox 349 1617 608 1692; x_wconf 91' lang='lat' dir='ltr'><strong>potiatur</strong></span> <span class='ocrx_word' id='word_1_102' title='bbox 616 1616 1171 1685; x_wconf 86' lang='lat' dir='ltr'><strong>honore,assensum</strong></span> <span class='ocrx_word' id='word_1_103' title='bbox 1185 1614 1373 1671; x_wconf 78' lang='lat' dir='ltr'><strong>ordini</strong></span> <span class='ocrx_word' id='word_1_104' title='bbox 1387 1614 1778 1672; x_wconf 86' lang='lat' dir='ltr'><strong>ecclesiastico</strong></span> <span class='ocrx_word' id='word_1_105' title='bbox 1790 1615 2005 1688; x_wconf 90' lang='lat' dir='ltr'><strong>prabe-</strong></span> 
     </span>
    </p>
   </div>
   <div class='ocr_carea' id='block_1_18' title="bbox 351 1702 2000 1777">
    <p class='ocr_par' dir='ltr' id='par_1_18' title="bbox 351 1702 2000 1777">
     <span class='ocr_line' id='line_1_18' title="bbox 351 1702 2000 1777; baseline -0.002 -14"><span class='ocrx_word' id='word_1_106' title='bbox 351 1724 506 1776; x_wconf 89' lang='lat' dir='ltr'><strong>mus,</strong></span> <span class='ocrx_word' id='word_1_107' title='bbox 531 1708 599 1763; x_wconf 90' lang='lat' dir='ltr'><strong>ut</strong></span> <span class='ocrx_word' id='word_1_108' title='bbox 618 1704 840 1762; x_wconf 87' lang='lat' dir='ltr'><strong>scilicet</strong></span> <span class='ocrx_word' id='word_1_109' title='bbox 866 1703 1122 1777; x_wconf 90' lang='lat' dir='ltr'><strong>episcopi</strong></span> <span class='ocrx_word' id='word_1_110' title='bbox 1153 1720 1257 1776; x_wconf 90' lang='lat' dir='ltr'><strong>per</strong></span> <span class='ocrx_word' id='word_1_111' title='bbox 1284 1702 1624 1759; x_wconf 89' lang='lat' dir='ltr'><strong>electionem</strong></span> <span class='ocrx_word' id='word_1_112' title='bbox 1646 1702 1785 1760; x_wconf 84' lang='lat' dir='ltr'><strong>cieri</strong></span> <span class='ocrx_word' id='word_1_113' title='bbox 1815 1707 1871 1760; x_wconf 90' lang='lat' dir='ltr'><strong>et</strong></span> <span class='ocrx_word' id='word_1_114' title='bbox 1898 1719 2000 1776; x_wconf 90' lang='lat' dir='ltr'><strong>po-</strong></span> 
     </span>
    </p>
   </div>
   <div class='ocr_carea' id='block_1_19' title="bbox 350 1792 1998 1868">
    <p class='ocr_par' dir='ltr' id='par_1_19' title="bbox 350 1792 1998 1868">
     <span class='ocr_line' id='line_1_19' title="bbox 350 1792 1998 1868; baseline -0.002 -17"><span class='ocrx_word' id='word_1_115' title='bbox 350 1794 476 1868; x_wconf 91' lang='lat' dir='ltr'><strong>puli</strong></span> <span class='ocrx_word' id='word_1_116' title='bbox 498 1795 825 1852; x_wconf 87' lang='lat' dir='ltr'><strong>secundum</strong></span> <span class='ocrx_word' id='word_1_117' title='bbox 847 1796 1072 1850; x_wconf 75' lang='lat' dir='ltr'><strong>statuta</strong></span> <span class='ocrx_word' id='word_1_118' title='bbox 1086 1809 1380 1849; x_wconf 90' lang='lat' dir='ltr'><strong>canonum</strong></span> <span class='ocrx_word' id='word_1_119' title='bbox 1403 1793 1473 1849; x_wconf 91' lang='lat' dir='ltr'><strong>de</strong></span> <span class='ocrx_word' id='word_1_120' title='bbox 1493 1793 1729 1866; x_wconf 89' lang='lat' dir='ltr'><strong>propria</strong></span> <span class='ocrx_word' id='word_1_121' title='bbox 1744 1792 1998 1862; x_wconf 79' lang='lat' dir='ltr'><strong>diacesi,</strong></span> 
     </span>
    </p>
   </div>
   <div class='ocr_carea' id='block_1_20' title="bbox 353 1880 2000 1956">
    <p class='ocr_par' dir='ltr' id='par_1_20' title="bbox 353 1880 2000 1956">
     <span class='ocr_line' id='line_1_20' title="bbox 353 1880 2000 1956; baseline -0.001 -16"><span class='ocrx_word' id='word_1_122' title='bbox 353 1888 580 1942; x_wconf 91' lang='lat' dir='ltr'><strong>remota</strong></span> <span class='ocrx_word' id='word_1_123' title='bbox 603 1898 987 1956; x_wconf 89' lang='lat' dir='ltr'><strong>personarum</strong></span> <span class='ocrx_word' id='word_1_124' title='bbox 1003 1886 1060 1938; x_wconf 90' lang='lat' dir='ltr'><strong>et</strong></span> <span class='ocrx_word' id='word_1_125' title='bbox 1075 1898 1388 1937; x_wconf 91' lang='lat' dir='ltr'><strong>munerum</strong></span> <span class='ocrx_word' id='word_1_126' title='bbox 1407 1882 1759 1954; x_wconf 87' lang='lat' dir='ltr'><strong>acceptione,</strong></span> <span class='ocrx_word' id='word_1_127' title='bbox 1778 1881 1850 1936; x_wconf 91' lang='lat' dir='ltr'><strong>ob</strong></span> <span class='ocrx_word' id='word_1_128' title='bbox 1870 1880 2000 1938; x_wconf 86' lang='lat' dir='ltr'><strong>vita</strong></span> 
     </span>
    </p>
   </div>
   <div class='ocr_carea' id='block_1_21' title="bbox 350 1969 1999 2044">
    <p class='ocr_par' dir='ltr' id='par_1_21' title="bbox 350 1969 1999 2044">
     <span class='ocr_line' id='line_1_21' title="bbox 350 1969 1999 2044; baseline -0.002 -13"><span class='ocrx_word' id='word_1_129' title='bbox 350 1972 627 2031; x_wconf 90' lang='lat' dir='ltr'><strong>meritum</strong></span> <span class='ocrx_word' id='word_1_130' title='bbox 658 1976 716 2028; x_wconf 91' lang='lat' dir='ltr'><strong>et</strong></span> <span class='ocrx_word' id='word_1_131' title='bbox 744 1971 1043 2044; x_wconf 87' lang='lat' dir='ltr'><strong>sapientia</strong></span> <span class='ocrx_word' id='word_1_132' title='bbox 1076 1972 1297 2027; x_wconf 91' lang='lat' dir='ltr'><strong>donum</strong></span> <span class='ocrx_word' id='word_1_133' title='bbox 1327 1969 1710 2044; x_wconf 89' lang='lat' dir='ltr'><strong>eligantur,ut</strong></span> <span class='ocrx_word' id='word_1_134' title='bbox 1737 1970 1999 2044; x_wconf 88' lang='lat' dir='ltr'><strong>exemplo</strong></span> 
     </span>
    </p>
   </div>
   <div class='ocr_carea' id='block_1_22' title="bbox 351 2061 1999 2133">
    <p class='ocr_par' dir='ltr' id='par_1_22' title="bbox 351 2061 1999 2133">
     <span class='ocr_line' id='line_1_22' title="bbox 351 2061 1999 2133; baseline -0.003 -13"><span class='ocrx_word' id='word_1_135' title='bbox 351 2068 409 2120; x_wconf 93' lang='lat' dir='ltr'><strong>et</strong></span> <span class='ocrx_word' id='word_1_136' title='bbox 437 2063 613 2120; x_wconf 90' lang='lat' dir='ltr'><strong>verbo</strong></span> <span class='ocrx_word' id='word_1_137' title='bbox 642 2062 753 2118; x_wconf 91' lang='lat' dir='ltr'><strong>sibi</strong></span> <span class='ocrx_word' id='word_1_138' title='bbox 788 2061 1070 2133; x_wconf 87' lang='lat' dir='ltr'><strong>subjectis</strong></span> <span class='ocrx_word' id='word_1_139' title='bbox 1130 2077 1550 2133; x_wconf 84' lang='lat' dir='ltr'><strong>usquequaque</strong></span> <span class='ocrx_word' id='word_1_140' title='bbox 1601 2061 1880 2132; x_wconf 86' lang='lat' dir='ltr'><strong>prodesse</strong></span> <span class='ocrx_word' id='word_1_141' title='bbox 1903 2077 1999 2116; x_wconf 90' lang='lat' dir='ltr'><strong>va-</strong></span> 
     </span>
    </p>
   </div>
   <div class='ocr_carea' id='block_1_23' title="bbox 349 2149 2000 2210">
    <p class='ocr_par' dir='ltr' id='par_1_23' title="bbox 349 2149 2000 2210">
     <span class='ocr_line' id='line_1_23' title="bbox 349 2149 2000 2210; baseline -0.003 0"><span class='ocrx_word' id='word_1_142' title='bbox 349 2152 529 2210; x_wconf 87' lang='lat' dir='ltr'><strong>leant.</strong></span> <span class='ocrx_word' id='word_1_143' title='bbox 567 2176 594 2203; x_wconf 89' lang='grc'><strong>››</strong></span> <span class='ocrx_word' id='word_1_144' title='bbox 627 2153 696 2208; x_wconf 84' lang='lat' dir='ltr'><strong>Et</strong></span> <span class='ocrx_word' id='word_1_145' title='bbox 725 2150 785 2206; x_wconf 89' lang='lat' dir='ltr'><strong>in</strong></span> <span class='ocrx_word' id='word_1_146' title='bbox 819 2151 1021 2207; x_wconf 89' lang='lat' dir='ltr'><strong>eodem</strong></span> <span class='ocrx_word' id='word_1_147' title='bbox 1070 2149 1257 2206; x_wconf 88' lang='lat' dir='ltr'><strong>edicto</strong></span> <span class='ocrx_word' id='word_1_148' title='bbox 1306 2150 1461 2205; x_wconf 89' lang='lat' dir='ltr'><strong>unde</strong></span> <span class='ocrx_word' id='word_1_149' title='bbox 1491 2149 1612 2205; x_wconf 87' lang='lat' dir='ltr'><strong>hac</strong></span> <span class='ocrx_word' id='word_1_150' title='bbox 1644 2149 1882 2205; x_wconf 86' lang='lat' dir='ltr'><strong>fuerunt</strong></span> <span class='ocrx_word' id='word_1_151' title='bbox 1906 2165 2000 2205; x_wconf 89' lang='lat' dir='ltr'><strong>as-</strong></span> 
     </span>
    </p>
   </div>
   <div class='ocr_carea' id='block_1_24' title="bbox 350 2237 1998 2315">
    <p class='ocr_par' dir='ltr' id='par_1_24' title="bbox 350 2237 1998 2315">
     <span class='ocr_line' id='line_1_24' title="bbox 350 2237 1998 2315; baseline -0.005 -15"><span class='ocrx_word' id='word_1_152' title='bbox 350 2245 587 2315; x_wconf 82' lang='lat' dir='ltr'><strong>sumpta</strong></span> <span class='ocrx_word' id='word_1_153' title='bbox 632 2239 1052 2314; x_wconf 86' lang='lat' dir='ltr'><strong>subsequitur:</strong></span> <span class='ocrx_word' id='word_1_154' title='bbox 1106 2262 1135 2289; x_wconf 89' lang='grc'><strong>‹‹</strong></span> <span class='ocrx_word' id='word_1_155' title='bbox 1166 2238 1540 2311; x_wconf 83' lang='lat' dir='ltr'><strong>Pracipimus</strong></span> <span class='ocrx_word' id='word_1_156' title='bbox 1590 2238 1769 2294; x_wconf 87' lang='lat' dir='ltr'><strong>etiam</strong></span> <span class='ocrx_word' id='word_1_157' title='bbox 1809 2237 1998 2293; x_wconf 91' lang='lat' dir='ltr'><strong>omni-</strong></span> 
     </span>
    </p>
   </div>
   <div class='ocr_carea' id='block_1_25' title="bbox 350 2326 2000 2400">
    <p class='ocr_par' dir='ltr' id='par_1_25' title="bbox 350 2326 2000 2400">
     <span class='ocr_line' id='line_1_25' title="bbox 350 2326 2000 2400; baseline -0.004 -11"><span class='ocrx_word' id='word_1_158' title='bbox 350 2334 461 2389; x_wconf 91' lang='lat' dir='ltr'><strong>bus</strong></span> <span class='ocrx_word' id='word_1_159' title='bbox 505 2330 711 2388; x_wconf 90' lang='lat' dir='ltr'><strong>ditioni</strong></span> <span class='ocrx_word' id='word_1_160' title='bbox 764 2333 976 2386; x_wconf 86' lang='lat' dir='ltr'><strong>nostra</strong></span> <span class='ocrx_word' id='word_1_161' title='bbox 1032 2327 1338 2400; x_wconf 85' lang='lat' dir='ltr'><strong>subjectis,</strong></span> <span class='ocrx_word' id='word_1_162' title='bbox 1370 2331 1436 2383; x_wconf 91' lang='lat' dir='ltr'><strong>ut</strong></span> <span class='ocrx_word' id='word_1_163' title='bbox 1465 2326 1665 2383; x_wconf 92' lang='lat' dir='ltr'><strong>nullus</strong></span> <span class='ocrx_word' id='word_1_164' title='bbox 1696 2326 2000 2400; x_wconf 88' lang='lat' dir='ltr'><strong>privilegia</strong></span> 
     </span>
    </p>
   </div>
   <div class='ocr_carea' id='block_1_26' title="bbox 349 2415 1998 2491">
    <p class='ocr_par' dir='ltr' id='par_1_26' title="bbox 349 2415 1998 2491">
     <span class='ocr_line' id='line_1_26' title="bbox 349 2415 1998 2491; baseline -0.003 -14"><span class='ocrx_word' id='word_1_165' title='bbox 349 2418 756 2491; x_wconf 86' lang='lat' dir='ltr'><strong>ecclesiarum,</strong></span> <span class='ocrx_word' id='word_1_166' title='bbox 780 2416 1296 2486; x_wconf 86' lang='lat' dir='ltr'><strong>monasteriorum,</strong></span> <span class='ocrx_word' id='word_1_167' title='bbox 1325 2420 1430 2472; x_wconf 90' lang='lat' dir='ltr'><strong>aut</strong></span> <span class='ocrx_word' id='word_1_168' title='bbox 1450 2415 1728 2473; x_wconf 88' lang='lat' dir='ltr'><strong>ecclesias</strong></span> <span class='ocrx_word' id='word_1_169' title='bbox 1748 2415 1998 2488; x_wconf 86' lang='lat' dir='ltr'><strong>diripere</strong></span> 
     </span>
    </p>
   </div>
   <div class='ocr_carea' id='block_1_27' title="bbox 348 2504 1995 2583">
    <p class='ocr_par' dir='ltr' id='par_1_27' title="bbox 348 2504 1995 2583">
     <span class='ocr_line' id='line_1_27' title="bbox 348 2504 1995 2583; baseline -0.004 -16"><span class='ocrx_word' id='word_1_170' title='bbox 348 2508 806 2583; x_wconf 86' lang='lat' dir='ltr'><strong>pertentet,quia</strong></span> <span class='ocrx_word' id='word_1_171' title='bbox 826 2508 981 2564; x_wconf 88' lang='lat' dir='ltr'><strong>sicut</strong></span> <span class='ocrx_word' id='word_1_172' title='bbox 1002 2523 1036 2563; x_wconf 91' lang='lat' dir='ltr'><strong>a</strong></span> <span class='ocrx_word' id='word_1_173' title='bbox 1057 2505 1276 2562; x_wconf 90' lang='lat' dir='ltr'><strong>sanctis</strong></span> <span class='ocrx_word' id='word_1_174' title='bbox 1310 2504 1580 2562; x_wconf 89' lang='lat' dir='ltr'><strong>Patribus</strong></span> <span class='ocrx_word' id='word_1_175' title='bbox 1600 2504 1873 2561; x_wconf 89' lang='lat' dir='ltr'><strong>instructi</strong></span> <span class='ocrx_word' id='word_1_176' title='bbox 1897 2522 1995 2560; x_wconf 88' lang='lat' dir='ltr'><strong>su-</strong></span> 
     </span>
    </p>
   </div>
   <div class='ocr_carea' id='block_1_28' title="bbox 329 2592 1995 2679">
    <p class='ocr_par' dir='ltr' id='par_1_28' title="bbox 329 2592 1995 2679">
     <span class='ocr_line' id='line_1_28' title="bbox 329 2592 1995 2679; baseline -0.005 -23"><span class='ocrx_word' id='word_1_177' title='bbox 329 2617 503 2679; x_wconf 51' lang='lat' dir='ltr'><strong>.mus,</strong></span> <span class='ocrx_word' id='word_1_178' title='bbox 527 2598 939 2673; x_wconf 89' lang='lat' dir='ltr'><strong>gravissimum</strong></span> <span class='ocrx_word' id='word_1_179' title='bbox 957 2599 1263 2668; x_wconf 90' lang='lat' dir='ltr'><strong>peccatum</strong></span> <span class='ocrx_word' id='word_1_180' title='bbox 1283 2595 1394 2651; x_wconf 92' lang='lat' dir='ltr'><strong>hoc</strong></span> <span class='ocrx_word' id='word_1_181' title='bbox 1415 2611 1543 2651; x_wconf 90' lang='lat' dir='ltr'><strong>esse</strong></span> <span class='ocrx_word' id='word_1_182' title='bbox 1575 2592 1995 2667; x_wconf 81' lang='lat' dir='ltr'><strong>dignoscitur,»</strong></span> 
     </span>
    </p>
   </div>
   <div class='ocr_carea' id='block_1_29' title="bbox 348 2681 1998 2760">
    <p class='ocr_par' dir='ltr' id='par_1_29' title="bbox 348 2681 1998 2760">
     <span class='ocr_line' id='line_1_29' title="bbox 348 2681 1998 2760; baseline -0.005 -14"><span class='ocrx_word' id='word_1_183' title='bbox 348 2694 406 2746; x_wconf 92' lang='lat' dir='ltr'><strong>et</strong></span> <span class='ocrx_word' id='word_1_184' title='bbox 435 2693 640 2745; x_wconf 86' lang='lat' dir='ltr'><strong>catcra</strong></span> <span class='ocrx_word' id='word_1_185' title='bbox 695 2704 822 2760; x_wconf 85' lang='lat' dir='ltr'><strong>qua</strong></span> <span class='ocrx_word' id='word_1_186' title='bbox 881 2689 1234 2759; x_wconf 85' lang='lat' dir='ltr'><strong>sequuntur.</strong></span> <span class='ocrx_word' id='word_1_187' title='bbox 1266 2685 1338 2740; x_wconf 87' lang='lat' dir='ltr'><strong>Et</strong></span> <span class='ocrx_word' id='word_1_188' title='bbox 1366 2682 1427 2739; x_wconf 90' lang='lat' dir='ltr'><strong>in</strong></span> <span class='ocrx_word' id='word_1_189' title='bbox 1458 2682 1757 2756; x_wconf 88' lang='lat' dir='ltr'><strong>privilegio</strong></span> <span class='ocrx_word' id='word_1_190' title='bbox 1801 2681 1998 2738; x_wconf 89' lang='lat' dir='ltr'><strong>Belva-</strong></span> 
     </span>
    </p>
   </div>
   <div class='ocr_carea' id='block_1_30' title="bbox 333 2770 1994 2848">
    <p class='ocr_par' dir='ltr' id='par_1_30' title="bbox 333 2770 1994 2848">
     <span class='ocr_line' id='line_1_30' title="bbox 333 2770 1994 2848; baseline -0.005 -12"><span class='ocrx_word' id='word_1_191' title='bbox 333 2777 541 2836; x_wconf 76' lang='lat' dir='ltr'><strong>censis</strong></span> <span class='ocrx_word' id='word_1_192' title='bbox 588 2776 880 2845; x_wconf 86' lang='lat' dir='ltr'><strong>Ecclesia,</strong></span> <span class='ocrx_word' id='word_1_193' title='bbox 914 2776 986 2832; x_wconf 90' lang='lat' dir='ltr'><strong>ab</strong></span> <span class='ocrx_word' id='word_1_194' title='bbox 1029 2774 1321 2848; x_wconf 90' lang='lat' dir='ltr'><strong>episcopis</strong></span> <span class='ocrx_word' id='word_1_195' title='bbox 1368 2776 1621 2846; x_wconf 85' lang='lat' dir='ltr'><strong>quatuor</strong></span> <span class='ocrx_word' id='word_1_196' title='bbox 1670 2770 1994 2844; x_wconf 88' lang='lat' dir='ltr'><strong>provincia-</strong></span> 
     </span>
    </p>
   </div>
   <div class='ocr_carea' id='block_1_31' title="bbox 336 2852 1996 2935">
    <p class='ocr_par' dir='ltr' id='par_1_31' title="bbox 336 2852 1996 2935">
     <span class='ocr_line' id='line_1_31' title="bbox 336 2852 1996 2935; baseline -0.007 -9"><span class='ocrx_word' id='word_1_197' title='bbox 336 2852 480 2926; x_wconf 21' lang='lat' dir='ltr'><strong>lrum</strong></span> <span class='ocrx_word' id='word_1_198' title='bbox 512 2883 803 2925; x_wconf 90' lang='lat' dir='ltr'><strong>consensu</strong></span> <span class='ocrx_word' id='word_1_199' title='bbox 832 2864 1034 2921; x_wconf 89' lang='lat' dir='ltr'><strong>domni</strong></span> <span class='ocrx_word' id='word_1_200' title='bbox 1064 2862 1254 2920; x_wconf 88' lang='lat' dir='ltr'><strong>Caroli</strong></span> <span class='ocrx_word' id='word_1_201' title='bbox 1280 2879 1469 2935; x_wconf 89' lang='lat' dir='ltr'><strong>nuper</strong></span> <span class='ocrx_word' id='word_1_202' title='bbox 1490 2861 1747 2918; x_wconf 78' lang='lat' dir='ltr'><strong>defuncti</strong></span> <span class='ocrx_word' id='word_1_203' title='bbox 1780 2860 1996 2916; x_wconf 85' lang='lat' dir='ltr'><strong>conﬁr-</strong></span> 
     </span>
    </p>
   </div>
   <div class='ocr_carea' id='block_1_32' title="bbox 346 2951 1994 3025">
    <p class='ocr_par' dir='ltr' id='par_1_32' title="bbox 346 2951 1994 3025">
     <span class='ocr_line' id='line_1_32' title="bbox 346 2951 1994 3025; baseline -0.007 -10"><span class='ocrx_word' id='word_1_204' title='bbox 346 2962 527 3025; x_wconf 88' lang='lat' dir='ltr'><strong>mato,</strong></span> <span class='ocrx_word' id='word_1_205' title='bbox 559 2956 680 3012; x_wconf 90' lang='lat' dir='ltr'><strong>hac</strong></span> <span class='ocrx_word' id='word_1_206' title='bbox 711 2954 1045 3012; x_wconf 85' lang='lat' dir='ltr'><strong>continetur</strong></span> <span class='ocrx_word' id='word_1_207' title='bbox 1073 2953 1145 3008; x_wconf 91' lang='lat' dir='ltr'><strong>ad</strong></span> <span class='ocrx_word' id='word_1_208' title='bbox 1176 2951 1369 3008; x_wconf 91' lang='lat' dir='ltr'><strong>locum</strong></span> <span class='ocrx_word' id='word_1_209' title='bbox 1395 2967 1407 3007; x_wconf 87' lang='lat'><strong>:</strong></span> <span class='ocrx_word' id='word_1_210' title='bbox 1452 2973 1480 3001; x_wconf 87' lang='grc'><strong>‹‹</strong></span> <span class='ocrx_word' id='word_1_211' title='bbox 1508 2951 1768 3006; x_wconf 85' lang='lat' dir='ltr'><strong>Potestas</strong></span> <span class='ocrx_word' id='word_1_212' title='bbox 1798 2952 1994 3006; x_wconf 87' lang='lat' dir='ltr'><strong>autem</strong></span> 
     </span>
    </p>
   </div>
   <div class='ocr_carea' id='block_1_33' title="bbox 347 3036 1995 3113">
    <p class='ocr_par' dir='ltr' id='par_1_33' title="bbox 347 3036 1995 3113">
     <span class='ocr_line' id='line_1_33' title="bbox 347 3036 1995 3113; baseline -0.007 -9"><span class='ocrx_word' id='word_1_213' title='bbox 347 3045 664 3113; x_wconf 89' lang='lat' dir='ltr'><strong>sacularis,</strong></span> <span class='ocrx_word' id='word_1_214' title='bbox 698 3044 818 3101; x_wconf 91' lang='lat' dir='ltr'><strong>sive</strong></span> <span class='ocrx_word' id='word_1_215' title='bbox 867 3042 945 3099; x_wconf 90' lang='lat' dir='ltr'><strong>sit</strong></span> <span class='ocrx_word' id='word_1_216' title='bbox 986 3041 1350 3099; x_wconf 87' lang='lat' dir='ltr'><strong>sublimitate</strong></span> <span class='ocrx_word' id='word_1_217' title='bbox 1380 3040 1594 3095; x_wconf 86' lang='lat' dir='ltr'><strong>donata</strong></span> <span class='ocrx_word' id='word_1_218' title='bbox 1624 3037 1841 3110; x_wconf 89' lang='lat' dir='ltr'><strong>aliqua,</strong></span> <span class='ocrx_word' id='word_1_219' title='bbox 1874 3036 1995 3093; x_wconf 89' lang='lat' dir='ltr'><strong>sive</strong></span> 
     </span>
    </p>
   </div>
   <div class='ocr_carea' id='block_1_34' title="bbox 345 3125 1991 3196">
    <p class='ocr_par' dir='ltr' id='par_1_34' title="bbox 345 3125 1991 3196">
     <span class='ocr_line' id='line_1_34' title="bbox 345 3125 1991 3196; baseline -0.007 -4"><span class='ocrx_word' id='word_1_220' title='bbox 345 3136 407 3192; x_wconf 91' lang='lat' dir='ltr'><strong>in</strong></span> <span class='ocrx_word' id='word_1_221' title='bbox 463 3133 674 3191; x_wconf 89' lang='lat' dir='ltr'><strong>humili</strong></span> <span class='ocrx_word' id='word_1_222' title='bbox 732 3131 1053 3189; x_wconf 88' lang='lat' dir='ltr'><strong>constituta</strong></span> <span class='ocrx_word' id='word_1_223' title='bbox 1107 3129 1256 3196; x_wconf 92' lang='lat' dir='ltr'><strong>loco,</strong></span> <span class='ocrx_word' id='word_1_224' title='bbox 1288 3128 1512 3184; x_wconf 91' lang='lat' dir='ltr'><strong>nullam</strong></span> <span class='ocrx_word' id='word_1_225' title='bbox 1561 3128 1622 3183; x_wconf 91' lang='lat' dir='ltr'><strong>in</strong></span> <span class='ocrx_word' id='word_1_226' title='bbox 1654 3126 1758 3196; x_wconf 91' lang='lat' dir='ltr'><strong>eis,</strong></span> <span class='ocrx_word' id='word_1_227' title='bbox 1795 3142 1901 3182; x_wconf 90' lang='lat' dir='ltr'><strong>nec</strong></span> <span class='ocrx_word' id='word_1_228' title='bbox 1930 3125 1991 3181; x_wconf 91' lang='lat' dir='ltr'><strong>in</strong></span> 
     </span>
    </p>
   </div>
   <div class='ocr_carea' id='block_1_35' title="bbox 2030 1840 2077 1905">
    <p class='ocr_par' dir='ltr' id='par_1_35' title="bbox 2030 1840 2077 1905">
     <span class='ocr_line' id='line_1_35' title="bbox 2030 1840 2077 1905; baseline 0 0"><span class='ocrx_word' id='word_1_229' title='bbox 2030 1840 2077 1905; x_wconf 92' lang='lat' dir='ltr'><strong>B</strong></span> 
     </span>
    </p>
   </div>
   <div class='ocr_carea' id='block_1_36' title="bbox 2116 541 3772 618">
    <p class='ocr_par' dir='ltr' id='par_1_36' title="bbox 2116 541 3772 618">
     <span class='ocr_line' id='line_1_36' title="bbox 2116 541 3772 618; baseline 0.001 -18"><span class='ocrx_word' id='word_1_230' title='bbox 2116 545 2481 618; x_wconf 86' lang='lat' dir='ltr'><strong>temporibus</strong></span> <span class='ocrx_word' id='word_1_231' title='bbox 2540 544 2715 600; x_wconf 88' lang='lat' dir='ltr'><strong>fuerit</strong></span> <span class='ocrx_word' id='word_1_232' title='bbox 2768 542 3067 610; x_wconf 89' lang='lat' dir='ltr'><strong>collatum,</strong></span> <span class='ocrx_word' id='word_1_233' title='bbox 3099 541 3357 616; x_wconf 89' lang='lat' dir='ltr'><strong>episcopi</strong></span> <span class='ocrx_word' id='word_1_234' title='bbox 3400 542 3772 602; x_wconf 83' lang='lat' dir='ltr'><strong>Belvacensis</strong></span> 
     </span>
    </p>
   </div>
   <div class='ocr_carea' id='block_1_37' title="bbox 2116 631 3769 704">
    <p class='ocr_par' dir='ltr' id='par_1_37' title="bbox 2116 631 3769 704">
     <span class='ocr_line' id='line_1_37' title="bbox 2116 631 3769 704; baseline 0.001 -16"><span class='ocrx_word' id='word_1_235' title='bbox 2116 632 2519 690; x_wconf 87' lang='lat' dir='ltr'><strong>distributioni</strong></span> <span class='ocrx_word' id='word_1_236' title='bbox 2575 638 2631 689; x_wconf 87' lang='lat' dir='ltr'><strong>et</strong></span> <span class='ocrx_word' id='word_1_237' title='bbox 2687 631 3038 688; x_wconf 90' lang='lat' dir='ltr'><strong>ordinationi</strong></span> <span class='ocrx_word' id='word_1_238' title='bbox 3099 632 3202 687; x_wconf 79' lang='lat' dir='ltr'><strong>fiat</strong></span> <span class='ocrx_word' id='word_1_239' title='bbox 3254 632 3611 704; x_wconf 87' lang='lat' dir='ltr'><strong>subjectum,</strong></span> <span class='ocrx_word' id='word_1_240' title='bbox 3660 650 3769 690; x_wconf 88' lang='lat' dir='ltr'><strong>nec</strong></span> 
     </span>
    </p>
   </div>
   <div class='ocr_carea' id='block_1_38' title="bbox 2117 719 3767 796">
    <p class='ocr_par' dir='ltr' id='par_1_38' title="bbox 2117 719 3767 796">
     <span class='ocr_line' id='line_1_38' title="bbox 2117 719 3767 796; baseline 0 -18"><span class='ocrx_word' id='word_1_241' title='bbox 2117 722 2359 779; x_wconf 88' lang='lat' dir='ltr'><strong>alterius</strong></span> <span class='ocrx_word' id='word_1_242' title='bbox 2417 721 2722 796; x_wconf 85' lang='lat' dir='ltr'><strong>potestatis</strong></span> <span class='ocrx_word' id='word_1_243' title='bbox 2770 722 2873 793; x_wconf 86' lang='lat' dir='ltr'><strong>jus</strong></span> <span class='ocrx_word' id='word_1_244' title='bbox 2928 719 3018 776; x_wconf 91' lang='lat' dir='ltr'><strong>vel</strong></span> <span class='ocrx_word' id='word_1_245' title='bbox 3075 720 3399 777; x_wconf 87' lang='lat' dir='ltr'><strong>dominatio</strong></span> <span class='ocrx_word' id='word_1_246' title='bbox 3452 738 3633 794; x_wconf 87' lang='lat' dir='ltr'><strong>super</strong></span> <span class='ocrx_word' id='word_1_247' title='bbox 3681 723 3767 779; x_wconf 88' lang='lat' dir='ltr'><strong>eis</strong></span> 
     </span>
    </p>
   </div>
   <div class='ocr_carea' id='block_1_39' title="bbox 2114 808 3768 885">
    <p class='ocr_par' dir='ltr' id='par_1_39' title="bbox 2114 808 3768 885">
     <span class='ocr_line' id='line_1_39' title="bbox 2114 808 3768 885; baseline -0.001 -16"><span class='ocrx_word' id='word_1_248' title='bbox 2114 816 2465 885; x_wconf 89' lang='lat' dir='ltr'><strong>potestatem</strong></span> <span class='ocrx_word' id='word_1_249' title='bbox 2522 810 2803 884; x_wconf 84' lang='lat' dir='ltr'><strong>aliquam,</strong></span> <span class='ocrx_word' id='word_1_250' title='bbox 2855 809 2970 867; x_wconf 86' lang='lat' dir='ltr'><strong>nisi</strong></span> <span class='ocrx_word' id='word_1_251' title='bbox 3039 813 3330 882; x_wconf 89' lang='lat' dir='ltr'><strong>quantum</strong></span> <span class='ocrx_word' id='word_1_252' title='bbox 3404 808 3605 866; x_wconf 86' lang='lat' dir='ltr'><strong>divina</strong></span> <span class='ocrx_word' id='word_1_253' title='bbox 3660 828 3768 867; x_wconf 83' lang='lat' dir='ltr'><strong>au-</strong></span> 
     </span>
    </p>
   </div>
   <div class='ocr_carea' id='block_1_40' title="bbox 2115 897 3763 973">
    <p class='ocr_par' dir='ltr' id='par_1_40' title="bbox 2115 897 3763 973">
     <span class='ocr_line' id='line_1_40' title="bbox 2115 897 3763 973; baseline -0.001 -15"><span class='ocrx_word' id='word_1_254' title='bbox 2115 902 2355 958; x_wconf 89' lang='lat' dir='ltr'><strong>ctoritas</strong></span> <span class='ocrx_word' id='word_1_255' title='bbox 2412 905 2466 959; x_wconf 89' lang='lat' dir='ltr'><strong>et</strong></span> <span class='ocrx_word' id='word_1_256' title='bbox 2521 901 2614 957; x_wconf 90' lang='lat' dir='ltr'><strong>lex</strong></span> <span class='ocrx_word' id='word_1_257' title='bbox 2687 903 2744 957; x_wconf 90' lang='lat' dir='ltr'><strong>et</strong></span> <span class='ocrx_word' id='word_1_258' title='bbox 2802 897 3043 973; x_wconf 86' lang='lat' dir='ltr'><strong>justitia</strong></span> <span class='ocrx_word' id='word_1_259' title='bbox 3116 898 3433 973; x_wconf 88' lang='lat' dir='ltr'><strong>permittet,</strong></span> <span class='ocrx_word' id='word_1_260' title='bbox 3478 899 3763 957; x_wconf 83' lang='lat' dir='ltr'><strong>obtineat.</strong></span> 
     </span>
    </p>
   </div>
   <div class='ocr_carea' id='block_1_41' title="bbox 2115 989 3767 1065">
    <p class='ocr_par' dir='ltr' id='par_1_41' title="bbox 2115 989 3767 1065">
     <span class='ocr_line' id='line_1_41' title="bbox 2115 989 3767 1065; baseline -0.002 -16"><span class='ocrx_word' id='word_1_261' title='bbox 2115 992 2175 1049; x_wconf 92' lang='lat' dir='ltr'><strong>Si</strong></span> <span class='ocrx_word' id='word_1_262' title='bbox 2236 992 2369 1065; x_wconf 91' lang='lat' dir='ltr'><strong>quis</strong></span> <span class='ocrx_word' id='word_1_263' title='bbox 2428 995 2624 1048; x_wconf 88' lang='lat' dir='ltr'><strong>autem</strong></span> <span class='ocrx_word' id='word_1_264' title='bbox 2682 989 2992 1046; x_wconf 88' lang='lat' dir='ltr'><strong>temerario</strong></span> <span class='ocrx_word' id='word_1_265' title='bbox 3047 1006 3218 1058; x_wconf 90' lang='lat' dir='ltr'><strong>ausu,</strong></span> <span class='ocrx_word' id='word_1_266' title='bbox 3250 1004 3470 1062; x_wconf 75' lang='lat' dir='ltr'><strong>magna</strong></span> <span class='ocrx_word' id='word_1_267' title='bbox 3516 1006 3767 1063; x_wconf 87' lang='lat' dir='ltr'><strong>parvave</strong></span> 
     </span>
    </p>
   </div>
   <div class='ocr_carea' id='block_1_42' title="bbox 2113 1076 3766 1155">
    <p class='ocr_par' dir='ltr' id='par_1_42' title="bbox 2113 1076 3766 1155">
     <span class='ocr_line' id='line_1_42' title="bbox 2113 1076 3766 1155; baseline -0.001 -18"><span class='ocrx_word' id='word_1_268' title='bbox 2113 1098 2383 1155; x_wconf 88' lang='lat' dir='ltr'><strong>persona,</strong></span> <span class='ocrx_word' id='word_1_269' title='bbox 2417 1085 2622 1137; x_wconf 88' lang='lat' dir='ltr'><strong>contra</strong></span> <span class='ocrx_word' id='word_1_270' title='bbox 2641 1079 2752 1137; x_wconf 91' lang='lat' dir='ltr'><strong>hoc</strong></span> <span class='ocrx_word' id='word_1_271' title='bbox 2772 1082 3041 1134; x_wconf 89' lang='lat' dir='ltr'><strong>nostrum</strong></span> <span class='ocrx_word' id='word_1_272' title='bbox 3058 1076 3447 1151; x_wconf 88' lang='lat' dir='ltr'><strong>apostolicum</strong></span> <span class='ocrx_word' id='word_1_273' title='bbox 3464 1079 3766 1136; x_wconf 70' lang='lat' dir='ltr'><strong>decretum</strong></span> 
     </span>
    </p>
   </div>
   <div class='ocr_carea' id='block_1_43' title="bbox 2114 1166 3773 1245">
    <p class='ocr_par' dir='ltr' id='par_1_43' title="bbox 2114 1166 3773 1245">
     <span class='ocr_line' id='line_1_43' title="bbox 2114 1166 3773 1245; baseline -0.001 -18"><span class='ocrx_word' id='word_1_274' title='bbox 2114 1187 2284 1245; x_wconf 90' lang='lat' dir='ltr'><strong>agere</strong></span> <span class='ocrx_word' id='word_1_275' title='bbox 2303 1166 2916 1243; x_wconf 87' lang='lat' dir='ltr'><strong>prasumpserit,sciat</strong></span> <span class='ocrx_word' id='word_1_276' title='bbox 2931 1183 2995 1223; x_wconf 92' lang='lat' dir='ltr'><strong>se</strong></span> <span class='ocrx_word' id='word_1_277' title='bbox 3015 1167 3408 1223; x_wconf 86' lang='lat' dir='ltr'><strong>anathematis</strong></span> <span class='ocrx_word' id='word_1_278' title='bbox 3426 1166 3663 1223; x_wconf 91' lang='lat' dir='ltr'><strong>vinculo</strong></span> <span class='ocrx_word' id='word_1_279' title='bbox 3681 1184 3773 1226; x_wconf 72' lang='lat' dir='ltr'><strong>es-</strong></span> 
     </span>
    </p>
   </div>
   <div class='ocr_carea' id='block_1_44' title="bbox 2113 1254 3768 1331">
    <p class='ocr_par' dir='ltr' id='par_1_44' title="bbox 2113 1254 3768 1331">
     <span class='ocr_line' id='line_1_44' title="bbox 2113 1254 3768 1331; baseline -0.002 -15"><span class='ocrx_word' id='word_1_280' title='bbox 2113 1276 2178 1316; x_wconf 90' lang='lat' dir='ltr'><strong>se</strong></span> <span class='ocrx_word' id='word_1_281' title='bbox 2200 1259 2568 1328; x_wconf 88' lang='lat' dir='ltr'><strong>inuodatum,</strong></span> <span class='ocrx_word' id='word_1_282' title='bbox 2590 1262 2648 1314; x_wconf 92' lang='lat' dir='ltr'><strong>et</strong></span> <span class='ocrx_word' id='word_1_283' title='bbox 2665 1275 2699 1313; x_wconf 91' lang='lat' dir='ltr'><strong>a</strong></span> <span class='ocrx_word' id='word_1_284' title='bbox 2720 1272 2897 1331; x_wconf 88' lang='lat' dir='ltr'><strong>regno</strong></span> <span class='ocrx_word' id='word_1_285' title='bbox 2919 1256 3020 1313; x_wconf 89' lang='lat' dir='ltr'><strong>Dei</strong></span> <span class='ocrx_word' id='word_1_286' title='bbox 3040 1254 3395 1325; x_wconf 89' lang='lat' dir='ltr'><strong>alienum,et</strong></span> <span class='ocrx_word' id='word_1_287' title='bbox 3412 1273 3548 1312; x_wconf 93' lang='lat' dir='ltr'><strong>cum</strong></span> <span class='ocrx_word' id='word_1_288' title='bbox 3572 1256 3768 1313; x_wconf 88' lang='lat' dir='ltr'><strong>omni-</strong></span> 
     </span>
    </p>
   </div>
   <div class='ocr_carea' id='block_1_45' title="bbox 2113 1344 3764 1422">
    <p class='ocr_par' dir='ltr' id='par_1_45' title="bbox 2113 1344 3764 1422">
     <span class='ocr_line' id='line_1_45' title="bbox 2113 1344 3764 1422; baseline -0.002 -17"><span class='ocrx_word' id='word_1_289' title='bbox 2113 1349 2225 1406; x_wconf 90' lang='lat' dir='ltr'><strong>bus</strong></span> <span class='ocrx_word' id='word_1_290' title='bbox 2245 1348 2444 1422; x_wconf 88' lang='lat' dir='ltr'><strong>impiis</strong></span> <span class='ocrx_word' id='word_1_291' title='bbox 2464 1347 2664 1403; x_wconf 85' lang='lat' dir='ltr'><strong>aterni</strong></span> <span class='ocrx_word' id='word_1_292' title='bbox 2684 1345 2940 1402; x_wconf 90' lang='lat' dir='ltr'><strong>incendii</strong></span> <span class='ocrx_word' id='word_1_293' title='bbox 2962 1344 3252 1418; x_wconf 92' lang='lat' dir='ltr'><strong>supplicio</strong></span> <span class='ocrx_word' id='word_1_294' title='bbox 3281 1345 3764 1401; x_wconf 86' lang='lat' dir='ltr'><strong>condemnatum.</strong></span> 
     </span>
    </p>
   </div>
   <div class='ocr_carea' id='block_1_46' title="bbox 2110 1433 3769 1510">
    <p class='ocr_par' dir='ltr' id='par_1_46' title="bbox 2110 1433 3769 1510">
     <span class='ocr_line' id='line_1_46' title="bbox 2110 1433 3769 1510; baseline -0.002 -15"><span class='ocrx_word' id='word_1_295' title='bbox 2110 1441 2185 1495; x_wconf 85' lang='lat' dir='ltr'><strong>At</strong></span> <span class='ocrx_word' id='word_1_296' title='bbox 2211 1456 2344 1495; x_wconf 91' lang='lat' dir='ltr'><strong>vero</strong></span> <span class='ocrx_word' id='word_1_297' title='bbox 2376 1437 2477 1510; x_wconf 90' lang='lat' dir='ltr'><strong>qui</strong></span> <span class='ocrx_word' id='word_1_298' title='bbox 2507 1438 2845 1494; x_wconf 86' lang='lat' dir='ltr'><strong>observator</strong></span> <span class='ocrx_word' id='word_1_299' title='bbox 2889 1433 3176 1491; x_wconf 79' lang='lat' dir='ltr'><strong>exstiterit</strong></span> <span class='ocrx_word' id='word_1_300' title='bbox 3230 1434 3506 1509; x_wconf 87' lang='lat' dir='ltr'><strong>pracepti</strong></span> <span class='ocrx_word' id='word_1_301' title='bbox 3553 1435 3769 1508; x_wconf 85' lang='lat' dir='ltr'><strong>hujus,</strong></span> 
     </span>
    </p>
   </div>
   <div class='ocr_carea' id='block_1_47' title="bbox 2111 1523 3769 1602">
    <p class='ocr_par' dir='ltr' id='par_1_47' title="bbox 2111 1523 3769 1602">
     <span class='ocr_line' id='line_1_47' title="bbox 2111 1523 3769 1602; baseline -0.002 -18"><span class='ocrx_word' id='word_1_302' title='bbox 2111 1529 2361 1602; x_wconf 85' lang='lat' dir='ltr'><strong>gratiam</strong></span> <span class='ocrx_word' id='word_1_303' title='bbox 2393 1530 2567 1600; x_wconf 85' lang='lat' dir='ltr'><strong>atque</strong></span> <span class='ocrx_word' id='word_1_304' title='bbox 2597 1524 3062 1582; x_wconf 88' lang='lat' dir='ltr'><strong>misericordiam</strong></span> <span class='ocrx_word' id='word_1_305' title='bbox 3090 1523 3389 1597; x_wconf 85' lang='lat' dir='ltr'><strong>vitamque</strong></span> <span class='ocrx_word' id='word_1_306' title='bbox 3418 1527 3700 1581; x_wconf 86' lang='lat' dir='ltr'><strong>aternam</strong></span> <span class='ocrx_word' id='word_1_307' title='bbox 3732 1541 3769 1581; x_wconf 84' lang='lat' dir='ltr'><strong>a</strong></span> 
     </span>
    </p>
   </div>
   <div class='ocr_carea' id='block_1_48' title="bbox 2111 1612 3771 1686">
    <p class='ocr_par' dir='ltr' id='par_1_48' title="bbox 2111 1612 3771 1686">
     <span class='ocr_line' id='line_1_48' title="bbox 2111 1612 3771 1686; baseline -0.002 -12"><span class='ocrx_word' id='word_1_308' title='bbox 2111 1615 2660 1674; x_wconf 90' lang='lat' dir='ltr'><strong>misericordissimo</strong></span> <span class='ocrx_word' id='word_1_309' title='bbox 2690 1612 2938 1671; x_wconf 92' lang='lat' dir='ltr'><strong>Domino</strong></span> <span class='ocrx_word' id='word_1_310' title='bbox 2968 1613 3084 1669; x_wconf 91' lang='lat' dir='ltr'><strong>Deo</strong></span> <span class='ocrx_word' id='word_1_311' title='bbox 3111 1616 3308 1670; x_wconf 90' lang='lat' dir='ltr'><strong>nostro</strong></span> <span class='ocrx_word' id='word_1_312' title='bbox 3338 1613 3621 1686; x_wconf 88' lang='lat' dir='ltr'><strong>consequi</strong></span> <span class='ocrx_word' id='word_1_313' title='bbox 3650 1629 3771 1670; x_wconf 90' lang='lat' dir='ltr'><strong>me-</strong></span> 
     </span>
    </p>
   </div>
   <div class='ocr_carea' id='block_1_49' title="bbox 2111 1700 3765 1777">
    <p class='ocr_par' dir='ltr' id='par_1_49' title="bbox 2111 1700 3765 1777">
     <span class='ocr_line' id='line_1_49' title="bbox 2111 1700 3765 1777; baseline -0.003 -13"><span class='ocrx_word' id='word_1_314' title='bbox 2111 1710 2363 1764; x_wconf 84' lang='lat' dir='ltr'><strong>reatur.»</strong></span> <span class='ocrx_word' id='word_1_315' title='bbox 2387 1705 2458 1761; x_wconf 90' lang='lat' dir='ltr'><strong>Et</strong></span> <span class='ocrx_word' id='word_1_316' title='bbox 2477 1707 2717 1761; x_wconf 86' lang='lat' dir='ltr'><strong>sanctus</strong></span> <span class='ocrx_word' id='word_1_317' title='bbox 2747 1702 3060 1777; x_wconf 85' lang='lat' dir='ltr'><strong>Gregorius</strong></span> <span class='ocrx_word' id='word_1_318' title='bbox 3090 1701 3150 1757; x_wconf 92' lang='lat' dir='ltr'><strong>in</strong></span> <span class='ocrx_word' id='word_1_319' title='bbox 3181 1700 3461 1759; x_wconf 84' lang='lat' dir='ltr'><strong>decretali</strong></span> <span class='ocrx_word' id='word_1_320' title='bbox 3491 1701 3765 1776; x_wconf 88' lang='lat' dir='ltr'><strong>epistola,</strong></span> 
     </span>
    </p>
   </div>
   <div class='ocr_carea' id='block_1_50' title="bbox 2109 1791 3766 1870">
    <p class='ocr_par' dir='ltr' id='par_1_50' title="bbox 2109 1791 3766 1870">
     <span class='ocr_line' id='line_1_50' title="bbox 2109 1791 3766 1870; baseline -0.002 -18"><span class='ocrx_word' id='word_1_321' title='bbox 2109 1796 2169 1851; x_wconf 93' lang='lat' dir='ltr'><strong>in</strong></span> <span class='ocrx_word' id='word_1_322' title='bbox 2201 1800 2397 1870; x_wconf 88' lang='lat' dir='ltr'><strong>partes</strong></span> <span class='ocrx_word' id='word_1_323' title='bbox 2441 1793 2670 1851; x_wconf 86' lang='lat' dir='ltr'><strong>Gracia</strong></span> <span class='ocrx_word' id='word_1_324' title='bbox 2700 1809 2805 1865; x_wconf 92' lang='lat' dir='ltr'><strong>pro</strong></span> <span class='ocrx_word' id='word_1_325' title='bbox 2848 1792 3207 1864; x_wconf 90' lang='lat' dir='ltr'><strong>quibusdam</strong></span> <span class='ocrx_word' id='word_1_326' title='bbox 3263 1791 3766 1849; x_wconf 83' lang='lat' dir='ltr'><strong>commotionibus</strong></span> 
     </span>
    </p>
   </div>
   <div class='ocr_carea' id='block_1_51' title="bbox 2110 1879 3766 1956">
    <p class='ocr_par' dir='ltr' id='par_1_51' title="bbox 2110 1879 3766 1956">
     <span class='ocr_line' id='line_1_51' title="bbox 2110 1879 3766 1956; baseline -0.003 -16"><span class='ocrx_word' id='word_1_327' title='bbox 2110 1885 2352 1956; x_wconf 89' lang='lat' dir='ltr'><strong>directa,</strong></span> <span class='ocrx_word' id='word_1_328' title='bbox 2377 1883 2461 1939; x_wconf 91' lang='lat' dir='ltr'><strong>ita</strong></span> <span class='ocrx_word' id='word_1_329' title='bbox 2494 1882 2636 1938; x_wconf 91' lang='lat' dir='ltr'><strong>dicit</strong></span> <span class='ocrx_word' id='word_1_330' title='bbox 2671 1882 2743 1937; x_wconf 89' lang='lat' dir='ltr'><strong>ad</strong></span> <span class='ocrx_word' id='word_1_331' title='bbox 2765 1880 2998 1936; x_wconf 88' lang='lat' dir='ltr'><strong>locum:</strong></span> <span class='ocrx_word' id='word_1_332' title='bbox 3035 1902 3063 1930; x_wconf 77' lang='grc' dir='ltr'>ιι</span> <span class='ocrx_word' id='word_1_333' title='bbox 3082 1880 3141 1936; x_wconf 91' lang='lat' dir='ltr'><strong>Si</strong></span> <span class='ocrx_word' id='word_1_334' title='bbox 3175 1879 3276 1953; x_wconf 92' lang='lat' dir='ltr'><strong>qui</strong></span> <span class='ocrx_word' id='word_1_335' title='bbox 3305 1895 3442 1937; x_wconf 87' lang='lat' dir='ltr'><strong>vero</strong></span> <span class='ocrx_word' id='word_1_336' title='bbox 3468 1884 3631 1950; x_wconf 90' lang='lat' dir='ltr'><strong>sunt,</strong></span> <span class='ocrx_word' id='word_1_337' title='bbox 3663 1881 3766 1953; x_wconf 88' lang='lat' dir='ltr'><strong>qui</strong></span> 
     </span>
    </p>
   </div>
   <div class='ocr_carea' id='block_1_52' title="bbox 2110 1968 3765 2045">
    <p class='ocr_par' dir='ltr' id='par_1_52' title="bbox 2110 1968 3765 2045">
     <span class='ocr_line' id='line_1_52' title="bbox 2110 1968 3765 2045; baseline -0.002 -16"><span class='ocrx_word' id='word_1_338' title='bbox 2110 1974 2333 2041; x_wconf 89' lang='lat' dir='ltr'><strong>dicunt,</strong></span> <span class='ocrx_word' id='word_1_339' title='bbox 2368 1971 2507 2045; x_wconf 90' lang='lat' dir='ltr'><strong>quia</strong></span> <span class='ocrx_word' id='word_1_340' title='bbox 2556 1969 2897 2044; x_wconf 87' lang='lat' dir='ltr'><strong>compulsus</strong></span> <span class='ocrx_word' id='word_1_341' title='bbox 2955 1968 3250 2042; x_wconf 87' lang='lat' dir='ltr'><strong>quispiam</strong></span> <span class='ocrx_word' id='word_1_342' title='bbox 3309 1970 3679 2039; x_wconf 71' lang='lat' dir='ltr'><strong>necessitate,</strong></span> <span class='ocrx_word' id='word_1_343' title='bbox 3712 1969 3765 2025; x_wconf 89' lang='lat' dir='ltr'><strong>si</strong></span> 
     </span>
    </p>
   </div>
   <div class='ocr_carea' id='block_1_53' title="bbox 2110 2058 3765 2130">
    <p class='ocr_par' dir='ltr' id='par_1_53' title="bbox 2110 2058 3765 2130">
     <span class='ocr_line' id='line_1_53' title="bbox 2110 2058 3765 2130; baseline -0.002 -12"><span class='ocrx_word' id='word_1_344' title='bbox 2110 2058 3344 2130; x_wconf 81' lang='lat' dir='ltr'><strong>anathematizaverit,anathematisvinculo</strong></span> <span class='ocrx_word' id='word_1_345' title='bbox 3364 2076 3484 2116; x_wconf 91' lang='lat' dir='ltr'><strong>non</strong></span> <span class='ocrx_word' id='word_1_346' title='bbox 3509 2063 3765 2129; x_wconf 86' lang='lat' dir='ltr'><strong>tenetur,</strong></span> 
     </span>
    </p>
   </div>
   <div class='ocr_carea' id='block_1_54' title="bbox 2107 2146 3768 2225">
    <p class='ocr_par' dir='ltr' id='par_1_54' title="bbox 2107 2146 3768 2225">
     <span class='ocr_line' id='line_1_54' title="bbox 2107 2146 3768 2225; baseline -0.001 -19"><span class='ocrx_word' id='word_1_347' title='bbox 2107 2151 2220 2225; x_wconf 92' lang='lat' dir='ltr'><strong>ipsi</strong></span> <span class='ocrx_word' id='word_1_348' title='bbox 2252 2150 2363 2207; x_wconf 88' lang='lat' dir='ltr'><strong>sibi</strong></span> <span class='ocrx_word' id='word_1_349' title='bbox 2395 2154 2572 2206; x_wconf 89' lang='lat' dir='ltr'><strong>testes</strong></span> <span class='ocrx_word' id='word_1_350' title='bbox 2603 2153 2743 2207; x_wconf 91' lang='lat' dir='ltr'><strong>sunt</strong></span> <span class='ocrx_word' id='word_1_351' title='bbox 2772 2148 2913 2221; x_wconf 90' lang='lat' dir='ltr'><strong>quia</strong></span> <span class='ocrx_word' id='word_1_352' title='bbox 2942 2146 3260 2204; x_wconf 86' lang='lat' dir='ltr'><strong>Christiani</strong></span> <span class='ocrx_word' id='word_1_353' title='bbox 3291 2165 3408 2204; x_wconf 89' lang='lat' dir='ltr'><strong>non</strong></span> <span class='ocrx_word' id='word_1_354' title='bbox 3438 2153 3601 2216; x_wconf 89' lang='lat' dir='ltr'><strong>sunt,</strong></span> <span class='ocrx_word' id='word_1_355' title='bbox 3625 2148 3768 2220; x_wconf 77' lang='lat' dir='ltr'><strong>quia</strong></span> 
     </span>
    </p>
   </div>
   <div class='ocr_carea' id='block_1_55' title="bbox 2106 2234 3768 2314">
    <p class='ocr_par' dir='ltr' id='par_1_55' title="bbox 2106 2234 3768 2314">
     <span class='ocr_line' id='line_1_55' title="bbox 2106 2234 3768 2314; baseline -0.001 -21"><span class='ocrx_word' id='word_1_356' title='bbox 2106 2238 2426 2314; x_wconf 84' lang='lat' dir='ltr'><strong>ligamenta</strong></span> <span class='ocrx_word' id='word_1_357' title='bbox 2447 2234 2661 2295; x_wconf 86' lang='lat' dir='ltr'><strong>sancta</strong></span> <span class='ocrx_word' id='word_1_358' title='bbox 2682 2236 2952 2294; x_wconf 86' lang='lat' dir='ltr'><strong>Ecclesia</strong></span> <span class='ocrx_word' id='word_1_359' title='bbox 2982 2236 3147 2293; x_wconf 90' lang='lat' dir='ltr'><strong>vanis</strong></span> <span class='ocrx_word' id='word_1_360' title='bbox 3180 2253 3242 2294; x_wconf 90' lang='lat' dir='ltr'><strong>se</strong></span> <span class='ocrx_word' id='word_1_361' title='bbox 3269 2236 3567 2293; x_wconf 76' lang='lat' dir='ltr'><strong>aestimant</strong></span> <span class='ocrx_word' id='word_1_362' title='bbox 3595 2253 3768 2292; x_wconf 75' lang='lat' dir='ltr'><strong>cona-</strong></span> 
     </span>
    </p>
   </div>
   <div class='ocr_carea' id='block_1_56' title="bbox 2107 2324 3765 2399">
    <p class='ocr_par' dir='ltr' id='par_1_56' title="bbox 2107 2324 3765 2399">
     <span class='ocr_line' id='line_1_56' title="bbox 2107 2324 3765 2399; baseline -0.002 -13"><span class='ocrx_word' id='word_1_363' title='bbox 2107 2330 2271 2387; x_wconf 91' lang='lat' dir='ltr'><strong>tibus</strong></span> <span class='ocrx_word' id='word_1_364' title='bbox 2308 2327 2549 2396; x_wconf 90' lang='lat' dir='ltr'><strong>solvere,</strong></span> <span class='ocrx_word' id='word_1_365' title='bbox 2577 2344 2642 2384; x_wconf 89' lang='lat' dir='ltr'><strong>ac</strong></span> <span class='ocrx_word' id='word_1_366' title='bbox 2671 2343 2775 2399; x_wconf 87' lang='lat' dir='ltr'><strong>per</strong></span> <span class='ocrx_word' id='word_1_367' title='bbox 2802 2326 2913 2383; x_wconf 92' lang='lat' dir='ltr'><strong>hoc</strong></span> <span class='ocrx_word' id='word_1_368' title='bbox 2943 2341 3049 2382; x_wconf 89' lang='lat' dir='ltr'><strong>nec</strong></span> <span class='ocrx_word' id='word_1_369' title='bbox 3080 2324 3515 2382; x_wconf 88' lang='lat' dir='ltr'><strong>absolutionem</strong></span> <span class='ocrx_word' id='word_1_370' title='bbox 3543 2330 3765 2383; x_wconf 78' lang='lat' dir='ltr'><strong>sancta</strong></span> 
     </span>
    </p>
   </div>
   <div class='ocr_carea' id='block_1_57' title="bbox 2104 2412 3764 2489">
    <p class='ocr_par' dir='ltr' id='par_1_57' title="bbox 2104 2412 3764 2489">
     <span class='ocr_line' id='line_1_57' title="bbox 2104 2412 3764 2489; baseline -0.003 -14"><span class='ocrx_word' id='word_1_371' title='bbox 2104 2417 2395 2485; x_wconf 85' lang='lat' dir='ltr'><strong>Ecclesia,</strong></span> <span class='ocrx_word' id='word_1_372' title='bbox 2426 2432 2604 2489; x_wconf 90' lang='lat' dir='ltr'><strong>quam</strong></span> <span class='ocrx_word' id='word_1_373' title='bbox 2636 2418 2875 2488; x_wconf 85' lang='lat' dir='ltr'><strong>prastat</strong></span> <span class='ocrx_word' id='word_1_374' title='bbox 2904 2412 3200 2483; x_wconf 85' lang='lat' dir='ltr'><strong>ﬁdelibus,</strong></span> <span class='ocrx_word' id='word_1_375' title='bbox 3222 2430 3421 2470; x_wconf 87' lang='lat' dir='ltr'><strong>veram</strong></span> <span class='ocrx_word' id='word_1_376' title='bbox 3441 2417 3680 2486; x_wconf 86' lang='lat' dir='ltr'><strong>putant,</strong></span> <span class='ocrx_word' id='word_1_377' title='bbox 3710 2414 3764 2470; x_wconf 87' lang='lat' dir='ltr'><strong>si</strong></span> 
     </span>
    </p>
   </div>
   <div class='ocr_carea' id='block_1_58' title="bbox 2105 2502 3765 2581">
    <p class='ocr_par' dir='ltr' id='par_1_58' title="bbox 2105 2502 3765 2581">
     <span class='ocr_line' id='line_1_58' title="bbox 2105 2502 3765 2581; baseline -0.002 -17"><span class='ocrx_word' id='word_1_378' title='bbox 2105 2508 2392 2581; x_wconf 87' lang='lat' dir='ltr'><strong>ligaturas</strong></span> <span class='ocrx_word' id='word_1_379' title='bbox 2444 2507 2574 2578; x_wconf 86' lang='lat' dir='ltr'><strong>ejus</strong></span> <span class='ocrx_word' id='word_1_380' title='bbox 2619 2502 2810 2560; x_wconf 89' lang='lat' dir='ltr'><strong>valere</strong></span> <span class='ocrx_word' id='word_1_381' title='bbox 2860 2520 2977 2559; x_wconf 90' lang='lat' dir='ltr'><strong>non</strong></span> <span class='ocrx_word' id='word_1_382' title='bbox 3025 2504 3336 2560; x_wconf 87' lang='lat' dir='ltr'><strong>astimant.</strong></span> <span class='ocrx_word' id='word_1_383' title='bbox 3368 2503 3585 2559; x_wconf 87' lang='lat' dir='ltr'><strong>Contra</strong></span> <span class='ocrx_word' id='word_1_384' title='bbox 3610 2520 3765 2576; x_wconf 74' lang='lat' dir='ltr'><strong>quos</strong></span> 
     </span>
    </p>
   </div>
   <div class='ocr_carea' id='block_1_59' title="bbox 2106 2592 3765 2668">
    <p class='ocr_par' dir='ltr' id='par_1_59' title="bbox 2106 2592 3765 2668">
     <span class='ocr_line' id='line_1_59' title="bbox 2106 2592 3765 2668; baseline -0.004 -14"><span class='ocrx_word' id='word_1_385' title='bbox 2106 2597 2329 2654; x_wconf 90' lang='lat' dir='ltr'><strong>diutius</strong></span> <span class='ocrx_word' id='word_1_386' title='bbox 2353 2595 2778 2668; x_wconf 90' lang='lat' dir='ltr'><strong>disputandum</strong></span> <span class='ocrx_word' id='word_1_387' title='bbox 2800 2609 2917 2649; x_wconf 90' lang='lat' dir='ltr'><strong>non</strong></span> <span class='ocrx_word' id='word_1_388' title='bbox 2938 2598 3048 2663; x_wconf 89' lang='lat' dir='ltr'><strong>est,</strong></span> <span class='ocrx_word' id='word_1_389' title='bbox 3072 2593 3212 2665; x_wconf 86' lang='lat' dir='ltr'><strong>quia</strong></span> <span class='ocrx_word' id='word_1_390' title='bbox 3233 2610 3336 2666; x_wconf 89' lang='lat' dir='ltr'><strong>per</strong></span> <span class='ocrx_word' id='word_1_391' title='bbox 3350 2593 3551 2649; x_wconf 89' lang='lat' dir='ltr'><strong>omnia</strong></span> <span class='ocrx_word' id='word_1_392' title='bbox 3571 2592 3765 2667; x_wconf 85' lang='lat' dir='ltr'><strong>despi-</strong></span> 
     </span>
    </p>
   </div>
   <div class='ocr_carea' id='block_1_60' title="bbox 2105 2681 3763 2752">
    <p class='ocr_par' dir='ltr' id='par_1_60' title="bbox 2105 2681 3763 2752">
     <span class='ocr_line' id='line_1_60' title="bbox 2105 2681 3763 2752; baseline -0.002 -10"><span class='ocrx_word' id='word_1_393' title='bbox 2105 2685 2296 2742; x_wconf 90' lang='lat' dir='ltr'><strong>ciendi</strong></span> <span class='ocrx_word' id='word_1_394' title='bbox 2326 2688 2383 2741; x_wconf 89' lang='lat' dir='ltr'><strong>et</strong></span> <span class='ocrx_word' id='word_1_395' title='bbox 2412 2681 2945 2740; x_wconf 85' lang='lat' dir='ltr'><strong>anathematizandi</strong></span> <span class='ocrx_word' id='word_1_396' title='bbox 2996 2686 3159 2752; x_wconf 86' lang='lat' dir='ltr'><strong>sunt,</strong></span> <span class='ocrx_word' id='word_1_397' title='bbox 3189 2686 3249 2737; x_wconf 90' lang='lat' dir='ltr'><strong>et</strong></span> <span class='ocrx_word' id='word_1_398' title='bbox 3277 2681 3433 2737; x_wconf 92' lang='lat' dir='ltr'><strong>unde</strong></span> <span class='ocrx_word' id='word_1_399' title='bbox 3463 2699 3527 2738; x_wconf 88' lang='lat' dir='ltr'><strong>se</strong></span> <span class='ocrx_word' id='word_1_400' title='bbox 3557 2681 3763 2738; x_wconf 83' lang='lat' dir='ltr'><strong>fallere</strong></span> 
     </span>
    </p>
   </div>
   <div class='ocr_carea' id='block_1_61' title="bbox 2102 2771 3762 2845">
    <p class='ocr_par' dir='ltr' id='par_1_61' title="bbox 2102 2771 3762 2845">
     <span class='ocr_line' id='line_1_61' title="bbox 2102 2771 3762 2845; baseline -0.002 -15"><span class='ocrx_word' id='word_1_401' title='bbox 2102 2774 2403 2832; x_wconf 87' lang='lat' dir='ltr'><strong>veritatem</strong></span> <span class='ocrx_word' id='word_1_402' title='bbox 2437 2774 2703 2841; x_wconf 85' lang='lat' dir='ltr'><strong>credunt,</strong></span> <span class='ocrx_word' id='word_1_403' title='bbox 2730 2771 2866 2828; x_wconf 89' lang='lat' dir='ltr'><strong>inde</strong></span> <span class='ocrx_word' id='word_1_404' title='bbox 2895 2771 2956 2828; x_wconf 91' lang='lat' dir='ltr'><strong>in</strong></span> <span class='ocrx_word' id='word_1_405' title='bbox 2988 2771 3243 2845; x_wconf 88' lang='lat' dir='ltr'><strong>peccatis</strong></span> <span class='ocrx_word' id='word_1_406' title='bbox 3293 2771 3420 2828; x_wconf 88' lang='lat' dir='ltr'><strong>suis</strong></span> <span class='ocrx_word' id='word_1_407' title='bbox 3472 2771 3762 2827; x_wconf 86' lang='lat' dir='ltr'><strong>veraciter</strong></span> 
     </span>
    </p>
   </div>
   <div class='ocr_carea' id='block_1_62' title="bbox 2103 2859 3756 2939">
    <p class='ocr_par' dir='ltr' id='par_1_62' title="bbox 2103 2859 3756 2939">
     <span class='ocr_line' id='line_1_62' title="bbox 2103 2859 3756 2939; baseline -0.004 -18"><span class='ocrx_word' id='word_1_408' title='bbox 2103 2865 2379 2939; x_wconf 87' lang='lat' dir='ltr'><strong>ligantur.</strong></span> <span class='ocrx_word' id='word_1_409' title='bbox 2403 2864 2633 2935; x_wconf 88' lang='lat' dir='ltr'><strong>Eosque</strong></span> <span class='ocrx_word' id='word_1_410' title='bbox 2653 2866 2711 2918; x_wconf 88' lang='lat' dir='ltr'><strong>et</strong></span> <span class='ocrx_word' id='word_1_411' title='bbox 2730 2878 2856 2935; x_wconf 89' lang='lat' dir='ltr'><strong>ego,</strong></span> <span class='ocrx_word' id='word_1_412' title='bbox 2879 2864 2936 2918; x_wconf 91' lang='lat' dir='ltr'><strong>et</strong></span> <span class='ocrx_word' id='word_1_413' title='bbox 2956 2877 3160 2918; x_wconf 88' lang='lat' dir='ltr'><strong>omnes</strong></span> <span class='ocrx_word' id='word_1_414' title='bbox 3180 2859 3451 2917; x_wconf 89' lang='lat' dir='ltr'><strong>catholici</strong></span> <span class='ocrx_word' id='word_1_415' title='bbox 3469 2860 3756 2935; x_wconf 83' lang='lat' dir='ltr'><strong>episc0pi,</strong></span> 
     </span>
    </p>
   </div>
   <div class='ocr_carea' id='block_1_63' title="bbox 2103 2949 3760 3027">
    <p class='ocr_par' dir='ltr' id='par_1_63' title="bbox 2103 2949 3760 3027">
     <span class='ocr_line' id='line_1_63' title="bbox 2103 2949 3760 3027; baseline -0.004 -15"><span class='ocrx_word' id='word_1_416' title='bbox 2103 2960 2279 3027; x_wconf 86' lang='lat' dir='ltr'><strong>atque</strong></span> <span class='ocrx_word' id='word_1_417' title='bbox 2335 2952 2609 3009; x_wconf 89' lang='lat' dir='ltr'><strong>universa</strong></span> <span class='ocrx_word' id='word_1_418' title='bbox 2663 2950 2922 3007; x_wconf 90' lang='lat' dir='ltr'><strong>Ecclesia</strong></span> <span class='ocrx_word' id='word_1_419' title='bbox 2977 2949 3568 3018; x_wconf 88' lang='lat' dir='ltr'><strong>anathematizamus,</strong></span> <span class='ocrx_word' id='word_1_420' title='bbox 3613 2949 3760 3022; x_wconf 81' lang='lat' dir='ltr'><strong>quia</strong></span> 
     </span>
    </p>
   </div>
   <div class='ocr_carea' id='block_1_64' title="bbox 2101 3037 3760 3111">
    <p class='ocr_par' dir='ltr' id='par_1_64' title="bbox 2101 3037 3760 3111">
     <span class='ocr_line' id='line_1_64' title="bbox 2101 3037 3760 3111; baseline -0.008 -11"><span class='ocrx_word' id='word_1_421' title='bbox 2101 3042 2329 3100; x_wconf 88' lang='lat' dir='ltr'><strong>veritati</strong></span> <span class='ocrx_word' id='word_1_422' title='bbox 2351 3040 2642 3098; x_wconf 89' lang='lat' dir='ltr'><strong>contraria</strong></span> <span class='ocrx_word' id='word_1_423' title='bbox 2661 3039 2950 3109; x_wconf 89' lang='lat' dir='ltr'><strong>sentiunt,</strong></span> <span class='ocrx_word' id='word_1_424' title='bbox 2971 3043 3030 3096; x_wconf 92' lang='lat' dir='ltr'><strong>et</strong></span> <span class='ocrx_word' id='word_1_425' title='bbox 3050 3038 3343 3095; x_wconf 86' lang='lat' dir='ltr'><strong>contraria</strong></span> <span class='ocrx_word' id='word_1_426' title='bbox 3368 3037 3760 3111; x_wconf 64' lang='lat' dir='ltr'><strong>loquuntur.»</strong></span> 
     </span>
    </p>
   </div>
   <div class='ocr_carea' id='block_1_65' title="bbox 2100 3127 3762 3204">
    <p class='ocr_par' dir='ltr' id='par_1_65' title="bbox 2100 3127 3762 3204">
     <span class='ocr_line' id='line_1_65' title="bbox 2100 3127 3762 3204; baseline -0.005 -14"><span class='ocrx_word' id='word_1_427' title='bbox 2100 3133 2266 3190; x_wconf 88' lang='lat' dir='ltr'><strong>Unde</strong></span> <span class='ocrx_word' id='word_1_428' title='bbox 2318 3144 2672 3204; x_wconf 87' lang='lat' dir='ltr'><strong>magnopere</strong></span> <span class='ocrx_word' id='word_1_429' title='bbox 2720 3128 3103 3186; x_wconf 91' lang='lat' dir='ltr'><strong>dilectissimo</strong></span> <span class='ocrx_word' id='word_1_430' title='bbox 3151 3129 3368 3184; x_wconf 91' lang='lat' dir='ltr'><strong>domno</strong></span> <span class='ocrx_word' id='word_1_431' title='bbox 3398 3132 3597 3184; x_wconf 87' lang='lat' dir='ltr'><strong>nostro</strong></span> <span class='ocrx_word' id='word_1_432' title='bbox 3631 3127 3762 3199; x_wconf 79' lang='lat' dir='ltr'><strong>regi</strong></span> 
     </span>
    </p>
   </div>
   <div class='ocr_carea' id='block_1_66' title="bbox 345 3212 3767 3299">
    <p class='ocr_par' dir='ltr' id='par_1_66' title="bbox 345 3212 3767 3299">
     <span class='ocr_line' id='line_1_66' title="bbox 345 3212 3767 3299; baseline -0.005 -10"><span class='ocrx_word' id='word_1_433' title='bbox 345 3223 618 3299; x_wconf 51' lang='lat' dir='ltr'><strong>praesenti</strong></span> <span class='ocrx_word' id='word_1_434' title='bbox 650 3237 756 3278; x_wconf 75' lang='lat' dir='ltr'><strong>nec</strong></span> <span class='ocrx_word' id='word_1_435' title='bbox 793 3222 854 3276; x_wconf 76' lang='lat' dir='ltr'><strong>in</strong></span> <span class='ocrx_word' id='word_1_436' title='bbox 888 3220 1106 3288; x_wconf 60' lang='lat' dir='ltr'><strong>futuro»</strong></span> <span class='ocrx_word' id='word_1_437' title='bbox 1131 3217 1416 3290; x_wconf 65' lang='grc' dir='ltr'><strong>δηεοίρίθοίῑ</strong></span> <span class='ocrx_word' id='word_1_438' title='bbox 1444 3220 1648 3273; x_wconf 64' lang='lat' dir='ltr'><strong>contra</strong></span> <span class='ocrx_word' id='word_1_439' title='bbox 1676 3231 1875 3272; x_wconf 65' lang='lat' dir='ltr'><strong>sacras</strong></span> <span class='ocrx_word' id='word_1_440' title='bbox 1904 3231 1991 3271; x_wconf 75' lang='grc' dir='ltr'><strong>ΓΘ·</strong></span> <span class='ocrx_word' id='word_1_441' title='bbox 2021 3212 2065 3281; x_wconf 81' lang='lat' dir='ltr'><strong>C</strong></span> <span class='ocrx_word' id='word_1_442' title='bbox 2104 3223 2432 3279; x_wconf 89' lang='lat' dir='ltr'><strong>curandum</strong></span> <span class='ocrx_word' id='word_1_443' title='bbox 2455 3224 2564 3290; x_wconf 90' lang='lat' dir='ltr'><strong>est,</strong></span> <span class='ocrx_word' id='word_1_444' title='bbox 2587 3236 2660 3276; x_wconf 90' lang='lat' dir='ltr'><strong>ne</strong></span> <span class='ocrx_word' id='word_1_445' title='bbox 2682 3218 3057 3293; x_wconf 88' lang='lat' dir='ltr'><strong>suggestione</strong></span> <span class='ocrx_word' id='word_1_446' title='bbox 3075 3217 3164 3274; x_wconf 87' lang='lat' dir='ltr'><strong>vel</strong></span> <span class='ocrx_word' id='word_1_447' title='bbox 3194 3216 3587 3291; x_wconf 90' lang='lat' dir='ltr'><strong>postulatione</strong></span> <span class='ocrx_word' id='word_1_448' title='bbox 3614 3232 3767 3288; x_wconf 86' lang='lat' dir='ltr'><strong>quo-</strong></span> 
     </span>
    </p>
   </div>
   <div class='ocr_carea' id='block_1_67' title="bbox 345 3303 1998 3387">
    <p class='ocr_par' dir='ltr' id='par_1_67' title="bbox 345 3303 1998 3387">
     <span class='ocr_line' id='line_1_67' title="bbox 345 3303 1998 3387; baseline -0.006 -18"><span class='ocrx_word' id='word_1_449' title='bbox 345 3313 514 3387; x_wconf 88' lang='lat' dir='ltr'><strong>gulas</strong></span> <span class='ocrx_word' id='word_1_450' title='bbox 548 3310 1031 3376; x_wconf 86' lang='lat' dir='ltr'><strong>dominationem,</strong></span> <span class='ocrx_word' id='word_1_451' title='bbox 1065 3325 1171 3364; x_wconf 91' lang='lat' dir='ltr'><strong>nec</strong></span> <span class='ocrx_word' id='word_1_452' title='bbox 1226 3306 1505 3362; x_wconf 89' lang='lat' dir='ltr'><strong>violenter</strong></span> <span class='ocrx_word' id='word_1_453' title='bbox 1558 3303 1860 3371; x_wconf 87' lang='lat' dir='ltr'><strong>invadens,</strong></span> <span class='ocrx_word' id='word_1_454' title='bbox 1891 3319 1998 3359; x_wconf 93' lang='lat' dir='ltr'><strong>nec</strong></span> 
     </span>
    </p>
   </div>
   <div class='ocr_carea' id='block_1_68' title="bbox 346 3393 1995 3472">
    <p class='ocr_par' dir='ltr' id='par_1_68' title="bbox 346 3393 1995 3472">
     <span class='ocr_line' id='line_1_68' title="bbox 346 3393 1995 3472; baseline -0.006 -15"><span class='ocrx_word' id='word_1_455' title='bbox 346 3401 541 3457; x_wconf 89' lang='lat' dir='ltr'><strong>oblata</strong></span> <span class='ocrx_word' id='word_1_456' title='bbox 562 3398 911 3472; x_wconf 89' lang='lat' dir='ltr'><strong>suscipiens.</strong></span> <span class='ocrx_word' id='word_1_457' title='bbox 936 3398 998 3455; x_wconf 90' lang='lat' dir='ltr'><strong>Si</strong></span> <span class='ocrx_word' id='word_1_458' title='bbox 1020 3396 1154 3470; x_wconf 91' lang='lat' dir='ltr'><strong>quis</strong></span> <span class='ocrx_word' id='word_1_459' title='bbox 1173 3413 1308 3452; x_wconf 89' lang='lat' dir='ltr'><strong>vero</strong></span> <span class='ocrx_word' id='word_1_460' title='bbox 1342 3410 1566 3467; x_wconf 85' lang='lat' dir='ltr'><strong>regum,</strong></span> <span class='ocrx_word' id='word_1_461' title='bbox 1601 3393 1995 3461; x_wconf 88' lang='lat' dir='ltr'><strong>sacerdotum,</strong></span> 
     </span>
    </p>
   </div>
   <div class='ocr_carea' id='block_1_69' title="bbox 346 3480 1997 3560">
    <p class='ocr_par' dir='ltr' id='par_1_69' title="bbox 346 3480 1997 3560">
     <span class='ocr_line' id='line_1_69' title="bbox 346 3480 1997 3560; baseline -0.006 -14"><span class='ocrx_word' id='word_1_462' title='bbox 346 3493 405 3546; x_wconf 90' lang='lat' dir='ltr'><strong>et</strong></span> <span class='ocrx_word' id='word_1_463' title='bbox 425 3489 721 3560; x_wconf 88' lang='lat' dir='ltr'><strong>judicum,</strong></span> <span class='ocrx_word' id='word_1_464' title='bbox 757 3492 933 3560; x_wconf 89' lang='lat' dir='ltr'><strong>atque</strong></span> <span class='ocrx_word' id='word_1_465' title='bbox 980 3485 1350 3543; x_wconf 65' lang='lat' dir='ltr'><strong>saecularium</strong></span> <span class='ocrx_word' id='word_1_466' title='bbox 1406 3498 1810 3556; x_wconf 89' lang='lat' dir='ltr'><strong>personarum,</strong></span> <span class='ocrx_word' id='word_1_467' title='bbox 1845 3480 1997 3537; x_wconf 91' lang='lat' dir='ltr'><strong>hanc</strong></span> 
     </span>
    </p>
   </div>
   <div class='ocr_carea' id='block_1_70' title="bbox 346 3575 1995 3651">
    <p class='ocr_par' dir='ltr' id='par_1_70' title="bbox 346 3575 1995 3651">
     <span class='ocr_line' id='line_1_70' title="bbox 346 3575 1995 3651; baseline -0.005 -17"><span class='ocrx_word' id='word_1_468' title='bbox 346 3577 782 3635; x_wconf 89' lang='lat' dir='ltr'><strong>constitutionis</strong></span> <span class='ocrx_word' id='word_1_469' title='bbox 838 3575 1115 3651; x_wconf 88' lang='lat' dir='ltr'><strong>paginam</strong></span> <span class='ocrx_word' id='word_1_470' title='bbox 1172 3589 1550 3648; x_wconf 87' lang='lat' dir='ltr'><strong>cognoscens,</strong></span> <span class='ocrx_word' id='word_1_471' title='bbox 1609 3575 1813 3628; x_wconf 90' lang='lat' dir='ltr'><strong>contra</strong></span> <span class='ocrx_word' id='word_1_472' title='bbox 1866 3586 1995 3626; x_wconf 87' lang='lat' dir='ltr'><strong>eam</strong></span> 
     </span>
    </p>
   </div>
   <div class='ocr_carea' id='block_1_71' title="bbox 344 3658 1995 3739">
    <p class='ocr_par' dir='ltr' id='par_1_71' title="bbox 344 3658 1995 3739">
     <span class='ocr_line' id='line_1_71' title="bbox 344 3658 1995 3739; baseline -0.007 -15"><span class='ocrx_word' id='word_1_473' title='bbox 344 3667 543 3724; x_wconf 91' lang='lat' dir='ltr'><strong>venire</strong></span> <span class='ocrx_word' id='word_1_474' title='bbox 574 3666 905 3730; x_wconf 88' lang='lat' dir='ltr'><strong>tentaverit,</strong></span> <span class='ocrx_word' id='word_1_475' title='bbox 939 3663 1248 3739; x_wconf 87' lang='lat' dir='ltr'><strong>potestatis</strong></span> <span class='ocrx_word' id='word_1_476' title='bbox 1295 3660 1652 3733; x_wconf 80' lang='lat' dir='ltr'><strong>honorisque</strong></span> <span class='ocrx_word' id='word_1_477' title='bbox 1682 3659 1774 3718; x_wconf 92' lang='lat' dir='ltr'><strong>sui</strong></span> <span class='ocrx_word' id='word_1_478' title='bbox 1805 3658 1995 3732; x_wconf 90' lang='lat' dir='ltr'><strong>digni-</strong></span> 
     </span>
    </p>
   </div>
   <div class='ocr_carea' id='block_1_72' title="bbox 345 3750 1997 3827">
    <p class='ocr_par' dir='ltr' id='par_1_72' title="bbox 345 3750 1997 3827">
     <span class='ocr_line' id='line_1_72' title="bbox 345 3750 1997 3827; baseline -0.006 -11"><span class='ocrx_word' id='word_1_479' title='bbox 345 3762 465 3816; x_wconf 90' lang='lat' dir='ltr'><strong>tate</strong></span> <span class='ocrx_word' id='word_1_480' title='bbox 496 3761 709 3826; x_wconf 87' lang='lat' dir='ltr'><strong>careat,</strong></span> <span class='ocrx_word' id='word_1_481' title='bbox 743 3773 1028 3827; x_wconf 88' lang='lat' dir='ltr'><strong>reumque</strong></span> <span class='ocrx_word' id='word_1_482' title='bbox 1059 3772 1121 3811; x_wconf 91' lang='lat' dir='ltr'><strong>se</strong></span> <span class='ocrx_word' id='word_1_483' title='bbox 1152 3753 1349 3809; x_wconf 89' lang='lat' dir='ltr'><strong>divino</strong></span> <span class='ocrx_word' id='word_1_484' title='bbox 1379 3750 1604 3824; x_wconf 90' lang='lat' dir='ltr'><strong>judicio</strong></span> <span class='ocrx_word' id='word_1_485' title='bbox 1648 3750 1894 3806; x_wconf 80' lang='lat' dir='ltr'><strong>existere</strong></span> <span class='ocrx_word' id='word_1_486' title='bbox 1926 3750 1997 3806; x_wconf 91' lang='lat' dir='ltr'><strong>de</strong></span> 
     </span>
    </p>
   </div>
   <div class='ocr_carea' id='block_1_73' title="bbox 343 3837 1995 3921">
    <p class='ocr_par' dir='ltr' id='par_1_73' title="bbox 343 3837 1995 3921">
     <span class='ocr_line' id='line_1_73' title="bbox 343 3837 1995 3921; baseline -0.007 -18"><span class='ocrx_word' id='word_1_487' title='bbox 343 3850 680 3921; x_wconf 88' lang='lat' dir='ltr'><strong>perpetrata</strong></span> <span class='ocrx_word' id='word_1_488' title='bbox 709 3844 1018 3916; x_wconf 90' lang='lat' dir='ltr'><strong>iniquitate</strong></span> <span class='ocrx_word' id='word_1_489' title='bbox 1050 3845 1380 3915; x_wconf 89' lang='lat' dir='ltr'><strong>cognoscat.</strong></span> <span class='ocrx_word' id='word_1_490' title='bbox 1415 3841 1485 3896; x_wconf 92' lang='lat' dir='ltr'><strong>Et</strong></span> <span class='ocrx_word' id='word_1_491' title='bbox 1512 3838 1626 3895; x_wconf 91' lang='lat' dir='ltr'><strong>nisi</strong></span> <span class='ocrx_word' id='word_1_492' title='bbox 1652 3837 1742 3895; x_wconf 90' lang='lat' dir='ltr'><strong>vel</strong></span> <span class='ocrx_word' id='word_1_493' title='bbox 1770 3855 1839 3894; x_wconf 90' lang='lat' dir='ltr'><strong>ea</strong></span> <span class='ocrx_word' id='word_1_494' title='bbox 1868 3854 1995 3911; x_wconf 89' lang='lat' dir='ltr'><strong>qua</strong></span> 
     </span>
    </p>
   </div>
   <div class='ocr_carea' id='block_1_74' title="bbox 344 3927 1997 4000">
    <p class='ocr_par' dir='ltr' id='par_1_74' title="bbox 344 3927 1997 4000">
     <span class='ocr_line' id='line_1_74' title="bbox 344 3927 1997 4000; baseline -0.006 -8"><span class='ocrx_word' id='word_1_495' title='bbox 344 3936 418 3992; x_wconf 87' lang='lat' dir='ltr'><strong>ab</strong></span> <span class='ocrx_word' id='word_1_496' title='bbox 476 3933 576 3990; x_wconf 92' lang='lat' dir='ltr'><strong>illo</strong></span> <span class='ocrx_word' id='word_1_497' title='bbox 636 3936 778 3989; x_wconf 89' lang='lat' dir='ltr'><strong>sunt</strong></span> <span class='ocrx_word' id='word_1_498' title='bbox 834 3931 987 3987; x_wconf 91' lang='lat' dir='ltr'><strong>male</strong></span> <span class='ocrx_word' id='word_1_499' title='bbox 1045 3929 1240 3986; x_wconf 86' lang='lat' dir='ltr'><strong>ablata</strong></span> <span class='ocrx_word' id='word_1_500' title='bbox 1290 3928 1632 3996; x_wconf 89' lang='lat' dir='ltr'><strong>restituerit,</strong></span> <span class='ocrx_word' id='word_1_501' title='bbox 1677 3927 1767 3984; x_wconf 90' lang='lat' dir='ltr'><strong>vel</strong></span> <span class='ocrx_word' id='word_1_502' title='bbox 1817 3927 1997 4000; x_wconf 89' lang='lat' dir='ltr'><strong>digna</strong></span> 
     </span>
    </p>
   </div>
   <div class='ocr_carea' id='block_1_75' title="bbox 347 4016 1995 4097">
    <p class='ocr_par' dir='ltr' id='par_1_75' title="bbox 347 4016 1995 4097">
     <span class='ocr_line' id='line_1_75' title="bbox 347 4016 1995 4097; baseline -0.003 -19"><span class='ocrx_word' id='word_1_503' title='bbox 347 4021 692 4097; x_wconf 76' lang='lat' dir='ltr'><strong>panitentia</strong></span> <span class='ocrx_word' id='word_1_504' title='bbox 739 4019 945 4076; x_wconf 91' lang='lat' dir='ltr'><strong>illicita</strong></span> <span class='ocrx_word' id='word_1_505' title='bbox 988 4024 1117 4076; x_wconf 88' lang='lat' dir='ltr'><strong>acta</strong></span> <span class='ocrx_word' id='word_1_506' title='bbox 1171 4018 1482 4085; x_wconf 84' lang='lat' dir='ltr'><strong>defleverit,</strong></span> <span class='ocrx_word' id='word_1_507' title='bbox 1516 4036 1550 4073; x_wconf 88' lang='lat' dir='ltr'><strong>a</strong></span> <span class='ocrx_word' id='word_1_508' title='bbox 1597 4016 1995 4074; x_wconf 89' lang='lat' dir='ltr'><strong>saeratissimo</strong></span> 
     </span>
    </p>
   </div>
   <div class='ocr_carea' id='block_1_76' title="bbox 344 4105 1996 4185">
    <p class='ocr_par' dir='ltr' id='par_1_76' title="bbox 344 4105 1996 4185">
     <span class='ocr_line' id='line_1_76' title="bbox 344 4105 1996 4185; baseline -0.003 -16"><span class='ocrx_word' id='word_1_509' title='bbox 344 4127 585 4185; x_wconf 90' lang='lat' dir='ltr'><strong>corpore</strong></span> <span class='ocrx_word' id='word_1_510' title='bbox 640 4127 708 4168; x_wconf 89' lang='lat' dir='ltr'><strong>ac</strong></span> <span class='ocrx_word' id='word_1_511' title='bbox 765 4109 1053 4184; x_wconf 89' lang='lat' dir='ltr'><strong>sanguine</strong></span> <span class='ocrx_word' id='word_1_512' title='bbox 1109 4109 1213 4165; x_wconf 94' lang='lat' dir='ltr'><strong>Dei</strong></span> <span class='ocrx_word' id='word_1_513' title='bbox 1283 4107 1515 4165; x_wconf 90' lang='lat' dir='ltr'><strong>Domini</strong></span> <span class='ocrx_word' id='word_1_514' title='bbox 1590 4105 1996 4179; x_wconf 84' lang='lat' dir='ltr'><strong>Redemptoris</strong></span> 
     </span>
    </p>
   </div>
   <div class='ocr_carea' id='block_1_77' title="bbox 348 4195 1994 4269">
    <p class='ocr_par' dir='ltr' id='par_1_77' title="bbox 348 4195 1994 4269">
     <span class='ocr_line' id='line_1_77' title="bbox 348 4195 1994 4269; baseline -0.004 -10"><span class='ocrx_word' id='word_1_515' title='bbox 348 4200 533 4259; x_wconf 87' lang='lat' dir='ltr'><strong>nostri</strong></span> <span class='ocrx_word' id='word_1_516' title='bbox 573 4200 716 4257; x_wconf 89' lang='lat' dir='ltr'><strong>Jesu</strong></span> <span class='ocrx_word' id='word_1_517' title='bbox 764 4197 982 4256; x_wconf 89' lang='lat' dir='ltr'><strong>Christi</strong></span> <span class='ocrx_word' id='word_1_518' title='bbox 1031 4197 1256 4256; x_wconf 88' lang='lat' dir='ltr'><strong>alienus</strong></span> <span class='ocrx_word' id='word_1_519' title='bbox 1304 4197 1426 4266; x_wconf 85' lang='lat' dir='ltr'><strong>ﬁat,</strong></span> <span class='ocrx_word' id='word_1_520' title='bbox 1454 4199 1629 4269; x_wconf 90' lang='lat' dir='ltr'><strong>atque</strong></span> <span class='ocrx_word' id='word_1_521' title='bbox 1676 4195 1736 4251; x_wconf 90' lang='lat' dir='ltr'><strong>in</strong></span> <span class='ocrx_word' id='word_1_522' title='bbox 1781 4200 1994 4252; x_wconf 87' lang='lat' dir='ltr'><strong>aterno</strong></span> 
     </span>
    </p>
   </div>
   <div class='ocr_carea' id='block_1_78' title="bbox 347 4284 1995 4358">
    <p class='ocr_par' dir='ltr' id='par_1_78' title="bbox 347 4284 1995 4358">
     <span class='ocr_line' id='line_1_78' title="bbox 347 4284 1995 4358; baseline -0.005 -9"><span class='ocrx_word' id='word_1_523' title='bbox 347 4289 613 4349; x_wconf 79' lang='lat' dir='ltr'><strong>examine</strong></span> <span class='ocrx_word' id='word_1_524' title='bbox 644 4289 920 4346; x_wconf 85' lang='lat' dir='ltr'><strong>districta</strong></span> <span class='ocrx_word' id='word_1_525' title='bbox 951 4287 1160 4345; x_wconf 88' lang='lat' dir='ltr'><strong>ultioni</strong></span> <span class='ocrx_word' id='word_1_526' title='bbox 1191 4286 1513 4358; x_wconf 89' lang='lat' dir='ltr'><strong>subjaeeat.</strong></span> <span class='ocrx_word' id='word_1_527' title='bbox 1527 4284 1767 4342; x_wconf 89' lang='lat' dir='ltr'><strong>Cunctis</strong></span> <span class='ocrx_word' id='word_1_528' title='bbox 1798 4288 1995 4341; x_wconf 90' lang='lat' dir='ltr'><strong>autem</strong></span> 
     </span>
    </p>
   </div>
   <div class='ocr_carea' id='block_1_79' title="bbox 343 4374 1995 4452">
    <p class='ocr_par' dir='ltr' id='par_1_79' title="bbox 343 4374 1995 4452">
     <span class='ocr_line' id='line_1_79' title="bbox 343 4374 1995 4452; baseline -0.005 -13"><span class='ocrx_word' id='word_1_529' title='bbox 343 4382 533 4439; x_wconf 87' lang='lat' dir='ltr'><strong>eidem</strong></span> <span class='ocrx_word' id='word_1_530' title='bbox 565 4379 692 4438; x_wconf 93' lang='lat' dir='ltr'><strong>loco</strong></span> <span class='ocrx_word' id='word_1_531' title='bbox 715 4380 882 4452; x_wconf 89' lang='lat' dir='ltr'><strong>justa</strong></span> <span class='ocrx_word' id='word_1_532' title='bbox 910 4378 1280 4435; x_wconf 90' lang='lat' dir='ltr'><strong>servantibus</strong></span> <span class='ocrx_word' id='word_1_533' title='bbox 1310 4376 1387 4433; x_wconf 91' lang='lat' dir='ltr'><strong>sit</strong></span> <span class='ocrx_word' id='word_1_534' title='bbox 1407 4393 1519 4449; x_wconf 87' lang='lat' dir='ltr'><strong>pax</strong></span> <span class='ocrx_word' id='word_1_535' title='bbox 1547 4375 1781 4432; x_wconf 91' lang='lat' dir='ltr'><strong>Domini</strong></span> <span class='ocrx_word' id='word_1_536' title='bbox 1811 4374 1995 4432; x_wconf 90' lang='lat' dir='ltr'><strong>nostri</strong></span> 
     </span>
    </p>
   </div>
   <div class='ocr_carea' id='block_1_80' title="bbox 344 4462 1995 4541">
    <p class='ocr_par' dir='ltr' id='par_1_80' title="bbox 344 4462 1995 4541">
     <span class='ocr_line' id='line_1_80' title="bbox 344 4462 1995 4541; baseline -0.005 -14"><span class='ocrx_word' id='word_1_537' title='bbox 344 4470 486 4527; x_wconf 87' lang='lat' dir='ltr'><strong>Jesu</strong></span> <span class='ocrx_word' id='word_1_538' title='bbox 519 4468 753 4538; x_wconf 89' lang='lat' dir='ltr'><strong>Christi,</strong></span> <span class='ocrx_word' id='word_1_539' title='bbox 786 4471 1077 4541; x_wconf 86' lang='lat' dir='ltr'><strong>quatenus</strong></span> <span class='ocrx_word' id='word_1_540' title='bbox 1122 4466 1217 4523; x_wconf 91' lang='lat' dir='ltr'><strong>hic</strong></span> <span class='ocrx_word' id='word_1_541' title='bbox 1265 4466 1523 4521; x_wconf 90' lang='lat' dir='ltr'><strong>fructum</strong></span> <span class='ocrx_word' id='word_1_542' title='bbox 1552 4465 1715 4520; x_wconf 86' lang='lat' dir='ltr'><strong>bona</strong></span> <span class='ocrx_word' id='word_1_543' title='bbox 1746 4462 1995 4521; x_wconf 89' lang='lat' dir='ltr'><strong>actionis</strong></span> 
     </span>
    </p>
   </div>
   <div class='ocr_carea' id='block_1_81' title="bbox 2106 3305 3764 3384">
    <p class='ocr_par' dir='ltr' id='par_1_81' title="bbox 2106 3305 3764 3384">
     <span class='ocr_line' id='line_1_81' title="bbox 2106 3305 3764 3384; baseline -0.004 -15"><span class='ocrx_word' id='word_1_544' title='bbox 2106 3327 2477 3384; x_wconf 88' lang='lat' dir='ltr'><strong>rumcunque</strong></span> <span class='ocrx_word' id='word_1_545' title='bbox 2533 3309 2842 3366; x_wconf 91' lang='lat' dir='ltr'><strong>hominum</strong></span> <span class='ocrx_word' id='word_1_546' title='bbox 2900 3311 3104 3365; x_wconf 89' lang='lat' dir='ltr'><strong>contra</strong></span> <span class='ocrx_word' id='word_1_547' title='bbox 3132 3307 3254 3362; x_wconf 82' lang='lat' dir='ltr'><strong>hac</strong></span> <span class='ocrx_word' id='word_1_548' title='bbox 3281 3306 3473 3363; x_wconf 89' lang='lat' dir='ltr'><strong>sancti</strong></span> <span class='ocrx_word' id='word_1_549' title='bbox 3502 3305 3764 3380; x_wconf 82' lang='lat' dir='ltr'><strong>Spiritus</strong></span> 
     </span>
    </p>
   </div>
   <div class='ocr_carea' id='block_1_82' title="bbox 2106 3395 3762 3467">
    <p class='ocr_par' dir='ltr' id='par_1_82' title="bbox 2106 3395 3762 3467">
     <span class='ocr_line' id='line_1_82' title="bbox 2106 3395 3762 3467; baseline -0.004 -10"><span class='ocrx_word' id='word_1_550' title='bbox 2106 3402 2338 3458; x_wconf 89' lang='lat' dir='ltr'><strong>decreta</strong></span> <span class='ocrx_word' id='word_1_551' title='bbox 2366 3398 2561 3467; x_wconf 82' lang='lat' dir='ltr'><strong>faciat,</strong></span> <span class='ocrx_word' id='word_1_552' title='bbox 2583 3397 2671 3455; x_wconf 91' lang='lat' dir='ltr'><strong>vel</strong></span> <span class='ocrx_word' id='word_1_553' title='bbox 2712 3396 2837 3454; x_wconf 80' lang='lat' dir='ltr'><strong>ﬁeri</strong></span> <span class='ocrx_word' id='word_1_554' title='bbox 2868 3397 2939 3453; x_wconf 90' lang='lat' dir='ltr'><strong>de</strong></span> <span class='ocrx_word' id='word_1_555' title='bbox 2969 3395 3382 3453; x_wconf 88' lang='lat' dir='ltr'><strong>ecclesiasticis</strong></span> <span class='ocrx_word' id='word_1_556' title='bbox 3412 3395 3590 3451; x_wconf 89' lang='lat' dir='ltr'><strong>rebus</strong></span> <span class='ocrx_word' id='word_1_557' title='bbox 3613 3410 3762 3451; x_wconf 83' lang='lat' dir='ltr'><strong>con-</strong></span> 
     </span>
    </p>
   </div>
   <div class='ocr_carea' id='block_1_83' title="bbox 2106 3483 3764 3560">
    <p class='ocr_par' dir='ltr' id='par_1_83' title="bbox 2106 3483 3764 3560">
     <span class='ocr_line' id='line_1_83' title="bbox 2106 3483 3764 3560; baseline -0.005 -13"><span class='ocrx_word' id='word_1_558' title='bbox 2106 3489 2360 3547; x_wconf 89' lang='lat' dir='ltr'><strong>sentiat:</strong></span> <span class='ocrx_word' id='word_1_559' title='bbox 2402 3487 2656 3545; x_wconf 84' lang='lat' dir='ltr'><strong>maxime</strong></span> <span class='ocrx_word' id='word_1_560' title='bbox 2703 3489 2836 3560; x_wconf 88' lang='lat' dir='ltr'><strong>post</strong></span> <span class='ocrx_word' id='word_1_561' title='bbox 2878 3486 3030 3542; x_wconf 90' lang='lat' dir='ltr'><strong>hanc</strong></span> <span class='ocrx_word' id='word_1_562' title='bbox 3058 3484 3454 3541; x_wconf 88' lang='lat' dir='ltr'><strong>visitationem</strong></span> <span class='ocrx_word' id='word_1_563' title='bbox 3484 3483 3607 3550; x_wconf 90' lang='lat' dir='ltr'><strong>Dei,</strong></span> <span class='ocrx_word' id='word_1_564' title='bbox 3638 3499 3764 3557; x_wconf 88' lang='lat' dir='ltr'><strong>qua</strong></span> 
     </span>
    </p>
   </div>
   <div class='ocr_carea' id='block_1_84' title="bbox 2104 3571 3763 3652">
    <p class='ocr_par' dir='ltr' id='par_1_84' title="bbox 2104 3571 3763 3652">
     <span class='ocr_line' id='line_1_84' title="bbox 2104 3571 3763 3652; baseline -0.004 -16"><span class='ocrx_word' id='word_1_565' title='bbox 2104 3596 2209 3652; x_wconf 90' lang='lat' dir='ltr'><strong>per</strong></span> <span class='ocrx_word' id='word_1_566' title='bbox 2236 3577 2684 3644; x_wconf 85' lang='lat' dir='ltr'><strong>confessionem,</strong></span> <span class='ocrx_word' id='word_1_567' title='bbox 2715 3579 2775 3631; x_wconf 91' lang='lat' dir='ltr'><strong>et</strong></span> <span class='ocrx_word' id='word_1_568' title='bbox 2802 3573 3228 3648; x_wconf 80' lang='lat' dir='ltr'><strong>paenitentiam,</strong></span> <span class='ocrx_word' id='word_1_569' title='bbox 3250 3578 3309 3630; x_wconf 86' lang='lat' dir='ltr'><strong>et</strong></span> <span class='ocrx_word' id='word_1_570' title='bbox 3336 3571 3763 3630; x_wconf 86' lang='lat' dir='ltr'><strong>reconciliatio-</strong></span> 
     </span>
    </p>
   </div>
   <div class='ocr_carea' id='block_1_85' title="bbox 2104 3661 3762 3734">
    <p class='ocr_par' dir='ltr' id='par_1_85' title="bbox 2104 3661 3762 3734">
     <span class='ocr_line' id='line_1_85' title="bbox 2104 3661 3762 3734; baseline -0.004 -11"><span class='ocrx_word' id='word_1_571' title='bbox 2104 3683 2239 3724; x_wconf 91' lang='lat' dir='ltr'><strong>nem</strong></span> <span class='ocrx_word' id='word_1_572' title='bbox 2254 3662 2676 3723; x_wconf 90' lang='lat' dir='ltr'><strong>sacerdotalem</strong></span> <span class='ocrx_word' id='word_1_573' title='bbox 2699 3662 2867 3719; x_wconf 90' lang='lat' dir='ltr'><strong>illum</strong></span> <span class='ocrx_word' id='word_1_574' title='bbox 2881 3662 3176 3719; x_wconf 91' lang='lat' dir='ltr'><strong>credimus</strong></span> <span class='ocrx_word' id='word_1_575' title='bbox 3193 3662 3600 3733; x_wconf 80' lang='lat' dir='ltr'><strong>emendatum:</strong></span> <span class='ocrx_word' id='word_1_576' title='bbox 3616 3661 3762 3734; x_wconf 76' lang='lat' dir='ltr'><strong>quia</strong></span> 
     </span>
    </p>
   </div>
   <div class='ocr_carea' id='block_1_86' title="bbox 2104 3749 3758 3828">
    <p class='ocr_par' dir='ltr' id='par_1_86' title="bbox 2104 3749 3758 3828">
     <span class='ocr_line' id='line_1_86' title="bbox 2104 3749 3758 3828; baseline -0.003 -17"><span class='ocrx_word' id='word_1_577' title='bbox 2104 3772 2321 3828; x_wconf 88' lang='lat' dir='ltr'><strong>magna</strong></span> <span class='ocrx_word' id='word_1_578' title='bbox 2348 3758 2438 3810; x_wconf 89' lang='lat' dir='ltr'><strong>est</strong></span> <span class='ocrx_word' id='word_1_579' title='bbox 2463 3757 2667 3810; x_wconf 91' lang='lat' dir='ltr'><strong>contra</strong></span> <span class='ocrx_word' id='word_1_580' title='bbox 2695 3757 3001 3826; x_wconf 88' lang='lat' dir='ltr'><strong>peccatum</strong></span> <span class='ocrx_word' id='word_1_581' title='bbox 3029 3751 3215 3809; x_wconf 90' lang='lat' dir='ltr'><strong>virtus</strong></span> <span class='ocrx_word' id='word_1_582' title='bbox 3244 3750 3619 3826; x_wconf 74' lang='lat' dir='ltr'><strong>pauitantia,</strong></span> <span class='ocrx_word' id='word_1_583' title='bbox 3651 3749 3758 3806; x_wconf 84' lang='lat' dir='ltr'><strong>sed</strong></span> 
     </span>
    </p>
   </div>
   <div class='ocr_carea' id='block_1_87' title="bbox 2104 3840 3758 3916">
    <p class='ocr_par' dir='ltr' id='par_1_87' title="bbox 2104 3840 3758 3916">
     <span class='ocr_line' id='line_1_87' title="bbox 2104 3840 3758 3916; baseline -0.003 -17"><span class='ocrx_word' id='word_1_584' title='bbox 2104 3843 2155 3900; x_wconf 88' lang='lat' dir='ltr'><strong>ei</strong></span> <span class='ocrx_word' id='word_1_585' title='bbox 2170 3843 2272 3916; x_wconf 90' lang='lat' dir='ltr'><strong>qui</strong></span> <span class='ocrx_word' id='word_1_586' title='bbox 2284 3843 2559 3899; x_wconf 78' lang='lat' dir='ltr'><strong>ineadem</strong></span> <span class='ocrx_word' id='word_1_587' title='bbox 2582 3841 2924 3916; x_wconf 78' lang='lat' dir='ltr'><strong>pauitantia</strong></span> <span class='ocrx_word' id='word_1_588' title='bbox 2937 3846 3285 3914; x_wconf 88' lang='lat' dir='ltr'><strong>perseverat,</strong></span> <span class='ocrx_word' id='word_1_589' title='bbox 3307 3840 3450 3914; x_wconf 88' lang='lat' dir='ltr'><strong>quia</strong></span> <span class='ocrx_word' id='word_1_590' title='bbox 3467 3840 3758 3913; x_wconf 87' lang='lat' dir='ltr'><strong>scriptum</strong></span> 
     </span>
    </p>
   </div>
   <div class='ocr_carea' id='block_1_88' title="bbox 2103 3930 3761 4005">
    <p class='ocr_par' dir='ltr' id='par_1_88' title="bbox 2103 3930 3761 4005">
     <span class='ocr_line' id='line_1_88' title="bbox 2103 3930 3761 4005; baseline -0.003 -15"><span class='ocrx_word' id='word_1_591' title='bbox 2103 3937 2192 3990; x_wconf 90' lang='lat' dir='ltr'><strong>est</strong></span> <span class='ocrx_word' id='word_1_592' title='bbox 2216 3950 2229 3990; x_wconf 89' lang='lat'><strong>:</strong></span> <span class='ocrx_word' id='word_1_593' title='bbox 2267 3932 2372 4001; x_wconf 83' lang='lat' dir='ltr'><strong>Qui</strong></span> <span class='ocrx_word' id='word_1_594' title='bbox 2391 3934 2819 4005; x_wconf 77' lang='lat' dir='ltr'><strong>perseveraverit</strong></span> <span class='ocrx_word' id='word_1_595' title='bbox 2844 3947 3017 4004; x_wconf 69' lang='lat' dir='ltr'><strong>usque</strong></span> <span class='ocrx_word' id='word_1_596' title='bbox 3044 3932 3106 3987; x_wconf 82' lang='lat' dir='ltr'><strong>in</strong></span> <span class='ocrx_word' id='word_1_597' title='bbox 3132 3931 3299 4002; x_wconf 80' lang='lat' dir='ltr'><strong>finem</strong></span> <span class='ocrx_word' id='word_1_598' title='bbox 3326 3930 3416 3986; x_wconf 83' lang='lat' dir='ltr'><strong>hic</strong></span> <span class='ocrx_word' id='word_1_599' title='bbox 3442 3930 3626 3986; x_wconf 71' lang='lat' dir='ltr'><strong>salvus</strong></span> <span class='ocrx_word' id='word_1_600' title='bbox 3645 3931 3761 3986; x_wconf 81' lang='lat' dir='ltr'><strong>erit</strong></span> 
     </span>
    </p>
   </div>
   <div class='ocr_carea' id='block_1_89' title="bbox 2104 4020 3757 4097">
    <p class='ocr_par' dir='ltr' id='par_1_89' title="bbox 2104 4020 3757 4097">
     <span class='ocr_line' id='line_1_89' title="bbox 2104 4020 3757 4097; baseline 0 -20"><span class='ocrx_word' id='word_1_601' title='bbox 2104 4022 2309 4097; x_wconf 83' lang='lat' dir='ltr'><strong>(Matth.</strong></span> <span class='ocrx_word' id='word_1_602' title='bbox 2332 4040 2489 4094; x_wconf 87' lang='lat' dir='ltr'><strong>xvm,</strong></span> <span class='ocrx_word' id='word_1_603' title='bbox 2517 4025 2651 4093; x_wconf 90' lang='lat'><strong>22);</strong></span> <span class='ocrx_word' id='word_1_604' title='bbox 2683 4026 2742 4080; x_wconf 88' lang='lat' dir='ltr'><strong>et</strong></span> <span class='ocrx_word' id='word_1_605' title='bbox 2771 4023 2911 4080; x_wconf 87' lang='lat' dir='ltr'><strong>item</strong></span> <span class='ocrx_word' id='word_1_606' title='bbox 2943 4020 3228 4095; x_wconf 90' lang='lat' dir='ltr'><strong>scriptum</strong></span> <span class='ocrx_word' id='word_1_607' title='bbox 3263 4025 3355 4077; x_wconf 91' lang='lat' dir='ltr'><strong>est</strong></span> <span class='ocrx_word' id='word_1_608' title='bbox 3383 4036 3398 4076; x_wconf 89' lang='lat'>:</span> <span class='ocrx_word' id='word_1_609' title='bbox 3434 4020 3542 4089; x_wconf 82' lang='lat' dir='ltr'><strong>Qui</strong></span> <span class='ocrx_word' id='word_1_610' title='bbox 3569 4022 3757 4093; x_wconf 73' lang='lat' dir='ltr'><strong>bapti-</strong></span> 
     </span>
    </p>
   </div>
   <div class='ocr_carea' id='block_1_90' title="bbox 2103 4108 3760 4184">
    <p class='ocr_par' dir='ltr' id='par_1_90' title="bbox 2103 4108 3760 4184">
     <span class='ocr_line' id='line_1_90' title="bbox 2103 4108 3760 4184; baseline -0.004 -14"><span class='ocrx_word' id='word_1_611' title='bbox 2103 4121 2264 4170; x_wconf 69' lang='lat' dir='ltr'><strong>zatur</strong></span> <span class='ocrx_word' id='word_1_612' title='bbox 2291 4130 2325 4169; x_wconf 83' lang='grc' dir='ltr'><em>α</em></span> <span class='ocrx_word' id='word_1_613' title='bbox 2351 4119 2586 4181; x_wconf 82' lang='lat' dir='ltr'><strong>mortuo,</strong></span> <span class='ocrx_word' id='word_1_614' title='bbox 2617 4119 2669 4168; x_wconf 86' lang='lat' dir='ltr'><strong>et</strong></span> <span class='ocrx_word' id='word_1_615' title='bbox 2712 4113 2910 4169; x_wconf 80' lang='lat' dir='ltr'><strong>iterum</strong></span> <span class='ocrx_word' id='word_1_616' title='bbox 2956 4113 3132 4184; x_wconf 78' lang='lat' dir='ltr'><strong>tangit</strong></span> <span class='ocrx_word' id='word_1_617' title='bbox 3176 4126 3322 4177; x_wconf 84' lang='lat' dir='ltr'><strong>eum,</strong></span> <span class='ocrx_word' id='word_1_618' title='bbox 3353 4108 3488 4182; x_wconf 79' lang='lat' dir='ltr'><strong>quid</strong></span> <span class='ocrx_word' id='word_1_619' title='bbox 3534 4110 3760 4182; x_wconf 74' lang='lat' dir='ltr'><strong>proﬁa’t</strong></span> 
     </span>
    </p>
   </div>
   <div class='ocr_carea' id='block_1_91' title="bbox 2106 4197 3759 4273">
    <p class='ocr_par' dir='ltr' id='par_1_91' title="bbox 2106 4197 3759 4273">
     <span class='ocr_line' id='line_1_91' title="bbox 2106 4197 3759 4273; baseline -0.002 -14"><span class='ocrx_word' id='word_1_620' title='bbox 2106 4204 2305 4260; x_wconf 84' lang='lat' dir='ltr'><strong>lavatio</strong></span> <span class='ocrx_word' id='word_1_621' title='bbox 2361 4202 2518 4259; x_wconf 78' lang='lat' dir='ltr'><strong>illius</strong></span> <span class='ocrx_word' id='word_1_622' title='bbox 2567 4200 2757 4273; x_wconf 81' lang='lat' dir='ltr'><strong>(Eccli.</strong></span> <span class='ocrx_word' id='word_1_623' title='bbox 2788 4217 2976 4270; x_wconf 77' lang='lat' dir='ltr'><strong>xxxxv,</strong></span> <span class='ocrx_word' id='word_1_624' title='bbox 3006 4199 3147 4268; x_wconf 84' lang='lat'><strong>30)?</strong></span> <span class='ocrx_word' id='word_1_625' title='bbox 3178 4199 3480 4256; x_wconf 87' lang='lat' dir='ltr'><strong>Mortuum</strong></span> <span class='ocrx_word' id='word_1_626' title='bbox 3534 4197 3759 4272; x_wconf 88' lang='lat' dir='ltr'><strong>quippe</strong></span> 
     </span>
    </p>
   </div>
   <div class='ocr_carea' id='block_1_92' title="bbox 2105 4287 3758 4364">
    <p class='ocr_par' dir='ltr' id='par_1_92' title="bbox 2105 4287 3758 4364">
     <span class='ocr_line' id='line_1_92' title="bbox 2105 4287 3758 4364; baseline -0.002 -15"><span class='ocrx_word' id='word_1_627' title='bbox 2105 4296 2195 4350; x_wconf 91' lang='lat' dir='ltr'><strong>est</strong></span> <span class='ocrx_word' id='word_1_628' title='bbox 2222 4309 2395 4349; x_wconf 89' lang='lat' dir='ltr'><strong>omne</strong></span> <span class='ocrx_word' id='word_1_629' title='bbox 2424 4309 2572 4364; x_wconf 90' lang='lat' dir='ltr'><strong>opus</strong></span> <span class='ocrx_word' id='word_1_630' title='bbox 2602 4306 2941 4364; x_wconf 90' lang='lat' dir='ltr'><strong>perversum</strong></span> <span class='ocrx_word' id='word_1_631' title='bbox 2989 4289 3147 4363; x_wconf 88' lang='lat' dir='ltr'><strong>quod</strong></span> <span class='ocrx_word' id='word_1_632' title='bbox 3188 4287 3474 4360; x_wconf 87' lang='lat' dir='ltr'><strong>pertrahit</strong></span> <span class='ocrx_word' id='word_1_633' title='bbox 3496 4287 3572 4344; x_wconf 89' lang='lat' dir='ltr'><strong>ad</strong></span> <span class='ocrx_word' id='word_1_634' title='bbox 3595 4304 3758 4345; x_wconf 90' lang='lat' dir='ltr'><strong>mor-</strong></span> 
     </span>
    </p>
   </div>
   <div class='ocr_carea' id='block_1_93' title="bbox 2104 4377 3758 4454">
    <p class='ocr_par' dir='ltr' id='par_1_93' title="bbox 2104 4377 3758 4454">
     <span class='ocr_line' id='line_1_93' title="bbox 2104 4377 3758 4454; baseline -0.001 -16"><span class='ocrx_word' id='word_1_635' title='bbox 2104 4386 2246 4448; x_wconf 87' lang='lat' dir='ltr'><strong>tem,</strong></span> <span class='ocrx_word' id='word_1_636' title='bbox 2276 4381 2550 4454; x_wconf 91' lang='lat' dir='ltr'><strong>quodque</strong></span> <span class='ocrx_word' id='word_1_637' title='bbox 2572 4379 2818 4453; x_wconf 85' lang='lat' dir='ltr'><strong>justitia</strong></span> <span class='ocrx_word' id='word_1_638' title='bbox 2848 4396 2964 4437; x_wconf 91' lang='lat' dir='ltr'><strong>non</strong></span> <span class='ocrx_word' id='word_1_639' title='bbox 2985 4378 3145 4435; x_wconf 93' lang='lat' dir='ltr'><strong>vivit.</strong></span> <span class='ocrx_word' id='word_1_640' title='bbox 3179 4377 3517 4450; x_wconf 87' lang='lat' dir='ltr'><strong>Baptizatur</strong></span> <span class='ocrx_word' id='word_1_641' title='bbox 3550 4392 3690 4451; x_wconf 88' lang='lat' dir='ltr'><strong>ergo</strong></span> <span class='ocrx_word' id='word_1_642' title='bbox 3719 4395 3758 4436; x_wconf 84' lang='lat' dir='ltr'><strong>a</strong></span> 
     </span>
    </p>
   </div>
   <div class='ocr_carea' id='block_1_94' title="bbox 2107 4466 3759 4542">
    <p class='ocr_par' dir='ltr' id='par_1_94' title="bbox 2107 4466 3759 4542">
     <span class='ocr_line' id='line_1_94' title="bbox 2107 4466 3759 4542; baseline -0.003 -15"><span class='ocrx_word' id='word_1_643' title='bbox 2107 4474 2338 4527; x_wconf 90' lang='lat' dir='ltr'><strong>mortuo</strong></span> <span class='ocrx_word' id='word_1_644' title='bbox 2360 4473 2417 4525; x_wconf 91' lang='lat' dir='ltr'><strong>et</strong></span> <span class='ocrx_word' id='word_1_645' title='bbox 2433 4469 2646 4525; x_wconf 89' lang='lat' dir='ltr'><strong>iterum</strong></span> <span class='ocrx_word' id='word_1_646' title='bbox 2669 4467 2857 4542; x_wconf 88' lang='lat' dir='ltr'><strong>tangit</strong></span> <span class='ocrx_word' id='word_1_647' title='bbox 2876 4484 3035 4534; x_wconf 92' lang='lat' dir='ltr'><strong>eum,</strong></span> <span class='ocrx_word' id='word_1_648' title='bbox 3057 4466 3157 4540; x_wconf 91' lang='lat' dir='ltr'><strong>qui</strong></span> <span class='ocrx_word' id='word_1_649' title='bbox 3180 4483 3358 4540; x_wconf 88' lang='lat' dir='ltr'><strong>prava</strong></span> <span class='ocrx_word' id='word_1_650' title='bbox 3395 4481 3594 4541; x_wconf 86' lang='lat' dir='ltr'><strong>opera,</strong></span> <span class='ocrx_word' id='word_1_651' title='bbox 3625 4484 3759 4540; x_wconf 77' lang='lat' dir='ltr'><strong>qua</strong></span> 
     </span>
    </p>
   </div>
   <div class='ocr_carea' id='block_1_95' title="bbox 346 4552 3755 4655">
    <p class='ocr_par' dir='ltr' id='par_1_95' title="bbox 346 4552 3755 4655">
     <span class='ocr_line' id='line_1_95' title="bbox 346 4552 3755 4655; baseline -0 -43"><span class='ocrx_word' id='word_1_652' title='bbox 346 4557 600 4655; x_wconf 76' lang='lat' dir='ltr'><strong>recipian</strong></span> <span class='ocrx_word' id='word_1_653' title='bbox 611 4562 655 4655; x_wconf 69' lang='lat' dir='ltr'><strong>t,</strong></span> <span class='ocrx_word' id='word_1_654' title='bbox 677 4560 734 4612; x_wconf 89' lang='lat' dir='ltr'><strong>et</strong></span> <span class='ocrx_word' id='word_1_655' title='bbox 755 4556 912 4655; x_wconf 78' lang='lat' dir='ltr'><strong>apud</strong></span> <span class='ocrx_word' id='word_1_656' title='bbox 933 4555 1270 4655; x_wconf 69' lang='lat' dir='ltr'><strong>districtum</strong></span> <span class='ocrx_word' id='word_1_657' title='bbox 1284 4553 1555 4655; x_wconf 45' lang='lat' dir='ltr'><strong>judicent</strong></span> <span class='ocrx_word' id='word_1_658' title='bbox 1572 4552 1993 4655; x_wconf 43' lang='lat' dir='ltr'><strong>praemia‘aatcr-</strong></span> <span class='ocrx_word' id='word_1_659' title='bbox 2023 4588 2070 4655; x_wconf 71' lang='grc' dir='ltr'><strong>ι)</strong></span> <span class='ocrx_word' id='word_1_660' title='bbox 2104 4577 2166 4617; x_wconf 88' lang='lat' dir='ltr'><strong>se</strong></span> <span class='ocrx_word' id='word_1_661' title='bbox 2187 4559 2376 4633; x_wconf 89' lang='lat' dir='ltr'><strong>egisse</strong></span> <span class='ocrx_word' id='word_1_662' title='bbox 2397 4556 2687 4626; x_wconf 89' lang='lat' dir='ltr'><strong>meminit,</strong></span> <span class='ocrx_word' id='word_1_663' title='bbox 2711 4556 2993 4630; x_wconf 89' lang='lat' dir='ltr'><strong>deplorat,</strong></span> <span class='ocrx_word' id='word_1_664' title='bbox 3011 4557 3113 4613; x_wconf 90' lang='lat' dir='ltr'><strong>sed</strong></span> <span class='ocrx_word' id='word_1_665' title='bbox 3134 4557 3195 4612; x_wconf 92' lang='lat' dir='ltr'><strong>in</strong></span> <span class='ocrx_word' id='word_1_666' title='bbox 3215 4555 3437 4613; x_wconf 89' lang='lat' dir='ltr'><strong>eisdem</strong></span> <span class='ocrx_word' id='word_1_667' title='bbox 3460 4557 3755 4613; x_wconf 85' lang='lat' dir='ltr'><strong>seiterum</strong></span> 
     </span>
    </p>
   </div>
   <div class='ocr_carea' id='block_1_96' title="bbox 345 4640 1991 4718">
    <p class='ocr_par' dir='ltr' id='par_1_96' title="bbox 345 4640 1991 4718">
     <span class='ocr_line' id='line_1_96' title="bbox 345 4640 1991 4718; baseline -0.002 -17"><span class='ocrx_word' id='word_1_668' title='bbox 345 4663 431 4701; x_wconf 82' lang='lat' dir='ltr'><strong>na</strong></span> <span class='ocrx_word' id='word_1_669' title='bbox 455 4645 614 4718; x_wconf 90' lang='lat' dir='ltr'><strong>pacis</strong></span> <span class='ocrx_word' id='word_1_670' title='bbox 634 4645 989 4702; x_wconf 87' lang='lat' dir='ltr'><strong>inveniant.»</strong></span> <span class='ocrx_word' id='word_1_671' title='bbox 1013 4645 1083 4700; x_wconf 89' lang='lat' dir='ltr'><strong>Et</strong></span> <span class='ocrx_word' id='word_1_672' title='bbox 1102 4644 1163 4699; x_wconf 92' lang='lat' dir='ltr'><strong>in</strong></span> <span class='ocrx_word' id='word_1_673' title='bbox 1185 4640 1485 4717; x_wconf 83' lang='lat' dir='ltr'><strong>privilegio</strong></span> <span class='ocrx_word' id='word_1_674' title='bbox 1505 4643 1771 4715; x_wconf 86' lang='lat' dir='ltr'><strong>ejusdem</strong></span> <span class='ocrx_word' id='word_1_675' title='bbox 1795 4640 1991 4698; x_wconf 85' lang='lat' dir='ltr'><strong>Eccle-</strong></span> 
     </span>
    </p>
   </div>
   <div class='ocr_carea' id='block_1_97' title="bbox 345 4731 1990 4806">
    <p class='ocr_par' dir='ltr' id='par_1_97' title="bbox 345 4731 1990 4806">
     <span class='ocr_line' id='line_1_97' title="bbox 345 4731 1990 4806; baseline -0.002 -16"><span class='ocrx_word' id='word_1_676' title='bbox 345 4735 445 4790; x_wconf 87' lang='lat' dir='ltr'><strong>sia</strong></span> <span class='ocrx_word' id='word_1_677' title='bbox 476 4752 511 4791; x_wconf 93' lang='lat' dir='ltr'><strong>a</strong></span> <span class='ocrx_word' id='word_1_678' title='bbox 538 4736 750 4791; x_wconf 91' lang='lat' dir='ltr'><strong>domno</strong></span> <span class='ocrx_word' id='word_1_679' title='bbox 781 4733 1018 4791; x_wconf 89' lang='lat' dir='ltr'><strong>Nicolao</strong></span> <span class='ocrx_word' id='word_1_680' title='bbox 1050 4750 1201 4806; x_wconf 82' lang='lat' dir='ltr'><strong>papa</strong></span> <span class='ocrx_word' id='word_1_681' title='bbox 1240 4734 1583 4789; x_wconf 82' lang='lat' dir='ltr'><strong>conﬁrmato</strong></span> <span class='ocrx_word' id='word_1_682' title='bbox 1632 4732 1755 4788; x_wconf 88' lang='lat' dir='ltr'><strong>hac</strong></span> <span class='ocrx_word' id='word_1_683' title='bbox 1803 4731 1990 4788; x_wconf 92' lang='lat' dir='ltr'><strong>conti-</strong></span> 
     </span>
    </p>
   </div>
   <div class='ocr_carea' id='block_1_98' title="bbox 344 4821 1990 4894">
    <p class='ocr_par' dir='ltr' id='par_1_98' title="bbox 344 4821 1990 4894">
     <span class='ocr_line' id='line_1_98' title="bbox 344 4821 1990 4894; baseline -0.001 -15"><span class='ocrx_word' id='word_1_684' title='bbox 344 4827 560 4879; x_wconf 89' lang='lat' dir='ltr'><strong>nentur</strong></span> <span class='ocrx_word' id='word_1_685' title='bbox 589 4825 662 4880; x_wconf 88' lang='lat' dir='ltr'><strong>ad</strong></span> <span class='ocrx_word' id='word_1_686' title='bbox 691 4823 886 4880; x_wconf 91' lang='lat' dir='ltr'><strong>locum</strong></span> <span class='ocrx_word' id='word_1_687' title='bbox 918 4822 1212 4892; x_wconf 89' lang='lat' dir='ltr'><strong>(Nicolaus</strong></span> <span class='ocrx_word' id='word_1_688' title='bbox 1241 4822 1409 4879; x_wconf 84' lang='lat' dir='ltr'><strong>Odon.</strong></span> <span class='ocrx_word' id='word_1_689' title='bbox 1443 4824 1634 4894; x_wconf 79' lang='lat' dir='ltr'><strong>episc.)</strong></span> <span class='ocrx_word' id='word_1_690' title='bbox 1670 4838 1683 4877; x_wconf 91' lang='lat'><strong>:</strong></span> <span class='ocrx_word' id='word_1_691' title='bbox 1719 4844 1748 4872; x_wconf 83' lang='lat'>»</span> <span class='ocrx_word' id='word_1_692' title='bbox 1781 4821 1990 4878; x_wconf 90' lang='lat' dir='ltr'><strong>Nullus</strong></span> 
     </span>
    </p>
   </div>
   <div class='ocr_carea' id='block_1_99' title="bbox 341 4911 1992 4986">
    <p class='ocr_par' dir='ltr' id='par_1_99' title="bbox 341 4911 1992 4986">
     <span class='ocr_line' id='line_1_99' title="bbox 341 4911 1992 4986; baseline -0.002 -16"><span class='ocrx_word' id='word_1_693' title='bbox 341 4912 541 4986; x_wconf 90' lang='lat' dir='ltr'><strong>itaque</strong></span> <span class='ocrx_word' id='word_1_694' title='bbox 574 4929 799 4985; x_wconf 89' lang='lat' dir='ltr'><strong>regum,</strong></span> <span class='ocrx_word' id='word_1_695' title='bbox 819 4911 1020 4968; x_wconf 90' lang='lat' dir='ltr'><strong>nullus</strong></span> <span class='ocrx_word' id='word_1_696' title='bbox 1044 4911 1554 4985; x_wconf 89' lang='lat' dir='ltr'><strong>judicum,nullus</strong></span> <span class='ocrx_word' id='word_1_697' title='bbox 1586 4911 1992 4983; x_wconf 87' lang='lat' dir='ltr'><strong>cujuscunque</strong></span> 
     </span>
    </p>
   </div>
   <div class='ocr_carea' id='block_1_100' title="bbox 342 4999 1989 5075">
    <p class='ocr_par' dir='ltr' id='par_1_100' title="bbox 342 4999 1989 5075">
     <span class='ocr_line' id='line_1_100' title="bbox 342 4999 1989 5075; baseline -0.002 -15"><span class='ocrx_word' id='word_1_698' title='bbox 342 5001 641 5060; x_wconf 86' lang='lat' dir='ltr'><strong>sacularis</strong></span> <span class='ocrx_word' id='word_1_699' title='bbox 662 5000 935 5074; x_wconf 87' lang='lat' dir='ltr'><strong>potentia</strong></span> <span class='ocrx_word' id='word_1_700' title='bbox 958 5001 1242 5075; x_wconf 87' lang='lat' dir='ltr'><strong>dignitate</strong></span> <span class='ocrx_word' id='word_1_701' title='bbox 1266 5002 1472 5071; x_wconf 88' lang='lat' dir='ltr'><strong>fultus,</strong></span> <span class='ocrx_word' id='word_1_702' title='bbox 1496 5001 1556 5056; x_wconf 91' lang='lat' dir='ltr'><strong>in</strong></span> <span class='ocrx_word' id='word_1_703' title='bbox 1578 5001 1754 5057; x_wconf 91' lang='lat' dir='ltr'><strong>rebus</strong></span> <span class='ocrx_word' id='word_1_704' title='bbox 1784 4999 1989 5073; x_wconf 78' lang='lat' dir='ltr'><strong>prafe-</strong></span> 
     </span>
    </p>
   </div>
   <div class='ocr_carea' id='block_1_101' title="bbox 339 5088 1989 5164">
    <p class='ocr_par' dir='ltr' id='par_1_101' title="bbox 339 5088 1989 5164">
     <span class='ocr_line' id='line_1_101' title="bbox 339 5088 1989 5164; baseline -0.002 -17"><span class='ocrx_word' id='word_1_705' title='bbox 339 5096 534 5148; x_wconf 90' lang='lat' dir='ltr'><strong>torum</strong></span> <span class='ocrx_word' id='word_1_706' title='bbox 551 5090 946 5149; x_wconf 80' lang='lat' dir='ltr'><strong>canobiorum</strong></span> <span class='ocrx_word' id='word_1_707' title='bbox 957 5134 970 5159; x_wconf 95' lang='lat'><strong>,</strong></span> <span class='ocrx_word' id='word_1_708' title='bbox 985 5090 1072 5146; x_wconf 88' lang='lat' dir='ltr'><strong>vel</strong></span> <span class='ocrx_word' id='word_1_709' title='bbox 1085 5090 1257 5158; x_wconf 92' lang='lat' dir='ltr'><strong>villis,</strong></span> <span class='ocrx_word' id='word_1_710' title='bbox 1271 5089 1360 5146; x_wconf 91' lang='lat' dir='ltr'><strong>vel</strong></span> <span class='ocrx_word' id='word_1_711' title='bbox 1378 5089 1645 5164; x_wconf 89' lang='lat' dir='ltr'><strong>agris,vel</strong></span> <span class='ocrx_word' id='word_1_712' title='bbox 1658 5088 1989 5162; x_wconf 84' lang='lat' dir='ltr'><strong>mancipiis,</strong></span> 
     </span>
    </p>
   </div>
   <div class='ocr_carea' id='block_1_102' title="bbox 338 5178 1984 5255">
    <p class='ocr_par' dir='ltr' id='par_1_102' title="bbox 338 5178 1984 5255">
     <span class='ocr_line' id='line_1_102' title="bbox 338 5178 1984 5255; baseline -0.003 -17"><span class='ocrx_word' id='word_1_713' title='bbox 338 5181 430 5238; x_wconf 90' lang='lat' dir='ltr'><strong>vel</strong></span> <span class='ocrx_word' id='word_1_714' title='bbox 451 5180 736 5255; x_wconf 92' lang='lat' dir='ltr'><strong>quidquid</strong></span> <span class='ocrx_word' id='word_1_715' title='bbox 761 5181 833 5237; x_wconf 85' lang='lat' dir='ltr'><strong>ad</strong></span> <span class='ocrx_word' id='word_1_716' title='bbox 868 5180 1072 5236; x_wconf 89' lang='lat' dir='ltr'><strong>eadem</strong></span> <span class='ocrx_word' id='word_1_717' title='bbox 1105 5179 1461 5236; x_wconf 87' lang='lat' dir='ltr'><strong>monasteria</strong></span> <span class='ocrx_word' id='word_1_718' title='bbox 1489 5178 1767 5236; x_wconf 89' lang='lat' dir='ltr'><strong>collatum</strong></span> <span class='ocrx_word' id='word_1_719' title='bbox 1789 5179 1984 5248; x_wconf 90' lang='lat' dir='ltr'><strong>fuerit,</strong></span> 
     </span>
    </p>
   </div>
   <div class='ocr_carea' id='block_1_103' title="bbox 339 5266 1988 5345">
    <p class='ocr_par' dir='ltr' id='par_1_103' title="bbox 339 5266 1988 5345">
     <span class='ocr_line' id='line_1_103' title="bbox 339 5266 1988 5345; baseline -0.003 -17"><span class='ocrx_word' id='word_1_720' title='bbox 339 5275 687 5345; x_wconf 89' lang='lat' dir='ltr'><strong>potestatem</strong></span> <span class='ocrx_word' id='word_1_721' title='bbox 714 5270 930 5326; x_wconf 89' lang='lat' dir='ltr'><strong>habeat</strong></span> <span class='ocrx_word' id='word_1_722' title='bbox 949 5268 1035 5325; x_wconf 91' lang='lat' dir='ltr'><strong>vel</strong></span> <span class='ocrx_word' id='word_1_723' title='bbox 1057 5268 1418 5338; x_wconf 88' lang='lat' dir='ltr'><strong>dominandi,</strong></span> <span class='ocrx_word' id='word_1_724' title='bbox 1432 5268 1521 5325; x_wconf 89' lang='lat' dir='ltr'><strong>vel</strong></span> <span class='ocrx_word' id='word_1_725' title='bbox 1542 5268 1885 5342; x_wconf 89' lang='lat' dir='ltr'><strong>accipiendi,</strong></span> <span class='ocrx_word' id='word_1_726' title='bbox 1900 5266 1988 5325; x_wconf 87' lang='lat' dir='ltr'><strong>vel</strong></span> 
     </span>
    </p>
   </div>
   <div class='ocr_carea' id='block_1_104' title="bbox 340 5357 1984 5432">
    <p class='ocr_par' dir='ltr' id='par_1_104' title="bbox 340 5357 1984 5432">
     <span class='ocr_line' id='line_1_104' title="bbox 340 5357 1984 5432; baseline -0.003 -14"><span class='ocrx_word' id='word_1_727' title='bbox 340 5361 662 5427; x_wconf 85' lang='lat' dir='ltr'><strong>auferendi,</strong></span> <span class='ocrx_word' id='word_1_728' title='bbox 685 5363 896 5432; x_wconf 87' lang='lat' dir='ltr'><strong>prater</strong></span> <span class='ocrx_word' id='word_1_729' title='bbox 925 5358 1266 5431; x_wconf 88' lang='lat' dir='ltr'><strong>episcopum</strong></span> <span class='ocrx_word' id='word_1_730' title='bbox 1300 5357 1665 5414; x_wconf 88' lang='lat' dir='ltr'><strong>Belvacensis</strong></span> <span class='ocrx_word' id='word_1_731' title='bbox 1695 5357 1984 5426; x_wconf 89' lang='lat' dir='ltr'><strong>Ecclesia,</strong></span> 
     </span>
    </p>
   </div>
   <div class='ocr_carea' id='block_1_105' title="bbox 342 5445 1984 5523">
    <p class='ocr_par' dir='ltr' id='par_1_105' title="bbox 342 5445 1984 5523">
     <span class='ocr_line' id='line_1_105' title="bbox 342 5445 1984 5523; baseline -0.001 -18"><span class='ocrx_word' id='word_1_732' title='bbox 342 5448 441 5523; x_wconf 89' lang='lat' dir='ltr'><strong>qui</strong></span> <span class='ocrx_word' id='word_1_733' title='bbox 463 5466 567 5521; x_wconf 90' lang='lat' dir='ltr'><strong>per</strong></span> <span class='ocrx_word' id='word_1_734' title='bbox 586 5452 821 5521; x_wconf 91' lang='lat' dir='ltr'><strong>tempus</strong></span> <span class='ocrx_word' id='word_1_735' title='bbox 843 5447 1016 5504; x_wconf 89' lang='lat' dir='ltr'><strong>fuerit</strong></span> <span class='ocrx_word' id='word_1_736' title='bbox 1043 5447 1233 5503; x_wconf 91' lang='lat' dir='ltr'><strong>eidem</strong></span> <span class='ocrx_word' id='word_1_737' title='bbox 1255 5445 1530 5519; x_wconf 85' lang='lat' dir='ltr'><strong>pralatus</strong></span> <span class='ocrx_word' id='word_1_738' title='bbox 1550 5445 1839 5503; x_wconf 87' lang='lat' dir='ltr'><strong>Ecclesia.</strong></span> <span class='ocrx_word' id='word_1_739' title='bbox 1872 5446 1984 5504; x_wconf 90' lang='lat' dir='ltr'><strong>Sed</strong></span> 
     </span>
    </p>
   </div>
   <div class='ocr_carea' id='block_1_106' title="bbox 318 5534 1984 5609">
    <p class='ocr_par' dir='ltr' id='par_1_106' title="bbox 318 5534 1984 5609">
     <span class='ocr_line' id='line_1_106' title="bbox 318 5534 1984 5609; baseline -0.001 -17"><span class='ocrx_word' id='word_1_740' title='bbox 318 5536 628 5609; x_wconf 78' lang='lat' dir='ltr'><strong>quidquid</strong></span> <span class='ocrx_word' id='word_1_741' title='bbox 648 5536 737 5593; x_wconf 89' lang='lat' dir='ltr'><strong>vel</strong></span> <span class='ocrx_word' id='word_1_742' title='bbox 758 5536 820 5592; x_wconf 88' lang='lat' dir='ltr'><strong>in</strong></span> <span class='ocrx_word' id='word_1_743' title='bbox 842 5553 1006 5604; x_wconf 91' lang='lat' dir='ltr'><strong>auro,</strong></span> <span class='ocrx_word' id='word_1_744' title='bbox 1029 5535 1116 5592; x_wconf 90' lang='lat' dir='ltr'><strong>vel</strong></span> <span class='ocrx_word' id='word_1_745' title='bbox 1139 5536 1198 5591; x_wconf 92' lang='lat' dir='ltr'><strong>in</strong></span> <span class='ocrx_word' id='word_1_746' title='bbox 1240 5538 1501 5609; x_wconf 89' lang='lat' dir='ltr'><strong>argento,</strong></span> <span class='ocrx_word' id='word_1_747' title='bbox 1520 5534 1608 5590; x_wconf 92' lang='lat' dir='ltr'><strong>vel</strong></span> <span class='ocrx_word' id='word_1_748' title='bbox 1629 5535 1690 5591; x_wconf 93' lang='lat' dir='ltr'><strong>in</strong></span> <span class='ocrx_word' id='word_1_749' title='bbox 1721 5552 1984 5608; x_wconf 90' lang='lat' dir='ltr'><strong>quacun-</strong></span> 
     </span>
    </p>
   </div>
   <div class='ocr_carea' id='block_1_107' title="bbox 342 5622 1984 5702">
    <p class='ocr_par' dir='ltr' id='par_1_107' title="bbox 342 5622 1984 5702">
     <span class='ocr_line' id='line_1_107' title="bbox 342 5622 1984 5702; baseline 0.001 -21"><span class='ocrx_word' id='word_1_750' title='bbox 342 5640 455 5700; x_wconf 87' lang='lat' dir='ltr'><strong>que</strong></span> <span class='ocrx_word' id='word_1_751' title='bbox 484 5624 856 5702; x_wconf 89' lang='lat' dir='ltr'><strong>supellectili,</strong></span> <span class='ocrx_word' id='word_1_752' title='bbox 887 5625 975 5684; x_wconf 89' lang='lat' dir='ltr'><strong>vel</strong></span> <span class='ocrx_word' id='word_1_753' title='bbox 1005 5625 1065 5683; x_wconf 90' lang='lat' dir='ltr'><strong>in</strong></span> <span class='ocrx_word' id='word_1_754' title='bbox 1096 5624 1258 5685; x_wconf 90' lang='lat' dir='ltr'><strong>omni</strong></span> <span class='ocrx_word' id='word_1_755' title='bbox 1300 5622 1599 5682; x_wconf 89' lang='lat' dir='ltr'><strong>facultatis</strong></span> <span class='ocrx_word' id='word_1_756' title='bbox 1629 5624 1984 5699; x_wconf 86' lang='lat' dir='ltr'><strong>substantia,</strong></span> 
     </span>
    </p>
   </div>
   <div class='ocr_carea' id='block_1_108' title="bbox 2101 4645 3757 4721">
    <p class='ocr_par' dir='ltr' id='par_1_108' title="bbox 2101 4645 3757 4721">
     <span class='ocr_line' id='line_1_108' title="bbox 2101 4645 3757 4721; baseline -0.003 -16"><span class='ocrx_word' id='word_1_757' title='bbox 2101 4654 2233 4721; x_wconf 90' lang='lat' dir='ltr'><strong>post</strong></span> <span class='ocrx_word' id='word_1_758' title='bbox 2253 4648 2543 4720; x_wconf 82' lang='lat' dir='ltr'><strong>lacrymas</strong></span> <span class='ocrx_word' id='word_1_759' title='bbox 2564 4645 3065 4719; x_wconf 89' lang='lat' dir='ltr'><strong>implieat.Anima</strong></span> <span class='ocrx_word' id='word_1_760' title='bbox 3083 4645 3282 4718; x_wconf 90' lang='lat' dir='ltr'><strong>itaque</strong></span> <span class='ocrx_word' id='word_1_761' title='bbox 3301 4645 3579 4718; x_wconf 83' lang='lat' dir='ltr'><strong>qualibet</strong></span> <span class='ocrx_word' id='word_1_762' title='bbox 3596 4645 3757 4717; x_wconf 85' lang='lat' dir='ltr'><strong>ejus-</strong></span> 
     </span>
    </p>
   </div>
   <div class='ocr_carea' id='block_1_109' title="bbox 2102 4733 3752 4808">
    <p class='ocr_par' dir='ltr' id='par_1_109' title="bbox 2102 4733 3752 4808">
     <span class='ocr_line' id='line_1_109' title="bbox 2102 4733 3752 4808; baseline -0.002 -15"><span class='ocrx_word' id='word_1_763' title='bbox 2102 4739 2233 4793; x_wconf 90' lang='lat' dir='ltr'><strong>dem</strong></span> <span class='ocrx_word' id='word_1_764' title='bbox 2266 4737 2481 4793; x_wconf 90' lang='lat' dir='ltr'><strong>mortui</strong></span> <span class='ocrx_word' id='word_1_765' title='bbox 2513 4734 2800 4792; x_wconf 89' lang='lat' dir='ltr'><strong>lavatione</strong></span> <span class='ocrx_word' id='word_1_766' title='bbox 2830 4751 2945 4790; x_wconf 92' lang='lat' dir='ltr'><strong>non</strong></span> <span class='ocrx_word' id='word_1_767' title='bbox 2978 4735 3226 4808; x_wconf 82' lang='lat' dir='ltr'><strong>proﬁcit,</strong></span> <span class='ocrx_word' id='word_1_768' title='bbox 3244 4751 3373 4807; x_wconf 80' lang='lat' dir='ltr'><strong>qua</strong></span> <span class='ocrx_word' id='word_1_769' title='bbox 3396 4733 3508 4792; x_wconf 86' lang='lat' dir='ltr'><strong>hoc</strong></span> <span class='ocrx_word' id='word_1_770' title='bbox 3536 4733 3752 4790; x_wconf 73' lang='lat' dir='ltr'><strong>iterum</strong></span> 
     </span>
    </p>
   </div>
   <div class='ocr_carea' id='block_1_110' title="bbox 2099 4823 3752 4899">
    <p class='ocr_par' dir='ltr' id='par_1_110' title="bbox 2099 4823 3752 4899">
     <span class='ocr_line' id='line_1_110' title="bbox 2099 4823 3752 4899; baseline -0.002 -18"><span class='ocrx_word' id='word_1_771' title='bbox 2099 4826 2366 4882; x_wconf 84' lang='lat' dir='ltr'><strong>faciendo</strong></span> <span class='ocrx_word' id='word_1_772' title='bbox 2389 4826 2541 4899; x_wconf 91' lang='lat' dir='ltr'><strong>quod</strong></span> <span class='ocrx_word' id='word_1_773' title='bbox 2578 4824 2823 4899; x_wconf 84' lang='lat' dir='ltr'><strong>planxit,</strong></span> <span class='ocrx_word' id='word_1_774' title='bbox 2847 4841 2953 4882; x_wconf 93' lang='lat' dir='ltr'><strong>nec</strong></span> <span class='ocrx_word' id='word_1_775' title='bbox 2974 4841 3079 4898; x_wconf 90' lang='lat' dir='ltr'><strong>per</strong></span> <span class='ocrx_word' id='word_1_776' title='bbox 3105 4823 3363 4881; x_wconf 83' lang='lat' dir='ltr'><strong>lamenta</strong></span> <span class='ocrx_word' id='word_1_777' title='bbox 3392 4823 3752 4898; x_wconf 71' lang='lat' dir='ltr'><strong>pauitantia</strong></span> 
     </span>
    </p>
   </div>
   <div class='ocr_carea' id='block_1_111' title="bbox 2100 4912 3749 4987">
    <p class='ocr_par' dir='ltr' id='par_1_111' title="bbox 2100 4912 3749 4987">
     <span class='ocr_line' id='line_1_111' title="bbox 2100 4912 3749 4987; baseline -0.001 -17"><span class='ocrx_word' id='word_1_778' title='bbox 2100 4915 2172 4971; x_wconf 91' lang='lat' dir='ltr'><strong>ad</strong></span> <span class='ocrx_word' id='word_1_779' title='bbox 2195 4914 2601 4971; x_wconf 90' lang='lat' dir='ltr'><strong>rectitudinem</strong></span> <span class='ocrx_word' id='word_1_780' title='bbox 2616 4914 2861 4986; x_wconf 87' lang='lat' dir='ltr'><strong>justitia</strong></span> <span class='ocrx_word' id='word_1_781' title='bbox 2881 4913 3580 4987; x_wconf 79' lang='lat' dir='ltr'><strong>exsurgit.Panitentiam</strong></span> <span class='ocrx_word' id='word_1_782' title='bbox 3591 4912 3749 4970; x_wconf 88' lang='lat' dir='ltr'><strong>enim</strong></span> 
     </span>
    </p>
   </div>
   <div class='ocr_carea' id='block_1_112' title="bbox 2099 5002 3750 5077">
    <p class='ocr_par' dir='ltr' id='par_1_112' title="bbox 2099 5002 3750 5077">
     <span class='ocr_line' id='line_1_112' title="bbox 2099 5002 3750 5077; baseline 0 -19"><span class='ocrx_word' id='word_1_783' title='bbox 2099 5020 2232 5069; x_wconf 81' lang='lat' dir='ltr'><strong>vere</strong></span> <span class='ocrx_word' id='word_1_784' title='bbox 2260 5020 2430 5076; x_wconf 88' lang='lat' dir='ltr'><strong>agere</strong></span> <span class='ocrx_word' id='word_1_785' title='bbox 2457 5007 2548 5060; x_wconf 89' lang='lat' dir='ltr'><strong>est</strong></span> <span class='ocrx_word' id='word_1_786' title='bbox 2574 5003 2893 5060; x_wconf 89' lang='lat' dir='ltr'><strong>commissa</strong></span> <span class='ocrx_word' id='word_1_787' title='bbox 2923 5002 3218 5077; x_wconf 84' lang='lat' dir='ltr'><strong>plangere,</strong></span> <span class='ocrx_word' id='word_1_788' title='bbox 3243 5008 3302 5059; x_wconf 93' lang='lat' dir='ltr'><strong>et</strong></span> <span class='ocrx_word' id='word_1_789' title='bbox 3322 5004 3541 5061; x_wconf 87' lang='lat' dir='ltr'><strong>iterum</strong></span> <span class='ocrx_word' id='word_1_790' title='bbox 3581 5003 3750 5076; x_wconf 83' lang='lat' dir='ltr'><strong>plan-</strong></span> 
     </span>
    </p>
   </div>
   <div class='ocr_carea' id='block_1_113' title="bbox 2099 5091 3745 5167">
    <p class='ocr_par' dir='ltr' id='par_1_113' title="bbox 2099 5091 3745 5167">
     <span class='ocr_line' id='line_1_113' title="bbox 2099 5091 3745 5167; baseline -0.001 -18"><span class='ocrx_word' id='word_1_791' title='bbox 2099 5093 2290 5167; x_wconf 88' lang='lat' dir='ltr'><strong>genda</strong></span> <span class='ocrx_word' id='word_1_792' title='bbox 2309 5092 2618 5148; x_wconf 90' lang='lat' dir='ltr'><strong>declinare.</strong></span> <span class='ocrx_word' id='word_1_793' title='bbox 2635 5092 3058 5148; x_wconf 90' lang='lat' dir='ltr'><strong>Providendum</strong></span> <span class='ocrx_word' id='word_1_794' title='bbox 3083 5097 3173 5150; x_wconf 90' lang='lat' dir='ltr'><strong>est</strong></span> <span class='ocrx_word' id='word_1_795' title='bbox 3192 5091 3376 5165; x_wconf 87' lang='lat' dir='ltr'><strong>igitur</strong></span> <span class='ocrx_word' id='word_1_796' title='bbox 3396 5092 3745 5150; x_wconf 79' lang='lat' dir='ltr'><strong>charissima</strong></span> 
     </span>
    </p>
   </div>
   <div class='ocr_carea' id='block_1_114' title="bbox 2096 5179 3747 5255">
    <p class='ocr_par' dir='ltr' id='par_1_114' title="bbox 2096 5179 3747 5255">
     <span class='ocr_line' id='line_1_114' title="bbox 2096 5179 3747 5255; baseline -0.002 -17"><span class='ocrx_word' id='word_1_797' title='bbox 2096 5183 2310 5238; x_wconf 90' lang='lat' dir='ltr'><strong>domno</strong></span> <span class='ocrx_word' id='word_1_798' title='bbox 2342 5184 2539 5238; x_wconf 89' lang='lat' dir='ltr'><strong>nostro</strong></span> <span class='ocrx_word' id='word_1_799' title='bbox 2576 5179 2719 5255; x_wconf 89' lang='lat' dir='ltr'><strong>regi,</strong></span> <span class='ocrx_word' id='word_1_800' title='bbox 2749 5182 2906 5254; x_wconf 90' lang='lat' dir='ltr'><strong>quod</strong></span> <span class='ocrx_word' id='word_1_801' title='bbox 2955 5181 3240 5239; x_wconf 92' lang='lat' dir='ltr'><strong>Dominus</strong></span> <span class='ocrx_word' id='word_1_802' title='bbox 3287 5181 3665 5239; x_wconf 88' lang='lat' dir='ltr'><strong>dominorum</strong></span> <span class='ocrx_word' id='word_1_803' title='bbox 3688 5188 3747 5235; x_wconf 71' lang='lat' dir='ltr'><strong>et</strong></span> 
     </span>
    </p>
   </div>
   <div class='ocr_carea' id='block_1_115' title="bbox 2099 5270 3747 5344">
    <p class='ocr_par' dir='ltr' id='par_1_115' title="bbox 2099 5270 3747 5344">
     <span class='ocr_line' id='line_1_115' title="bbox 2099 5270 3747 5344; baseline -0.001 -17"><span class='ocrx_word' id='word_1_804' title='bbox 2099 5271 2218 5327; x_wconf 86' lang='lat' dir='ltr'><strong>Rex</strong></span> <span class='ocrx_word' id='word_1_805' title='bbox 2248 5287 2451 5344; x_wconf 89' lang='lat' dir='ltr'><strong>regum</strong></span> <span class='ocrx_word' id='word_1_806' title='bbox 2472 5270 2649 5327; x_wconf 89' lang='lat' dir='ltr'><strong>etiam</strong></span> <span class='ocrx_word' id='word_1_807' title='bbox 2670 5270 2785 5344; x_wconf 90' lang='lat' dir='ltr'><strong>ipsi</strong></span> <span class='ocrx_word' id='word_1_808' title='bbox 2805 5274 2861 5328; x_wconf 91' lang='lat' dir='ltr'><strong>et</strong></span> <span class='ocrx_word' id='word_1_809' title='bbox 2881 5270 3199 5343; x_wconf 89' lang='lat' dir='ltr'><strong>unicuique</strong></span> <span class='ocrx_word' id='word_1_810' title='bbox 3223 5275 3518 5340; x_wconf 89' lang='lat' dir='ltr'><strong>nostrum,</strong></span> <span class='ocrx_word' id='word_1_811' title='bbox 3534 5271 3747 5344; x_wconf 80' lang='lat' dir='ltr'><strong>quinet</strong></span> 
     </span>
    </p>
   </div>
   <div class='ocr_carea' id='block_1_116' title="bbox 2099 5358 3745 5433">
    <p class='ocr_par' dir='ltr' id='par_1_116' title="bbox 2099 5358 3745 5433">
     <span class='ocr_line' id='line_1_116' title="bbox 2099 5358 3745 5433; baseline -0.002 -17"><span class='ocrx_word' id='word_1_812' title='bbox 2099 5359 2256 5416; x_wconf 93' lang='lat' dir='ltr'><strong>omni</strong></span> <span class='ocrx_word' id='word_1_813' title='bbox 2278 5359 2504 5417; x_wconf 91' lang='lat' dir='ltr'><strong>homini</strong></span> <span class='ocrx_word' id='word_1_814' title='bbox 2529 5360 2654 5416; x_wconf 90' lang='lat' dir='ltr'><strong>sine</strong></span> <span class='ocrx_word' id='word_1_815' title='bbox 2676 5360 3012 5433; x_wconf 89' lang='lat' dir='ltr'><strong>exceptione</strong></span> <span class='ocrx_word' id='word_1_816' title='bbox 3034 5359 3285 5432; x_wconf 87' lang='lat' dir='ltr'><strong>alicujus</strong></span> <span class='ocrx_word' id='word_1_817' title='bbox 3299 5377 3586 5433; x_wconf 80' lang='lat' dir='ltr'><strong>persona,</strong></span> <span class='ocrx_word' id='word_1_818' title='bbox 3606 5358 3745 5432; x_wconf 78' lang='lat' dir='ltr'><strong>quia</strong></span> 
     </span>
    </p>
   </div>
   <div class='ocr_carea' id='block_1_117' title="bbox 2096 5449 3745 5524">
    <p class='ocr_par' dir='ltr' id='par_1_117' title="bbox 2096 5449 3745 5524">
     <span class='ocr_line' id='line_1_117' title="bbox 2096 5449 3745 5524; baseline 0 -19"><span class='ocrx_word' id='word_1_819' title='bbox 2096 5453 2162 5505; x_wconf 90' lang='lat' dir='ltr'><strong>ut</strong></span> <span class='ocrx_word' id='word_1_820' title='bbox 2184 5449 2483 5523; x_wconf 87' lang='lat' dir='ltr'><strong>Scriptura</strong></span> <span class='ocrx_word' id='word_1_821' title='bbox 2502 5449 2644 5505; x_wconf 91' lang='lat' dir='ltr'><strong>dicit</strong></span> <span class='ocrx_word' id='word_1_822' title='bbox 2667 5464 2680 5504; x_wconf 90' lang='lat'>:</span> <span class='ocrx_word' id='word_1_823' title='bbox 2706 5449 2823 5506; x_wconf 81' lang='lat' dir='ltr'><strong>Non</strong></span> <span class='ocrx_word' id='word_1_824' title='bbox 2851 5457 2932 5506; x_wconf 81' lang='lat' dir='ltr'><strong>est</strong></span> <span class='ocrx_word' id='word_1_825' title='bbox 2951 5466 3316 5523; x_wconf 75' lang='lat' dir='ltr'><strong>personarum</strong></span> <span class='ocrx_word' id='word_1_826' title='bbox 3342 5458 3591 5524; x_wconf 79' lang='lat' dir='ltr'><strong>acceptor</strong></span> <span class='ocrx_word' id='word_1_827' title='bbox 3606 5450 3745 5505; x_wconf 70' lang='lat' dir='ltr'><strong>Dea:</strong></span> 
     </span>
    </p>
   </div>
   <div class='ocr_carea' id='block_1_118' title="bbox 2095 5537 3743 5613">
    <p class='ocr_par' dir='ltr' id='par_1_118' title="bbox 2095 5537 3743 5613">
     <span class='ocr_line' id='line_1_118' title="bbox 2095 5537 3743 5613; baseline 0 -18"><span class='ocrx_word' id='word_1_828' title='bbox 2095 5540 2229 5610; x_wconf 80' lang='lat' dir='ltr'><strong>(Act.</strong></span> <span class='ocrx_word' id='word_1_829' title='bbox 2257 5557 2312 5607; x_wconf 90' lang='lat' dir='ltr'><strong>x,</strong></span> <span class='ocrx_word' id='word_1_830' title='bbox 2336 5538 2447 5612; x_wconf 82' lang='grc'><strong>34),</strong></span> <span class='ocrx_word' id='word_1_831' title='bbox 2481 5537 2644 5610; x_wconf 90' lang='lat' dir='ltr'><strong>dicit,</strong></span> <span class='ocrx_word' id='word_1_832' title='bbox 2669 5539 2823 5613; x_wconf 90' lang='lat' dir='ltr'><strong>quod</strong></span> <span class='ocrx_word' id='word_1_833' title='bbox 2846 5537 3018 5613; x_wconf 89' lang='lat' dir='ltr'><strong>longe</strong></span> <span class='ocrx_word' id='word_1_834' title='bbox 3039 5544 3173 5598; x_wconf 88' lang='lat' dir='ltr'><strong>ante</strong></span> <span class='ocrx_word' id='word_1_835' title='bbox 3193 5538 3428 5596; x_wconf 89' lang='lat' dir='ltr'><strong>cuidam</strong></span> <span class='ocrx_word' id='word_1_836' title='bbox 3461 5540 3525 5597; x_wconf 90' lang='lat' dir='ltr'><strong>in</strong></span> <span class='ocrx_word' id='word_1_837' title='bbox 3555 5538 3743 5595; x_wconf 79' lang='lat' dir='ltr'><strong>Evan-</strong></span> 
     </span>
    </p>
   </div>
   <div class='ocr_carea' id='block_1_119' title="bbox 2096 5624 3746 5706">
    <p class='ocr_par' dir='ltr' id='par_1_119' title="bbox 2096 5624 3746 5706">
     <span class='ocr_line' id='line_1_119' title="bbox 2096 5624 3746 5706; baseline 0.005 -25"><span class='ocrx_word' id='word_1_838' title='bbox 2096 5625 2245 5702; x_wconf 89' lang='lat' dir='ltr'><strong>gelio</strong></span> <span class='ocrx_word' id='word_1_839' title='bbox 2265 5624 2488 5683; x_wconf 88' lang='lat' dir='ltr'><strong>dixerat</strong></span> <span class='ocrx_word' id='word_1_840' title='bbox 2510 5641 2524 5682; x_wconf 87' lang='lat'><strong>:</strong></span> <span class='ocrx_word' id='word_1_841' title='bbox 2545 5625 2678 5685; x_wconf 85' lang='lat' dir='ltr'><strong>Ecce</strong></span> <span class='ocrx_word' id='word_1_842' title='bbox 2703 5642 2872 5685; x_wconf 78' lang='lat' dir='ltr'><strong>sanus</strong></span> <span class='ocrx_word' id='word_1_843' title='bbox 2895 5629 3075 5706; x_wconf 75' lang='lat' dir='ltr'><strong>factus</strong></span> <span class='ocrx_word' id='word_1_844' title='bbox 3101 5644 3157 5685; x_wconf 70' lang='lat' dir='ltr'><strong>es</strong></span> <span class='ocrx_word' id='word_1_845' title='bbox 3181 5644 3194 5685; x_wconf 88' lang='lat'><strong>:</strong></span> <span class='ocrx_word' id='word_1_846' title='bbox 3207 5628 3330 5702; x_wconf 85' lang='lat' dir='ltr'><strong>jam</strong></span> <span class='ocrx_word' id='word_1_847' title='bbox 3354 5626 3478 5687; x_wconf 76' lang='lat' dir='ltr'><strong>noli</strong></span> <span class='ocrx_word' id='word_1_848' title='bbox 3496 5640 3746 5704; x_wconf 68' lang='lat' dir='ltr'><strong>peccare.</strong></span> 
     </span>
    </p>
   </div>
  </div>
