3976 6188
339 354 495 415 1093

1447 349 1547 408 DE
1593 347 2132 409 PRESBYTERIS
2179 348 2647 414 ClllMlNOSIS.

3588 355 3744 414 1094

336 503 408 542 ne
435 485 673 541 deterius
701 483 803 539 tibi
831 481 1046 554 aliquid
1073 483 1351 551 contingat
1381 483 1627 551 (Joan.v,
1660 481 1766 553 14).
1788 482 1899 537 Sed
1933 485 1991 537 et
2022 487 2064 548 Α
2106 481 2424 538 reverentia
2455 484 2774 538 consecrati
2807 485 2890 540 ita
2918 487 3238 542 decernunt
3262 503 3274 543 :
3301 488 3358 543 Si
3383 487 3516 558 quis
3545 492 3747 543 contra

340 591 518 648 prava
537 573 650 630 sibi
674 576 1052 645 suggerentes
1075 589 1190 626 non
1214 571 1994 640 obaudiat,dicenteAposto-

336 665 394 719 lo
420 681 433 719 :
461 665 577 719 Non
599 663 774 720 solum
795 663 892 734 qui
908 663 1124 733 faciunt
1135 661 1244 728 ,δι’ιί
1265 662 1362 732 qui
1379 663 1722 715 consentiunt
1739 661 1992 730 facienti-

341 753 626 821 bus,digni
643 759 773 806 sunt
799 759 968 806 morte
988 751 1162 819 (Rom.
1189 767 1226 816 ι,
1251 750 1360 820 32).
1377 749 1659 821 Episcopo
1681 749 1856 804 etiam
1891 766 1994 804 nu-

341 859 446 914 per
476 841 745 896 ordinato
768 856 937 912 agere
972 838 1112 894 talia
1148 838 1235 894 vel
1270 837 1487 894 talibus
1509 842 1843 894 consenttre
1874 855 1989 893 non

341 929 661 1003 praecipiat,
679 929 834 984 unde
857 945 916 983 se
938 927 1132 999 ipsum
1155 928 1440 998 perdat,et
1462 944 1656 983 coram
1685 928 1793 982 Deo
1819 927 1994 982 eccle-

342 1018 646 1075 siasticam
678 1018 927 1090 gratiam
960 1017 1212 1071 amittat.
1246 1021 1387 1071 Cum
1415 1032 1611 1072 coram
1630 1015 1904 1071 omnibus
1937 1019 1994 1072 et

341 1107 694 1165 electoribus
725 1112 781 1162 et
797 1103 1233 1162 ordinatoribus
1255 1092 1378 1161 suis
1400 1105 1833 1161 districtissime
1858 1121 1994 1177 pro-

343 1198 536 1254 fessus
566 1200 701 1251 ante
730 1195 1157 1250 ordinationem
1209 1211 1377 1249 suam
1430 1193 1624 1260 fuerit,
1657 1198 1714 1250 et
1760 1193 1997 1266 propria

344 1303 527 1342 manu
547 1283 964 1355 subscripserit
993 1300 1190 1339 sacras
1223 1283 1454 1355 regulas
1492 1288 1830 1339 sanctorum
1853 1300 1994 1338 con-

343 1376 640 1444 eiliorum,
668 1378 958 1446 quantum
993 1372 1188 1428 scierit
1217 1377 1274 1429 et
1303 1373 1579 1444 potuerit,
1605 1377 1992 1428 servaturum.

344 1465 454 1532 Qui
479 1463 893 1520 sacricanones
914 1461 1124 1535 spiritu
1146 1461 1248 1520 Dei
1271 1461 1575 1529 conditi,et
1596 1461 1995 1536 totiusmundi

2102 587 2269 625 suam
2294 571 2714 642 professionem
2744 572 2831 627 vel
2864 591 3032 629 suam
3055 575 3405 647 scripturam
3437 575 3660 632 venerit
3685 575 3744 631 in

2101 659 2318 730 aliquo,
2354 660 2476 730 ipse
2509 677 2567 715 se
2598 660 2815 716 honore
2845 661 3112 732 privabit.
3149 663 3256 729 Qui
3306 669 3499 720 autem
3549 682 3640 720 res
3689 669 3747 720 et

2102 747 2406 803 facultates
2427 748 2848 805 ecclesiasticas
2870 749 3231 808 Belvacensis
3262 753 3526 808 Ecclesia:
3560 755 3746 828 ipsius

2101 853 2388 892 consensu
2414 837 2501 893 vel
2529 838 2719 893 favore
2743 840 3124 910 pessumdare
3144 844 3748 917 praesumpserint,qui

2103 925 2508 982 auctoritatem
2532 944 2630 982 eas
2656 927 2772 984 illis
2790 928 2925 984 dare
2938 926 3023 984 vel
3047 929 3372 985 consentire
3393 948 3505 986 non
3519 932 3745 1002 habuit,

2103 1015 2523 1072 sollicitissime
2573 1021 2831 1084 caveant,
2869 1035 2934 1073 ac
2979 1019 3408 1092 suprascriptas
3448 1037 3747 1077 sacrorum

2103 1120 2394 1159 canonum
2419 1105 2758 1174 sententias,
2781 1106 2851 1160 ab
2874 1107 3149 1162 omnibus
3172 1107 3338 1162 nobis
3359 1107 3748 1181 episcopis,ad

2105 1209 2356 1264 quorum
2418 1193 2686 1249 notitiam
2732 1193 2996 1266 ipsorum
3050 1195 3334 1269 sacrilega
3383 1197 3752 1269 pervenerint

2105 1282 2440 1350 intentat-as,
2492 1283 2796 1355 suscipiat,
2847 1289 2904 1339 et
2957 1285 3030 1340 ab
3069 1287 3227 1340 omni
3283 1287 3752 1344 Christianorum

2105 1371 2378 1429 societate
2411 1372 2598 1428 modis
2629 1373 2905 1431 omnibus
2937 1379 3296 1448 separentur.

1948 1773 2151 1850 XV.

1147 1931 1290 2014 DE
1350 1931 2099 2017 PRESBYTERIS
2159 1929 2856 2040 CBIMINOSIS,

1567 2079 1637 2140 de
1665 2081 1876 2162 quibus
1905 2080 2257 2163 approbatz'o
2290 2101 2404 2142 non
2433 2092 2537 2142 est.

1096 2215 1283 2285 (Apud
1323 2215 1616 2281 eumdem,
1669 2231 1736 2269 ex
1784 2215 2038 2270 editione
2086 2215 2431 2287 Moguntina
2478 2215 2722 2272 Joannis
2775 2216 3004 2283 Busaei).

418 2447 552 2500 CAP.
588 2445 630 2500 Ι.
662 2445 808 2510 Quid
839 2445 908 2499 de
930 2445 1282 2517 presbyteris
1312 2445 1751 2513 criminosis,de
1774 2446 1990 2518 quibus
2020 2450 2068 2514 B
2100 2447 2280 2502 nostri
2335 2447 2541 2502 Leonis
2591 2445 2916 2518 apostolici,
2967 2452 3427 2520 caeterorumque
3479 2450 3754 2506 Romana

345 2533 689 2606 approbatio
717 2552 830 2589 non
865 2538 972 2599 est,
987 2535 1278 2606 agendum
1311 2535 1480 2601 sit,in
1515 2535 1662 2590 libro
1693 2534 1880 2606 primo
1899 2536 2000 2591 Ca-

346 2623 667 2694 pitulorum
703 2623 904 2678 domni
936 2623 1122 2678 Caroli
1157 2623 1526 2696 imperatoris
1549 2624 1787 2696 augusti
1811 2624 1998 2696 capite

347 2711 650 2782 trigesimo
671 2717 878 2783 quarto
902 2712 1188 2783 scriptum
1221 2718 1310 2767 est
1333 2711 1453 2784 (lib.
1481 2731 1516 2767 v
1537 2713 1772 2784 Capitul.
1801 2714 1956 2782 c.33)
1981 2729 1994 2767 :

352 2799 467 2854 [loc
518 2799 684 2854 nobis
729 2816 942 2871 magno
988 2816 1123 2854 cum
1175 2799 1370 2856 studio
1423 2800 1856 2855 retractandum
1887 2804 1996 2866 est,

347 2887 492 2960 quid
513 2888 584 2943 de
600 2887 715 2944 illis
734 2889 1088 2961 presbyteris
1119 2888 1634 2956 criminosis,undc
1657 2888 2009 2960 approbatio’

348 2995 466 3033 non
499 2982 608 3048 est,
629 2983 686 3034 et
714 2995 946 3050 semper
967 2978 1551 3051 negant,faciendum
1583 2978 1676 3034 sit.
1712 2979 1858 3034 Nam
1891 2977 1998 3033 hoc

347 3065 672 3139 saepissime
694 3083 728 3122 a
748 3067 918 3124 nobis
941 3084 1006 3124 ac
1029 3066 1554 3140 przedeccssoribus
1577 3067 1794 3122 nostris
1815 3066 1997 3121 venti-

345 3154 535 3212 latum
566 3157 781 3225 est,sed
805 3174 920 3213 non
939 3159 1011 3212 ad
1035 3156 1325 3228 liquidum
1349 3157 1634 3213 hactenus
1655 3155 1995 3211 difﬁnitum.

349 3244 513 3301 Unde
545 3246 616 3301 ad
667 3246 1093 3302 consulendum
1145 3247 1374 3303 Patrem
1427 3250 1694 3303 nostrum
1747 3246 1997 3302 Leonem

347 3351 564 3406 papam
578 3336 910 3391 sacerdotes
928 3340 1156 3392 nostros
1172 3335 1824 3408 misimus,etquidquid
1849 3335 1919 3391 ab
1933 3351 1998 3390 eo

345 3423 440 3479 vel
473 3441 507 3479 a
538 3423 660 3480 suis
691 3425 1143 3496 perceperimus,
1175 3425 1340 3481 vobis
1374 3443 1490 3481 una
1522 3443 1656 3481 cum
1691 3425 1806 3480 illis
1851 3441 2000 3496 quos

346 3512 628 3568 misimus
659 3513 993 3569 renuntiare
1024 3531 1139 3570 non
1173 3514 1560 3571 tardabimus.
1611 3514 1726 3570 Vos
1767 3514 1999 3569 interim

345 3600 610 3656 vicissim
642 3605 887 3658 tractate
941 3602 1243 3669 attentius,
1268 3603 1410 3674 quid
1459 3621 1526 3659 ex
1575 3602 1668 3659 his
1698 3602 2000 3659 vobiscum

346 3691 939 3758 constituamus,una
968 3708 1103 3747 eum
1129 3691 1387 3764 praedicti
1421 3692 1605 3747 sancti
1625 3693 1811 3748 Patris
1832 3691 1998 3747 insti-

346 3779 700 3848 tutionibus,
734 3785 798 3835 ut
829 3797 1100 3836 murmur
1120 3785 1306 3837 cesset
1348 3781 1569 3853 populi,
1596 3784 1652 3836 et
1674 3798 1779 3836 nos
1809 3781 1900 3838 his
1925 3780 2002 3835 fa-

340 3857 547 3923 ventes
567 3868 1004 3933 illazsi,Domino
1027 3869 1363 3938 auxiliante,
1379 3871 1450 3926 ab
1475 3871 1740 3942 utrisque
1762 3886 1996 3926 manea-

340 3974 500 4012 mus.
517 3957 791 4030 Sequitur
812 3959 1178 4014 conﬁrmatio
1200 3964 1519 4015 memorata
1541 3960 1610 4014 de
1631 3960 1998 4014 sacerdotum

339 4047 708 4118 purgatione,
733 4048 924 4119 capite
954 4047 1012 4103 in
1045 4049 1249 4104 eodem
1273 4047 1419 4104 libro
1445 4048 1746 4120 trigesimo
1769 4047 1995 4119 quinto.

413 4134 548 4190 CAP.
581 4135 648 4191 II.
685 4136 939 4208 (Capitul.
993 4136 1094 4192 lib.
1147 4155 1203 4204 v,
1238 4153 1288 4192 c.
1337 4138 1450 4206 34.)
1495 4136 1780 4192 Omnibus
1831 4136 1998 4191 vobis

335 4221 468 4278 visu
506 4227 606 4278 aut
636 4223 839 4280 auditu
872 4230 1075 4280 notum
1106 4242 1235 4281 esse
1282 4242 1396 4281 non
1447 4224 1807 4292 dubitamus,
1841 4225 1992 4298 quod

339 4311 668 4382 saepissime
700 4313 980 4369 suadente
1012 4313 1253 4386 antiquo
1278 4314 1444 4370 hoste
1466 4314 1870 4371 sacerdotibus
1892 4314 1998 4370 cri-

339 4400 506 4456 mina
528 4399 755 4457 diversa
785 4401 1163 4474 objiciuntur.
1184 4404 1296 4460 Sed
1330 4403 1607 4475 quoniam
1651 4403 1901 4476 qualiter
1930 4421 1998 4460 ex

340 4489 430 4544 eis
452 4490 524 4544 ab
543 4489 636 4546 his
653 4490 1018 4548 rationabilis
1049 4492 1400 4548 examinatio
1431 4497 1488 4548 et
1519 4492 1839 4548 satisfactio
1872 4492 1991 4559 ﬁat,

340 4575 482 4632 licet
528 4579 598 4634 de
646 4579 976 4636 rationabili
1025 4580 1454 4637 examinatione
1503 4586 1559 4637 et
1597 4581 1994 4636 satisfactione

342 4667 837 4739 presbyterorum,
874 4673 1132 4742 tempore
1164 4671 1326 4726 bona:
1350 4671 1642 4726 memoria:
1674 4670 1873 4726 domni
1895 4686 1993 4742 ge-

342 4755 552 4812 nitoris
584 4758 697 4813 mei
731 4759 980 4832 Pippini,
1014 4759 1132 4814 sive
1162 4760 1371 4831 priscis
1411 4759 1772 4830 temporibus
1795 4777 1828 4814 a
1858 4777 1992 4816 san-

337 4844 454 4900 ctis
485 4844 757 4902 Patribus
789 4852 844 4903 et
869 4865 901 4902 a
921 4847 1162 4920 reliquis
1194 4849 1356 4904 bona:
1387 4847 1708 4904 devotionis
1744 4847 1994 4932 hqmini-

336 4933 454 4988 bus
479 4933 801 5005 saepissime
820 4936 1166 4992 ventilatum
1185 4937 1381 5004 fuerit,
1405 4953 1509 4992 nos
1527 4940 1720 4992 tamen
1745 4936 1992 5008 plcniter

337 5028 395 5077 et
417 5023 489 5077 ad
515 5021 806 5095 liquidum
820 5025 1136 5082 diffinitum
1154 5025 1403 5098 reperire
1417 5025 1658 5081 minime
1671 5025 1987 5097 quivimus.

337 5111 570 5168 Nostris
592 5112 808 5186 quippe
829 5115 1192 5186 temporibus
1215 5116 1473 5188 idipsum
1489 5131 1523 5170 a
1546 5115 1763 5170 sanetis
1777 5114 1991 5186 cpisco-

338 5199 452 5271 pis,
478 5205 535 5256 et
558 5200 798 5274 reliquis
822 5205 1245 5272 sacerdotibus,
1266 5209 1323 5260 et
1352 5205 1572 5260 caeteris
1594 5203 1997 5260 ecclesiasticae
2031 5189 2073 5253 Ι)

339 5287 646 5360 dignitatis
678 5291 986 5361 ministris,
1023 5294 1240 5349 nostris
1273 5293 1333 5348 in
1364 5293 1580 5367 regnis,
1614 5309 1717 5350 seu
1767 5291 1823 5347 in
1866 5292 1996 5349 aliis

341 5377 716 5452 degentibus,
731 5381 1020 5454 nobisque
1053 5400 1173 5438 una
1203 5400 1338 5439 cum
1364 5383 1448 5439 eis
1471 5383 1782 5455 agentibus
1805 5382 1997 5454 saepis-

340 5467 513 5535 sime,
549 5473 787 5542 propter
817 5471 1036 5527 multas
1067 5475 1124 5528 et
1143 5471 1356 5528 nimias
1379 5471 1840 5539 reclamationes,
1868 5488 1993 5543 quae

340 5573 411 5612 ex
432 5555 542 5612 hoc
573 5559 643 5614 ad
677 5575 784 5616 nos
813 5577 882 5616 ex
907 5560 1152 5618 diversis
1183 5561 1449 5634 partibus
1480 5564 1780 5630 venerunt,
1804 5561 1994 5616 venti-

338 5645 532 5708 latum
565 5652 670 5708 est.
707 5650 819 5710 Sed
851 5649 1102 5728 qualiter
1151 5649 1424 5712 consultu
1473 5649 1675 5709 domni
1724 5653 1780 5708 et
1809 5649 1992 5712 Patris

2108 2535 2376 2591 Ecclesia:
2407 2534 2836 2606 episcoporum,
2870 2541 2927 2590 et
2971 2536 3327 2608 reliquorum
3363 2539 3752 2606 sacerdotum,

2107 2625 2226 2680 sive
2281 2624 2640 2679 Orentalium
2689 2629 2745 2678 et
2794 2625 3122 2680 Graecorum
3183 2626 3666 2696 patriarcharum,
3700 2633 3756 2683 ct

2109 2713 2429 2767 multorum
2462 2717 2798 2767 sanctorum
2821 2712 3250 2785 episcoporum,
3277 2720 3332 2768 et
3363 2718 3755 2783 sacerdotum,

2109 2818 2333 2856 necnon
2351 2805 2407 2856 et
2438 2804 2773 2856 nostrorum
2797 2800 3202 2872 episcoporum
3227 2803 3756 2870 omnium,ctetero-

2107 2907 2357 2961 rumque
2388 2890 2756 2945 sacerdotum
2805 2906 2870 2944 ac
2922 2889 3254 2946 Levitarum
3307 2892 3652 2947 auctoritate
3701 2898 3758 2949 et

2107 2995 2418 3046 consensu,
2444 2983 2618 3050 atque
2648 2977 3007 3050 reliquorum
3041 2978 3300 3034 ﬁdelium
3333 2983 3390 3036 et
3412 2985 3756 3038 cunctorum

2107 3066 2573 3122 consiliariorum
2601 3071 2933 3123 nostrorum
2964 3066 3238 3123 consultu
3286 3068 3607 3125 difﬁnitum
3646 3073 3755 3138 est,

2104 3156 2268 3211 vobis
2291 3155 2564 3211 omnibus
2595 3155 2816 3211 ordinis
2839 3145 3147 3228 utriusque
3171 3156 3458 3214 ministris
3481 3158 3629 3215 scire
3658 3177 3755 3215 vo-

2105 3245 2323 3300 lumus.
2349 3245 2644 3300 Statutum
2676 3248 2764 3299 est
2793 3245 3306 3316 namque,ratione
3327 3250 3383 3302 et
3413 3248 3759 3304 necessitate

2107 3351 2172 3389 ac
2204 3337 2548 3404 auctoritate
2571 3333 2866 3405 praedicta,
2902 3333 3174 3389 consultu
3207 3335 3494 3403 omnium,
3519 3341 3584 3390 ut
3614 3353 3758 3409 quo-

2108 3422 2451 3492 tiescunque
2481 3421 2757 3493 cuiquam
2791 3423 3078 3478 sacerdoti
3103 3422 3324 3479 crimen
3348 3425 3758 3497 imponitur,si

2106 3510 2232 3584 ipse
2277 3515 2584 3567 accusator
2630 3511 2768 3568 talis
2815 3511 3011 3580 fuerit,
3039 3515 3104 3567 ut
3135 3511 3312 3585 recipi
3363 3513 3570 3570 debeat
3600 3514 3761 3587 (quia

2109 3599 2310 3671 quales
2327 3600 2399 3655 ad
2423 3600 2854 3656 accusationem
2874 3601 3243 3657 sacerdotum
3266 3601 3498 3658 admitti
3513 3603 3762 3658 debeant

2107 3689 2167 3744 in
2201 3689 2523 3744 canonibus
2556 3688 2803 3760 plcniter
2831 3706 3172 3761 expressum
3204 3694 3334 3757 est),
3358 3691 3406 3747 si
3436 3695 3652 3760 autem,
3697 3696 3762 3747 ut

2110 3779 2331 3834 dictum
2363 3777 2582 3845 est,ille
2613 3779 3050 3852 aecusator,qui
3083 3780 3360 3836 canonice
3392 3781 3761 3854 recipiendus

2110 3873 2217 3938 est,
2242 3885 2376 3924 eum
2400 3885 2534 3923 cum
2557 3867 2820 3940 legitimo
2843 3886 3085 3924 numero
3107 3887 3372 3925 verorum
3394 3874 3453 3926 et
3473 3871 3760 3926 bonorum

2110 3957 2349 4012 testium
2381 3957 2704 4028 approbare
2727 3959 2784 4012 in
2815 3962 3130 4029 conspectu
3162 3959 3571 4031 episcoporum
3593 3964 3762 4032 pote-

2109 4045 2205 4113 rit,
2239 4049 2378 4100 tunc
2410 4046 2687 4100 canonice
2717 4047 3095 4117 dijudicetur,
3126 4051 3183 4103 et
3213 4047 3262 4103 si
3307 4047 3621 4120 cnlpabilis
3671 4049 3762 4105 in-

2106 4137 2312 4189 ventus
2369 4133 2564 4200 fuerit,
2599 4135 2876 4190 canonice
2936 4135 3265 4192 damnetur.
3314 4135 3373 4191 Si
3433 4153 3566 4192 vero
3625 4153 3761 4192 cum

2107 4237 2285 4292 supra
2315 4220 2530 4292 scripto
2579 4224 2858 4294 praetextu
2910 4223 3232 4294 approbare
3283 4222 3407 4294 ipse
3456 4228 3764 4280 accusator

2109 4309 2350 4365 minime
2381 4309 2656 4382 potnerit,
2691 4315 2749 4366 et
2779 4311 2887 4367 hoc
2910 4310 3188 4367 canonice
3221 4310 3564 4367 difﬁniatur.

2177 4400 2308 4455 CAP.
2334 4399 2430 4456 III.
2453 4400 2642 4469 (Ιὸίιί.)
2668 4401 2795 4472 Ipse
2827 4417 2962 4473 ergo
2985 4400 3279 4469 sacerdos,
3306 4399 3355 4456 si
3399 4400 3763 4473 suspiciosus

2107 4493 2209 4544 aut
2241 4487 2600 4545 incredibilis
2630 4506 2735 4544 suo
2759 4489 3122 4561 episcopo,ac
3146 4488 3388 4562 reliquis
3409 4489 3533 4546 suis
3555 4506 3762 4547 consa-

2105 4577 2456 4644 cerdotibus,
2473 4578 2593 4634 sive
2615 4578 2784 4635 bonis
2811 4583 2866 4634 et
2885 4578 3069 4649 justis
3091 4579 3161 4634 de
3186 4596 3294 4635 suo
3316 4579 3532 4652 populo
3551 4579 3638 4636 vel
3657 4598 3764 4638 sua

2103 4666 2269 4738 plebe
2302 4666 2641 4723 hominibus
2673 4667 2867 4736 fuerit,
2887 4684 2958 4723 ne
2986 4667 3045 4722 in
3078 4667 3342 4737 crimine,
3369 4673 3470 4725 aut
3511 4670 3569 4725 in
3617 4687 3763 4744 prae-

2104 4756 2258 4812 dicta
2289 4756 2620 4828 suspicione
2649 4760 2964 4822 remaneat,
2985 4773 3120 4812 cum
3151 4758 3340 4815 tribus
3371 4763 3472 4815 aut
3501 4760 3763 4832 quinque

2101 4844 2186 4900 vel
2221 4849 2441 4917 septem
2475 4845 2644 4900 bonis
2677 4862 2742 4900 ac
2785 4845 2991 4901 vicinis
3043 4847 3448 4904 sacerdotibus
3499 4847 3762 4920 exemplo

2104 4935 2310 4992 Leonis
2336 4935 2634 5008 papa2,qui
2665 4936 2976 4992 duodecim
2999 4938 3304 5011 episcopos
3328 4938 3387 4993 in
3411 4955 3518 4994 sua
3547 4953 3762 5008 purga-

2100 5026 2254 5080 tione
2286 5025 2510 5091 habuit,
2533 5023 2622 5080 vel
2655 5042 2720 5080 eo
2741 5025 3018 5099 amplius,
3045 5027 3094 5083 si
3132 5045 3238 5084 suo
3263 5026 3533 5099 episcopo
3565 5024 3761 5081 visum

2102 5113 2296 5183 fuerit,
2317 5116 2418 5169 aut
2449 5130 2685 5171 necesse
2716 5120 2953 5188 propter
2973 5116 3295 5174 tumultum
3324 5113 3523 5187 populi
3548 5113 3605 5168 id
3629 5129 3764 5170 esse

2105 5202 2482 5275 perspexerit,
2503 5220 2638 5260 cum
2671 5203 2800 5260 aliis
2826 5206 2996 5262 bonis
3019 5205 3268 5276 etjustis
3309 5203 3672 5271 hominibus,
3697 5219 3758 5259 se

2106 5296 2470 5348 sacramento
2492 5310 2692 5348 corum
2726 5295 2941 5368 pOpulo
2965 5311 3140 5365 super
3167 5296 3420 5365 quatuor
3451 5291 3764 5366 Evangelia

2106 5381 2262 5448 dato,
2295 5387 2613 5454 purgatum
2647 5382 2900 5440 ecclesiae
2934 5400 3078 5439 suus
3111 5382 3314 5438 reddat
3355 5380 3687 5454 episcopus.

2175 5471 2309 5526 CAP.
2348 5471 2659 5542 1V.(Ibz'd.)
2701 5473 2760 5528 Si
2811 5472 2944 5544 quis
2987 5476 3184 5527 autem
3243 5471 3392 5528 scire
3447 5471 3760 5543 desiderat,

2105 5559 2308 5631 quales
2328 5567 2697 5618 accusatores
2715 5578 2780 5616 ac
2804 5564 2980 5616 testes
3002 5560 3071 5615 ad
3105 5559 3541 5617 accusationem
3572 5577 3762 5617 sacer-

2106 5650 2308 5708 dotum
2340 5651 2520 5726 recipi
2539 5651 2812 5722 debeant,
2829 5653 2886 5706 et
2905 5647 3046 5726 quid
3079 5651 3149 5708 de
3181 5654 3520 5710 accusatore
3551 5650 3760 5710 iacien-
