3976 6188
299 323 326 382 1
337 321 461 382 09ὕ

1053 319 1442 380 HINCMABI
1486 317 1730 378 BHEM.
1779 317 2168 377 ARCHIEPI.
2217 317 2622 379 OPUSCULA
2666 318 2933 380 VARIA.

3542 319 3712 379 1096

296 453 442 510 dum
472 453 824 526 sit,plenitcr
843 453 901 508 in
917 453 1244 510 canonibus
1257 457 1316 509 et
1335 451 1808 526 legibus,quibus
1829 466 1948 506 una
1973 452 2030 520 Α
2059 450 2377 523 potuerint,
2408 431 2835 508 maculatos'ab
2856 425 3114 508 Ecclesia
3131 465 3364 523 aaqnum
3389 455 3482 507 est
3510 464 3714 508 remo-

295 560 434 600 cum
467 543 651 600 sacris
680 542 1006 600 canonibus
1037 545 1241 598 sancta
1287 542 1624 598 moderatur
1664 539 1940 608 Ecclesia,

297 630 552 706 reperire
601 630 832 706 poterit.
863 630 1164 697 Videlicet,
1197 648 1346 704 quos
1383 630 1626 702 publicae
1665 629 1822 702 leges
1870 630 1942 684 ad

297 721 732 779 accusationem
750 719 839 777 vel
868 720 942 776 ad
964 719 1429 776 testiﬁcationem
1452 717 1945 786 admittunt,tales

299 811 706 877 admittantur,
723 813 780 864 et
799 808 1003 881 quales
1023 807 1266 882 publica:
1281 807 1438 880 leges
1459 824 1576 863 non
1598 807 1946 863 admittuntt

299 917 419 956 non
441 897 882 972 recipiantur,id
901 901 1009 967 est,
1025 897 1285 969 infamiae
1301 896 1547 953 maculis
1571 896 1793 969 aspersi
1826 914 1942 953 non

299 988 694 1045 admittuntur
712 987 785 1043 ad
813 987 1244 1044 accusationem
1265 1004 1279 1055 ;
1303 987 1403 1042 sed
1427 990 1622 1042 tamen
1643 987 1940 1055 omnibus,

299 1077 520 1150 quibus
532 1075 824 1134 accusatio
846 1077 1182 1148 denegatur,
1199 1075 1256 1130 id
1276 1075 1472 1130 causis
1493 1075 1740 1147 propriis
1771 1091 1942 1131 accu-

299 1167 470 1224 sandi
488 1165 724 1222 licentia
743 1183 857 1222 non
879 1170 970 1248 est
985 1167 1358 1239 deneganda:
1383 1170 1441 1222 et
1464 1166 1720 1238 suspecti
1743 1165 1941 1240 gratia:

295 1259 565 1325 testes,et
582 1254 664 1310 illi
685 1253 772 1310 vel
794 1253 1220 1326 maxime,quos
1239 1259 1546 1311 accusator
1560 1255 1631 1311 dc
1651 1273 1758 1311 sua
1769 1255 1942 1311 domo

299 1343 756 1418 produxerit,vel
778 1342 906 1398 vitae
938 1342 1245 1400 humilitas
1273 1343 1659 1413 infamaverit,
1682 1343 1769 1400 vel
1791 1343 1945 1399 infra

301 1449 484 1489 annos
517 1431 954 1504 quatuordecim
987 1431 1172 1488 aetatis
1202 1449 1343 1502 suae,
1375 1449 1490 1488 non
1532 1433 1940 1489 admittuntur.

371 1521 504 1576 Car.
537 1519 605 1575 V.
638 1519 746 1586 Qui
793 1521 1003 1590 testes,
1051 1525 1116 1575 ut
1160 1519 1250 1576 lex
1299 1521 1610 1577 Theodosii
1659 1521 1940 1594 przncipit,

297 1606 646 1679 priusquam
676 1607 747 1663 de
777 1623 957 1663 causa
985 1607 1440 1680 interrogentur,
1462 1612 1830 1666 sacramento
1852 1609 1945 1663 de-

299 1695 438 1755 bent
466 1695 807 1768 constringi,
838 1701 904 1752 ut
920 1697 1124 1768 jurent
1145 1713 1207 1753 se
1238 1696 1385 1752 nihil
1426 1697 1555 1752 falsi
1597 1713 1725 1754 esse
1755 1697 1942 1752 dictu-

298 1800 414 1854 ros,
437 1787 495 1840 et
523 1783 959 1840 honestioribus
989 1785 1180 1858 magis
1208 1801 1385 1858 quam
1425 1786 1730 1842 vilioribus
1774 1786 1944 1842 testi-

299 1873 410 1928 bus
443 1873 588 1930 ﬁdes
611 1873 781 1930 debet
810 1873 1063 1930 admitti.
1082 1873 1268 1932 Unius
1290 1879 1488 1932 autem
1511 1876 1940 1947 testimonium,

299 1961 626 2034 quamlibet
655 1961 964 2035 splendida
1009 1967 1066 2018 et
1110 1963 1318 2020 idonea
1364 1965 1633 2021 videatur
1661 1981 1788 2022 esse
1809 1983 1943 2039 per-

299 2068 464 2119 sona,
497 2050 834 2107 nullatenus
862 2051 1241 2109 audiendum.
1265 2053 1334 2108 Et
1361 2053 1452 2110 lex
1469 2053 1865 2111 Valentiniani
1888 2059 1946 2111 et

297 2139 609 2197 Theodosii
639 2138 900 2213 przecipit
925 2138 988 2211 (l.
1021 2141 1089 2196 15
1119 2141 1244 2198 Cod.
1281 2142 1572 2211 leod.,de
1599 2143 1946 2217 Accusat.)ut

297 2229 359 2284 in
389 2228 795 2284 criminalibus
825 2230 1040 2298 causis,
1070 2230 1161 2286 vel
1186 2231 1632 2302 objectionibus,
1655 2249 1758 2305 per
1775 2249 1943 2288 man-

299 2317 502 2373 datum
523 2317 723 2374 nullus
737 2322 1102 2386 accuset,nec
1114 2318 1163 2375 si
1183 2335 1288 2392 per
1297 2321 1648 2393 rescriptum
1663 2321 1944 2394 principis

297 2407 407 2464 hoc
436 2407 691 2481 potuerit
716 2407 1030 2480 impetrare
1061 2423 1076 2463 :
1111 2408 1212 2464 sed
1262 2407 1406 2480 ipse,
1429 2409 1532 2480 qui
1578 2410 1800 2466 crimen
1848 2409 1943 2465 in-

297 2497 504 2569 tendit,
522 2505 781 2571 praesens
799 2513 903 2570 per
922 2513 984 2554 se
1007 2500 1243 2554 accuset
1269 2497 1329 2554 in
1351 2497 1667 2571 scriptione
1689 2499 1946 2572 praemis-

299 2605 385 2645 sa.
403 2585 642 2644 Judices
688 2591 884 2643 autem
934 2585 1214 2660 puniendi
1246 2591 1406 2655 sunt,
1439 2591 1497 2643 et
1540 2588 1942 2644 damnandum

300 2675 584 2744 ofﬁcium,
601 2675 652 2732 si
677 2676 822 2732 forte
852 2674 1159 2746 tacuerint,
1185 2675 1234 2732 si
1261 2676 1783 2744 innocentem,nisi
1806 2694 1944 2750 pra:-

301 2765 486 2823 missa
510 2764 914 2838 inscriptione,
945 2765 1316 2822 subdendum
1365 2766 1720 2824 crediderint
1749 2783 1942 2840 quies-

299 2853 466 2911 tioni.
494 2854 554 2912 Si
586 2858 784 2910 autem
812 2853 1006 2911 clerici
1039 2854 1097 2910 in
1131 2853 1541 2912 ecclesiasticis
1579 2855 1772 2912 causis
1820 2859 1942 2912 tes-

299 2943 613 3002 timonium
648 2944 802 3016 apud
833 2942 1260 3000 ecclesiasticos
1279 2943 1552 3016 dixerint,
1565 2961 1668 3016 per
1685 2961 1946 3018 compro-

301 3031 468 3089 missi
513 3031 813 3088 vinculum
861 3030 1189 3104 episcopale
1224 3031 1519 3102 judicium
1569 3051 1684 3090 non
1723 3033 1943 3090 adeun-

300 3123 464 3192 dum,
495 3121 620 3194 lege
646 3119 952 3192 Majoriani
970 3121 1315 3192 abrogatum
1337 3124 1444 3178 est.

1973 1830 2020 1895 B

2053 540 2194 607 veri,
2211 544 2276 596 ut
2296 540 2614 612 contempti
2645 539 2907 612 posthac,
2929 544 2988 596 et
3002 539 3228 595 misera:
3247 538 3599 596 humilitatis
3617 540 3717 597 in-

2053 628 2256 684 clinati
2288 628 2954 708 despectu,injuriarum
2975 646 3093 686 non
3134 629 3346 686 habeat
3375 629 3711 699 actionem;

2052 719 2136 774 ita
2152 717 2366 774 similis
2385 717 2568 774 videri
2587 719 2757 774 debet
2769 717 3039 789 justitiaa,
3059 718 3214 790 quod
3245 717 3518 792 appetita:
3538 717 3718 774 inno-

2053 806 2254 864 centiae
2287 807 2649 864 moderatam
2668 807 2876 863 deferri
2899 805 3196 878 jussimus
3216 807 3520 864 ultionem.
3546 807 3712 864 Ideo-

2051 913 2164 969 que
2196 895 2540 969 hujusmodi
2571 897 2855 953 duntaxat
2883 912 3092 952 causas
3120 895 3379 970 episcopi
3403 897 3514 954 sub
3535 898 3706 954 testi-

2051 987 2322 1042 ficatione
2343 985 2664 1042 multorum
2711 991 2840 1042 acta
2876 985 3079 1042 audire
3111 986 3424 1042 debebunt.
3447 987 3518 1042 Et
3548 987 3704 1043 sacri

2051 1076 2540 1148 Carthaginenses
2569 1057 2825 1132 can‘ones
2853 1075 3004 1130 inter
3050 1083 3420 1132 accusatores
3460 1075 3705 1132 clerico-

2051 1181 2206 1232 rum,
2239 1169 2298 1220 et
2343 1168 2649 1221 accusatos
2695 1163 2938 1220 clericos
2983 1163 3269 1231 ordinem,
3302 1163 3558 1238 qualiter
3595 1181 3704 1222 ex-

2048 1252 2604 1310 communicationis
2623 1253 2944 1323 damnatio,
2963 1253 3055 1310 vel
3085 1252 3537 1310 examinationis
3565 1271 3705 1328 pur-

2051 1341 2208 1416 gatio
2238 1341 2331 1416 agi
2363 1342 2590 1409 debeat,
2623 1342 2931 1400 manifeste
2961 1343 3284 1411 diffiniunt,
3313 1341 3538 1400 scilicet
3571 1366 3602 1394 α
3636 1348 3702 1400 ut

2051 1429 2372 1504 presbyter,
2400 1430 2488 1486 vel
2519 1429 2810 1488 inferioris
2839 1432 3056 1506 gradus
3102 1431 3350 1488 clericus
3383 1437 3699 1489 accusatus

2053 1521 2207 1592 apud
2234 1521 2536 1593 proprium
2567 1521 2928 1594 episcOpum,
2961 1524 3018 1576 et
3046 1524 3352 1578 accusator
3380 1520 3439 1576 in
3460 1538 3528 1577 eo
3547 1520 3696 1590 loco,

2051 1608 2322 1664 videlicet
2351 1610 2409 1664 in
2441 1610 2645 1666 eadem
2667 1609 3136 1682 parochia,unde
3164 1614 3254 1666 est
3283 1608 3379 1665 ille
3399 1611 3500 1682 qui
3522 1627 3700 1666 accu-

2054 1699 2234 1765 satur,
2251 1695 2445 1753 locum
2477 1696 2586 1753 sibi
2619 1696 2796 1770 eligat
2817 1696 3300 1769 proximum,quo
3330 1713 3448 1753 non
3469 1697 3548 1754 sit
3581 1697 3698 1752 dif-

2054 1785 2204 1842 ﬁcile
2232 1789 2410 1842 testes
2455 1786 2794 1858 producere,
2825 1785 2926 1842 ubi
2957 1802 3136 1842 causa
3163 1785 3422 1841 finiatur.
3453 1787 3525 1842 Et
3562 1785 3700 1842 hinc

2051 1874 2209 1948 leges
2241 1874 2446 1931 dicunt
2469 1874 2604 1948 (cod.
2635 1874 2776 1942 eod.,
2809 1873 2848 1930 1.
2883 1875 2973 1944 10)
3001 1891 3015 1930 :
3051 1874 3375 1931 Criminum
3408 1875 3699 1932 discussio

2050 1961 2131 2017 ibi
2166 1962 2440 2034 agitanda
2485 1965 2592 2031 est,
2625 1962 2726 2018 ubi
2773 1962 2997 2018 crimen
3043 1962 3370 2019 admissum
3407 1967 3517 2020 est.
3550 1963 3698 2020 Nam

2051 2050 2191 2107 alibi
2221 2050 2534 2107 criminum
2567 2067 2701 2108 reus
2730 2051 3074 2124 prohibetur
3101 2051 3315 2107 audiri.
3349 2074 3379 2102 ››
3419 2051 3520 2108 Ille
3565 2069 3699 2109 vero

2053 2139 2153 2214 qui
2183 2139 2454 2214 pulsatus
2490 2141 2684 2210 fuerit,
2715 2139 2766 2196 si
2806 2140 3090 2212 judicem,
3114 2141 3172 2196 id
3223 2145 3313 2198 est
3356 2140 3698 2214 episcopum

2053 2247 2250 2299 suum,
2284 2235 2624 2302 suspectum
2655 2227 2942 2298 habuerit,
2975 2228 3110 2286 licet
3138 2229 3452 2303 appellare,
3475 2230 3700 2288 scilicet

2053 2319 2124 2376 ad
2155 2317 2436 2374 finitimos
2467 2317 2769 2392 episcopos
2799 2318 2987 2390 ipsius
3026 2319 3355 2392 provinciae.
3387 2326 3453 2376 ut
3501 2321 3699 2378 Sardi-

2053 2424 2258 2464 censes
2282 2412 2340 2464 et
2369 2407 2860 2481 Carthaginenses
2889 2425 3144 2466 canones
3185 2409 3589 2482 decreverunt,
3607 2408 3698 2466 vel

2051 2498 2125 2554 ad
2157 2496 2670 2570 metropolitanum
2702 2497 3045 2571 episcopum
3067 2499 3239 2571 juxta
3265 2497 3697 2556 Antiochenam

2052 2585 2388 2655 concilium,
2413 2585 2532 2642 sive
2560 2587 2634 2642 ad
2666 2586 3042 2659 provincialia
3073 2587 3338 2657 concilia,
3365 2587 3522 2644 sicut
3551 2588 3698 2645 sacri

2052 2674 2267 2731 Nicaeni
2288 2679 2344 2730 et
2361 2674 2707 2732 Antiocheni
2728 2691 2978 2733 canones
2995 2675 3448 2749 constituerunt,
3461 2681 3521 2733 et
3547 2677 3700 2733 sicut

2049 2763 2388 2821 Africanum
2418 2763 2736 2821 concilium
2754 2764 2811 2821 in
2835 2765 3082 2838 epistola
3101 2767 3174 2822 ad
3196 2765 3574 2824 Caelestinum
3597 2783 3697 2840 pa-

2052 2870 2189 2926 pam
2221 2853 2495 2923 ostendit,
2527 2852 2613 2910 vel
2645 2872 2680 2911 a
2717 2855 2946 2912 decreto
2998 2855 3405 2928 episcoporum
3453 2871 3697 2913 numero

2053 2944 2377 2999 secundum
2399 2943 2856 3017 Carthaginense
2877 2944 3302 3016 concilium,vel
3324 2946 3697 3018 ajudicibus,

2052 3032 2171 3088 sive
2185 3033 2508 3106 quosjuxta
2520 3034 2822 3090 Africanos
2833 3051 3084 3091 canones
3105 3034 3438 3108 primasille
3453 3035 3698 3101 dederit,

2053 3123 2172 3178 sive
2203 3139 2351 3194 quos
2379 3121 2505 3194 ipse
2535 3139 2672 3178 cum
2687 3121 2945 3196 episcopi
2965 3124 3058 3180 sui
3084 3140 3374 3181 consensu
3397 3123 3696 3196 delegerit,

371 3215 504 3268 CAP.
534 3209 630 3266 VI.
654 3210 725 3264 Et
755 3208 894 3280 quia
916 3209 1240 3265 secundum
1259 3225 1456 3267 sacras
1472 3209 1630 3284 leges
1660 3210 1948 3268 sententia
1977 3197 2020 3265 C
2059 3229 2093 3267 a
2121 3211 2338 3284 quibus
2359 3212 2656 3284 provocari
2679 3229 2797 3268 non
2825 3211 2982 3280 licet,
3014 3213 3360 3287 regulariter
3378 3213 3699 3286 judicetur.

301 3301 428 3358 sine
449 3300 668 3372 scripto
689 3298 862 3368 dicta,
882 3313 988 3354 nec
1009 3313 1221 3354 nomen
1243 3299 1541 3356 sententiae
1581 3299 1795 3356 habere
1826 3317 1946 3356 me-

301 3391 552 3457 rebitur;
575 3392 634 3444 et
650 3387 824 3458 juxta
841 3385 1028 3460 legem
1038 3386 1433 3444 Valentiniani
1453 3388 1780 3446 etValentis
1797 3389 1944 3458 (Cod.

300 3479 418 3537 eod.
441 3477 480 3535 l.
507 3479 592 3545 11,
614 3476 828 3549 Intern),
861 3499 890 3528 ‹‹
911 3475 1024 3534 nisi
1044 3475 1424 3550 inscriptione
1443 3477 1754 3545 celebrata,
1782 3495 1948 3534 reum

302 3583 664 3641 quemquam
697 3583 812 3624 non
833 3565 978 3635 fieri,
994 3582 1099 3623 nec
1117 3550 1192 3622 ad
1215 3565 1507 3638 judicium
1527 3566 1950 3640 exhiberi,quia

302 3659 457 3716 sicut
483 3656 810 3715 convictum
845 3673 1016 3730 pmna
1048 3655 1414 3729 constringit,
1448 3655 1528 3712 ita
1559 3662 1617 3712 et
1649 3661 1948 3713 accusato-

302 3765 449 3817 rem,
479 3748 530 3805 si
562 3765 676 3804 non
722 3745 1051 3818 probaverit
1099 3745 1254 3816 quod
1305 3745 1552 3816 objecit;
1577 3767 1605 3794 »
1637 3751 1694 3801 et
1721 3745 1948 3818 legibus

301 3839 684 3896 eonstiiutum
709 3839 817 3900 est,
831 3837 898 3889 ut
917 3833 1206 3903 scriptura
1226 3833 1482 3904 prolator
1502 3834 1596 3889 afﬁ
1605 3835 1950 3906 rmet,cujus

302 3929 353 3985 si
384 3943 503 3984 non
531 3923 844 3982 astruxcrit
870 3921 1200 3989 veritatem,
1231 3926 1295 3976 ut
1323 3921 1598 3978 falsitatis
1627 3940 1790 3978 reum
1822 3941 1950 3981 esse

284 4015 707 4081 retinendum;
731 4015 790 4068 et
809 4009 1254 4082 criminis,quod
1278 4011 1523 4083 probare
1543 4013 1946 4084 nequiverunt,

302 4105 590 4164 delatores
619 4105 685 4158 ut
715 4099 935 4174 perjuri
954 4117 1022 4156 ac
1045 4097 1318 4156 falsitatis
1339 4100 1422 4157 rei
1446 4101 1766 4157 damnandi
1787 4107 1946 4169 sunt,

301 4195 457 4254 sicut
485 4193 576 4250 lex
604 4189 842 4248 Honorii
889 4193 946 4246 et
992 4189 1304 4246 Theodosii
1347 4190 1600 4246 decrevit
1630 4191 1690 4264 (ι.
1723 4192 1786 4245 41
1829 4191 1944 4248 cod.

305 4283 524 4353 Theod.,
578 4281 645 4338 de
689 4282 878 4353 spica,
935 4281 1072 4349 etc.)
1105 4297 1120 4336 :
1153 4278 1422 4349 Clericos,
1483 4279 1779 4352 inquiens,
1830 4297 1946 4336 non

301 4374 416 4432 nisi
465 4372 620 4446 apud
669 4369 974 4443 episcopos
1031 4368 1295 4426 accusari
1346 4369 1634 4424 convenit.
1668 4369 1852 4442 Igitur
1896 4369 1946 4426 si

299 4463 632 4536 episcopus,
664 4458 984 4532 presbyter,
1019 4455 1319 4525 diaconus,
1346 4461 1404 4513 et
1435 4457 1772 4529 quicunque
1801 4457 1946 4514 infe-

2125 3301 2260 3356 CAP.
2291 3300 2439 3357 VIII.
2471 3300 2712 3358 Constat
2739 3301 2938 3375 igitur,
2971 3303 3022 3358 si
3039 3303 3210 3374 juxta
3237 3303 3558 3359 concilium
3585 3303 3703 3358 An-

2053 3389 2415 3458 tiochenum,
2449 3391 2522 3446 ab
2553 3391 2865 3448 universali
2899 3408 3116 3466 magna
3144 3392 3366 3465 synodo
3395 3391 3706 3448 Chalcedo-

2056 3479 2248 3536 niensi
2277 3479 2672 3537 favorabiliter
2699 3481 2760 3536 in
2792 3481 3018 3538 actione
3039 3480 3388 3538 duodecima
3406 3485 3704 3554 receptum

2055 3573 2115 3624 et
2143 3567 2560 3638 collaudatum,
2594 3569 2916 3642 perfectum
2945 3569 3259 3626 concilium
3283 3569 3432 3626 illud
3463 3575 3576 3638 est,
3610 3569 3702 3626 ubi

2057 3657 2388 3714 interfuerit
2445 3657 2925 3730 metropolitanus
2983 3658 3246 3728 antistes,
3295 3657 3463 3716 nullo
3521 3659 3703 3731 magis

2058 3747 2378 3818 perfectum
2403 3750 2461 3802 et
2487 3747 2806 3804 tenendum
2838 3752 3014 3820 atque
3042 3748 3409 3820 sequendum
3437 3753 3531 3804 est
3557 3764 3700 3820 pre-

2057 3837 2270 3892 cedens
2299 3835 2622 3909 capitulum
2645 3837 2715 3892 de
2735 3837 3206 3910 presbyterorum
3226 3837 3700 3910 comprobatione

2052 3923 2142 3980 vel
2177 3924 2542 3998 purgatione,
2576 3924 2849 3982 consultu
2881 3925 3038 3982 sedis
3059 3924 3410 3999 apostolicae,
3433 3929 3494 3980 et
3521 3929 3698 3982 tanto-

2055 4031 2189 4069 rum
2219 4014 2649 4086 episcoporum,
2683 4031 2750 4070 ac
2781 4018 3121 4070 czeterorum
3170 4011 3696 4070 ecclesiasticorum

2057 4101 2483 4168 ministrorum,
2515 4102 2736 4175 Deique
2768 4102 3030 4158 fidelium
3056 4119 3348 4159 consensu
3379 4102 3696 4168 firmatum,

2057 4191 2231 4247 sicuti
2251 4208 2388 4248 voce
2410 4193 2608 4265 magni
2641 4196 2698 4247 et
2721 4191 3025 4248 orthodoxi
3056 4191 3429 4264 imperatoris
3452 4190 3696 4264 legimus

2056 4284 2421 4350 attestatum,
2437 4285 2494 4337 et
2513 4298 2617 4354 per
2634 4284 2798 4338 tanta
2811 4285 3074 4354 tempora
3093 4280 3471 4354 sequentium
3490 4279 3700 4353 episco-

2057 4387 2266 4442 porum
2288 4387 2397 4426 usu
2424 4373 2482 4426 et
2501 4370 2925 4427 consuetudine
2947 4371 3306 4427 roboratum.
3323 4369 3490 4425 Hanc
3511 4373 3699 4425 aucto-

2055 4457 2285 4522 ritatem
2299 4458 2360 4513 in
2371 4458 2734 4530 depositione
2749 4459 3198 4516 criminosorum
3209 4459 3696 4531 presbyterorum,

301 4535 473 4608 rioris
494 4547 601 4606 loci
623 4545 963 4605 Christianae
985 4545 1132 4619 legis
1155 4546 1424 4604 minister
1443 4547 1598 4618 apud
1620 4546 1945 4619 episcopos,
1978 4565 2024 4631 ι)
2053 4546 2140 4602 vel
2162 4535 2510 4619 purgatione
2523 4546 2988 4616 eriminatorum,
3005 4564 3166 4604 more
3187 4546 3701 4604 consuetudinaric

285 4638 595 4712 siquidem
617 4635 755 4692 alibi
777 4653 893 4692 non
913 4640 1163 4709 oportet,
1191 4653 1224 4692 a
1253 4635 1514 4708 qualibet
1542 4637 1948 4708 personatus-

301 4729 423 4785 rint
444 4725 858 4794 accusati,sive
885 4725 984 4782 ille
1009 4725 1286 4782 sublimis
1302 4725 1392 4782 vir
1419 4724 1679 4794 honoris,
1711 4725 1832 4782 sive
1863 4724 1946 4782 ul-

299 4817 418 4875 lius
452 4815 695 4874 alterius
725 4813 1050 4888 dignitatis,
1084 4815 1184 4887 qui
1215 4815 1326 4872 hoc
1355 4831 1542 4888 genus
1589 4815 1947 4872 illaudabilis

300 4903 646 4962 intentionis
667 4901 926 4974 arripiet,
940 4901 1162 4959 noverit
1189 4903 1453 4960 docenda
1481 4903 1944 4976 probationibus,

301 4992 684 5052 monstranda
713 4991 1102 5061 documentis,
1136 5008 1198 5048 se
1229 4993 1437 5049 debere
1467 4991 1698 5050 inferre.

373 5083 508 5142 Car.
530 5083 652 5139 VII.
687 5083 744 5139 Si
770 5082 904 5155 quis
917 5098 1053 5154 ergo
1077 5086 1279 5138 contra
1307 5081 1646 5154 hujusmodi
1671 5099 1952 5156 personas

301 5191 418 5232 non
448 5171 751 5246 probanda
769 5170 1411 5238 detulerit,auctoritate
1430 5171 1610 5244 hujus
1628 5171 1948 5230 sanctionis

301 5261 592 5336 intelligat
638 5277 701 5318 se
741 5261 986 5334 jactura:
1018 5259 1184 5316 fama:
1229 5259 1475 5333 propriae
1524 5262 1850 5333 subjacere,
1883 5265 1950 5318 ut

301 5353 518 5410 damno
538 5349 802 5423 pudoris,
819 5349 1382 5423 existimationisque
1412 5350 1740 5422 dispendio,
1762 5350 1950 5408 discat

301 5440 413 5498 sibi
444 5438 643 5496 aliena
663 5437 1023 5496 verecundiae
1054 5439 1296 5512 impune
1326 5438 1615 5507 insidiari,
1639 5439 1845 5496 saltem
1877 5440 1948 5498 de

285 5531 508 5586 caetero
530 5545 646 5586 non
665 5527 858 5584 licere.
872 5528 1021 5588 Nam
1042 5527 1195 5586 sicut
1209 5527 1535 5602 episcopos,
1556 5529 1944 5601 presbyteros,

287 5615 600 5690 diaconos,
625 5621 996 5696 ceterosque,
1047 5617 1097 5676 si
1146 5616 1241 5678 his
1297 5617 1524 5694 objecta
1578 5617 1946 5694 comprobari

2057 4639 2258 4692 secuta
2285 4640 2373 4692 est
2403 4635 2750 4710 generaliter
2777 4636 3074 4710 Cisalpina
3115 4635 3376 4694 Ecclesia
3421 4635 3702 4694 catholica

2043 4725 2171 4797 jam
2203 4741 2306 4797 per
2329 4725 2702 4800 septuaginta
2723 4730 2782 4787 et
2803 4743 2870 4782 eo
2892 4725 3146 4800 amplius
3175 4743 3384 4782 annos.

2124 4814 2258 4888 CA3.
2291 4814 2383 4870 IX.
2416 4816 2485 4871 Et
2515 4816 2585 4872 de
2615 4815 3037 4872 consuetudine
3059 4819 3299 4872 sanctus
3316 4813 3699 4888 Augustinus,

2056 4921 2092 4960 a
2119 4879 2256 4960 sede
2287 4903 2623 4976 apostolica,
2649 4910 2851 4962 sancto
2881 4905 3189 4962 leestino
3219 4879 3542 4972 scribente,
3560 4879 3703 4960 inter

2057 4992 2312 5065 optimos
2341 4993 2609 5050 Ecclesiae
2658 4999 3033 5068 computatus
3081 4995 3418 5068 magistros,
3451 4993 3515 5050 in
3560 4993 3701 5049 libro

2058 5087 2268 5156 quarto
2290 5083 2360 5138 de
2381 5083 2681 5156 Baptisms
2705 5083 2846 5140 dicit
2865 5087 3008 5156 (cap.
3024 5086 3110 5153 5):
3131 5107 3161 5136 ‹‹
3175 5083 3351 5141 Plane
3369 5099 3580 5140 verum
3599 5078 3701 5148 est,

2057 5171 2198 5244 quia
2222 5171 2368 5228 ratio
2407 5176 2464 5228 et
2491 5172 2702 5230 veritas
2733 5173 3142 5230 consuetudini
3173 5173 3572 5246 preponenda
3599 5175 3702 5241 est,

2055 5261 2160 5318 sed
2176 5277 2308 5317 cum
2324 5261 2734 5318 consuetudini
2753 5262 2969 5319 veritas
2990 5259 3526 5334 suﬁ'ragatur,nihil
3551 5275 3707 5335 opor~

2055 5353 2138 5406 tet
2167 5349 2396 5406 ﬁrmius
2444 5351 2701 5406 retineri.
2730 5373 2758 5401 ››
2792 5351 3235 5408 Ostendendum
3281 5354 3374 5409 est
3419 5350 3630 5424 igitur,
3655 5347 3703 5402 si

2055 5439 2204 5496 ratio
2231 5443 2290 5496 et
2316 5439 2530 5496 veritas
2559 5443 2734 5512 atque
2763 5440 3080 5498 auctoritas
3108 5439 3244 5496 huic
3292 5434 3704 5498 consuetudini

2055 5529 2430 5602 suffragatur.
2455 5529 2749 5602 Scriptum
2769 5534 2860 5586 est
2878 5529 2938 5586 in
2959 5529 3212 5604 mystica
3230 5527 3466 5586 Nicanio
3486 5526 3704 5604 synodo

2053 5620 2199 5695 (can.
2223 5617 2278 5696 3)
2303 5633 2318 5677 :
2341 5617 2693 5679 «Interdixit
2711 5635 2816 5697 per
2829 5619 3029 5680 omnia
3047 5634 3265 5699 magna
3286 5617 3576 5698 synodus,
3590 5629 3705 5676 non
