3976 6188
286 335 442 398 1097

1390 336 1492 396 DE
1540 336 2080 398 PRESBYTERIS
2124 336 2601 407 CRIMINOSIS.

3539 341 3702 403 1098‘

283 468 579 540 episcopo,
616 485 728 522 non
763 467 1123 540 presbytero,
1160 485 1273 522 non
1308 467 1570 535 diacono,
1607 487 1709 525 nec
1760 469 1932 525 alicui
1965 473 2017 537 Α
2049 469 2261 525 divinis
2291 474 2349 525 et
2381 470 2681 543 angelicis,
2715 476 2886 543 atque
2919 478 3250 528 sanctorum
3285 472 3383 545 qui
3433 474 3489 529 in
3536 475 3696 532 caelis

284 545 659 628 omnino,qui
693 556 750 610 in
782 555 934 612 clero
965 561 1073 623 est,
1098 555 1270 611 licere
1296 555 1806 613 subintroductam
1840 558 1936 614 ha-

283 645 420 701 bere
453 644 782 714 mulierem,
809 644 920 700 nisi
949 645 1095 701 forte
1126 649 1396 713 matrem,
1423 650 1526 702 aut
1548 652 1938 719 sororem,aut

282 735 650 804 amitam,vel
675 753 774 792 eas
804 736 1212 791 tantummodo
1256 749 1556 808 personas,
1586 753 1708 808 quae
1741 736 1934 809 suspi-

281 825 480 882 ciones
501 825 849 898 effugiunt.»
873 825 1018 880 Hinc
1034 824 1267 892 Valens,
1295 825 1628 894 Gratianus,
1653 830 1712 882 et
1732 825 1939 882 Valen-

281 914 546 970 tinianus
565 915 812 988 Augusti
843 919 901 970 et
919 913 1230 970 Christiani
1270 914 1649 986 imperatores
1671 915 1935 971 decreve-

281 1009 420 1060 runt
449 1003 639 1077 legem
672 1003 733 1073 (1.
754 1005 844 1076 44,
877 1004 1001 1061 Cod.
1041 1003 1231 1070 Theod,
1263 1004 1329 1059 de
1353 1006 1542 1076 epise,
1574 1006 1732 1072 etc.),
1765 1005 1936 1076 cujus

281 1093 688 1166 interpretatio
709 1093 843 1149 talis
872 1097 961 1150 est
994 1110 1007 1148 :
1042 1092 1386 1165 Quicunque
1419 1093 1725 1150 clericatus
1758 1097 1934 1149 utun-

281 1188 380 1238 tur
408 1182 622 1251 officio,
649 1185 1055 1238 extranearum
1105 1181 1420 1238 mulierum
1476 1182 1934 1239 familiaritatem

278 1272 494 1328 habere
515 1270 934 1344 prohibentur:
961 1275 1238 1340 matrum,
1263 1289 1552 1339 sororum,
1568 1271 1656 1327 vel
1677 1272 1934 1328 filiarum

277 1360 393 1416 sibi
437 1359 646 1417 solatia
698 1360 853 1416 infra
897 1361 1138 1417 domum
1189 1377 1357 1416 suam
1408 1360 1672 1417 noverint
1700 1365 1932 1416 tantum

278 1467 409 1506 esse
441 1466 738 1506 concessa.
1204 1449 1210 1456 ’

349 1539 486 1595 CAP.
516 1539 581 1594 X.
606 1539 717 1595 Sed
749 1537 888 1611 quia
910 1539 1018 1596 sub
1043 1539 1346 1596 occasione
1377 1540 1624 1595 istarum
1656 1555 1933 1611 persona-

279 1646 426 1694 rvm,
463 1626 588 1683 alia:
621 1627 898 1684 mulieres
919 1627 1347 1685 'subintroduci
1391 1632 1712 1701 cmperunt,
1744 1627 1931 1684 sancti

277 1717 534 1773 Africani
584 1733 836 1773 canones
884 1717 1263 1774 decreverunt
1291 1724 1434 1787 (can.
1469 1720 1546 1787 5),
1581 1723 1646 1772 ut
1677 1734 1780 1773 nec
1819 1716 1932 1790 ipsi

277 1805 559 1878 episcopi,
594 1810 696 1860 aut
724 1807 1070 1878 presbyteri,
1099 1806 1205 1862 soli
1240 1807 1494 1862 habeant
1523 1823 1822 1862 accessum
1857 1806 1926 1862 ad

275 1896 505 1962 viduas,
528 1893 614 1950 vel
638 1894 1010 1967 virgines,vel
1034 1896 1104 1951 ad
1127 1913 1508 1969 quascunque
1530 1896 1799 1967 feminas,
1825 1896 1926 1952 sed

277 1984 377 2039 ubi
402 1988 504 2039 aut
524 1983 712 2039 clerici
733 1988 1046 2056 prmsentes
1069 1989 1337 2053 sunt,sut
1357 2001 1561 2057 graves
1578 1984 1756 2056 aliqui
1771 1983 1929 2039 Chri-

274 2073 477 2130 stiani.
511 2072 676 2129 Unde
707 2072 860 2128 sicut
903 2073 1112 2128 beatus
1161 2074 1472 2148 Gregorius
1520 2074 1593 2129 ad
1624 2072 1928 2128 ministros

272 2161 545 2218 Ecclesiae
569 2162 843 2218 Romanae
867 2161 1102 2234 scripsit
1131 2164 1252 2233 (lib.
1273 2181 1371 2231 vn,
1395 2165 1552 2236 epist.
1585 2163 1696 2232 39),
1719 2163 1928 2218 beatus

273 2251 640 2323 Augustinus
673 2266 778 2306 nec
808 2267 942 2306 cum
975 2268 1170 2308 sorore
1200 2252 1464 2307 habitare
1504 2251 1803 2307 consensit
1835 2251 1923 2306 di-

273 2358 414 2396 cens
439 2358 452 2396 :
482 2365 502 2389 ι
522 2342 654 2407 Quae
675 2356 808 2395 cum
841 2357 1039 2396 sorore
1070 2356 1200 2396 mea
1231 2345 1625 2409 sunt,sorores
1647 2356 1788 2395 mea:
1810 2357 1926 2395 non

275 2433 441 2486 sunt.
482 2453 502 2479 η
537 2429 605 2484 Et
635 2444 701 2484 ex
731 2428 839 2484 hoc
889 2428 1032 2484 dicit
1082 2434 1322 2486 sanctus
1371 2429 1684 2501 Gregorius
1717 2445 1728 2484 :
1765 2427 1928 2484 Docti

277 2535 416 2591 ergo
436 2517 545 2573 viri
568 2516 796 2574 cautela
818 2534 1032 2590 magna
1052 2518 1224 2575 nobis
1245 2518 1417 2574 debet
1437 2535 1564 2573 esse
1596 2516 1924 2573 instructio.

277 2609 426 2665 Nam
451 2607 696 2663 incauta:
729 2606 1203 2680 praesumptionis
1223 2611 1330 2673 est,
1352 2608 1504 2678 quod
1540 2607 1705 2662 fortis
1734 2610 1927 2678 pavet,

278 2697 480 2753 minus
506 2695 760 2752 validum
795 2713 908 2751 non
941 2696 1168 2752 timere.
1202 2696 1505 2768 Sapienter
1537 2695 1694 2750 enim
1726 2694 1931 2749 illicita

279 2790 538 2858 superat,
574 2785 672 2858 qui
705 2784 971 2840 didicerit
1002 2785 1177 2841 etiam
1210 2802 1325 2840 non
1374 2785 1459 2840 uti
1514 2782 1826 2840 concessis.
1864 2786 1930 2836 Et

278 2894 348 2932 ex
383 2875 493 2931 hoc
525 2875 583 2929 in
629 2873 754 2947 lege
803 2873 1125 2929 Justiniani
1175 2875 1473 2930 decretum
1507 2877 1616 2939 est,
1650 2889 1776 2944 cap.
1803 2872 1926 2939 475,

278 2970 345 3019 ut
373 2964 421 3019 si
458 2963 591 3034 quis
639 2961 945 3017 mulierem
995 2962 1054 3017 in
1105 2980 1213 3020 sua
1259 2963 1432 3017 domo
1481 2961 1770 3026 habuerit,
1801 2976 1928 3031 quas

278 3056 472 3126 potest
508 3051 903 3124 suspicionem
950 3050 1162 3106 inferre
1213 3050 1615 3123 turpitudinis,
1649 3054 1706 3105 et
1752 3049 1849 3103 ille
1898 3065 1933 3104 a

278 3139 618 3198 conclerieis
669 3139 794 3195 suis
846 3139 1115 3207 audierit,
1146 3141 1300 3212 quod
1361 3156 1497 3195 eum
1534 3139 1636 3194 tali
1685 3137 1930 3193 muliere

2048 577 2156 613 sun
2168 559 2398 624 t,oculis
2413 559 2691 614 abscondi
2709 577 2822 614 non
2841 562 3247 631 possit,tamen
3260 564 3435 618 etiam
3450 565 3698 636 quilibet

2046 648 2402 715 rusticanus,
2419 649 2813 704 concumbens
2830 649 3004 704 etiam
3023 666 3156 705 eum
3173 649 3406 723 propria
3426 653 3693 727 conjuge,

2045 741 2223 809 prout
2250 741 2459 809 potest,
2478 735 2868 809 plurimorum
2901 738 3114 793 devitat
3145 745 3436 811 aspectus.
3470 743 3696 807 Quanto

2046 824 2235 896 magis
2263 825 2584 898 presbyter,
2603 826 2650 881 si
2682 842 2921 883 sensum
2954 826 3211 882 hominis
3258 827 3452 896 habet,
3472 829 3695 886 malum

2047 929 2226 986 agens
2246 914 2475 970 curabit
2496 915 3117 989 abscondere,propter
3137 917 3292 988 quod
3315 917 3692 988 patefactum,

2046 1004 2158 1058 scit
2178 1019 2239 1059 se
2270 1019 2385 1058 non
2415 1001 2607 1062 solum
2639 1003 3102 1060 ecclesiasticum
3133 1005 3383 1078 gradum
3405 1005 3690 1076 amittere,

2045 1093 2146 1148 sed
2176 1097 2232 1148 et
2263 1108 2370 1148 sua
2401 1109 2527 1164 quae
2556 1092 2733 1148 habet
2761 1111 2829 1150 ex
2858 1093 3240 1150 facultatibus
3270 1092 3538 1150 Ecclesia:
3569 1112 3693 1167 per-

2044 1181 2199 1236 dere.
2223 1181 2347 1236 Non
2377 1181 2560 1254 igitur
2588 1183 2659 1238 de
2687 1182 2796 1239 hoc
2813 1183 3136 1239 verecunde
3158 1200 3510 1255 quaeremus,
3536 1185 3691 1256 quod

2043 1274 2100 1324 et
2127 1269 2438 1341 Apostolus
2471 1287 2585 1326 non
2615 1271 2772 1327 nudo
2803 1272 2904 1328 sed
2942 1271 3131 1328 velato
3180 1271 3416 1328 nomine
3443 1271 3693 1345 loquens

2044 1358 2198 1430 apud
2231 1357 2489 1431 legitime
2509 1360 2875 1432 conjugatos,
2890 1360 3117 1416 studuit
3137 1359 3429 1432 appellare
3449 1360 3648 1418 dicens
3673 1378 3687 1420 :

2042 1450 2117 1502 Et
2157 1463 2225 1502 ne
2273 1449 2397 1520 quis
2443 1450 2838 1504 circum-veniat
2886 1452 2947 1504 in
2993 1452 3202 1520 negotio
3253 1452 3484 1521 fratrem
3527 1467 3692 1507 suum

2041 1538 2092 1606 (I
2123 1538 2299 1592 Thess.
2332 1554 2405 1604 Iv,
2438 1539 2515 1606 6).
2549 1539 2982 1594 Tantummodo
3007 1542 3203 1595 autem
3243 1539 3314 1595 de
3361 1555 3602 1596 accessu
3631 1545 3691 1597 et

2042 1626 2507 1698 frequentatione
2573 1643 2639 1682 ac
2713 1627 3142 1684 cohabitatione
3217 1629 3688 1701 presbyterorum

2041 1719 2246 1770 contra
2275 1715 2620 1771 canonicum
2654 1715 3030 1772 interdictum
3053 1733 3187 1772 cum
3213 1717 3467 1786 feminis,
3482 1719 3530 1774 si
3554 1718 3690 1774 inde

2044 1803 2257 1859 fuerint
2294 1804 2569 1875 accusati,
2585 1809 2672 1861 est
2701 1805 3141 1878 inquirendum.
3163 1806 3326 1874 Quia,
3356 1810 3421 1862 ut
3449 1811 3691 1864 sanctus

2037 1894 2382 1949 Ambrosius
2412 1893 2553 1949 dicit
2581 1897 2761 1968 (epist.
2793 1897 2878 1966 11)
2911 1912 2924 1950 :
2957 1919 2985 1946 ‹‹
3017 1895 3244 1952 Judicis
3275 1913 3390 1953 non
3422 1901 3513 1954 est
3561 1898 3689 1955 sine

2038 1987 2373 2038 accusatore
2405 1983 2706 2051 damnare,
2739 1984 2878 2057 quia
2909 1988 2965 2039 et
2994 1984 3279 2041 Dominus
3308 1986 3523 2043 Judam
3553 2005 3688 2044 cum

2036 2071 2131 2126 fur
2182 2075 2358 2141 esset,
2418 2072 2695 2143 quoniam
2756 2090 2871 2128 non
2929 2077 3017 2129 est
3073 2079 3403 2145 accusatus,
3445 2074 3689 2132 minime

2037 2159 2268 2231 abjecit.
2306 2182 2334 2210 »

2107 2252 2240 2304 CAP.
2271 2249 2392 2305 XII.
2427 2249 2625 2316 Qualis
2659 2267 2795 2324 ergo
2824 2251 3032 2308 debeat
3061 2269 3189 2309 esse
3236 2253 3376 2308 ordo
3425 2253 3486 2308 in
3517 2269 3688 2309 accu-

2038 2337 2262 2393 satione
2293 2342 2350 2393 et
2379 2339 2814 2410 dijudieatione,
2849 2345 3091 2397 sanctus
3120 2341 3488 2414 Augustinus
3513 2359 3691 2415 expo-

2035 2443 2182 2482 nens
2203 2428 2554 2483 sententiam
2576 2428 2836 2500 Apostoli
2864 2447 2876 2485 :
2902 2429 2964 2485 Si
2992 2432 3115 2502 quis
3152 2432 3328 2502 frater
3369 2432 3690 2489 nominatur

2036 2517 2356 2587 Ῑῡνηίεαίον,
2385 2520 2518 2585 etc.,
2551 2519 2811 2573 ostendit
2841 2518 2926 2590 (de
2972 2521 3168 2575 Pcenit.
3201 2519 3396 2576 medic.
3443 2536 3570 2593 cap.
3593 2521 3687 2594 3):

2039 2627 2066 2652 ‹‹
2092 2603 2509 2676 Noluit,inquit
2528 2605 3167 2676 Apostolus,hominem
3191 2609 3264 2663 ab
3282 2608 3519 2665 homine
3533 2610 3692 2682 judi-

2040 2692 2156 2747 cari
2180 2709 2248 2747 ex
2271 2692 2511 2747 arbitrio
2533 2693 3009 2764 suspicionis,vel
3033 2695 3208 2749 etiam
3233 2697 3693 2753 extraordinario

2039 2781 2698 2851 usurpatojudicio,sed
2736 2782 2932 2853 potius
2956 2799 3026 2838 ex
3051 2782 3175 2855 lege
3197 2784 3319 2851 Dei,
3347 2784 3465 2840 sive
3482 2803 3692 2841 secun-

2041 2868 2180 2922 dum
2212 2869 2476 2924 ordinem
2509 2870 2797 2937 Ecclesia,
2830 2870 2948 2926 sive
2996 2870 3150 2927 ultro
3182 2873 3540 2938 confessum,
3568 2873 3690 2928 sive

2040 2960 2380 3011 accusatum
2403 2961 2577 3029 atque
2601 2957 2948 3026 convictum,
2966 2976 3094 3015 eam
3118 2959 3579 3016 nominationem
3599 2977 3695 3016 vo-

2039 3045 2166 3100 lens
2197 3044 2463 3118 intelligi,
2498 3063 2622 3118 quze
2655 3047 2719 3101 fit
2746 3045 2806 3101 in
2840 3064 3218 3120 quemquam,
3242 3064 3376 3103 cum
3402 3049 3693 3105 sententia

2041 3133 2242 3189 ordine
2271 3133 2670 3206 judiciario,et
2698 3152 2834 3192 eum
2854 3134 3188 3210 integritate
3213 3137 3527 3209 profertur.
3542 3139 3691 3196 Nam

278 3247 397 3286 non
431 3229 638 3284 debeat
667 3227 950 3295 habitare,
976 3227 1025 3283 si
1058 3209 1311 3284 noluerit
1339 3244 1468 3283 eam
1501 3246 1610 3284 sua
1639 3228 1812 3283 domo
1844 3243 1926 3282 re-
1957 3209 2000 3274 (ἶ
2039 3222 2086 3278 si
2112 3224 2434 3280 nominatio
2457 3223 2582 3280 sola
2597 3224 3350 3291 sufﬁeit,multidamnandi
3371 3231 3511 3283 sunt
3527 3227 3694 3284 inno-

279 3317 616 3392 pellere,vel
647 3321 983 3373 accusatore
1024 3317 1404 3390 immergente
1433 3318 1714 3389 probatus
1756 3316 1932 3372 fuerit

279 3407 593 3462 inhoneste
623 3423 756 3461 cum
775 3406 876 3460 tali
911 3405 1154 3462 muliere
1185 3405 1423 3472 versari,
1457 3410 1598 3461 tunc
1621 3405 1933 3478 episcopus

280 3495 611 3553 secundum
642 3494 1071 3551 ecclesiasticos
1115 3512 1367 3550 canones
1403 3513 1437 3550 a
1489 3494 1639 3550 clero
1673 3511 1807 3550 eum
1837 3511 1932 3549 re-

281 3584 483 3658 pellat.

354 3673 494 3729 CAP.
528 3671 616 3728 XI.
641 3673 709 3727 Et
731 3671 790 3727 in
821 3673 1059 3745 synodis
1085 3673 1365 3729 Romanis
1385 3672 1627 3744 Eugenii
1649 3676 1705 3727 et
1727 3671 1937 3727 Leonis

283 3760 483 3834 quarti
515 3761 812 3816 decretum
843 3765 966 3817 est:
992 3785 1020 3812 ‹‹
1047 3761 1105 3818 Si
1137 3761 1431 3833 quispiam
1461 3762 1852 3826 sacerdotum,
1878 3759 1935 3815 id

284 3855 378 3908 est
409 3850 1078 3923 episcopus,presbyter,
1107 3851 1195 3906 vel
1227 3850 1403 3905 etiam
1437 3849 1941 3916 subdiaconus,de

286 3952 642 4009 quacunque
672 3935 893 3992 femina
922 3937 1165 3993 crimine
1187 3936 1586 3993 fornicationis
1608 3940 1938 4008 suspectus,

288 4024 1158 4098 postprimam,secundamque
1170 4030 1227 4080 et
1237 4026 1468 4081 tertiam
1483 4025 1940 4082 admonitionem

291 4112 751 4185 metropolitani,
785 4113 871 4169 vel
919 4113 1163 4170 alterius
1212 4114 1490 4187 episcopi,
1524 4119 1626 4169 aut
1672 4116 1799 4184 ejus
1847 4113 1941 4168 cui

294 4201 605 4272 subjacere
633 4200 881 4270 videtur,
913 4201 1244 4258 inveniatur
1273 4202 1543 4258 famulari
1577 4220 1711 4258 eum
1743 4219 1831 4270 ea,
1854 4199 1944 4256 vel

291 4290 495 4362 aliquo
517 4290 689 4346 modo
711 4291 1345 4357 conversari,canonice
1357 4292 1678 4362 judicetur.
1693 4294 1945 4363 Quapro«

289 4384 383 4434 ter
415 4378 826 4450 unusquisque
853 4379 1162 4451 episcopus
1192 4379 1252 4434 in
1303 4379 1405 4436 tali
1456 4397 1516 4434 re
1566 4379 1829 4435 studiose
1878 4395 1945 4435 ac

291 4466 610 4539 diligenter
637 4483 838 4523 curam
867 4467 1081 4524 habere
1105 4468 1294 4536 debet,
1327 4486 1400 4525 ne
1427 4469 1686 4524 Ecclesia
1730 4467 1946 4524 Christi

2041 3312 2402 3384 centes,quia
2428 3329 2580 3385 saepe
2610 3312 2756 3369 falso
2789 3313 2849 3369 in
2880 3331 3239 3387 quemquam
3259 3315 3482 3372 crimen
3506 3316 3690 3372 nomi-

2043 3405 2234 3457 natur.
2258 3424 2285 3450 »
2319 3401 2577 3468 Qualiter
2605 3406 2803 3458 autem
2834 3404 3124 3460 sententia
3151 3403 3355 3461 ordine
3376 3404 3692 3477 judiciario

2041 3495 2100 3546 et
2127 3507 2262 3545 cum
2294 3489 2626 3563 integritate
2655 3491 3002 3563 proferenda
3028 3492 3126 3559 sit,
3149 3492 3301 3549 sacri
3332 3497 3693 3562 canones,ut

2043 3597 2223 3652 supra
2251 3579 2474 3634 dictum
2496 3583 2603 3647 est,
2619 3584 2677 3635 et
2696 3584 2936 3636 sanctus
2961 3581 3404 3655 Gregorius,qui
3426 3583 3699 3654 frequen-

2044 3671 2132 3724 ter
2152 3667 2211 3722 in
2234 3666 2496 3739 epistolis
2526 3667 2650 3724 suis
2672 3685 2881 3725 causas
2913 3669 3318 3726 ministrorum
3339 3670 3696 3727 ecclesiasti-

2047 3773 2248 3813 corum
2285 3755 2552 3829 legaliter
2582 3762 2639 3812 et
2668 3757 3012 3831 regulariter
3042 3758 3303 3832 praecipit
3332 3759 3598 3826 difﬁniri,
3634 3759 3696 3817 in

2047 3844 2492 3902 commonitorio
2523 3846 2733 3902 Joanni
2768 3847 3067 3905 Defensori
3089 3849 3250 3905 eunti
3292 3849 3352 3905 in
3386 3849 3701 3922 Hispanias

2049 3935 2183 3990 dato
2213 3935 2576 3991 demonstrat
2615 3936 2818 3992 dicens
2868 3937 2987 4008 (lib.
3019 3954 3100 4005 χι,
3133 3939 3289 4010 epist.
3321 3939 3414 4007 50)
3447 3954 3461 3994 :
3494 3960 3524 3989 ‹‹
3555 3936 3703 3994 Dili-

2051 4027 2254 4094 genter
2269 4025 2649 4094 quzerendum
2673 4029 2782 4091 est,
2798 4025 3078 4096 primum,
3095 4025 3453 4096 sijudicium
3477 4026 3706 4083 ordina-

2052 4110 2248 4166 biliter
2267 4116 2357 4167 est
2372 4112 2660 4178 habitum,
2681 4117 2782 4167 aut
2811 4113 2860 4168 si
2885 4114 2983 4168 alii
3003 4115 3496 4181 accusatores,alii
3519 4120 3702 4172 testes

2053 4200 2305 4255 fuerunt.
2330 4199 2548 4254 Deinde
2580 4215 2892 4256 causarum
2924 4199 3198 4272 qualitas,
3231 4202 3478 4274 sidigna
3499 4202 3702 4258 exsilio

2051 4288 2140 4344 vel
2171 4286 2533 4360 depositione
2559 4287 2690 4356 fuit,
2725 4293 2828 4344 aut
2857 4289 2906 4345 si
2939 4306 3004 4345 eo
3049 4293 3333 4361 praesente
3383 4291 3494 4345 sub
3535 4291 3701 4361 jure-

2046 4377 2303 4449 jurando
2353 4380 2556 4433 contra
2601 4394 2734 4433 eum
2794 4376 3199 4433 testimonium
3251 4377 3475 4434 dictum
3518 4382 3625 4447 est,
3651 4378 3702 4435 si

2055 4466 2289 4538 scriptis
2322 4469 2517 4521 actum
2541 4470 2648 4531 est,
2669 4467 2760 4522 vel
2785 4466 2910 4538 ipse
2932 4471 3242 4523 accusatus
3271 4467 3567 4524 licentiam
3587 4484 3704 4524 res-

290 4573 328 4611 a
357 4555 613 4646 propriis
643 4556 832 4646 possit
858 4555 1145 4612 sordidari
1169 4557 1478 4625 ministris,
1503 4557 1642 4630 quia
1663 4573 1795 4612 cum
1820 4574 1947 4629 pro-
1975 4583 2022 4646 ι)
2057 4554 2349 4646 pendendi
2377 4557 2434 4609 et
2462 4553 2809 4646 defendendi
2837 4571 2898 4646 se
2929 4554 3155 4646 habuit.
3181 4556 3297 4646 Sed,
3314 4559 3384 4646 et
3397 4557 3469 4646 de
3500 4573 3704 4630 perso-

291 4645 486 4718 priam
515 4661 752 4700 uxorem
784 4645 998 4701 habere
1029 4663 1145 4701 non
1177 4645 1554 4719 permittitur,
1590 4647 1842 4702 maxime
1871 4646 1943 4702 ab

291 4731 458 4788 omni
484 4733 702 4789 femina
722 4734 800 4788 sit
823 4734 1264 4790 abstinendus.»
1283 4735 1528 4792 Proinde
1550 4737 1620 4791 de
1631 4735 1946 4792 concubitu

290 4821 773 4894 presbyterorum
804 4839 938 4878 cum
989 4823 1245 4891 feminis,
1278 4841 1382 4894 per
1426 4824 1812 4895 parochianos
1859 4824 1948 4880 vel

291 4911 520 4966 vicinos
553 4912 962 4983 cujuscunque
976 4912 1297 4985 presbyteri
1320 4912 1614 4983 inquirere
1638 4930 1753 4968 non
1782 4913 1950 4970 nobis

293 5004 386 5055 est
407 4998 820 5055 laborandum.
834 5000 1065 5056 Abolita
1083 5001 1240 5056 enim
1265 5005 1353 5056 est
1372 5007 1536 5058 vetus
1557 5001 1950 5074 hazresis,qua3

300 5088 527 5160 eynica,
559 5088 617 5143 id
657 5093 746 5144 est
776 5089 1006 5160 canina,
1035 5093 1270 5162 propter
1299 5090 1723 5162 impudentiam
1765 5092 1953 5146 fuerat

296 5175 829 5248 appellata,diccns
860 5179 1240 5234 concubitum
1272 5195 1400 5234 esse
1430 5179 1776 5248 naturalem,
1801 5185 1859 5235 et
1881 5180 1953 5235 ob

295 5263 355 5320 id
387 5265 685 5337 agendum
709 5266 838 5324 sine
858 5267 1209 5324 verecundia
1238 5267 1469 5340 publice
1495 5285 1510 5324 :
1533 5285 1665 5323 cum
1688 5267 1954 5341 legamus

296 5354 524 5428 primos
557 5355 827 5413 homines
858 5375 991 5414 mox
1023 5362 1156 5431 post
1203 5363 1506 5430 peccatum
1551 5358 1955 5414 inobedientiaa

297 5444 562 5501 sensisse
593 5446 1131 5519 concupiscentiam
1162 5445 1222 5501 in
1267 5446 1550 5502 membris
1579 5444 1955 5520 genitalibus,

301 5538 360 5589 et
391 5551 427 5589 a
457 5535 681 5591 mutuis
711 5536 1122 5609 censpectibus
1151 5553 1222 5594 ea
1249 5537 1596 5593 contexisse.
1630 5537 1776 5592 Nam
1824 5535 1960 5591 licet

297 5621 574 5680 humanas
607 5625 820 5682 mentis
851 5625 1176 5696 cecitas,in
1198 5625 1530 5700 operatione
1551 5624 1956 5701 turpitudinis,

621 5753 894 5820 Paeon.
940 5752 1169 5821 CXXV.

2053 4644 2148 4700 nis
2177 4642 2582 4699 accusantium
2614 4659 2678 4698 ac
2731 4642 3170 4698 testificantium
3211 4643 3506 4716 subtiliter
3539 4661 3707 4718 quaa-

2057 4732 2303 4788 rendum
2337 4734 2446 4796 est,
2471 4732 2641 4801 cujus
2661 4731 2808 4796 vitae,
2838 4732 3008 4803 cujus
3037 4731 3390 4790 conditionis
3419 4733 3710 4807 cujusque

2058 4820 2370 4894 opinionis,
2395 4825 2498 4875 aut
2525 4836 2598 4875 ne
2628 4820 2830 4891 inopes
2862 4820 3000 4886 sint,
3033 4824 3137 4877 aut
3183 4839 3256 4878 ne
3303 4823 3448 4880 forte
3479 4823 3708 4895 aliquas

2059 4914 2262 4967 contra
2281 4909 2623 4982 praedictum
2637 4908 2975 4980 episcopum
2988 4909 3327 4967 inimicitias
3340 4912 3706 4979 habuissent,

2060 5005 2116 5057 et
2147 5005 2343 5055 utrum
2374 4997 2778 5053 testimonium
2801 5015 2870 5053 ex
2891 4998 3096 5054 auditu
3125 5000 3414 5067 dixerunt,
3431 5003 3534 5054 aut
3553 5001 3709 5053 certe

2061 5107 2123 5146 se
2146 5087 2292 5144 scire
2316 5086 2644 5159 specialiter
2663 5087 2858 5143 testati
2883 5088 3107 5156 sunt,si
3131 5088 3361 5160 scriptis
3373 5087 3709 5159 judicatum

2063 5182 2170 5246 est,
2185 5181 2242 5233 et
2272 5176 2540 5248 partibus
2571 5177 2958 5247 praesentibus
2991 5176 3278 5233 sententia
3301 5174 3543 5231 recitata
3561 5177 3708 5231 est.»

2064 5267 2159 5324 Sic
2180 5271 2237 5322 et
2255 5266 2413 5338 leges
2434 5264 2828 5333 difﬁniunt,ut
2845 5283 3014 5322 nemo
3038 5283 3140 5337 per
3159 5264 3338 5320 alium
3352 5279 3712 5336 quemquam

2065 5353 2460 5421 aceusare,vel
2492 5353 2627 5425 quis
2654 5355 2918 5410 accusari
2950 5353 3155 5426 possit,
3183 5351 3297 5408 nisi
3336 5353 3484 5408 forte
3512 5351 3714 5425 ingra-

2065 5451 2193 5501 tum
2242 5443 2518 5499 libertum
2575 5447 2861 5514 patronus
2918 5444 3155 5497 accuset
3186 5458 3200 5497 :
3230 5444 3288 5496 et
3333 5444 3402 5497 ut
3445 5441 3506 5497 in
3536 5456 3717 5497 causa

2067 5531 2299 5605 capitali
2331 5532 2545 5588 absens
2573 5547 2746 5588 nemo
2791 5531 3123 5598 damnetur,
3156 5528 3271 5585 nisi
3319 5529 3586 5604 delegata
3625 5545 3716 5586 se-

2067 5623 2328 5681 cundum
2359 5637 2612 5682 canones
2650 5618 2978 5693 cognitione
3007 5619 3212 5678 adesse
3239 5623 3588 5695 provocatus
3617 5635 3719 5680 ne.

3311 5748 3391 5813 35
