3976 6188
297 320 452 382 1099
1078 316 1456 381 HINCMARI
1500 315 1746 379 RHEM.
1791 314 2152 378 ARCHIEP.
2201 315 2608 380 OPUSCULA
2653 319 2918 380 VARIA.
3541 315 3704 380 1100

293 451 554 526 glcxcrit,
586 455 651 507 ut
680 450 1020 508 dilationem
1051 453 1351 510 sententiae
1397 453 1467 509 de
1519 449 1786 508 absentia
1817 467 1930 506 non
1965 450 2020 516 Α
2049 454 2228 506 testes
2260 452 2572 508 mendaces
2593 451 3122 524 producunt,quia,
3141 455 3206 506 ut
3226 455 3468 507 sanctus
3497 451 3701 523 Augu-

293 539 570 597 lucretur.
2049 538 2242 594 stlnus
2265 538 2426 606 dicit,
2461 557 2610 595 nova
2641 541 2980 612 morborum
3011 557 3226 614 genera
3253 557 3403 596 nova
3440 556 3702 612 quierere

363 627 497 684 CAP.
531 628 686 684 XIII.
718 629 766 684 A
812 629 1029 700 quibus
1081 627 1376 686 accusatio
1420 627 1509 684 vel
1534 627 1939 684 testimonium
2047 631 2265 700 cogunt
2292 628 2716 684 medicatorum
2747 627 3162 702 experimenta.

293 716 500 773 debeat
518 715 1446 790 recipi,sanctiAfricanicanones
1467 720 1732 789 patentes
1752 720 1942 772 osten-
2115 706 2252 772 CAP.
2296 716 2413 772 XV.
2464 718 2508 772 A
2566 717 2890 790 majoribus
2956 718 3178 774 nostris
3241 716 3580 790 accepimus
3635 720 3702 773 ut

295 805 462 874 dunt,
486 804 545 861 id
577 809 686 872 est,
710 821 858 878 quos
887 805 1132 878 publicae
1163 805 1319 878 leges
1360 807 1432 861 ad
1481 805 1940 871 accusationem,
2047 803 2302 877 exceptis
2353 805 2816 872 accusatoribus,
2849 809 3074 877 septem
3121 805 3241 861 sint
3267 811 3452 862 testes
3481 804 3696 872 idonei,

292 893 382 950 vel
403 894 473 950 ad
493 893 902 950 testimonium
923 893 1035 951 reci
1043 894 1235 966 piunt,
1249 895 1402 949 sicut
1422 892 1653 965 plenius
1675 909 1741 948 ac
1762 891 1940 948 latius
2047 893 2149 966 qui
2170 893 2573 951 testimonium
2587 911 2762 950 suum
2785 911 2888 968 per
2904 900 3340 951 sacramentum
3352 911 3556 950 verum
3570 911 3700 952 esse

293 999 364 1040 ex
392 982 596 1039 eodem
622 982 888 1050 concilio,
911 985 969 1038 et
1013 999 1082 1038 ex
1128 981 1376 1055 legibus,
1411 999 1526 1038 non
1563 980 1733 1054 longe
1762 996 1942 1052 supra
2049 983 2418 1054 conﬁrment,
2451 1000 2519 1039 ex
2549 983 2767 1056 quibus
2798 999 2898 1040 sex
2933 985 3156 1055 jurent,
3195 987 3252 1040 et
3303 983 3614 1056 septimus,
3647 983 3698 1039 si

293 1070 741 1128 ostendimusde
761 1071 1138 1128 saecularibus
1158 1070 1616 1127 hominibus.De
1637 1070 1820 1126 sacris
1843 1086 1942 1124 au-
2048 1071 2194 1127 ratio
2215 1071 2304 1126 vel
2333 1071 2587 1144 qualitas
2635 1087 2896 1144 personae
2945 1071 3254 1142 permittit,
3287 1072 3358 1127 ad
3400 1071 3699 1144 judicium

293 1164 414 1216 tem
443 1159 746 1216 ordinibus
767 1161 1006 1215 sanctus
1028 1159 1295 1216 Gelasius
1330 1160 1390 1214 in
1429 1159 1678 1215 decretis
1705 1159 1828 1214 suis
1859 1159 1942 1213 di-
2047 1163 2210 1216 exeat
2227 1161 2381 1232 quod
2407 1159 2490 1214 illi
2515 1177 2614 1216 sex
2638 1159 2773 1215 inde
2793 1161 3094 1216 veritatem
3117 1177 3223 1232 per
3261 1164 3698 1216 sacramentum

293 1246 400 1304 cit:
421 1270 444 1298 α
461 1248 541 1304 Ne
561 1248 900 1304 clericorum
923 1247 1236 1321 quisquam
1260 1265 1322 1305 se
1338 1248 1518 1321 hujus
1536 1247 1767 1304 offensis
1790 1247 1940 1302 futu-
1998 1259 2011 1272 ‘
2048 1247 2318 1304 dixerint.
2353 1248 2421 1302 Et
2445 1247 2528 1304 sic
2559 1249 2630 1304 de
2658 1249 3034 1320 comprobato
3065 1248 3401 1321 presbytero
3437 1247 3700 1321 Apostoli

294 1353 428 1392 rum
447 1337 700 1392 confidat
718 1335 1068 1402 immunem,
1086 1353 1148 1392 se
1167 1336 1225 1392 in
1249 1336 1343 1392 his
1366 1353 1494 1409 qua
1517 1336 1832 1393 salubriter
1857 1353 1940 1392 se-
2048 1339 2330 1409 sequatur
2357 1337 2649 1392 sententia
2679 1354 2693 1392 :
2727 1337 2790 1393 Si
2817 1339 2941 1409 quis
2971 1355 3083 1393 non
3109 1338 3290 1394 obedit
3311 1338 3471 1394 verbo
3491 1346 3696 1403 nostro,

295 1423 526 1495 quenda
543 1423 1175 1495 deprompsimus,sive
1190 1423 1689 1496 episcopum.sive
1706 1423 1942 1496 presby—
2045 1427 2162 1481 sive
2185 1441 2286 1496 per
2311 1425 2615 1496 epistolam,
2649 1427 2763 1481 sive
2806 1442 2906 1498 per
2944 1427 3187 1491 verbum,
3230 1427 3375 1482 hunc
3419 1435 3618 1493 notate,
3649 1435 3702 1483 et

292 1511 631 1579 terum,sive
652 1511 966 1568 diaconum
986 1513 1197 1570 viderit
1215 1514 1733 1578 excedentem,non
1756 1513 1939 1585 proti-
1965 1505 1990 1520 “
2045 1514 2216 1570 nolite
2242 1515 2581 1570 commisceri
2607 1531 2732 1569 cum
2759 1531 2820 1570 eo
2843 1514 2915 1579 (II
2947 1515 3121 1570 Thess.
3141 1531 3228 1582 m,
3244 1514 3352 1586 14),
3373 1518 3432 1572 et
3451 1514 3697 1588 reliqua.

293 1616 406 1656 nus
427 1600 500 1656 ad
522 1617 692 1657 aures
706 1605 936 1658 nostras
949 1601 1170 1658 deferre
1183 1601 1940 1674 curaverit,probationibus
2048 1602 2118 1657 Et
2147 1606 2388 1658 sanctus
2427 1603 2539 1658 Leo
2571 1619 2722 1675 papa
2750 1603 2808 1656 in
2842 1591 3096 1658 decretis
3123 1603 3247 1659 suis
3278 1605 3350 1660 ad
3395 1604 3698 1662 universos

291 1689 577 1746 duntaxat
605 1693 1004 1762 competenter
1045 1690 1340 1758 exhibitis,
1375 1695 1440 1746 ut
1489 1691 1940 1764 transgressoris
2049 1691 2354 1764 episcopos
2384 1706 2487 1764 per
2514 1691 2814 1746 universas
2837 1690 3166 1763 provincias
3186 1691 3538 1748 constitutos
3559 1693 3701 1749 dicit

293 1775 440 1879 ultio
485 1778 607 1886 fiat,
640 1781 698 1834 et
745 1779 977 1880 caeteris.
1015 1777 1348 1835 interdictio
1379 1779 1778 1886 delinquendi.
1811 1801 1838 1879 ἶ)
1873 1780 1942 1834 Et
1972 1821 2020 1886 Β
2048 1781 2232 1880 (ίῖρὶειζ
2265 1781 2326 1886 ll.
2353 1797 2366 1834 :
2392 1801 2428 1886 lu
2462 1779 2578 1834 Hoc
2610 1778 2932 1886 admonitio
2965 1784 3164 1878 nostra
3193 1779 3700 1886 denuntiat,quod

293 1867 442 1925 sacri
471 1867 678 1923 Africa:
722 1868 1028 1940 provinciae
1080 1885 1352 1936 canones,
1385 1873 1442 1924 et
1489 1867 1579 1924 lex
1609 1867 1946 1924 Justiniana
1979 1867 2020 1886 "
2053 1867 2104 1922 si
2135 1867 2268 1940 quis
2300 1869 2544 1922 fratrum
2577 1873 2780 1923 contra
2809 1869 2929 1923 haec
2978 1869 3299 1924 constituta
3335 1869 3578 1937 venerit,
3611 1867 3702 1925 vel

293 1957 614 2013 decernunt
643 1974 657 2012 :
691 1955 897 2013 Clerici
947 1957 1017 2014 de
1053 1955 1264 2029 judicii
1314 1958 1402 2014 sui
1455 1957 1784 2030 cognitione
1827 1973 1944 2012 non
2051 1957 2247 2012 venire
2275 1957 2605 2028 tentaverit,
2628 1961 2686 2012 et
2705 1957 3000 2030 prohibita
3029 1957 3204 2014 fuerit
3225 1975 3408 2014 ausus
3434 1959 3706 2014 admitte~

293 2046 578 2118 cogantur
597 2045 658 2100 in
679 2045 914 2118 publico
936 2045 1128 2102 dicere
1156 2046 1582 2112 testimonium,
1609 2063 1724 2102 non
1747 2048 1945 2101 autem

297 2134 355 2189 in
387 2132 780 2190 ecclesiastico
798 2133 1022 2206 judicio
1065 2133 1255 2190 dicere
1303 2135 1705 2190 testimonium
1747 2133 1944 2206 prohi-

295 2223 526 2278 bentur.
559 2222 723 2278 Sicut
751 2222 926 2278 etiam
959 2223 1031 2278 de
1059 2223 1348 2296 episcopis
1380 2223 1436 2278 in
1485 2222 1940 2278 Chalcedonensi

295 2310 540 2368 concilio
573 2310 846 2384 legimus.
873 2311 1036 2368 Unde
1067 2312 1125 2366 in
1159 2311 1397 2384 synodis
1429 2311 1706 2367 Romanis
1736 2313 1808 2367 ab
1831 2312 1944 2366 Eu-

296 2400 466 2474 genio
496 2405 555 2456 ot
603 2401 790 2456 Leone
839 2404 1048 2472 quarto
1095 2399 1403 2456 celebratis
1451 2401 1748 2456 decretum
1807 2403 1942 2455 est:

296 2493 642 2563 Quanquam
674 2490 1042 2546 sacerdotum
1085 2489 1492 2546 testimonium
1526 2488 1802 2545 credibile
1839 2488 1945 2544 ha-

298 2580 520 2646 beatur,
535 2583 731 2634 tamen
754 2579 868 2651 ipsi
898 2579 959 2634 in
982 2578 1360 2635 saecularibus
1385 2578 1636 2652 negotiis
1657 2595 1760 2651 pro
1783 2576 1946 2632 testi-

298 2668 624 2736 monio,aut
642 2667 1020 2724 conficiendis
1043 2666 1471 2734 instrumentis,
1497 2685 1610 2722 non
1644 2671 1942 2740 rogentur,

297 2755 436 2830 quia
453 2773 554 2814 eos
570 2757 628 2812 in
649 2755 870 2813 talibus
891 2757 1067 2813 rebus
1086 2773 1216 2812 esse
1235 2774 1350 2812 non
1365 2755 1650 2812 convenit.
1667 2755 1726 2810 Si
1749 2760 1944 2811 autem

295 2851 504 2903 eventu
526 2845 722 2918 aliquo
745 2862 933 2902 causa;
955 2844 1344 2912 interfuerint,
1368 2849 1426 2900 et
1445 2843 1666 2916 aliquid
1696 2843 1946 2899 viderint

298 2939 398 2991 aut
427 2934 739 3002 audierint,
756 2933 856 2990 ubi
873 2933 1049 2990 nulla:
1069 2934 1141 2990 ad
1163 2932 1308 2988 illud
1329 2933 1551 2988 idoneae
1573 2931 1942 2988 saecularium

295 3023 669 3080 inveniantur
687 3040 968 3096 personae,
987 3039 1060 3078 ne
1079 3021 1293 3078 veritas
1312 3019 1656 3088 occultetur,
1672 3025 1730 3076 et
1749 3019 1944 3078 malus

297 3116 363 3169 ut
408 3113 599 3170 bonus
655 3111 1042 3178 existimetur,
1075 3111 1135 3166 in
1174 3109 1536 3182 providentia
1592 3109 1810 3182 proprii
1867 3109 1946 3165 sit

2053 2061 2134 2110 re,
2167 2061 2202 2100 a
2229 2044 2335 2100 suo
2367 2061 2430 2100 se
2460 2045 2682 2100 noverit
2713 2046 2903 2102 officio
2926 2047 3415 2116 submovendum,
3436 2064 3544 2103 nec
3568 2063 3703 2104 eum

2053 2133 2486 2188 communionis
2513 2138 2725 2190 nostrae
2756 2136 3022 2189 futurum
3055 2151 3185 2191 esse
3213 2141 3569 2206 consortem,
3601 2137 3704 2209 qui

2054 2223 2252 2278 socius
2297 2239 2424 2277 esse
2457 2222 2645 2277 noluit
2674 2222 3020 2294 disciplima,
3059 2246 3086 2272 »
3117 2229 3175 2278 et
3228 2223 3474 2298 reliqua.
3507 2225 3620 2282 Sed
3649 2230 3708 2282 et

2055 2311 2264 2366 beatus
2304 2310 2670 2383 Augustinus
2701 2328 2808 2367 suo
2839 2311 3276 2384 archiepiscopo
3307 2313 3602 2386 Xantippo
3635 2315 3708 2369 de

2053 2399 2426 2454 Abundantio
2480 2400 2815 2472 presbytero
2863 2417 2982 2456 suae
3031 2401 3318 2472 parochie
3358 2401 3442 2456 ita
3470 2400 3711 2474 scripsit

2055 2487 2128 2542 ad
2159 2487 2350 2542 locum
2381 2490 2561 2560 (epist.
2577 2489 2703 2554 236,
2726 2489 2907 2558 Xant.)
2941 2505 2954 2542 :
2983 2511 3013 2539 «
3037 2489 3183 2555 Quia
3203 2505 3336 2544 cum
3359 2507 3476 2545 non
3500 2487 3710 2545 ambu-

2054 2575 2201 2632 laret
2219 2575 2343 2631 vias
2372 2593 2671 2632 servorum
2708 2576 2824 2643 Dei,
2849 2576 2962 2632 non
2995 2578 3208 2632 bonam
3242 2579 3462 2633 famam
3493 2578 3712 2635 habere

2053 2671 2305 2737 coeperat
2337 2682 2350 2720 :
2385 2682 2502 2736 qua
2549 2681 2654 2738 ego
2703 2665 3076 2732 conterritus,
3111 2683 3228 2722 non
3259 2671 3458 2722 tamen
3513 2671 3712 2724 tenere

2054 2753 2274 2826 aliquid
2297 2755 2560 2820 credens,
2587 2755 2687 2810 sed
2710 2753 2882 2826 plane
2904 2753 3211 2811 sollicitior
3230 2755 3439 2823 factus,
3463 2772 3707 2828 operam

2053 2842 2263 2908 dedi,si
2287 2858 2402 2914 quo
2426 2843 2598 2898 modo
2621 2858 2854 2915 possem
2879 2843 2951 2898 ad
2985 2842 3186 2916 aliqua
3208 2843 3373 2900 malae
3392 2861 3712 2901 conversa-

2049 2929 2228 2985 tionis
2257 2930 2386 3001 ejus
2414 2935 2571 2986 certa
2597 2929 3162 3003 incidia_pervenire.
3195 2935 3274 2988 Ac
3315 2933 3507 3004 primo
3539 2949 3713 2988 com-

2051 3018 2173 3090 peri
2195 3035 2330 3074 eum
2352 3018 2662 3090 pecuniam
2684 3020 2996 3090 cujusdam
3021 3019 3304 3076 rusticani
3323 3019 3520 3076 divino
3542 3023 3708 3094 apud

2050 3124 2112 3164 se
2143 3107 2550 3164 commendato
2601 3107 3016 3175 intervertisse,
3045 3109 3129 3165 ita
3176 3113 3241 3165 ut
3285 3109 3514 3166 nullam
3561 3110 3710 3166 inde

296 3199 573 3274 episcdpi,
601 3204 667 3256 ut
691 3203 792 3256 aut
823 3216 1018 3255 coram
1049 3215 1113 3254 se
1145 3203 1202 3254 et
1229 3198 1700 3272 competentibus
1721 3197 1940 3269 judici-
1969 3185 2014 3254 C
2051 3200 2248 3268 posset
2278 3195 2638 3268 probabilem
2669 3197 2910 3254 reddere
2957 3197 3264 3254 rationem.
3297 3198 3517 3256 Deinde
3560 3216 3714 3256 con-

297 3290 430 3356 bus,
449 3293 550 3346 aut
578 3287 748 3344 aliter
764 3287 1065 3344 veritatem
1088 3286 1404 3342 honorifice
1435 3286 1842 3342 testiﬁcentur.
1876 3287 1946 3342 Et

297 3377 436 3432 huic
465 3375 767 3432 sententiae
796 3374 1132 3432 Justiniana
1162 3375 1252 3431 lex
1283 3379 1582 3432 consonat.

367 3463 504 3520 CAP.
536 3463 680 3520 XIV.
717 3465 796 3520 De
835 3481 1082 3520 numero
1125 3464 1362 3521 testium
1395 3465 1452 3519 in
1483 3465 1608 3537 lege
1653 3467 1942 3520 statutum

297 3556 406 3622 est,
438 3553 683 3626 quodet
712 3553 782 3608 in'
819 3553 1132 3627 Evangelio
1178 3559 1268 3610 est
1313 3554 1748 3621 confirmatum,
1775 3557 1842 3609 ut
1883 3554 1942 3609 in

295 3659 393 3700 ore
415 3642 666 3698 duorum
688 3641 774 3700 vel
797 3642 975 3698 trium
997 3642 1236 3698 testium
1261 3646 1374 3700 stet
1391 3659 1565 3698 omne
1583 3643 1848 3698 verbum.
1875 3642 1946 3696 Et

292 3730 609 3804 Apostolus
641 3731 949 3787 Timotheo
971 3731 1250 3802 praecipit,
1285 3731 1346 3786 in
1375 3731 1548 3801 cujus
1574 3745 1842 3802 persona,
1876 3733 1945 3786 ut

293 3819 500 3875 beatus
531 3820 642 3874 Leo
663 3818 1096 3886 dicit,omnium
1115 3818 1328 3874 Christi
1347 3818 1714 3874 sacerdotum
1738 3834 1941 3874 nume-

293 3923 396 3962 rus
443 3906 728 3972 eruditur,
761 3910 828 3961 ut
877 3907 1172 3962 accusatio
1218 3907 1498 3962 adversus
1537 3907 1942 3979 presbyterum

293 4009 411 4050 non
443 3992 779 4065 recipiatur,
811 3992 924 4048 nisi
957 3993 1068 4049 sub
1099 3994 1330 4050 duobus
1355 3993 1443 4049 vel
1479 3993 1670 4049 tribus
1691 3993 1942 4050 testibus

293 4083 343 4152 (1
370 4083 502 4138 Tim.
536 4099 593 4146 ν,
621 4080 730 4154 19).
763 4081 834 4136 Et
861 4097 1094 4137 sacrum
1126 4081 1424 4138 Nicaanum
1457 4080 1771 4138 concilium
1793 4081 1938 4154 (can.

294 4171 404 4244 11),
438 4169 798 4243 neophytum
856 4169 1217 4243 episcopum,
1251 4188 1286 4226 a
1331 4170 1562 4226 duobus
1617 4169 1705 4226 vel
1751 4169 1941 4225 tribus

292 4259 546 4317 testibus
577 4259 1021 4332 redargutum,a
1040 4259 1192 4315 clero
1216 4259 1506 4315 abstinere
1527 4257 1802 4332 praecipit.
1827 4258 1939 4314 Sed

291 4347 432 4419 quia
457 4347 518 4402 in
549 4346 796 4403 historia
841 4347 1124 4404 Susanna;
1174 4348 1323 4404 duos
1372 4352 1569 4413 testes,
1603 4347 1705 4418 qui
1747 4347 1940 4404 idonei

291 4435 525 4508 populis
551 4435 918 4503 videbantur,
943 4439 1001 4492 et
1030 4435 1086 4490 in
1111 4435 1360 4492 historia
1405 4435 1711 4506 Nabuthae,
1737 4436 1838 4491 sed
1883 4441 1941 4493 et

289 4523 353 4578 in
383 4521 632 4579 historia
679 4522 972 4594 passionis
1029 4523 1254 4579 Domini
1301 4524 1450 4579 duos
1497 4527 1674 4580 testes
1721 4523 1938 4581 dixisse
1967 4554 2014 4619 D

290 4609 504 4666 falsum
524 4609 925 4684 testimonium
951 4609 1224 4684 legimus,
1240 4611 1492 4682 majores
1516 4609 1942 4682 nostri,praeter

291 4701 662 4755 accusatores
693 4699 752 4754 in
781 4698 1154 4756 accusatione
1185 4699 1676 4772 presbyterorum,
1708 4699 1782 4754 de
1819 4716 1934 4756 nu-

291 4803 450 4844 mero
480 4785 720 4843 testium
750 4787 1094 4844 idoneorum
1141 4787 1546 4844 auctoritatem
1593 4786 1790 4860 legum
1837 4804 1934 4844 se-

289 4876 583 4949 quendam
613 4875 940 4944 voluerunt,
962 4880 1025 4932 ut
1054 4881 1280 4948 septem
1311 4880 1488 4932 testes
1517 4875 1710 4932 idonei
1741 4877 1934 4948 requi-

289 4969 516 5038 rantur,
533 4965 662 5022 etsi
684 4965 830 5022 ratio
859 4963 949 5021 vel
989 4981 1168 5020 causa
1196 4964 1468 5038 coegerit,
1494 4965 1932 5036 quatuordecim

285 5053 375 5111 vel
403 5053 613 5129 viginti
634 5058 692 5111 et
714 5045 878 5110 unus
906 5055 1082 5110 testes
1113 5057 1468 5126 quaerantur,
1495 5058 1560 5109 ut
1585 5053 1798 5110 veritas
1827 5071 1934 5126 pa-

289 5143 504 5200 tefacta
531 5147 912 5199 monstretur.
929 5141 1036 5208 Qui
1066 5145 1252 5198 testes
1272 5139 1353 5198 ad'
1375 5141 1704 5214 exemplum
1727 5142 1936 5200 Danie-

284 5231 380 5304 lis,
393 5231 547 5288 sicut
567 5236 623 5288 et
643 5231 802 5306 leges
833 5231 1200 5304 praecipiunt,
1218 5231 1590 5288 examinandi
1620 5236 1937 5305 sunt,quo-

285 5321 446 5380 niam
467 5319 596 5394 ipsa
609 5321 906 5394 prophetae
921 5320 1272 5378 examinatio
1285 5321 1414 5392 jam
1430 5320 1787 5392 quibusdam
1801 5325 1938 5378 nota

283 5413 458 5477 cst,et
475 5425 628 5482 saepe
646 5408 866 5466 inventi
887 5413 1028 5466 sunt
1048 5408 1234 5482 pretio
1253 5409 1526 5466 conducti
1547 5413 1604 5466 et
1615 5409 1934 5483 conspirati

284 5497 358 5553 ad
386 5497 700 5554 dicendum
731 5498 1128 5565 mendacium,
1161 5501 1224 5554 et
1251 5514 1404 5570 sepe
1433 5496 1676 5570 quidam
1717 5497 1936 5556 invidia

283 5581 374 5646 vel
399 5582 531 5644 odio
563 5584 636 5644 ad
667 5585 1071 5662 presbyterum
1099 5585 1500 5644 accusandum
1521 5591 1850 5663 emergunt,
1876 5591 1934 5646 et

2052 3283 2239 3339 victus
2260 3288 2434 3356 atque
2456 3283 2761 3341 confessus
2782 3291 3033 3354 est,cum
3057 3303 3259 3342 secum
3282 3285 3512 3342 nullum
3535 3287 3713 3342 cleri-

2051 3389 2187 3428 cum
2218 3371 2476 3441 haberet,
2501 3390 2562 3428 se
2585 3373 2742 3446 apud
2763 3375 3084 3446 quamdam
3109 3375 3274 3431 malas
3305 3376 3471 3432 famis
3495 3375 3718 3434 mulie-

2052 3478 2198 3531 rem,
2228 3466 2286 3518 et
2316 3463 2640 3532 prandisse,
2673 3467 2732 3518 et
2759 3480 3040 3534 coenasse,
3075 3470 3133 3520 et
3161 3465 3219 3520 in
3253 3483 3370 3522 una
3408 3471 3464 3522 et
3492 3467 3708 3522 eadem

2045 3551 2225 3606 domo
2245 3550 2536 3607 mansisse
2560 3568 2572 3606 :
2604 3567 2740 3608 nam
2764 3570 2891 3625 quas
2915 3552 3165 3626 negavit,
3183 3553 3300 3610 Deo
3320 3553 3549 3623 dimisi;
3572 3571 3712 3626 quae

2051 3637 2342 3694 occultare
2371 3638 2698 3712 permissus
2729 3658 2844 3696 non
2875 3647 2983 3708 est,
2999 3642 3281 3714 judicavi.
3316 3665 3344 3692 ››
3381 3643 3500 3698 Hoc
3527 3644 3712 3700 modo

2053 3727 2292 3782 veritate
2323 3733 2640 3800 comperta,
2667 3730 2738 3785 de
2769 3730 3198 3786 cohabitatione
3231 3731 3537 3788 interdicta
3565 3748 3709 3788 cum

2050 3811 2396 3870 mulieribus
2415 3815 2714 3872 convictus
2735 3817 3056 3890 presbyter,
3072 3817 3402 3891 legaliteret
3424 3817 3708 3892 regulari-

2047 3903 2138 3956 ter
2167 3901 2511 3958 sacerdotali
2549 3902 2608 3958 in
2643 3903 2774 3960 istis
2805 3905 3042 3961 Gallicis
3073 3905 3410 3978 regionibus
3440 3906 3708 3979 privatur

2048 3989 2262 4056 ofﬁcio,
2293 3989 2447 4046 sicut
2464 3991 2731 4048 Zosimus
2751 4010 2903 4066 papa
2931 3994 3185 4050 decrevit
3219 3995 3420 4052 dicens
3440 3999 3622 4067 (epist.
3655 4012 3703 4062 ι,

2049 4078 2119 4134 ad
2148 4080 2436 4165 [{ezich.):
2461 4103 2490 4130 «
2510 4079 2668 4137 Sciat
2689 4080 2958 4154 quisquis
2987 4081 3450 4163 hoc,postposita
3462 4083 3708 4140 Patrum

2049 4171 2106 4223 et
2134 4167 2464 4239 apostolicae
2491 4169 2648 4225 sedis
2697 4171 3066 4240 auctoritate,
3097 4170 3432 4244 neglexerit,
3466 4189 3502 4227 a
3531 4172 3708 4230 nobis

2047 4256 2374 4314 districtius
2401 4256 2839 4330 vindicandum,
2855 4263 2920 4314 ut
2946 4258 3057 4315 loci
3087 4259 3179 4314 sui
3210 4258 3453 4315 minime
3473 4260 3712 4316 dubitet

2047 4343 2158 4401 sibi
2201 4363 2316 4402 non
2361 4350 2630 4402 constare
2663 4347 2972 4417 rationem,
3007 4347 3057 4404 si
3087 4347 3197 4404 hoc
3252 4351 3421 4422 putat
3449 4354 3587 4421 post
3613 4354 3710 4406 tot

2045 4433 2468 4506 prohibitiones
2519 4435 2760 4507 impune
2811 4452 2982 4508 posse
3036 4436 3270 4492 tentari.
3321 4437 3709 4494 Contumelia

2046 4523 2204 4578 enim
2225 4524 2422 4580 studio
2452 4525 2536 4591 ﬁt,
2561 4523 2849 4596 quidquid
2899 4523 3278 4581 interdictum
3317 4523 3490 4582 toties
3520 4542 3712 4583 usur-

2047 4616 2240 4684 patur.
2278 4634 2300 4662 ιι

2114 4699 2250 4756 CAP.
2281 4699 2426 4756 XVI.
2461 4699 2519 4756 Si
2542 4705 2738 4758 autem
2762 4701 2918 4758 mala
2957 4703 3115 4758 fama
3154 4719 3223 4759 ex
3258 4703 3378 4759 veri
3421 4701 3712 4760 similitno

2042 4788 2178 4844 dine
2206 4805 2310 4860 per
2336 4788 2644 4860 parochias
2677 4795 2908 4846 nostras
2958 4791 3030 4846 de
3073 4791 3416 4864 presbytero
3459 4790 3594 4859 exit,
3635 4792 3712 4847 et

2042 4882 2410 4934 accusatores
2430 4883 2604 4950 atque
2629 4882 2806 4935 testes
2830 4878 3046 4952 legales
3068 4896 3186 4936 non
3215 4897 3348 4936 esse
3373 4879 3709 4955 deprehen-

2043 4966 2284 5035 duntur,
2304 4965 2393 5023 vel
2425 4967 2506 5024 rei
2539 4966 2817 5024 falsitatis
2867 4967 3313 5036 convincuntur,
3340 4968 3608 5043 legaliter
3629 4984 3707 5024 ac

2043 5054 2392 5129 regulariter
2418 5054 2503 5112 eis
2545 5055 2831 5124 multatis,
2865 5073 2938 5112 ne
2985 5057 3360 5113 inﬁrmorum
3411 5058 3590 5114 corda
3624 5057 3706 5113 de

2045 5143 2202 5199 mala
2231 5143 2389 5200 fama
2418 5144 2738 5217 presbyteri
2769 5145 3193 5218 percutiantur,
3220 5150 3278 5202 et
3306 5163 3380 5202 ne
3409 5146 3706 5218 vitupere-

2044 5237 2144 5289 tur
2161 5231 2551 5289 ministerium
2573 5237 3069 5307 nostrum,neque
3099 5233 3426 5292 securiores
3458 5235 3706 5308 presby-

2042 5321 2150 5376 teri
2181 5320 2494 5378 existentes
2525 5320 2796 5378 licentius
2838 5320 2897 5376 in
2925 5325 3234 5394 peccatum
3283 5322 3586 5392 labantur,
3612 5337 3712 5378 se-

2043 5410 2302 5466 cundum
2333 5410 2632 5466 decretum
2683 5411 2945 5484 Gregorii
2987 5411 3246 5484 junioris
3277 5415 3460 5484 (epist.
3511 5413 3596 5480 11,
3624 5410 3712 5466 αἰ

2041 5499 2336 5573 Bonifac.),
2360 5503 2448 5556 est
2458 5500 2581 5572 jusj
2591 5501 2884 5558 urandum
2907 5500 2966 5556 in
2991 5499 3278 5569 medio,ut
3296 5500 3512 5559 habeat
3531 5497 3710 5556 mala

2041 5589 2210 5648 fame
2228 5587 2532 5664 presbyter
2550 5589 2614 5646 in
2636 5593 3008 5648 sacramento
3027 5589 3402 5665 purgationis
3422 5607 3538 5649 sua:
3558 5603 3714 5648 eum
