3976 6188
269 323 432 393 ἨΜ

969 333 1354 398 HINCMARI
1397 335 1646 398 RHEM.
1689 333 2054 397 ARCHIEP.
2101 335 2519 400 OPUSCULA
2559 336 2833 398 VARIA.

3533 339 3701 402 1112

1852 655 2104 726 XVI.

992 836 1138 921 DE
1197 834 1561 924 CAUSA
1619 831 2254 921 TEUTFRIDI
2309 832 2994 924 PRESBYTERI
3110 925 3116 930 .

1367 1010 1637 1088 Qualiter
1659 1011 1742 1074 sit
1764 1009 2058 1092 agitanda
2084 1010 2180 1073 vel
2201 1009 2593 1093 cii/ﬁnienda.

1077 1173 1266 1247 (Apud
1299 1173 1596 1240 eumdem,
1627 1189 1697 1230 ex
1724 1171 1981 1229 editione
2010 1169 2357 1246 Moguntina
2381 1171 2626 1230 Joannis
2655 1171 2891 1243 Buseei.)

355 1449 492 1506 CAP.
527 1448 570 1506 Ι.
603 1449 855 1506 Sanctus
902 1449 1214 1524 Gregorius
1263 1468 1434 1524 papa,
1469 1450 1529 1506 in
1557 1450 1804 1524 Regesto
1833 1449 1932 1506 de-
1963 1449 2018 1517 Α
2045 1449 2228 1522 ipsum
2257 1449 2509 1522 (Nahvm.
2542 1452 2603 1520 1).
2639 1473 2663 1504 ι
2702 1449 2761 1508 Si
2794 1449 2952 1508 enim
2999 1449 3344 1508 ﬁdelitatem
3393 1449 3509 1525 ipsi
3550 1468 3699 1508 case

283 1541 575 1592 cretorum
607 1555 869 1605 suorum,
885 1539 1182 1596 multoties
1205 1539 1437 1613 negotia
1457 1539 1854 1596 ecclesiastica
1875 1543 1934 1595 et

283 1640 492 1681 causas
520 1623 1052 1683 ecclesiasticorum
1082 1626 1346 1702 legaliter
1373 1645 1440 1684 ac
1470 1627 1816 1700 regulariter
1834 1629 1932 1684 de-

279 1704 414 1769 bere
445 1711 691 1770 diffiniri
738 1713 1016 1772 decernit.
1049 1715 1157 1772 Ubi
1203 1715 1289 1773 vel
1322 1734 1356 1773 a
1385 1717 1602 1790 quibus
1650 1734 1832 1774 causa
1863 1718 1932 1773 de

279 1801 581 1860 Teutfrido
593 1803 932 1877 presbytero
945 1804 1320 1878 agitandavel
1335 1805 1681 1862 diffinienda
1691 1806 1769 1862 sit
1779 1805 1929 1876 (Cod.

283 1889 476 1947 Theod.
509 1889 549 1948 1.
584 1892 672 1960 10,
704 1891 770 1948 de
799 1892 1202 1966 Accusation.):
1238 1916 1266 1944 ‹‹
1303 1895 1487 1968 Leges
1517 1893 1839 1951 decernunt
1868 1899 1936 1951 ut

281 1977 441 2035 ultra
478 1979 786 2052 provinciae
837 1980 1120 2038 terminos
1169 1983 1486 2038 accusandi
1535 1981 1772 2040 licentia
1817 2001 1933 2039 non

280 2067 710 2142 progrediatur.
744 2069 985 2144 Oportet
1013 2069 1170 2128 enim
1196 2069 1318 2127 illic
1345 2071 1664 2128 criminum
1707 2071 1938 2144 judicia

276 2156 514 2231 agitari,
547 2158 648 2215 ubi
689 2158 921 2216 facinus
969 2159 1200 2216 dicatur
1246 2160 1593 2218 admissum.
1627 2161 1936 2235 Peregrina

281 2250 477 2303 autem
500 2245 730 2320 judicia
760 2249 1146 2320 praesentibus
1176 2248 1404 2322 legibus
1433 2266 1790 2307 coercemus.
1815 2274 1844 2301 »
1865 2252 1936 2307 Et

276 2334 770 2410 Carthaginenses
829 2353 1082 2394 canones
1130 2339 1320 2411 capite
1367 2338 1670 2412 trigesimo
1702 2355 1716 2396 :
1747 2361 1776 2390 ‹‹
1806 2339 1934 2395 Pla-

279 2423 425 2493 cuit,
457 2423 754 2498 inquiunt,
789 2429 856 2482 ut
885 2431 1196 2482 accusatus
1223 2427 1311 2484 vel
1343 2432 1648 2484 accusator
1676 2427 1737 2484 in
1767 2445 1834 2486 eo
1857 2429 1938 2486 lo-

279 2530 370 2582 co,
401 2515 556 2571 unde
585 2519 676 2572 est
705 2513 801 2571 ille
832 2514 932 2588 qui
963 2519 1296 2584 accusatur,
1328 2515 1378 2573 si
1427 2517 1638 2574 metuit
1675 2517 1933 2592 aliquam

277 2602 397 2660 vim
453 2602 774 2660 temeraria
835 2603 1260 2671 multitudinis,
1294 2604 1489 2663 locum
1547 2605 1661 2662 sibi
1715 2607 1935 2681 egligat

277 2691 633 2766 proximum,
666 2709 782 2766 quo
813 2710 930 2750 non
962 2693 1040 2750 sit
1079 2693 1316 2751 difﬁcile
1362 2699 1542 2752 testes
1589 2697 1930 2769 producere,

2040 1539 2143 1596 Dei
2164 1539 2414 1611 juravit,
2430 1539 2489 1595 in
2522 1539 2777 1612 perjurio
2805 1543 3014 1612 captus
3033 1543 3124 1596 est
3148 1557 3162 1596 :
3185 1539 3326 1614 quia
3345 1557 3480 1597 vero
3503 1557 3700 1598 sacra-

2039 1633 2132 1685 tas
2160 1629 2276 1684 Deo
2327 1627 2638 1684 facultates
2685 1627 2975 1695 distraxit,
3011 1627 3386 1702 sacrilegium
3433 1629 3700 1701 admisit,

2042 1717 2196 1774 sicut
2225 1719 2464 1772 sanctus
2495 1715 2810 1772 Anacletus
2842 1731 3017 1789 papa,
3048 1715 3121 1772 ab
3151 1715 3280 1788 ipso
3312 1715 3482 1772 beato
3531 1716 3700 1772 Petro

2041 1804 2302 1878 apostolo
2333 1804 2638 1878 presbyter
2674 1803 3000 1874 ordinatus,
3037 1807 3244 1878 postea
3289 1803 3350 1859 in
3401 1804 3542 1860 sede
3585 1805 3700 1862 Ro-

2041 1911 2218 1951 mana
2237 1909 2542 1950 successor
2563 1891 2724 1949 illius
2754 1893 2946 1948 factus
2978 1893 3464 1966 episcopus,cum
3491 1910 3701 1967 quam-

2043 1983 2317 2056 plurimis
2347 1981 2750 2038 sacerdotibus
2787 1981 3096 2052 judicabat
3124 1998 3139 2038 :
3174 2005 3203 2032 ι(
3237 1981 3367 2050 Qui,
3399 1981 3698 2055 inquiens,

2041 2071 2254 2129 Christi
2283 2071 2564 2144 pecunias
2589 2074 2648 2126 et
2666 2069 2937 2126 Ecclesiae
2968 2071 3142 2144 rapit,
3177 2072 3387 2140 aufert,
3416 2071 3506 2128 vel
3539 2073 3702 2128 frau-

2044 2158 2240 2228 datur,
2275 2160 2573 2218 homicida
2602 2163 2712 2228 est,
2743 2163 2918 2233 atque
2949 2159 3248 2217 homicida
3289 2163 3423 2217 ante
3455 2177 3700 2236 conspe-

2044 2253 2205 2307 ctum
2229 2250 2383 2322 justi
2403 2248 2627 2322 judicia
2657 2247 3173 2322 deputabitur.Qui
3203 2249 3356 2322 rapit
3385 2249 3699 2322 pecuniam

2043 2338 2291 2412 proximi
2313 2337 2807 2410 sui,iniquitatem
2836 2341 3148 2411 operatur:
3172 2337 3274 2410 qui
3301 2343 3500 2394 autem
3523 2355 3697 2412 pecu-

2043 2428 2202 2485 niam
2233 2427 2321 2484 vel
2355 2445 2447 2484 res
2477 2427 2747 2484 Ecclesiae
2776 2427 3108 2495 abstulerit,
3140 2427 3516 2502 sacrilegium
3557 2429 3699 2485 facit

2041 2521 2102 2574 et
2133 2520 2198 2573 ut
2227 2515 2552 2590 sacrilegus
2572 2516 2938 2588 judicandus
2967 2521 3077 2574 est.
3106 2539 3134 2567 »
3153 2517 3226 2573 Et
3255 2521 3499 2575 sanctus
3519 2517 3699 2574 Urba-

2041 2623 2156 2663 nus
2179 2623 2330 2680 papa
2353 2611 2411 2662 et
2430 2609 2682 2678 martyr:
2697 2627 2726 2656 «
2751 2605 2865 2663 Res
2885 2609 2942 2662 et
2961 2605 3269 2663 facultates
3289 2605 3696 2664 ecclesiastica

2043 2695 2366 2754 oblationes
2397 2693 2786 2767 appellantur,
2819 2694 2958 2767 quia
2987 2695 3236 2751 Domino
3267 2696 3616 2764 offeruntur,
3640 2700 3699 2752 et

277 2779 380 2884 ubi
411 2797 594 2886 causa
621 2781 880 2839 ﬁniatur.
912 2805 942 2835 »
976 2783 1046 2839 Et
1075 2784 1334 2857 synodus
1371 2783 1574 2841 Africae
1622 2785 1932 2858 provinciae
1965 2819 2014 2886 B
2041 2789 2179 2842 vota
2203 2789 2342 2841 sunt
2372 2783 2656 2852 ﬁdelium,
2691 2800 2758 2840 ac
2790 2783 2978 2856 pretia
3024 2789 3396 2886 peccatorum
3433 2801 3447 2840 :
3481 2785 3531 2841 si
3563 2785 3696 2858 quis

284 2869 346 2926 in
377 2870 626 2944 epistola
654 2871 727 2928 ad
757 2871 1140 2928 Caelestinum
1189 2889 1402 2945 papam
1437 2889 1450 2928 :
1486 2897 1515 2925 «
1549 2873 1938 2932 Prudentissi-

283 2959 618 3032 me,inquit,
643 2960 1124 3034 justisssimeque
1155 2961 1533 3034 providerunt
1563 2966 1936 3036 patres,quae-

279 3065 512 3122 cunque
542 3049 778 3123 negotia
804 3049 862 3105 in
897 3049 1022 3106 suis
1049 3049 1192 3105 locis
1220 3049 1317 3105 ubi
1359 3055 1486 3106 orta
1533 3054 1672 3106 sunt
1719 3051 1932 3107 finien-

280 3135 374 3194 da.
412 3161 440 3187 »

351 3226 486 3282 CAP.
520 3227 594 3282 ll.
630 3226 932 3298 Presbyter
961 3226 1266 3283 confessus
1294 3226 1381 3284 vel
1413 3229 1774 3298 convictus,a
1803 3248 1932 3304 pro-

277 3313 404 3387 prio
435 3315 730 3388 episcopo,
764 3313 814 3370 si
843 3313 1246 3372 contentiosus
1295 3315 1470 3372 fuerit
1515 3316 1588 3372 ab
1637 3318 1929 3392 episcopis

276 3419 397 3458 suae
429 3401 740 3474 provincia
761 3401 1015 3474 judicari
1047 3401 1240 3474 debet,
1274 3403 1428 3460 sicut
1456 3404 1691 3474 Niczeni,
1725 3408 1924 3465 Antio-

273 3488 464 3559 chcni,
499 3489 896 3560 Sardicenses,
929 3495 987 3548 et
1029 3491 1553 3562 Chalcedonenses,
1585 3499 1644 3550 et
1681 3496 1924 3554 Cartha-

269 3577 546 3652 ginenses
593 3579 850 3637 Africani
899 3598 1152 3638 canones
1199 3582 1542 3640 decernunt.
1593 3583 1756 3641 Unde
1801 3587 1923 3642 An-

269 3665 522 3725 tiocheni
573 3685 828 3726 canones
875 3669 1131 3742 capitulo
1179 3669 1404 3728 decimo
1457 3677 1618 3729 sexto
1668 3673 1919 3732 dicunt:

2043 2873 2146 2930 illa
2175 2873 2456 2947 rapuerit,
2490 2891 2624 2930 reus
2655 2876 2746 2930 est
2793 2872 3190 2930 damnationis
3236 2874 3475 2930 Anania:
3507 2878 3566 2930 et
3593 2874 3694 2931 Sa-

2041 2963 2261 3036 phirm;
2293 2965 2352 3018 et
2397 2967 2624 3035 oportet
2670 2961 3011 3034 huiusmodi
3060 2962 3288 3019 tradere
3339 2963 3594 3030 Satanm,
3631 2967 3693 3020 ut

2040 3049 2282 3123 spiritus
2313 3049 2510 3106 salvus
2536 3051 2638 3105 fiat
2665 3049 2724 3105 in
2757 3049 2850 3107 die
2879 3049 3134 3106 Domini.
3165 3073 3194 3101 n
3216 3051 3285 3106 Et
3313 3055 3563 3108 sanctus
3583 3053 3693 3108 Lu-

2039 3139 2166 3196 cius
2196 3157 2347 3212 papa
2381 3157 2394 3195 :
2427 3163 2454 3189 «
2481 3143 2694 3194 Rerum
2715 3137 3246 3195 ecclesiasticarum
3267 3144 3325 3195 et
3345 3140 3690 3197 facultatum

2037 3231 2302 3301 raptores
2323 3245 2357 3285 a
2376 3225 2681 3282 liminibus
2703 3230 2916 3284 sancta:
2937 3225 3206 3284 Ecclesia:
3239 3228 3692 3286 anathematiza-

2035 3320 2126 3374 tos
2157 3315 2478 3390 apostolica
2505 3316 2849 3372 auctoritate
2891 3315 3191 3389 pellimus,
3221 3320 3279 3373 et
3309 3316 3688 3387 damnamus,

2034 3409 2210 3478 atque
2238 3403 2553 3477 sacrilegos
2583 3420 2712 3460 esse
2733 3403 3217 3476 judicamus.Par
3244 3406 3404 3462 enim
3440 3424 3616 3478 paena
3637 3412 3692 3464 et

2034 3499 2274 3568 agentes
2303 3497 2360 3548 et
2387 3492 2818 3549 consentientes
2840 3494 3339 3566 comprehendit.»
3353 3495 3426 3551 Et
3445 3501 3687 3553 sanctus

2032 3582 2345 3656 Gregorius
2404 3597 2602 3654 papa:
2637 3603 2666 3632 α
2700 3580 3084 3656 Sacrilegum,
3130 3583 3343 3656 inquit.
3377 3588 3439 3640 et
3486 3589 3688 3642 contra
3789 3623 3794 3626 -

2030 3669 2189 3742 leges
2199 3669 2364 3736 est,si
2380 3668 2514 3742 quis
2533 3670 2686 3742 quod
2702 3669 3132 3728 venerabilihus
3148 3670 3291 3729 locis
3304 3671 3680 3747 relinquitur,

269 3777 300 3807 «
333 3756 659 3814 Perfectum
717 3757 1032 3815 concilium
1091 3759 1233 3815 illud
1283 3765 1392 3831 est,
1444 3761 1544 3816 ubi
1594 3761 1922 3820 interfuerit
2030 3775 2217 3831 pravae
2247 3756 2564 3814 voluntatis
2595 3757 2810 3814 studiis
2837 3758 2962 3815 suis
2991 3759 3300 3816 tentaverit
3318 3763 3683 3834 compendiis

267 3845 756 3920 metropolitanus
785 3847 1049 3902 antistes.
1085 3869 1113 3897 »
1143 3847 1216 3903 Et
1242 3847 1496 3922 capitulo
1533 3849 1817 3923 vigesimo
1848 3852 1919 3908 de
2027 3845 2296 3903 retinere.
2329 3867 2358 3896 υ
2393 3847 2462 3902 Et
2493 3850 2732 3903 sanctus
2780 3848 3169 3920 AugustinuS,
3203 3864 3238 3904 ο.
3268 3849 3405 3905 sede
3445 3856 3680 3922 aposto-

267 3932 536 3990 conciliis
564 3933 1000 4007 episcopalibus
1031 3951 1045 3991 :
1082 3957 1110 3986 «
1139 3935 1204 3992 In
1237 3935 1382 4010 ipsis
1407 3936 1672 3995 conciliis
1721 3940 1918 3996 adsint
2023 3934 2138 3992 lica
2168 3952 2272 4008 per
2299 3936 2534 3992 beatum
2567 3933 2946 3992 Caelestinum
2966 3935 3122 3992 inter
3139 3935 3678 4010 optimosEcclesim

265 4015 610 4095 presbyteri,
642 4027 698 4079 et
725 4023 978 4092 diaconi,
1012 4029 1069 4081 et
1097 4041 1300 4082 omnes
1337 4025 1439 4097 qui
1471 4043 1534 4082 se
1563 4026 1733 4084 laesos
1763 4028 1912 4086 exis-
2023 4023 2336 4098 magistros
2368 4024 2576 4080 merito
2609 4024 3081 4097 computatus,in
3099 4042 3369 4082 sermone
3382 4025 3678 4101 Evangelii

263 4108 498 4179 timant,
529 4115 588 4168 et
627 4112 832 4186 synodi
875 4113 1251 4186 experiantur
1294 4131 1556 4170 examen.
1594 4137 1621 4164 »
1653 4117 1724 4172 Et
1751 4118 1909 4190 capi-
1954 4187 1981 4190 ι
2020 4111 2176 4170 beati
2205 4111 2450 4168 Joannis
2479 4112 2622 4168 dicit
2655 4129 2668 4166 :
2703 4135 2732 4162 «
2756 4113 2898 4170 Ecce
2925 4113 3078 4170 inter
3097 4118 3332 4170 sanctos
3355 4118 3450 4171 est
3471 4115 3675 4184 Judas,

262 4196 386 4255 tulo
416 4216 590 4271 nono,
622 4224 649 4250 ‹‹
681 4205 746 4257 ut
776 4201 1084 4276 episcopus
1111 4201 1257 4258 nihil
1291 4219 1460 4277 agere
1491 4207 1674 4260 tentet
1702 4187 1911 4278 praeter
1941 4187 1984 4252 C
2021 4217 2152 4258 ecce
2184 4201 2278 4256 fur
2308 4205 2397 4256 est
2425 4200 2695 4263 Judas,et
2723 4217 2798 4257 ne
2827 4203 3303 4276 contemnas,fur
3331 4204 3673 4277 sacrilegus,

260 4287 585 4345 antistitem
609 4289 1144 4363 metropolitanum,
1179 4291 1293 4348 nisi
1323 4293 1479 4365 quod
1511 4293 1582 4348 ad
1615 4295 1908 4366 propriam
2019 4308 2133 4348 non
2157 4289 2585 4364 qualiscunque
2609 4291 2832 4358 fur,sed
2855 4290 3182 4348 loculorum
3207 4291 3668 4362 Dominicorum,

259 4377 598 4448 parochiam
627 4379 898 4450 pertinet,
931 4397 1038 4436 nec
1068 4379 1555 4452 metropolitanus
1581 4382 1708 4438 sine
1739 4387 1905 4440 caate-
2015 4379 2368 4448 loculorum,
2399 4379 2501 4436 sed
2529 4395 2856 4436 sacrorum.
2882 4379 2943 4437 Si
2974 4379 3224 4437 crimina
3253 4367 3674 4438 discernuntur

259 4480 458 4520 rerum
489 4473 654 4538 gerat
681 4467 924 4524 consilio
956 4469 1348 4525 sacerdotum.
1385 4490 1413 4518 »

327 4555 462 4609 CAP.
495 4555 592 4610 IlI.
627 4555 772 4622 Quia
800 4557 871 4612 de
902 4555 1280 4614 facultatibus
1329 4556 1739 4616 ecclesiasticis
1777 4559 1906 4616 fur-

2014 4467 2076 4524 in
2106 4469 2251 4535 foro,
2287 4485 2402 4524 non
2433 4466 2861 4540 qualiscunque
2893 4468 3112 4532 fur,sed
3146 4468 3470 4541 peculator.
3498 4471 3671 4528 Pecu-

2013 4557 2171 4614 latus
2201 4556 2358 4611 enim
2391 4555 2606 4610 dicitur
2635 4556 2857 4611 furtum
2891 4557 2961 4612 de
2989 4557 3307 4630 republica.
3341 4558 3413 4613 Et
3439 4576 3561 4614 non
3591 4559 3672 4614 sic

256 4639 366 4694 tim
395 4639 483 4698 vel
512 4642 792 4718 sacrilege
813 4643 1110 4702 distractis
1125 4645 1462 4702 Teutfridus
1485 4647 1790 4706 confessus
1815 4648 1902 4706 vel
2005 4645 2311 4720 judicatur
2358 4645 2582 4700 furtum
2632 4644 2711 4700 rei
2761 4645 3022 4718 privatae,
3053 4647 3348 4719 quomodo
3398 4647 3666 4720 publicae.

255 4729 557 4786 convictus
587 4729 822 4800 dicitur,
855 4733 1077 4790 scilicet
1105 4734 1176 4790 de
1207 4733 1458 4808 planetis
1485 4735 1777 4803 tribus,de
1807 4742 1901 4794 tu-

256 4816 390 4888 nica
419 4817 617 4875 Immaa
647 4821 958 4896 reginagde
978 4821 1169 4878 balteo
1192 4841 1366 4880 aureo
1387 4840 1523 4880 cum
1549 4827 1900 4896 gemmis,de

252 4905 434 4964 bursa
463 4908 738 4977 eburnea,
771 4911 842 4967 de
870 4911 1020 4967 libra
1050 4929 1169 4967 una
1195 4913 1266 4968 de
1295 4930 1458 4982 auro,
1489 4917 1546 4970 et
1575 4915 1647 4970 de
1678 4916 1900 4972 caeteris

251 4993 384 5054 aliis
415 4997 612 5066 rebus,
644 4998 801 5072 leges
832 4998 1037 5055 dicunt
1065 5017 1079 5055 :
1113 5022 1142 5050 «
1177 4999 1441 5058 Confessi
1471 5003 1763 5060 debitores
1794 5021 1896 5077 pro

241 5083 525 5157 judicatis
579 5086 873 5144 habentur
905 5104 918 5143 :
953 5089 1200 5162 ideoque
1246 5107 1318 5146 ex
1360 5091 1454 5147 die
1513 5091 1896 5150 confessionis

248 5176 515 5246 tempora
564 5174 874 5232 solutionis
923 5177 1244 5234 constituta
1291 5184 1726 5253 computentur.
1763 5203 1792 5230 »
1825 5183 1896 5237 Et

245 5278 501 5320 canones
527 5263 925 5337 apostolorum
957 5265 1212 5338 capitulo
1239 5267 1521 5341 vigesimo
1565 5269 1770 5342 quinto
1801 5269 1894 5326 di-

243 5355 386 5407 cunt
418 5369 431 5409 :
465 5375 495 5404 «
531 5351 872 5428 Episcopus,
905 5355 1208 5429 presbyter
1231 5362 1332 5413 aut
1363 5358 1666 5423 diaconus,
1699 5358 1892 5434 qui.in

245 5437 761 5510 fornicatione,aut
790 5444 1064 5516 perjurio,
1098 5448 1200 5500 aut
1228 5446 1380 5500 furto
1408 5451 1614 5518 captus
1645 5453 1753 5518 est,
1787 5448 1891 5504 de;

2011 4737 2238 4802 Quanto
2265 4733 2669 4790 vehementius
2691 4733 3053 4807 judicandus
3084 4739 3172 4792 est
3202 4734 3532 4809 sacrilegus
3556 4737 3665 4806 fur,

2011 4823 2110 4896 qui
2141 4839 2324 4879 ausus
2347 4821 2458 4878 fuit
2479 4839 2592 4878 non
2616 4823 3010 4895 undecunque
3031 4823 3361 4891 tollere,sed
3384 4825 3459 4880 de
3481 4824 3670 4881 Eccle-

2009 4911 2096 4970 sia
2127 4910 2371 4968 tollere?
2401 4909 2509 4976 Qui
2542 4909 2766 4984 aliquid
2798 4913 2870 4968 de
2919 4911 3175 4968 Ecclesia
3222 4913 3460 4968 furatur
3489 4919 3549 4969 et
3579 4931 3667 4969 ra-

2008 4999 2284 5074 pit,Judze
2316 4999 2541 5072 perdito
2563 5005 2956 5072 comparatur.
2982 5025 3004 5053 ι
3042 5002 3112 5056 Et
3139 4999 3276 5056 hinc
3306 5000 3461 5057 sacri
3491 5018 3666 5058 cano-

2005 5106 2110 5146 nes
2151 5087 2356 5144 dicunt
2405 5087 2774 5157 (concdlgath.
2807 5105 2858 5146 c.
2887 5090 2940 5163 4)
2975 5106 2989 5144 :
3021 5111 3050 5141 «
3081 5088 3307 5157 Clerici,
3341 5089 3432 5147 vel
3486 5092 3663 5148 etiam

2006 5177 2334 5241 saeculares,
2362 5174 2464 5248 qui
2505 5174 2827 5233 oblationes
2877 5181 3206 5250 parentum,
3240 5182 3343 5233 aut
3393 5179 3660 5244 donatas,

2005 5271 2108 5322 aut
2135 5269 2485 5321 testamento
2517 5263 2747 5320 relictas
2777 5265 3027 5322 retinere
3047 5267 3660 5338 prmsumpserint,aut

2004 5356 2062 5412 id
2076 5353 2231 5428 quod
2257 5351 2367 5424 ipsi
2389 5351 2731 5407 donaverint
2751 5353 3014 5410 ecclesiis
3033 5352 3120 5409 vel
3145 5355 3527 5411 monasteriis
3549 5371 3660 5411 cre-

2003 5443 2261 5500 diderint
2291 5439 2696 5509 auferendum,
2731 5440 2884 5498 sicut
2913 5442 3182 5516 Synodus
3213 5445 3420 5498 sancta
3449 5442 3654 5500 consti-

247 5535 522 5598 ponatur,
561 5548 677 5588 non
729 5537 924 5588 tamen
975 5533 1385 5589 communione
1433 5535 1710 5606 privetur.
1745 5535 1896 5592 Dicit
1924 5555 1970 5618 Β
2005 5533 2120 5590 tuit
2148 5529 2307 5586 velut
2336 5531 2636 5584 necatores
2667 5546 3015 5603 pauperum,
3048 5547 3356 5603 quousque
3387 5531 3646 5598 reddant,

247 5615 404 5672 enim
437 5617 738 5691 Scriptura
769 5637 782 5676 :
812 5622 929 5678 Non
957 5622 1260 5678 vindicabit
1305 5623 1569 5679 Dominus
1610 5626 1690 5681 bis
1720 5627 1779 5680 in
1811 5626 1893 5680 id-

2004 5623 2074 5678 ab
2109 5616 2372 5676 ecclesiis
2401 5614 2806 5685 excludantur,
2838 5623 2896 5674 et
2925 5617 3026 5691 qui
3057 5618 3131 5675 ab
3161 5617 3428 5676 ecclesiis
3457 5618 3647 5677 exclu-
