3976 6188
266 384 435 450 “l3

1269 384 1374 446 DE
1416 383 1671 447 CAUSA
1713 380 2136 445 TEUTFRIDI
2181 383 2697 448 PRESBYTERI.

3527 391 3685 454 HM

272 519 517 586 duntur,
539 515 598 574 in
629 516 814 592 gradu
841 517 1233 575 ecclesiastico
1266 534 1500 574 manere
1531 535 1645 573 non
1680 516 1922 589 permit-
1952 515 2009 583 Α
2037 517 2346 590 Propterea
2376 518 2677 591 Scriptura
2708 520 2850 577 dicit
2882 539 2894 577 :
2925 527 3314 581 Juramentum
3369 523 3507 597 quod
3537 541 3688 598 spre-

274 611 496 664 tantur.
532 629 561 658 »

2033 609 2130 675 vit,
2164 615 2213 663 et
2241 608 2412 679 [trdus
2437 608 2578 680 quod
2623 611 3025 681 prmiaricatus
3075 621 3176 679 est,
3207 630 3409 684 ponam
3442 615 3501 668 in
3531 621 3692 686 caput

345 697 481 753 CAP.
517 695 609 752 IV.
645 694 707 752 Si
752 696 1090 752 Teutfridus
1139 695 1443 752 confessus
1490 693 1578 750 vel
1628 694 1924 750 convictus
2034 696 2153 768 ejus
2183 696 2572 768 (Ezech.xvu).
2598 697 2877 770 Legimus
2898 700 3053 754 enim
3077 701 3420 757 Sedechiam
3452 707 3688 776 captum

271 785 469 853 fuerit,
494 783 696 840 relicto
727 783 1122 840 ecclesiastico
1144 783 1393 855 judicio,
1425 785 1497 839 ob
1529 783 1923 840 defensionem

269 873 360 930 vel
393 873 801 946 purgationem
834 888 1004 929 suam
1035 873 1320 946 palatium
1353 872 1660 946 expetisse,
1682 873 1928 930 inferen-

273 964 417 1020 dum
440 961 523 1016 illi
546 960 868 1034 capitulum
894 962 1273 1018 undecimum
1305 962 1650 1018 Antiocheni
1673 961 1922 1018 concilii:

273 1075 303 1103 ‹‹
337 1051 398 1108 Si
430 1050 564 1123 quis
588 1049 918 1122 episcopus,
954 1055 1056 1106 aut
1084 1052 1408 1125 presbyter,
1434 1056 1536 1106 aut
1570 1051 1816 1123 quilibet
1847 1069 1930 1107 re-

273 1139 424 1215 gulae
456 1139 781 1211 subjectus,
817 1139 1246 1207 ecclesiasticae,
1267 1145 1476 1213 praeter
1505 1139 1816 1196 consilium
1840 1140 1927 1196 vel

274 1228 503 1286 litteras
533 1226 941 1300 episcoporum
972 1228 1281 1300 provincia:
1311 1233 1367 1285 et
1397 1229 1686 1302 praecipue
1713 1234 1926 1286 metro-

274 1315 541 1391 politani,
573 1316 784 1372 adierit
835 1316 1247 1390 imperatorem
1276 1317 1364 1374 vel
1399 1335 1614 1391 regem,
1648 1319 1806 1374 hunc
1837 1335 1928 1374 re-

274 1404 510 1479 probari
533 1408 589 1460 et
610 1403 784 1475 abjici
806 1409 1213 1477 oportere,non
1232 1407 1420 1462 solum
1447 1408 1925 1475 acommunione,

274 1495 376 1551 sed
408 1498 467 1550 et
497 1494 568 1549 ab
600 1493 838 1560 honore,
875 1494 1045 1565 cujus
1076 1495 1371 1568 particeps
1401 1496 1632 1552 videtur
1660 1496 1926 1568 existere,

275 1570 416 1657 quia
432 1582 746 1639 venerandi
771 1583 1054 1655 principis
1075 1584 1317 1640 auribus
1335 1585 1664 1641 molestiam
1687 1585 1932 1642 tentavit

273 1672 490 1729 inferre
514 1670 677 1741 circa
706 1669 865 1745 leges
895 1671 1187 1728 Ecclesiae.
1223 1673 1281 1730 Si
1315 1674 1496 1746 igitur
1525 1675 1686 1730 adire
1720 1674 1931 1748 princi-

274 1778 410 1834 pem
442 1759 773 1816 necessaria
830 1777 1009 1816 causa
1064 1762 1343 1834 deposcit,
1379 1763 1487 1819 hoc
1540 1769 1749 1837 agatur
1792 1782 1926 1819 cum

2037 785 2280 840 ductum
2327 803 2452 842 esse
2483 785 2541 840 in
2591 786 2900 852 Reblatha,
2933 787 3130 861 ibique
3187 788 3505 846 interfectis
3554 791 3690 847 filiis

2036 879 2469 940 excaecatum,ct
2485 874 2671 931 instar
2691 877 2821 931 ferae
2845 875 3114 932 clausum
3138 877 3688 945 cavea,translatum

2037 964 2097 1019 in
2130 963 2482 1036 Babylonem
2524 965 2619 1033 (IV
2649 966 2781 1038 Reg.
2813 966 2964 1038 xxv).
3002 967 3119 1021 Rex
3176 964 3390 1038 quippe
3449 967 3689 1040 Babylo-

2038 1051 2194 1116 nius,
2227 1056 2293 1107 ut
2323 1053 2528 1108 beatus
2576 1053 2888 1127 Gregorius
2941 1055 3180 1127 exponit
3211 1055 3422 1126 (Morel.
3456 1055 3558 1110 lib.
3589 1074 3688 1124 vn,

2037 1141 2281 1212 cap.l3),
2316 1144 2403 1196 est
2433 1140 2716 1213 antiquus
2748 1141 2959 1207 hostis,
2985 1158 3292 1214 possessor
3321 1141 3540 1196 intima:
3560 1160 3692 1199 con-

2040 1229 2308 1295 fusionis,
2331 1229 2430 1300 qui
2452 1229 2616 1301 prius
2640 1229 2790 1284 filios
2812 1235 2943 1285 ante
2976 1230 3261 1286 intuentis
3292 1230 3491 1286 oculos
3521 1231 3694 1287 truci-

2037 1319 2156 1386 dat,
2193 1317 2330 1390 quia
2361 1335 2512 1390 saepe
2545 1316 2627 1373 sic
2659 1319 2813 1373 bona
2861 1335 3036 1390 opera
3081 1317 3356 1374 interficit
3387 1324 3450 1374 ut
3477 1319 3601 1376 hazc
3631 1336 3693 1377 se

2038 1407 2307 1464 amittere
2358 1407 2482 1478 ipse
2534 1405 2633 1478 qui
2685 1410 2892 1478 captus
2942 1411 3030 1462 est
3060 1406 3264 1462 dolens
3296 1411 3513 1464 cernat.
3547 1409 3694 1464 Nam

2038 1497 2192 1552 bona
2212 1495 2400 1568 gignit
2421 1495 2764 1567 plerumque
2787 1493 3042 1560 animus,
3068 1500 3124 1550 et
3143 1500 3341 1552 tamen
3363 1497 3556 1552 carnis
3577 1514 3694 1552 sua:

2039 1583 2522 1641 delectationibus
2544 1584 2732 1638 victus
2766 1583 2919 1638 bona
2951 1601 3076 1656 qua:
3110 1583 3312 1656 genuit
3343 1601 3549 1640 amans
3571 1603 3698 1657 per-

2040 1675 2145 1741 dit,
2181 1678 2239 1729 et
2269 1691 2396 1746 qua:
2428 1672 2650 1745 patitur
2702 1673 2921 1727 damna
2981 1672 3329 1739 considerat,
3365 1689 3471 1728 nec
3503 1678 3695 1731 tamen

2037 1761 2273 1816 virtutis
2305 1758 2610 1816 brachium
2655 1763 2858 1815 contra
2890 1775 3083 1833 regem
3117 1760 3500 1833 Babylonium
3527 1761 3697 1821 levat.

273 1854 527 1908 tractatu
587 1854 646 1904 et
693 1849 934 1948 consilio
992 1851 1450 1953 metropolitani,
1485 1858 1542 1909 et
1588 1859 1926 1909 casterorum
1965 1891 2011 1953 Β
2042 1851 2317 1953 Βςίιόιιῐῐι
2347 1850 2551 1953 videns
2581 1848 2856 1921 nequitia:
2887 1849 3696 1953 perpetrati‘one‘percutitur,

274 1939 688 2013 episcoporum
707 1937 807 2010 qui
827 1937 886 1992 in
903 1939 1106 1996 eadem
1137 1941 1436 2012 provincia
1467 1947 1929 2011 commorantur,

273 2028 379 2102 qui
413 2027 588 2083 etiam
617 2026 1083 2099 proﬁciscentem
1117 2029 1242 2085 suis
1273 2037 1706 2102 prosequantur
1727 2031 1936 2104 episto-

273 2116 408 2172 lis.»
434 2116 504 2171 Et
522 2115 1012 2187 Carthaginenses
1034 2133 1287 2173 canones
1308 2119 1565 2192 capitulo
1587 2138 1739 2176 nono
1760 2122 1930 2193 (conc.

277 2206 536 2274 Carthag.
571 2221 654 2272 ιιι,
687 2219 739 2259 c.
768 2204 822 2276 9)
858 2220 872 2259 :
907 2229 934 2254 «
970 2204 1270 2278 Quisquis,
1299 2206 1597 2280 inquiunt,
1625 2209 1932 2283 episcopo-

277 2310 436 2360 rum,
451 2291 1013 2365 presbyterorum,et
1032 2294 1412 2352 diaconorum
1437 2313 1540 2352 seu
1563 2297 1931 2368 clericorum,

276 2399 418 2439 cum
451 2381 508 2436 in
554 2380 802 2436 ecclesia
849 2380 1069 2438 crimen
1120 2383 1172 2439 ei
1219 2385 1395 2440 fuerit
1442 2387 1814 2455 intentatum,
1845 2389 1934 2445 vel

276 2469 470 2528 civilis
491 2487 670 2526 causa
693 2471 867 2526 fuerit
897 2476 1210 2539 commota,
1233 2474 1280 2528 si
1315 2473 1510 2530 relicto
1542 2477 1936 2534 ecclesiastico

271 2558 503 2633 judicio
531 2557 783 2632 publicis
822 2560 1068 2631 judiciis
1113 2563 1350 2636 purgari
1400 2563 1668 2633 voluerit,
1703 2567 1936 2623 etiamsi

276 2665 386 2722 pro
410 2648 538 2720 ipso
563 2647 736 2703 fuerit
766 2649 995 2721 prolata
1021 2650 1333 2718 sententia,
1357 2650 1553 2708 locum
1573 2671 1747 2708 suum
1771 2656 1940 2710 amit-

281 2741 392 2805 tat,
427 2740 484 2792 et
514 2735 623 2792 hoc
654 2736 712 2792 in
746 2736 1174 2794 criminalibus.
1210 2739 1272 2794 In
1332 2739 1485 2794 civili
1543 2758 1676 2797 vero
1733 2744 1939 2814 perdat

2043 1941 2113 1995 ad
2146 1940 2252 1995 hoc
2285 1939 2637 2010 quandoque
2679 1939 2899 2010 peccati
2935 1955 3046 1994 usu
3079 1939 3438 2011 perducitur,
3473 1945 3539 1996 ut
3570 1940 3698 2014 ipse

2043 2045 2275 2101 quoque
2309 2027 2551 2084 rationis
2582 2027 2805 2082 lumine
2837 2027 3116 2099 privetur.
3150 2027 3314 2083 Unde
3345 2029 3700 2100 Babylonius

2043 2134 2160 2184 rex,
2192 2116 2495 2172 exstinctis
2544 2115 2708 2188 prius
2759 2114 2918 2182 filiis,
2953 2115 3245 2172 Sedechize
3289 2117 3489 2174 oculos
3517 2119 3691 2188 eruit,

2045 2206 2184 2279 quia
2215 2204 2512 2278 malignus
2545 2203 3142 2276 spiritus,subductis
3167 2204 3330 2276 prius
3365 2205 3535 2262 bonis
3566 2223 3704 2278 ope-

2046 2295 2228 2362 ribus,
2254 2299 2386 2366 post
2405 2298 2461 2348 et
2485 2292 2885 2365 intelligentia:
2908 2290 3106 2347 lumen
3141 2291 3314 2348 tollit.
3351 2295 3512 2359 Quod
3545 2299 3703 2352 recte

2046 2383 2362 2442 Sedechias
2420 2381 2480 2436 in
2542 2380 2828 2436 Reblatha
2885 2379 3122 2452 patitur.
3158 2380 3444 2438 Reblatba
3484 2383 3701 2458 quippe

2043 2474 2221 2529 multa
2249 2473 2368 2529 hmo
2397 2471 2836 2542 interpretatur.
2865 2469 2928 2524 Ei
2961 2468 3117 2524 enim
3149 2470 3502 2543 quandoque
3533 2476 3590 2528 et
3619 2473 3704 2529 lu-

2047 2579 2181 2617 men
2215 2559 2458 2617 rationis
2490 2557 2804 2622 clauditur,
2835 2557 2935 2629 qui
2969 2575 3144 2630 pravo
3177 2575 3288 2614 usu
3319 2576 3387 2615 ex
3416 2559 3701 2634 iniquita-

2047 2651 2124 2706 tis
2146 2667 2264 2706 suze
2297 2647 2673 2704 multitudine
2703 2651 2997 2719 gravatur.
3026 2647 3156 2702 Haec
3187 2647 3386 2704 omnia
3409 2649 3572 2720 justo
3599 2651 3700 2707 Dei

2039 2738 2266 2811 judicio
2300 2737 2540 2810 patitur,
2557 2735 2656 2808 qui
2680 2736 3088 2806 juramentum
3119 2734 3179 2788 in
3210 2736 3448 2791 nomine
3470 2737 3701 2795 Domini

285 2827 446 2900 quod
479 2825 668 2894 evicit,
700 2825 749 2882 si
779 2826 974 2882 locum
1006 2845 1182 2883 suum
1222 2828 1483 2884 obtinere
1510 2829 1774 2887 voluerit.
1811 2855 1838 2880 »
1869 2833 1941 2887 Et
2049 2826 2477 2900 prmvnricatur,
2503 2825 2782 2896 Quoniam
2805 2823 2905 2895 qui
2929 2823 3250 2878 contemnit
3269 2825 3700 2896 juramentum,

285 2919 532 2974 sanctus
571 2916 683 2972 Leo
718 2933 868 2989 papa
889 2919 1068 2988 (epist.
1100 2918 1215 2988 96),
1248 2922 1305 2974 et
1335 2919 1594 2991 synodus
1627 2920 1890 2976 Romana
1922 2937 1936 2976 :

2050 2921 2116 2971 ut
2147 2915 2351 2970 beatus
2407 2913 2550 2968 dicit
2605 2913 3016 2983 Hieronymus,
3050 2911 3247 2984 ipsum
3307 2913 3555 2985 despicit
3600 2931 3704 2986 per

290 3026 322 3055 α
352 3005 674 3060 Ccnsemus
704 3010 768 3060 ut
811 3005 1170 3078 quicunque,
1205 3007 1594 3079 printermisso
1646 3010 1942 3065 sacerdote
2051 3020 2225 3076 quem
2253 3003 2491 3073 juravit,
2523 3001 2728 3073 illique
2760 3000 2900 3056 facit
2941 2999 3243 3072 injuriam,
3277 3003 3446 3073 cujus
3478 3003 3700 3059 nomini

284 3093 545 3151 ecclesia:
564 3094 782 3161 διιεῖ),θά
805 3093 1286 3166 disceptationem
1303 3097 1525 3152 venerit
1548 3098 1940 3164 saacularium,

285 3182 473 3239 sacris
528 3181 832 3238 liminibus
886 3184 1186 3256 expulsus,
1220 3202 1254 3238 a
1283 3185 1500 3241 caelesti
1559 3191 1827 3243 arceatur
1857 3189 1938 3243 al-

281 3271 457 3325 tario.
493 3291 521 3319 ››

2051 3092 2299 3149 credidit
2357 3090 2744 3158 adversarius,
2801 3091 2910 3146 hoc
2970 3095 3077 3156 est,
3134 3089 3230 3145 ille
3287 3091 3380 3146 cui
3431 3092 3698 3163 juratum

2052 3187 2139 3237 est
2169 3181 2227 3236 in
2263 3180 2498 3237 nomine
2523 3181 2652 3251 ejus
2682 3179 2778 3252 qui
2815 3180 2958 3235 dicit
2992 3196 3004 3232 :
3039 3180 3155 3233 Non
3212 3182 3450 3251 accipias
3506 3198 3702 3237 nomen

1971 3255 2014 3321 (λ
2051 3273 2272 3329 Domini
2301 3274 2400 3327 Dei
2429 3273 2511 3326 tui
2542 3272 2601 3325 in
2633 3287 2855 3336 vanum,
2888 3286 3063 3342 neque
3091 3270 3303 3341 polluas
3334 3270 3476 3324 illud
3505 3271 3694 3337 (Exod.

356 3358 494 3413 CAP.
525 3357 593 3412 V.
627 3358 684 3413 Si
740 3359 1080 3416 Teutfridus
1138 3361 1440 3418 convictus
1493 3362 1578 3418 vel
1633 3367 1938 3422 confessus
2047 3365 2160 3429 xx).
2195 3363 2265 3416 Et
2297 3378 2308 3416 :
2348 3360 2544 3415 Reddas
2576 3361 2803 3416 Domino
2823 3360 3145 3430 juramento
3173 3366 3267 3413 tua
3297 3358 3498 3430 (Matth.
3533 3363 3608 3426 v).
3631 3361 3701 3414 Et

281 3446 480 3514 fuerit,
507 3449 660 3520 quod
683 3448 990 3505 manifeste
1029 3449 1115 3505 vel
1149 3449 1450 3523 ingeniose
1481 3453 1775 3524 proximos
1800 3472 1937 3510 suos

279 3535 342 3591 in
366 3536 695 3609 perjurium
717 3537 969 3606 induxit,
997 3539 1302 3594 sciendum
1325 3544 1433 3606 est,
1460 3541 1596 3613 quia
1625 3545 1710 3598 tot
1742 3545 1936 3615 perju-

279 3624 504 3682 riorum
538 3641 672 3682 reus
698 3631 806 3693 est,
841 3632 984 3700 quot
1013 3627 1285 3684 homines
1330 3629 1618 3686 malitiose
1649 3631 1708 3686 in
1741 3633 1936 3704 perju-

279 3714 436 3769 rium
461 3713 709 3782 induxit,
732 3719 790 3770 et
821 3716 1016 3787 majus
1051 3721 1353 3788 peccatum
1384 3719 1516 3774 inde
1549 3719 1645 3775 ille
1676 3719 1799 3792 ipse
1832 3721 1934 3776 ha-

278 3801 380 3858 bet
409 3819 589 3875 quam
622 3803 703 3858 illi
739 3805 838 3876 qui
858 3821 961 3878 pro
979 3822 1046 3860 eo
1067 3805 1194 3878 ipso
1222 3812 1462 3880 rogante
1486 3809 1937 3881 juraverunt,si-

279 3895 380 3946 cut
401 3890 684 3951 Dominus
705 3891 952 3964 loquens
973 3894 1044 3948 ad
1069 3893 1315 3950 Pilatum
1338 3897 1930 3963 manifestat,dicens:

278 3982 398 4053 Qui
427 3979 655 4036 tradidit
682 3998 768 4037 me
796 3983 1106 4054 tibi,majus
1133 3992 1410 4054 peccatum
1440 3987 1929 4053 hubet(loan.xix).

276 4068 348 4124 Et
367 4072 611 4124 sanctus
642 4070 956 4143 Gregorius
987 4071 1057 4126 de
1089 4071 1430 4143 hujusmodi
1462 4073 1519 4127 in
1548 4074 1828 4129 Pastorali
1852 4093 1934 4131 re-

275 4155 418 4230 gula
437 4160 603 4229 (part.
621 4175 704 4226 ιιι,
723 4160 830 4231 (3.5)
853 4159 1024 4216 dicit:
1049 4183 1076 4209 ‹‹
1094 4161 1251 4216 Scire
1273 4161 1427 4216 enim
1450 4161 1669 4232 praelati
1695 4163 1930 4235 debent,

275 4244 418 4316 quia
446 4245 495 4300 si
527 4263 797 4318 perversa
827 4265 1088 4320 unquam
1135 4253 1487 4321 perpetrant,
1523 4254 1607 4305 tot
1639 4252 1930 4308 mortibus

274 4332 440 4406 digni
464 4339 774 4407 sunt,quot
790 4337 860 4390 ad
877 4337 1144 4393 subditos
1158 4355 1296 4393 suos
1310 4337 1652 4410 perditionis
1665 4341 1929 4413 exempla

269 4423 710 4479 transmittunt.
739 4424 901 4480 Unde
927 4442 1164 4482 necesse
1193 4431 1299 4494 est,
1325 4431 1391 4481 ut
1423 4431 1582 4482 tanto
1612 4444 1673 4483 se
1696 4430 1928 4486 cautius

271 4526 309 4566 ι
337 4509 514 4584 culpa
544 4513 898 4580 custodiant,
933 4518 1152 4586 quanto
1205 4531 1308 4587 per
1336 4531 1513 4586 prava
1543 4533 1670 4588 qua;
1704 4518 1926 4574 faciunt

2048 3449 2312 3523 psalmus
2344 3448 2504 3516 dicit,
2541 3447 2708 3502 illum
2774 3449 3035 3502 futurum
3085 3446 3145 3502 in
3186 3445 3313 3502 loco
3346 3451 3572 3515 sancto,
3604 3449 3701 3519 qui

2037 3541 2194 3611 jurat
2220 3540 2473 3610 proximo
2501 3547 2551 3592 et
2579 3554 2688 3592 non
2717 3536 2917 3608 decipit
2945 3537 3112 3608 (Psal.
3145 3536 3282 3604 xxv).

2118 3629 2253 3684 CAP.
2273 3627 2368 3682 V1.
2384 3627 2441 3682 Si
2463 3631 2656 3681 autem
2687 3626 2877 3681 dicere
2901 3623 3168 3690 voluerit,
3195 3625 3332 3696 quia
3355 3623 3697 3681 necessitate

2045 3721 2281 3774 coactus
2302 3715 2446 3771 illud
2463 3716 2871 3786 juramentum
2896 3715 3082 3770 facere
3096 3712 3298 3785 jussit,
3323 3713 3478 3784 quod
3501 3718 3695 3769 tamen

2045 3824 2274 3863 servare
2305 3806 2496 3879 potuit
2527 3809 2584 3860 et
2614 3805 2834 3871 debuit,
2873 3808 2928 3859 et
2974 3803 3101 3858 ideo
3134 3819 3269 3858 reus
3306 3801 3545 3874 perjurii
3577 3819 3693 3858 non

2043 3900 2330 3960 teneatur,
2365 3895 2570 3950 audiat
2613 3894 2754 3966 quid
2804 3898 3044 3948 sanctus
3092 3890 3406 3965 Gregorius
3437 3891 3593 3946 dicat
3623 3891 3693 3947 de

2041 3985 2142 4040 illo
2168 3985 2266 4057 qui
2303 3986 2485 4055 jurat,
2508 3982 2596 4038 vel
2631 3981 3087 4037 anathematizat
3119 3997 3131 4035 :
3180 4004 3209 4030 «
3243 3980 3348 4047 Qui
3376 3981 3578 4050 jurare
3607 3979 3693 4036 vel

2043 4072 2534 4128 anathematizare
2577 4071 2764 4137 debet,
2798 4076 2855 4124 et
2886 4070 3186 4126 blanditur
3230 4070 3358 4136 tibi,
3394 4070 3547 4140 quod
3577 4086 3691 4124 non

2041 4166 2308 4217 teneatur
2347 4177 2501 4225 reus,
2527 4159 2577 4214 si
2621 4158 3028 4229 praevaricatus
3061 4157 3234 4213 fuerit
3266 4158 3421 4228 quod
3446 4158 3688 4227 juravit,

2038 4251 2123 4306 vel
2158 4247 2687 4313 anathematizavit,
2719 4246 2858 4318 quia
2905 4245 3124 4301 invitus
3169 4245 3278 4300 hoc
3327 4245 3464 4316 egit,
3498 4244 3545 4299 si
3589 4243 3689 4315 qui

2039 4343 2178 4396 sunt
2201 4337 2297 4411 qui
2323 4337 2542 4404 dicant,
2561 4336 2715 4407 quod
2744 4334 3085 4407 compulsus
3116 4333 3410 4405 quispiam
3445 4332 3691 4388 necessi-

2039 4435 2158 4486 tate
2189 4428 2235 4484 si
2269 4425 2844 4484 anathematizaverit
2875 4421 3267 4480 anathematis
3312 4421 3544 4476 vinculo
3569 4439 3685 4477 non

2037 4518 2240 4584 teneri,
2276 4515 2386 4590 ipsi
2445 4515 2557 4571 sibi
2613 4519 2792 4571 testes
2842 4520 2980 4570 sunt
3011 4513 3112 4584 qui
3148 4513 3254 4567 hoc
3287 4511 3512 4579 dicunt,
3547 4511 3686 4583 quia

270 4614 392 4654 non
424 4599 531 4656 soli
565 4602 916 4668 moriuntur,
950 4603 1051 4658 sed
1093 4602 1340 4658 aliorum
1394 4603 1746 4673 animarum,
1781 4624 1927 4679 quas
1959 4623 2003 4688 Ι)
2035 4605 2350 4664 Christiani
2373 4623 2486 4660 non
2513 4608 2668 4671 sunt,
2694 4603 2794 4675 qui
2829 4603 3145 4675 ligamenta
3174 4604 3384 4656 sanctae
3417 4598 3684 4657 Ecclesia:

269 4687 467 4760 pravis
490 4689 770 4762 exemplis
792 4691 1224 4757 destruxerunt,
1246 4692 1324 4747 rei
1345 4697 1503 4747 sunt.
1526 4716 1552 4743 »
1588 4695 1655 4748 Et
1686 4695 1921 4768 presby-

265 4779 380 4841 ter,
406 4781 627 4848 quanto
659 4780 843 4852 gradu
877 4780 1138 4852 quolibet
1159 4780 1492 4836 Christiano
1510 4781 1657 4838 laico
1689 4788 1778 4838 est
1803 4784 1920 4839 cel-

266 4862 410 4934 sior,
447 4869 608 4922 tanto
657 4867 832 4940 culpa
883 4868 1039 4924 illius
1071 4873 1160 4925 est
1188 4868 1435 4942 gravior,
1469 4875 1526 4925 et
1555 4870 1655 4944 qui
1685 4871 1921 4928 illorum

267 4952 532 5026 perjurio
561 4959 650 5011 est
706 4955 1035 5030 colligatus,
1069 4957 1129 5012 in
1157 4957 1389 5014 illorum
1417 4963 1507 5014 est
1537 4961 1792 5031 perjurio
1823 4979 1922 5016 ca-

263 5046 427 5114 ptus,
462 5059 530 5098 ac
561 5061 664 5116 per
693 5045 801 5101 hoc
832 5047 1158 5102 secundum
1202 5046 1523 5120 capitulum
1571 5049 1920 5122 vigesimum

262 5130 547 5203 quintum
581 5135 1034 5206 apostolicorum
1067 5153 1359 5192 canonum
1393 5138 1462 5192 de
1489 5138 1920 5210 perjuriojudi-

262 5219 517 5274 candus.
533 5219 694 5276 Unde
707 5228 948 5278 sanctus
963 5224 1366 5296 Hieronymus,
1383 5241 1674 5296 exponens
1696 5229 1921 5280 senten-

264 5306 412 5363 tiam
425 5307 741 5366 Ezechielis
763 5313 1055 5384 prophetae
1070 5313 1140 5368 de
1153 5312 1523 5384 prtevaricato
1537 5314 1874 5385 juramento
1888 5333 1922 5370 a

261 5395 552 5451 Sedechia
582 5414 713 5471 rege
767 5400 909 5456 dicit
942 5418 954 5456 :
987 5401 1172 5457 Multo
1205 5403 1359 5458 enim
1396 5403 1620 5458 fidelior
1647 5403 1920 5460 inventus

259 5487 353 5539 est
375 5481 474 5539 ille
498 5485 598 5557 qui
625 5493 861 5562 propter
891 5507 1102 5546 nomen
1126 5491 1226 5546 Dei
1261 5492 1366 5546 tibi
1400 5491 1644 5548 credidit
1674 5498 1730 5549 et
1751 5494 1916 5549 decc-

258 5575 400 5645 ptus
428 5578 540 5642 est,
573 5579 628 5631 te
659 5578 755 5651 qui
791 5596 894 5650 per
918 5581 1283 5636 occasionem
1335 5581 1539 5636 divina}
1593 5583 1917 5654 majestatis

257 5659 418 5719 hosti
473 5667 593 5733 tuo,
628 5666 745 5724 imo
799 5669 926 5740 jam
988 5669 1198 5741 amico,
1231 5669 1469 5726 molitus
1525 5689 1589 5727 es
1647 5671 1912 5728 insidias.

2032 4697 2199 4751 vanis
2230 4712 2291 4750 se
2312 4694 2606 4748 mstimant
2635 4691 2942 4747 conatibus
2973 4689 3212 4758 solvere,
3239 4706 3303 4744 ac
3327 4706 3430 4762 per
3450 4689 3558 4746 hoc
3580 4707 3686 4746 nec

2033 4782 2460 4840 absolutionem
2494 4785 2706 4835 sancta:
2737 4779 3210 4852 Ecclesiae,quam
3241 4782 3477 4851 praaslat
3501 4780 3683 4835 ﬁdeli-

2030 4875 2142 4930 bus
2165 4888 2359 4928 veram
2392 4874 2619 4943 putant,
2647 4869 2694 4924 si
2721 4869 3006 4942 ligaturas
3035 4869 3164 4940 ejus
3183 4868 3372 4924 valere
3394 4886 3508 4924 non
3531 4868 3682 4923 acsti-

2033 4965 2217 5017 mant.
2251 4959 2464 5016 Contra
2500 4976 2646 5031 quos
2679 4957 2900 5014 diutius
2947 4958 3373 5030 disputandum
3423 4974 3539 5012 non
3571 4959 3678 5023 est,

2031 5051 2172 5123 quia
2192 5066 2293 5121 per
2307 5049 2505 5104 omnia
2522 5047 2879 5119 despiciendi
2898 5045 3496 5103 etanathematizandi
3521 5050 3677 5110 sunt,

2031 5145 2088 5195 et
2105 5140 2259 5194 unde
2278 5155 2338 5192 se
2358 5137 2555 5192 fallere
2573 5137 2873 5192 veritatem
2900 5137 3166 5207 credunt,
3192 5137 3326 5190 inde
3343 5134 3398 5188 in
3424 5132 3678 5206 peccatis

2030 5229 2154 5284 suis
2184 5227 2467 5282 veraciter
2496 5225 2774 5298 ligantur,
2808 5244 3022 5298 eosque
3053 5230 3109 5281 et
3141 5241 3245 5297 ego
3271 5227 3327 5277 et
3357 5237 3560 5277 omnes
3590 5238 3680 5276 ca-

2029 5317 2228 5373 tholici
2264 5315 2543 5388 episcapi,
2577 5319 2752 5388 atque
2785 5313 3132 5370 universalis
3163 5310 3419 5367 Ecclesia
3439 5309 3678 5366 anathe-

2029 5406 2400 5470 matizamus,
2424 5403 2560 5475 quia
2580 5403 2803 5459 veritati
2839 5401 3130 5458 contraria
3149 5397 3430 5465 sentiunt,
3454 5401 3510 5452 et
3541 5414 3678 5454 con-

2026 5493 2205 5550 traria
2235 5493 2578 5563 loquuntur.
2618 5515 2644 5541 ››

2099 5582 2233 5636 Car.
2267 5579 2390 5635 VlI.
2427 5578 2486 5634 Si
2519 5584 2711 5634 autem
2770 5577 2995 5643 dixerit,
3029 5576 3182 5648 quod
3244 5573 3440 5646 plures
3487 5574 3675 5633 solent

2027 5671 2237 5738 dicere,
2272 5670 2411 5743 quia
2443 5684 2545 5744 per
2574 5667 2873 5739 ingenium
2903 5667 3104 5737 jurare
3127 5663 3327 5738 jussit,
3363 5681 3478 5723 non
3511 5669 3676 5738 putet
