3976 6188
337 363 494 426 {illi

1113 359 1499 422 HINCMARI
1546 358 1790 422 RHEM.
1836 357 2200 420 ARCHIEP.
2246 356 2671 425 OPUSCULA
2698 357 2966 419 VAltIA.

3586 357 3745 432 1116

333 496 494 557 verbi
525 499 648 570 arte
676 511 738 552 se
767 511 940 569 posse
970 493 1167 551 fallere
1216 493 1556 566 Dominum,
1587 493 1681 549 cui
1713 491 1860 548 nihil
1889 508 1982 548 oc-
2012 491 2071 560 Α
2099 491 2385 564 proxime,
2418 507 2594 564 quem
2625 495 2754 548 atra
2796 491 2999 547 fraude
3053 489 3252 548 fallere
3303 493 3488 562 putat,
3514 489 3746 552 dicente

333 586 560 644 cultum
592 587 700 652 est,
719 590 776 640 et
807 584 906 656 qui
940 601 1054 639 non
1087 588 1153 638 ut
1183 584 1339 655 iurat
1367 583 1502 654 quis
1531 582 1983 652 attendit,sedut

335 674 388 732 is
419 673 648 748 putavit
678 673 769 729 cui
794 673 1060 744 juratum
1093 676 1200 738 est,
1235 675 1291 726 et
1346 671 1591 743 proximi
1639 671 1981 741 juramcnte

337 763 606 820 credidit.
639 760 746 828 Qui
795 765 992 816 autem
1052 777 1155 832 per
1183 759 1383 815 dolum
1405 761 1592 830 jurat,
1619 763 1682 812 ut
1713 758 1980 814 catholici

335 853 600 909 doctores
622 850 846 915 dicunt,
873 849 1128 920 primum
1153 849 1266 904 Deo
1291 866 1425 904 reus
1444 854 1552 913 est,
1577 850 1746 920 cujus
1769 865 1980 904 nomen

333 946 538 998 contra
567 941 921 1013 praeceptum
955 937 1100 1012 legis
1131 936 1381 993 assumit
1410 936 1470 992 in
1499 953 1738 1004 vanum,
1771 937 1981 994 deinde

2093 580 2424 648 Psalmista,
2459 581 2598 652 quia
2654 581 2914 636 Innocens
2967 582 3227 636 manibus
3255 588 3306 636 et
3331 580 3537 636 mundo
3567 581 3745 651 corde,

2091 673 2189 743 qui
2215 687 2324 726 non
2346 671 2504 741 jurat
2535 673 2590 726 in
2622 671 2742 726 dolo
2759 672 3033 742 promi-mo,
3061 671 3290 740 accipiet
3321 670 3749 726 benedictionem

2089 777 2123 816 α
2152 761 2380 816 Domino
2409 761 2584 828 (Paul.
2617 764 2803 827 xxm).
2837 759 2942 814 Sed
3003 763 3063 814 et
3119 758 3232 814 sibi
3291 759 3402 831 ipsi
3451 776 3592 814 reus
3637 764 3744 827 est,

2093 849 2198 916 Qui
2245 849 2442 919 accipit
2493 851 2554 904 in
2601 864 2740 904 vano
2797 850 3044 904 animam
3098 865 3277 919 suam,
3309 847 3748 904 contradicente

2091 937 2403 993 Psalmista
2433 937 2636 1010 (ibid).

1901 1282 2197 1350 XVII.

1016 1464 1152 1547 ne
1214 1459 1676 1548 VISIONE
1737 1455 2331 1544 BEl’tNOLDl
2395 1395 3059 1547 PRESBYTERI

1171 1639 1362 1710 (Apud
1395 1637 1687 1704 eumdem,
1719 1653 1788 1692 ex
1816 1633 2012 1692 codice
2043 1635 2384 1692 monasterii
2418 1635 2899 1707 llcrivallensis..)

399 1927 1139 1998 Hmcuaausepiscepusac
1153 1924 1339 1998 plebis
1352 1923 1452 1980 Dei
1467 1922 1979 1990 famulus,dilectis
2008 1923 2056 1990 B
2087 1924 2408 1980 eonfratres
2439 1924 2646 1992 nostri,
2675 1929 2742 1980 ut
2767 1925 3010 1996 adjuves
3041 1942 3168 1981 nos.
3193 1925 3263 1980 Et
3292 1941 3400 1997 ego
3432 1925 3741 1997 respondi:

328 2016 609 2072 fratribus
627 2021 686 2072 et
706 2015 996 2088 religiosis
1015 2014 1256 2082 viris,ad
1280 2031 1527 2086 quorum
1563 2013 1832 2068 notitiam
1856 2012 1978 2068 haec

329 2122 458 2178 quae
489 2108 818 2177 sequuntur
835 2102 1224 2176 pervenerint.

398 2193 732 2260 (Flodoard,
767 2193 863 2248 lib.
899 2209 982 2257 ιιι,
1015 2209 1062 2248 c.
1095 2193 1130 2247 3
1153 2199 1204 2248 et
1233 2192 1344 2264 18.)
1377 2192 1573 2264 Nuper
1613 2191 1672 2246 in
1707 2190 1984 2263 parochia

331 2285 533 2336 nostra
551 2281 794 2352 quidam
817 2279 962 2334 mihi
981 2284 1154 2334 notus
1176 2279 1616 2346 homo,nomine
1637 2279 1979 2346 Berneldus,

332 2369 688 2434 inﬁrmatus,
722 2372 780 2424 et
808 2372 940 2440 post
987 2368 1444 2444 confessionem,
1473 2373 1532 2422 et
1560 2367 1982 2424 reconciliatio-

333 2473 488 2521 nem,
509 2460 686 2527 atque
703 2455 890 2512 sancti
910 2455 1020 2512 olei
1040 2455 1399 2522 unctionem,
1419 2455 1746 2526 etcorporis
1769 2453 1982 2510 Christi

331 2563 401 2603 ac
432 2545 740 2619 sanguinis
763 2543 1259 2611 communionem,
1297 2544 1732 2616 ingravescente
1759 2543 1984 2600 valetu-

333 2635 470 2691 dine
517 2651 664 2707 pene
713 2650 902 2706 usque
948 2634 1020 2690 ad
1053 2637 1300 2689 mortem
1332 2634 1594 2706 pervenit
1627 2651 1640 2689 :
1673 2632 1756 2689 ita
1784 2638 1850 2688 ut
1882 2649 1986 2705 per

331 2727 586 2796 quatuor
603 2723 726 2779 dies
747 2739 852 2779 nec
875 2723 1070 2778 cibum
1088 2721 1174 2777 vel
1209 2727 1412 2793 potum
1445 2738 1792 2793 capere,nec
1821 2721 1981 2793 loqui

311 2817 547 2885 ,pesset,
573 2812 682 2868 nisi
707 2829 837 2868 raro
867 2811 1106 2884 signum
1137 2812 1346 2874 facere,
1373 2815 1437 2866 ut
1456 2810 1506 2865 ei
1539 2827 1692 2882 aqua
1720 2811 1979 2866 daretur.

331 2903 547 2969 Quarta
575 2905 771 2958 autem
803 2901 896 2956 die
927 2901 1070 2956 hora
1099 2917 1255 2956 nona
1282 2899 1440 2954 velut
1463 2899 1750 2955 exanimis
1770 2899 1982 2970 jacuit,

331 2991 474 3047 adeo
495 2993 561 3046 ut
581 3006 698 3045 non
730 2995 930 3062 posset
959 2989 1016 3044 in
1049 3005 1115 3044 eo
1147 2988 1350 3044 sentiri
1377 2987 1621 3052 halitus,
1641 2987 1750 3042 nisi
1786 3005 1888 3060 per
1907 2987 1986 3042 vi-

330 3095 448 3150 ces,
481 3077 583 3151 qui
612 3095 854 3134 manum
889 3095 1058 3133 suam
1089 3077 1360 3132 mittebat
1385 3077 1458 3132 ad
1486 3095 1550 3132 os
1582 3076 1867 3144 illius,vel
1891 3094 1985 3132 su-

331 3183 434 3240 per
454 3171 662 3239 pectus
686 3167 836 3237 ejus,
859 3166 952 3220 vix
984 3165 1274 3220 sentiebat
1303 3164 1362 3218 in
1390 3181 1457 3220 eo
1483 3165 1674 3220 adhuc
1707 3164 1980 3236 spiritum

2089 2014 2389 2078 Quomodo
2407 2031 2508 2070 vos
2524 2031 2766 2086 pessum
2783 2013 3061 2084 adjuvare
3073 2013 3100 2068 ‘2
3112 2013 3220 2080 Qui
3239 2014 3576 2086 respondit:
3591 2013 3748 2070 Vade

2089 2103 2163 2157 ad
2195 2102 2464 2158 homines
2495 2108 2730 2158 nostros
2761 2101 3002 2158 clericos
3031 2107 3090 2158 et
3119 2101 3550 2174 laicos,quibus
3582 2103 3750 2158 bene-

2091 2191 2360 2259 fecimus,
2375 2197 2432 2246 et
2449 2191 2543 2247 die
2567 2189 2684 2246 illis
2706 2195 2770 2246 ut
2792 2207 2894 2262 pro
2916 2191 3087 2248 nobis
3109 2191 3328 2246 faciant
3345 2189 3747 2264 eleemosynas

2091 2284 2149 2336 et
2180 2281 2494 2351 orationes,
2526 2287 2584 2336 et
2614 2281 2934 2353 impetrent
2989 2297 3094 2352 pro
3125 2279 3295 2336 nobis
3322 2280 3520 2335 offerri
3551 2297 3750 2337 sacras

2091 2370 2438 2427 oblationes.
2464 2371 2535 2426 Et
2555 2387 2661 2443 ego
2683 2369 2984 2442 respondi,
3006 2368 3146 2440 quia
3165 2367 3360 2424 nescio
3387 2369 3490 2424 ubi
3511 2368 3751 2425 illorum

2090 2459 2361 2516 homines
2381 2463 2598 2515 essent.
2622 2460 2692 2514 Et
2712 2454 2810 2514 ille
2840 2449 3142 2530 respondit
3163 2474 3177 2513 ε
3197 2457 3314 2513 Nos
3344 2458 3625 2515 dabimus
3645 2459 3754 2514 tibi

2093 2549 2397 2605 ductorem
2429 2547 2530 2620 qui
2570 2552 2625 2603 te
2655 2549 2726 2603 ad
2781 2547 2914 2603 illos
2963 2547 3160 2602 ducat.
3192 2548 3264 2602 Et
3285 2547 3576 2602 dederunt
3607 2547 3754 2604 mihi

2093 2655 2278 2693 unum
2312 2637 2636 2701 hominem,
2668 2636 2768 2707 qui
2801 2652 2896 2690 me
2927 2635 3242 2707 praecessit,
3279 2640 3336 2691 et
3363 2635 3537 2691 duxit
3563 2637 3752 2692 mead

2093 2725 2417 2780 maximum
2442 2724 2855 2798 palatium,ubi
2869 2722 3185 2780 multitude
3200 2723 3508 2780 hominum
3522 2739 3755 2780 eorum-

2093 2815 2226 2869 dem
2257 2813 2668 2886 episcOperum
2708 2816 2851 2878 erat,
2883 2815 2942 2866 et
2969 2811 3041 2866 de
3073 2809 3190 2868 illis
3218 2811 3511 2884 episcopis
3542 2811 3750 2884 loque-

2091 2902 2328 2970 bantur,
2363 2905 2422 2957 et
2453 2899 2810 2956 ambasciavi
2839 2917 2906 2955 ex
2935 2899 3171 2956 illorum
3221 2905 3385 2972 parte
3413 2901 3572 2972 quod
3606 2899 3751 2956 mihi

2083 2991 2323 3062 jussum
2355 2991 2566 3046 fuerat.
2601 2990 2740 3045 Inde
2789 3005 2924 3045 eum
2955 2989 3196 3045 ductore
3227 3005 3355 3044 meo
3387 2988 3646 3056 rediens,
3679 2989 3752 3043 ad

2092 3079 2285 3135 locum
2309 3079 2405 3134 ubi
2429 3079 2542 3151 ipsi
2563 3082 2730 3134 erant
2751 3077 3007 3149 episcopi
3033 3077 3245 3144 reveni,
3263 3081 3320 3133 et
3341 3076 3515 3148 quasi
3537 3093 3609 3132 ea
3622 3079 3750 3148 jam

2093 3184 2220 3239 quae
2250 3167 2688 3239 postulaverant
2743 3183 2848 3238 pro
2897 3165 3041 3238 ipsis
3090 3166 3244 3221 facta
3272 3165 3550 3231 fuissent,
3580 3169 3754 3222 erant

331 3273 460 3312 esse
495 3272 508 3309 :
545 3255 723 3310 rubor
749 3259 944 3309 tamen
971 3253 1030 3307 in
1063 3251 1205 3308 facie
1235 3269 1487 3324 magnus
1517 3257 1660 3320 erat,
1696 3257 1752 3308 et
1780 3253 1866 3309 sic
1886 3254 1978 3324 ja-
2012 3286 2053 3351 Ο
2087 3257 2350 3328 jocunda
2401 3255 2563 3323 faeie,
2607 3255 2777 3326 quasi
2839 3273 2873 3310 a
2919 3271 3066 3310 nove
3115 3253 3232 3310 rasi
3274 3259 3334 3310 et
3381 3253 3669 3320 balneati,
3698 3258 3756 3310 et

333 3344 456 3400 cuit
486 3360 673 3414 usque
704 3343 776 3396 ad
809 3341 1061 3396 mediam
1096 3345 1344 3396 noctem.
1370 3341 1532 3396 Circa
1561 3359 1692 3396 vero
1724 3343 1976 3397 mediam

333 3435 566 3488 noctem
583 3431 800 3503 apertis
821 3429 1027 3498 oculis,
1051 3429 1296 3486 viriliter
1318 3430 1476 3485 uxori
1501 3447 1618 3484 suae
1650 3449 1716 3486 ac
1739 3431 1986 3486 circum-

334 3520 632 3577 stantibus
663 3518 826 3582 dixit,
852 3523 916 3574 ut
947 3519 1295 3590 quantocius
1327 3524 1648 3588 currerent,
1673 3525 1729 3574 et
1759 3521 1982 3575 confes—

332 3625 522 3667 sorem
570 3625 744 3664 suum
792 3606 1062 3664 velociter
1090 3609 1160 3662 ad
1196 3625 1258 3662 se
1291 3607 1486 3662 venire
1515 3612 1809 3681 rogarent,
1843 3608 1985 3680 quia

332 3697 446 3754 nisi
478 3697 592 3754 cito
619 3696 861 3768 veniret,
894 3695 989 3752 ille
1018 3696 1206 3752 vivere
1245 3714 1360 3752 non
1395 3701 1610 3768 posset.
1645 3696 1841 3751 Accito
1873 3714 1982 3751 au-

331 3791 447 3844 tem
472 3787 1148 3860 presbytero,antequam
1170 3785 1229 3840 in
1251 3785 1614 3840 mansionem
1641 3784 1742 3840 ubi
1763 3784 1860 3840 ille
1885 3786 1982 3854 ja-

331 3876 498 3932 cebat
517 3875 818 3948 presbyter
848 3874 1089 3940 veniret,
1113 3890 1250 3929 cum
1275 3873 1334 3927 in
1365 3873 1707 3928 exteriorem
1739 3874 1980 3928 domum

333 3963 590 4029 intravit,
615 3962 760 4018 dixit
787 3963 886 4019 ille
919 3963 1019 4036 qui
1043 3963 1280 4035 jacebat
1311 3963 1581 4017 inﬁrmus
1608 3979 1621 4017 :
1658 3961 1859 4018 Ponite
1889 3961 1982 4018 hic

333 4051 562 4120 sellam,
585 4050 724 4124 quia
752 4053 1052 4125 presbyter
1072 4053 1200 4123 jam
1233 4051 1472 4106 domum
1509 4050 1682 4106 istam
1715 4049 1980 4106 intrabit.

333 4139 524 4196 Isdem
545 4145 740 4196 autem
765 4141 1225 4214 presbyter,mex
1239 4144 1304 4196 ut
1325 4139 1545 4195 ostium
1567 4143 1657 4194 est
1679 4139 1984 4212 ingressus

331 4229 432 4285 ubi
463 4229 558 4286 ille
580 4230 834 4300 jacebat,
869 4229 1155 4300 incipiens
1203 4246 1306 4301 pro
1358 4245 1423 4284 eo
1465 4227 1757 4284 orationes
1788 4227 1934 4283 dixit
1965 4245 1980 4282 :

330 4319 618 4375 Dominus
651 4317 972 4388 vobiscum,
987 4318 1160 4373 etille
1185 4318 1342 4372 clara
1370 4333 1506 4372 voce
1542 4315 1880 4388 respondit:
1915 4317 1985 4370 Et

331 4423 468 4464 cum
486 4407 733 4479 spirituo
749 4405 1060 4462 tue.Dictis
1080 4412 1274 4461 autem
1298 4403 1839 4469 orationibus,dixit
1861 4422 1984 4476 pre-

331 4495 563 4566 sbytero
585 4494 896 4550 utsederet
919 4511 1088 4550 secus
1111 4511 1245 4550 eum
1269 4512 1283 4562 ;
1307 4498 1366 4550 et
1390 4493 1472 4548 ait
1495 4492 1579 4546 illi
1603 4510 1616 4548 :
1641 4495 1872 4548 Attente
1893 4493 1982 4547 in-

2093 3345 2390 3400 habebant
2417 3344 2578 3400 albas
2601 3343 2860 3410 vestitas,
2886 3347 2944 3399 et
2960 3343 3162 3411 stolas,
3184 3346 3242 3398 et
3271 3341 3541 3398 sandalia
3560 3343 3622 3397 in
3653 3360 3752 3414 pe—

2093 3433 2288 3496 dibus,
2314 3431 2578 3504 planetas
2607 3438 2804 3488 autem
2838 3449 2956 3488 non
2986 3431 3298 3486 habebant.
3322 3433 3392 3486 Et
3422 3431 3572 3486 dixit
3601 3432 3750 3487 mihi

2093 3522 2370 3594 praefatus
2405 3523 2522 3576 libo
2557 3538 2569 3576 :
2603 3520 2778 3575 Vides
2827 3525 3118 3592 quantum
3150 3537 3258 3575 nos
3287 3519 3589 3590 adjuvavit
3611 3524 3752 3575 tuus

2093 3610 2678 3680 missat.icus?llsque
2700 3610 2872 3664 modo
2905 3607 3083 3664 nimis
3116 3609 3331 3664 durum
3361 3609 3670 3664 custodem
3697 3614 3753 3664 et

2092 3698 2418 3756 custodiam
2441 3715 2676 3770 gravem
2703 3698 2856 3754 sicut
2874 3697 3070 3752 vidisti
3095 3696 3622 3766 habuimus,modo
3643 3696 3747 3754 ha-

2092 3789 2300 3842 bemus
2316 3788 2600 3842 domnum
2622 3785 2998 3843 Ambrosium
3019 3785 3408 3851 custodem,et
3429 3783 3618 3842 levem
3643 3803 3747 3840 cu-

2093 3875 2366 3931 stodiam.
2390 3875 2526 3930 Inde
2545 3875 2674 3931 veni
2703 3875 2760 3929 in
2785 3875 3100 3947 quemdam
3123 3873 3318 3929 locum
3343 3874 3749 3939 tenebrosum,

2093 3965 2166 4019 ad
2197 3981 2372 4036 quem
2403 3982 2472 4020 ex
2503 3963 2618 4020 alia
2664 3968 2828 4035 parte
2887 3962 2987 4018 lux
3018 3961 3427 4034 resplendehat
3457 3963 3530 4018 de
3559 3962 3750 4019 vicine

2091 4053 2217 4109 loco
2276 4054 2421 4110 satis
2477 4052 2862 4118 lucidissime,
2897 4058 2954 4106 et
2983 4051 3376 4122 pulcherrime
3433 4051 3665 4122 ﬂorido,
3695 4055 3754 4106 et

2092 4141 2400 4209 odorifero,
2435 4142 2506 4196 ad
2538 4142 2811 4196 eumdem
2857 4139 3052 4195 locum
3101 4125 3500 4195 tenebrosum.
3535 4140 3610 4194 Et
3634 4139 3752 4194 vidi

2093 4231 2173 4286 ibi
2185 4233 2380 4302 jacere
2402 4231 2686 4286 domuum
2721 4234 2992 4284 nostrum
3021 4226 3294 4284 Carelum
3325 4243 3524 4300 regem
3547 4226 3610 4282 in
3630 4227 3752 4283 luto

2092 4337 2162 4376 ex
2181 4319 2342 4376 sanie
2362 4317 2548 4392 ipsius
2571 4317 2923 4390 putredinis,
2938 4321 2995 4372 et
3017 4315 3457 4372 manducabant
3471 4333 3613 4372 eum
3633 4333 3755 4371 ver-

2093 4425 2238 4476 mes,
2266 4414 2322 4463 et
2334 4408 2462 4478 jam
2483 4423 2718 4462 carnem
2741 4405 2902 4460 illius
2922 4404 3338 4460 manducatam
3357 4403 3680 4471 habebant,
3697 4407 3758 4459 et

2093 4514 2208 4552 non
2241 4501 2366 4553 erat
2396 4495 2454 4549 in
2486 4510 2726 4566 corpore
2757 4493 2946 4565 ipsius
2975 4491 3138 4547 aliud
3173 4491 3285 4546 nisi
3313 4491 3477 4548 nervi
3505 4496 3566 4548 et
3595 4509 3754 4548 ossa.

330 4582 530 4655 tellige
549 4598 676 4654 quae
705 4580 812 4638 tibi
843 4581 1109 4638 dicturus
1167 4600 1323 4653 sum,
1355 4587 1420 4637 ut
1449 4581 1497 4636 si
1520 4597 1624 4654 ego
1653 4581 1713 4635 in
1745 4597 1983 4653 corpore
2014 4651 2046 4655 _
2093 4584 2202 4652 Qui
2223 4601 2436 4640 vocans
2459 4600 2553 4638 me
2573 4599 2642 4638 ex
2663 4581 2900 4638 nomine
2923 4597 3052 4636 meo
3083 4577 3234 4636 dixit
3257 4597 3270 4636 :
3295 4582 3488 4645 Quare
3515 4597 3614 4636 me
3635 4596 3755 4636 non

333 4687 581 4726 manens
627 4670 728 4726 illa
771 4671 1044 4727 nuntiare
1094 4689 1210 4727 non
1255 4676 1452 4743 petere
1483 4686 1611 4742 quae
1645 4669 1790 4725 mihi
1811 4651 1984 4741 jussa
2012 4651 2060 4716 D
2091 4651 2372 4744 adiuvas?
2393 4671 2498 4727 Cui
2529 4670 2805 4744 respondi
2831 4687 2843 4725 :
2879 4668 3143 4738 Domine,
3175 4669 3474 4741 quomodo
3495 4685 3601 4724 vos
3625 4684 3758 4741 pos-

333 4763 492 4827 sunt,
526 4763 590 4815 tu
621 4758 721 4814 illa
751 4760 1084 4816 annunties.
1114 4761 1186 4815 Et
1241 4759 1416 4830 ccepit
1469 4757 1982 4816 vehementissime

2093 4779 2224 4818 sum
2258 4760 2580 4832 adjuvare?
2609 4761 2682 4816 Et
2710 4758 2794 4814 ait
2826 4775 2838 4814 :
2875 4759 3097 4815 Prende
3140 4757 3304 4813 illam
3334 4762 3588 4829 petram,
3621 4774 3753 4828 qua

334 4847 554 4912 ﬂere,et
569 4864 705 4904 cum
727 4847 1088 4921 singultibus
1108 4847 1280 4903 dixit:
1305 4847 1527 4902 Ductus
1548 4846 1618 4903 de
1637 4846 1748 4902 isto
1771 4848 1982 4903 saculo
2083 4851 2256 4922 juxta
2277 4854 2332 4905 te
2352 4855 2460 4916 est,
2485 4853 2544 4904 et
2562 4846 2782 4904 elevato
2813 4847 3022 4918 capite,
3047 4863 3196 4918 pone
3221 4845 3386 4900 illam
3417 4846 3531 4902 sub
3563 4845 3756 4917 capite

333 4938 407 4993 ad
440 4936 596 4992 aliud
627 4935 929 5002 saaculum,
962 4936 1092 4992 veni
1121 4937 1180 4991 in
1213 4935 1525 5008 quemdam
1559 4934 1773 5003 locum,
1808 4941 1864 4991 et
1893 4935 1982 4990 in-

330 5024 462 5082 veni
494 5024 799 5099 episcopos
843 5025 1230 5098 quadraginta
1281 5028 1338 5079 et
1380 5041 1566 5079 unum
1601 5041 1614 5078 :
1651 5025 1804 5079 inter
1834 5043 1986 5096 quos

334 5114 465 5171 novi
488 5115 766 5180 Ebenem,
820 5112 1284 5184 Leopardellum,
1307 5116 1368 5168 et
1401 5114 1656 5179 rEneam,
1690 5130 1984 5185 pannosos

333 5208 392 5260 et
411 5203 769 5276 denigratos,
791 5200 950 5257 velut
971 5201 1019 5256 si
1043 5200 1285 5258 ustulati
1320 5201 1588 5268 fuissent,
1621 5206 1679 5257 et
1710 5201 1982 5274 squalen-

333 5296 444 5358 tes,
468 5291 621 5347 sicut
643 5295 701 5346 et
728 5290 894 5356 alios,
919 5293 977 5346 et
1017 5306 1119 5362 per
1146 5291 1302 5346 vices
1343 5289 1524 5345 nimie
1555 5289 1768 5361 frigore
1797 5291 1984 5346 horri-

335 5380 534 5436 bilitcr
554 5397 687 5434 cum
711 5380 844 5434 ﬁetu
869 5384 928 5434 et
949 5379 1195 5433 stridore
1217 5379 1480 5435 dentium
1505 5385 1588 5434 tre
1601 5377 1906 5448 :nulantes,
1930 5385 1987 5436 et

336 5485 440 5541 per
461 5467 614 5523 vices
652 5467 843 5522 calore
876 5467 1056 5523 nimio
1088 5471 1424 5524 azstuantes.
1448 5468 1517 5522 Et
1539 5467 1657 5522 Eho
1674 5468 1984 5542 episcopus

338 5570 432 5611 me
460 5555 684 5610 vocavit
711 5571 778 5610 ex
799 5555 1038 5612 nomine
1063 5555 1264 5612 dicens
1287 5571 1301 5608 :
1335 5553 1481 5620 Quia
1511 5554 1614 5610 tibi
1647 5555 1885 5612 dabitur
1911 5557 1984 5612 li-

339 5643 526 5700 centia
555 5644 834 5701 redeundi
862 5645 935 5701 ad
974 5661 1210 5718 corpus,
1234 5660 1544 5717 precamur
1575 5647 1629 5699 te
1659 5661 1765 5716 ego
1796 5651 1854 5701 et
1886 5647 1982 5703 isti

2093 4955 2222 4994 meo
2257 4956 2270 4994 :
2305 4939 2458 4994 sicut
2488 4941 2544 4992 et
2573 4935 2702 4991 feci.
2735 4936 2806 4990 Et
2855 4935 3004 4990 dixit
3047 4933 3193 4990 mihi
3224 4951 3237 4988 :
3274 4933 3434 4990 Vade
3467 4935 3538 4990 ad
3573 4934 3755 4989 Hinc-

2095 5044 2328 5082 marum
2357 5026 2717 5097 episcopum,
2741 5028 2799 5079 et
2820 5022 2912 5078 dic
2945 5023 3018 5090 ei,
3047 5023 3190 5094 quia
3217 5021 3381 5078 illius
3408 5027 3468 5078 et
3495 5021 3754 5079 aliorum

2093 5117 2357 5172 ﬁdelium
2389 5131 2657 5170 meorum
2687 5113 2842 5168 bona
2871 5111 3116 5168 consilia
3145 5129 3262 5167 non
3293 5111 3592 5175 obaudivi,
3618 5110 3756 5166 ideo

2093 5205 2208 5262 ista
2229 5222 2356 5276 quae
2386 5205 2568 5271 vides,
2592 5219 2694 5274 pro
2715 5199 2905 5272 culpis
2927 5200 3075 5256 meis
3105 5200 3390 5256 sustineo.
3423 5200 3496 5254 Et
3523 5198 3618 5254 die
3639 5197 3756 5263 illi,

2095 5293 2234 5366 quia
2265 5308 2497 5364 semper
2527 5292 2586 5346 in
2619 5289 2716 5344 illo
2746 5287 3022 5344 ﬁduciam
3057 5287 3256 5356 habui,
3284 5291 3352 5342 ut
3372 5305 3468 5344 me
3487 5287 3752 5358 adjuvet,

2093 5387 2386 5454 quatenus
2414 5381 2487 5434 de
2519 5379 2632 5434 ista
2661 5395 2833 5449 pinna
2861 5377 2976 5432 sim
3001 5377 3306 5444 liberatus,
3330 5381 3391 5432 et
3420 5393 3524 5448 per
3541 5389 3754 5430 omnes

2094 5471 2192 5544 qui
2219 5469 2362 5526 mihi
2386 5469 2622 5524 fuerunt
2645 5465 2846 5521 ﬁdeles
2871 5482 2940 5521 ex
2962 5482 3091 5521 mea
3113 5469 3274 5538 parte
3297 5463 3553 5536 postulet
3569 5467 3636 5518 ut
3659 5478 3756 5517 me

2093 5561 2395 5632 adjuvent,
2426 5557 2568 5629 quia
2591 5555 2642 5612 si
2673 5555 2810 5610 inde
2839 5559 3134 5610 certamen
3160 5553 3497 5619 habuerint,
3527 5550 3650 5607 cito
3681 5551 3756 5606 de

2095 5650 2208 5706 ista
2236 5664 2409 5721 poena
2437 5662 2534 5702 ero
2565 5644 2868 5700 liberatus.
2902 5643 2973 5698 Et
3003 5642 3352 5716 interrogavi
3387 5641 3573 5707 illum,
3607 5638 3756 5712 quis
