3976 6188
225 352 399 422 1117

1221 357 1325 419 DE
1366 357 1681 422 VlSIONE
1722 357 2114 422 BERNOLDI
2158 358 2674 424 PRESBYTERI.

3493 363 3649 428 1118

240 493 412 550 locus
441 493 614 558 esset,
649 491 806 546 unde
855 489 954 546 illa
999 489 1100 546 lux
1146 490 1574 564 resplendebat,
1605 497 1664 548 et
1692 496 1891 548 tantus
1919 493 1976 560 Α
2003 493 2114 550 ista
2134 509 2304 566 poena
2335 491 2582 550 liberer:
2608 497 2664 550 et
2697 495 2798 550 uni
2829 495 3054 552 homini
3087 515 3216 554 meo
3247 497 3650 556 commendavi

242 584 390 640 odor
419 580 762 654 respirabat.
783 579 892 648 Qui
923 579 1068 635 dixit
1101 597 1113 636 :
1149 581 1496 636 Sanctorum
1526 585 1614 636 est
1643 581 1894 653 requies.

241 673 363 746 Ego
384 673 580 727 autem
601 667 802 724 volens
823 668 1064 741 propius
1092 669 1164 724 ad
1185 666 1352 724 illum
1376 669 1571 725 locum
1601 671 1894 740 accedere,

237 759 360 816 vidi
391 763 617 840 tantam
647 755 993 824 claritatem,
1027 762 1085 812 et
1114 761 1338 813 tantam
1371 757 1740 824 suavitatem,
1774 762 1898 814 tan-

241 853 491 920 tumque
520 846 810 912 decorem,
845 851 1132 917 quantum
1166 845 1428 902 humana
1458 846 1661 918 lingua
1707 848 1899 903 dicere

224 955 364 994 non
405 940 616 1009 potest.
641 936 712 990 Et
736 934 855 990 vidi
887 935 969 989 ibi
1002 933 1438 990 multitudinem
1470 935 1776 991 hominum
1811 936 1898 991 di-

241 1025 398 1084 versi
413 1024 638 1082 ordinis
660 1023 720 1079 in
745 1023 896 1080 albis
923 1024 1189 1079 vestibus
1219 1023 1723 1092 collatantium,et
1743 1041 1896 1097 quae-

246 1113 385 1170 dam
407 1110 616 1168 sedilia
633 1110 851 1180 lucida,
870 1111 931 1166 in
949 1109 1165 1183 quibus
1184 1111 1452 1168 homines
1473 1112 1664 1168 adhuc
1682 1129 1797 1168 non
1817 1131 1900 1169 se-

245 1199 710 1273 debant,quibus
731 1203 1054 1272 praeparata
1071 1201 1334 1256 erant.Et
1355 1201 1414 1256 in
1435 1200 1536 1256 illo
1559 1201 1764 1258 itinere
1778 1201 1897 1256 vidi

247 1291 568 1364 quamdam
583 1287 924 1355 Ecelesiam,
941 1304 1120 1359 quam
1132 1305 1268 1344 cum
1279 1289 1488 1344 intravi
1500 1290 1711 1356 ,inveni
1725 1290 1898 1360 Hinc-3

247 1395 484 1436 marum
513 1377 853 1451 episc0pum
885 1381 1280 1450 praeparatum
1313 1394 1448 1434 cum
1483 1377 1710 1436 clericis
1741 1395 1898 1435 reve-

247 1467 410 1525 stitis
432 1471 499 1523 ut
518 1466 762 1523 missam
785 1470 1067 1535 cantaret,
1093 1470 1150 1522 et
1171 1467 1290 1522 dixi
1309 1466 1393 1522 illi
1415 1468 1524 1525 hoc
1546 1469 1702 1541 quod
1733 1470 1898 1524 dom-

205 1585 218 1598 ~
247 1574 364 1614 nus
391 1559 594 1612 noster
619 1555 861 1612 Carolus
915 1555 1234 1611 mandavit.
1269 1557 1338 1612 Et
1371 1557 1571 1613 statim
1604 1559 1794 1614 reveni
1826 1559 1898 1614 ad

243 1645 444 1704 locum
466 1643 565 1700 ubi
582 1645 836 1700 domnus
855 1643 1098 1700 Carolus
1121 1645 1408 1716 jacuerat,
1434 1650 1490 1701 et
1511 1647 1701 1702 inveni
1731 1647 1899 1703 illum

243 1735 307 1792 in
328 1733 690 1799 locolucido,
712 1737 768 1789 et
788 1750 999 1789 sanum
1035 1751 1296 1805 corpore,
1329 1739 1386 1790 et
1417 1735 1692 1790 indutum
1725 1736 1900 1807 regiis

2004 599 2212 638 aurum
2237 586 2293 638 et
2313 587 2620 655 argentum
2653 600 2872 650 meum,
2905 587 3058 658 quod
3086 604 3256 643 nemo
3282 588 3433 644 alius
3454 589 3653 662 sapuit

2005 671 2118 727 nisi
2149 687 2254 744 ego
2286 677 2342 728 et
2371 671 2486 737 ille,
2521 677 2578 728 et
2607 672 2798 728 adhuc
2829 691 2901 729 ne
2947 692 3128 730 unum
3180 676 3418 748 quidem
3471 677 3652 733 dena—

2004 760 2157 816 rium
2181 777 2284 832 pro
2305 777 2398 816 me
2419 761 2553 816 inde
2573 761 2826 817 donavit.
2851 763 2921 816 Et
2941 762 3132 818 visum
3164 769 3252 819 est
3271 766 3413 820 mibi
3440 771 3505 822 ut
3533 771 3650 822 sta-

2005 851 2113 905 tim
2158 850 2400 906 fuissem
2455 851 2610 921 apud
2668 850 2937 922 Vongum
2972 851 3031 906 in
3065 851 3261 920 mallo,
3295 858 3352 909 et
3380 855 3494 910 dixi
3528 855 3654 911 suis

2005 938 2364 1005 hominibus,
2386 943 2444 994 et
2461 938 2591 994 aliis
2614 939 2714 1010 qui
2740 939 2820 994 ibi
2845 943 3032 1006 erant,
3055 957 3183 1012 quae
3208 941 3353 996 mihi
3375 943 3650 1015 injunxit.

2005 1029 2074 1084 Et
2094 1028 2296 1084 statim
2317 1027 2400 1082 fui
2427 1028 2486 1082 in
2509 1026 2718 1100 spiritu
2743 1029 2814 1083 ad
2829 1028 2996 1084 illum
3026 1028 3222 1085 locum
3237 1030 3657 1088 ubieratOtha—

2006 1117 2151 1183 rius,
2175 1121 2232 1172 et
2251 1121 2376 1172 erat
2395 1117 2564 1189 quasi
2588 1134 2622 1172 a
2653 1134 2799 1173 novo
2833 1135 3004 1173 rasus
3035 1123 3091 1174 et
3120 1118 3450 1187 balneatus,
3471 1125 3528 1176 et
3557 1137 3656 1178 sa-

2007 1224 2120 1262 nus
2150 1222 2406 1277 corpore,
2439 1209 2497 1260 et
2527 1205 2676 1260 albis
2708 1206 2972 1263 vestibus
3001 1205 3265 1276 indutus,
3298 1213 3355 1266 et
3385 1208 3484 1266 ille
3513 1227 3658 1266 suus

2007 1299 2205 1352 custos
2235 1295 2419 1350 durus
2450 1294 2530 1350 ibi
2564 1311 2678 1349 non
2709 1299 2852 1350 erat.
2887 1294 2995 1360 Qui
3051 1295 3197 1352 dixit
3254 1297 3398 1353 mihi
3433 1315 3446 1354 :
3478 1298 3658 1356 Vides

2007 1387 2296 1457 quantum
2320 1399 2412 1438 me
2433 1383 2503 1438 ad
2503 1383 2526 1454 j
2537 1381 2729 1438 uvavit
2749 1387 2886 1440 tuus
2907 1383 3366 1442 missaticus?Et
3382 1385 3480 1442 ille
3492 1404 3659 1444 meus

2007 1473 2347 1542 custosjam
2375 1473 2445 1528 de
2473 1489 2566 1528 me
2599 1475 2942 1544 potestatem
2976 1489 3088 1528 non
3123 1473 3316 1530 habet.
3337 1476 3406 1530 Et
3424 1480 3548 1532 erat
3576 1476 3660 1532 ibi

2007 1579 2163 1618 unus
2191 1561 2366 1616 homo
2395 1559 2562 1616 valde
2589 1559 2894 1629 honestus,
2914 1561 3016 1634 qui
3038 1561 3183 1618 dixit
3208 1562 3353 1618 mihi
3379 1579 3391 1618 :
3427 1565 3516 1620 Tu
3545 1564 3660 1622 ibis

2009 1651 2080 1707 de
2100 1651 2213 1706 isto
2247 1649 2458 1706 saeculo
2491 1651 2564 1705 ad
2596 1667 2830 1723 corpus,
2855 1655 2914 1706 et
2933 1653 3106 1707 stude
3136 1669 3240 1724 per
3262 1651 3660 1726 eleemosynas

2008 1746 2065 1796 et
2093 1739 2210 1796 alia
2237 1741 2392 1796 bona
2419 1757 2614 1811 opera,
2646 1744 2702 1794 et
2732 1757 2833 1811 per
2863 1739 3078 1795 bonam
3108 1741 3308 1810 vitam,
3338 1744 3404 1796 ut
3423 1743 3659 1814 quando

243 1823 532 1890 vestibus,
559 1828 616 1878 et
637 1822 785 1878 dixit
806 1822 953 1877 mihi
979 1840 992 1878 :
1017 1822 1191 1878 Vides
1231 1825 1523 1894 quomodo
1548 1842 1640 1880 me
1667 1826 1902 1896 adjuva-
1932 1863 1978 1926 Β
2010 1828 2125 1884 huc
2155 1828 2464 1892 reveheris,
2497 1829 2711 1884 bonam
2745 1827 3110 1884 mansionem
3142 1829 3382 1886 habeas.
3413 1831 3483 1884 Et
3513 1830 3659 1886 dixit
3751 1850 3754 1853 ·

242 1915 330 1970 vit
349 1918 490 1969 tuus
513 1911 890 1968 missaticus?
913 1913 1051 1967 Inde
1069 1911 1199 1968 veni
1223 1913 1294 1967 ad
1329 1915 1644 1985 quamdam
1677 1920 1901 1986 petram

244 2003 534 2076 grandem
565 2005 622 2057 et
649 2000 926 2068 altam,et
941 2001 1131 2056 inveni
1155 2001 1236 2057 ibi
1267 2001 1566 2059 hominem
1599 2005 1908 2060 unumim-

247 2092 583 2166 plantatum
614 2090 676 2146 in
706 2091 910 2146 eadem
959 2094 1126 2162 petra
1175 2108 1362 2162 usque
1391 2093 1464 2148 ad
1495 2093 1760 2149 ascellas.
1795 2094 1900 2159 Qui

243 2197 466 2237 vocans
495 2197 590 2236 me
621 2179 770 2234 dixit
803 2196 816 2234 :
845 2179 962 2251 Ego
993 2197 1128 2234 sum
1164 2180 1330 2236 Jesse
1363 2197 1378 2235 :
1411 2183 1556 2236 vade
1585 2183 1658 2236 ad
1683 2183 1904 2238 amicos

249 2286 439 2340 meos,
463 2271 522 2324 et
551 2269 644 2323 die
676 2267 791 2323 illis
821 2271 886 2322 ut
916 2277 1010 2323 me
1040 2269 1336 2340 adjuvent,
1371 2275 1660 2340 quatenus
1691 2271 1762 2326 de
1792 2271 1906 2326 ista

248 2362 421 2432 petra
449 2357 564 2414 sim
595 2357 976 2413 liberatus.Et
995 2374 1100 2428 ego
1132 2359 1406 2429 respondi
1439 2375 1531 2414 me
1564 2359 1787 2415 nescire
1805 2359 1905 2415 ubi

249 2446 338 2503 illi
361 2446 630 2502 homines
650 2449 863 2502 essent.
891 2446 958 2500 Et
977 2445 1072 2500 ille
1094 2445 1239 2500 dixit
1263 2463 1276 2501 :
1309 2446 1454 2501 Cum
1487 2446 1624 2503 hinc
1650 2464 1908 2519 perrexe-

251 2535 357 2605 ris,
391 2535 650 2590 invenies
680 2551 779 2590 eos
809 2533 868 2589 in
899 2534 1010 2590 via.
1044 2537 1114 2590 Et
1143 2534 1256 2589 vidi
1281 2536 1454 2606 juxta
1481 2535 1643 2591 illam
1678 2541 1902 2608 petram

251 2639 535 2696 magnam
565 2627 626 2679 et
655 2615 854 2694 altam,
889 2623 1241 2695 profundam
1285 2623 1520 2690 vallem,
1551 2629 1610 2680 et
1659 2629 1904 2696 puteum

251 2713 644 2779 teterrimum,
669 2715 727 2768 et
745 2729 961 2784 aquam
985 2713 1214 2786 nigram
1239 2712 1410 2784 quasi
1429 2713 1524 2784 pix
1545 2717 1721 2781 esset,
1746 2718 1802 2768 et
1825 2713 1908 2768 in-

251 2801 542 2872 terrogavi
593 2800 759 2856 illum
811 2800 1112 2856 hominem
1141 2801 1242 2873 qui
1274 2819 1336 2856 se
1362 2803 1526 2857 Jesse
1559 2801 1902 2864 nominavit,

250 2891 397 2963 quid
429 2893 584 2946 esset
612 2889 709 2945 ille
739 2895 972 2961 puteus.
993 2890 1100 2958 Qui
1131 2890 1470 2962 respondit:
1499 2891 1782 2963 Exspecta
1809 2890 1906 2946 hie

252 2994 492 3051 parum,
514 2981 572 3034 et
591 2983 656 3034 tu
678 2978 804 3050 ipse
825 2979 1048 3034 videbis
1079 2979 1220 3051 quid
1253 2979 1348 3034 sit.
1375 2979 1520 3034 Nam
1551 2997 1644 3035 me
1675 2984 1904 3036 tantum

252 3083 372 3122 non
393 3071 596 3139 gravat
611 3066 725 3122 ista
746 3085 916 3138 poena
938 3085 1086 3136 mea,
1113 3084 1291 3140 quam
1315 3067 1597 3136 sustineo,
1618 3074 1904 3140 quantum

255 3154 522 3211 timorde
541 3155 651 3211 hoc
683 3157 838 3228 quod
869 3155 1114 3212 videbis.
1139 3157 1208 3211 Et
1239 3155 1432 3212 subito
1461 3156 1700 3213 flamma
1729 3161 1786 3213 et
1812 3159 1905 3213 fu-

2013 1918 2158 1974 mihi
2199 1918 2454 1990 qualiter
2510 1934 2797 1990 pauperes
2853 1934 3150 1989 pascerem
3181 1921 3238 1974 et
3265 1918 3536 1974 vestirem
3568 1936 3660 1975 se-

2011 2009 2270 2064 cundum
2295 2023 2487 2062 meam
2511 2005 2979 2078 possibilitatem.
2996 2007 3064 2061 Et
3082 2005 3234 2060 alius
3255 2005 3430 2062 homo
3445 2007 3664 2064 rustica

2012 2095 2157 2152 facie
2189 2101 2245 2150 et
2271 2101 2431 2150 torvo
2479 2095 2642 2150 vultu
2700 2099 2823 2150 erat
2869 2093 2970 2164 ibi,
3005 2095 3104 2166 qui
3145 2094 3331 2150 dixit:
3367 2096 3492 2150 Non
3522 2095 3661 2152 hinc

2013 2185 2140 2241 ibit.
2163 2185 2268 2240 Cui
2291 2185 2389 2240 ille
2419 2184 2593 2239 homo
2625 2184 2908 2240 honestus
2962 2183 3264 2255 respondit
3297 2201 3309 2238 :
3343 2185 3439 2240 Sic
3469 2183 3660 2251 faciet,

2011 2277 2069 2329 et
2093 2291 2196 2346 per
2225 2273 2666 2344 quatuordecim
2711 2289 2898 2328 annos
2946 2271 3138 2327 adhuc
3170 2272 3228 2327 in
3259 2289 3499 2344 corpore
3531 2273 3660 2340 erit,

2011 2362 2222 2418 etinde
2238 2362 2352 2416 huc
2373 2360 2580 2417 veniet.
2604 2360 2706 2416 Cui
2729 2359 2828 2416 ille
2856 2360 3114 2416 rusticus
3147 2361 3481 2433 respondit:
3507 2363 3663 2426 Quos

2012 2454 2074 2505 tu
2099 2449 2538 2522 quatuordecim
2560 2466 2746 2505 annos
2767 2448 3049 2521 dicis,ego
3073 2449 3518 2520 quatuordecim
3537 2447 3664 2505 dies

2015 2540 2246 2604 faciam,
2278 2543 2335 2594 et
2366 2555 2480 2593 non
2511 2539 2661 2592 vivet
2682 2538 2939 2609 amplius
2972 2555 3159 2610 usque
3189 2539 3332 2593 dum
3362 2537 3476 2594 huc
3509 2555 3666 2594 reve-

2014 2627 2156 2684 niat.
2176 2625 2361 2682 Etille
2382 2626 2556 2681 homo
2578 2625 2864 2681 honestus
2892 2643 2905 2682 :
2931 2626 3025 2681 Sic
3057 2625 3168 2682 erit
3199 2626 3353 2682 sicut
3373 2643 3479 2699 ego
3507 2625 3660 2696 dico,

2014 2733 2128 2771 non
2159 2714 2312 2770 sicut
2337 2719 2420 2779 tu,
2455 2713 2596 2784 quia
2641 2729 2773 2768 ecce
2815 2713 2909 2768 hic
2954 2717 3044 2768 est
3089 2731 3236 2768 suus
3265 2715 3580 2770 advocatus
3609 2719 3666 2771 et

2015 2805 2346 2875 fidejussor,
2381 2807 2436 2856 et
2466 2807 2528 2855 tu
2561 2801 2677 2856 eris
2707 2800 2788 2856 ibi
2819 2817 3073 2856 mecum.
3107 2801 3318 2874 Sicque
3374 2801 3540 2872 petiit
3569 2819 3662 2858 sa-

2015 2909 2174 2949 cram
2197 2891 2826 2956 communionem.Qua
2846 2895 3101 2961 accepta,
3132 2889 3282 2945 bibit
3301 2891 3468 2963 quasi
3498 2889 3664 2945 dimi-

2015 2981 2180 3036 dium
2212 2985 2490 3052 staupum
2522 2980 2592 3034 de
2620 2979 2776 3046 vino,
2807 2982 2864 3034 et
2892 2978 3072 3034 dixit:
3108 2978 3278 3033 Modo
3309 2979 3665 3035 manducare

2016 3087 2269 3142 possem,
2295 3068 2345 3124 si
2369 3063 2664 3123 haberem.
2688 3069 2758 3122 Et
2779 3067 2954 3122 datus
2973 3071 3063 3122 est
3082 3066 3168 3122 illi
3198 3066 3385 3136 cibus,
3409 3071 3466 3123 et
3496 3084 3664 3122 man-

2016 3159 2268 3227 ducavit,
2301 3159 2458 3213 etab
2511 3157 2646 3212 inde
2693 3155 3007 3212 convaluit.
3039 3156 3158 3228 Ego
3218 3172 3320 3228 per
3374 3157 3664 3227 quosdam

253 3263 394 3302 mus
413 3245 700 3317 processit
720 3245 937 3318 deipso
961 3250 1135 3318 puteo
1165 3245 1334 3317 quasi
1367 3263 1556 3318 usque
1577 3247 1650 3302 ad
1673 3247 1904 3302 crelum.
1936 3229 1979 3296 C
2019 3247 2306 3320 divulgari
2357 3247 2480 3301 haec
2538 3245 2806 3311 audiens,
2837 3244 2978 3316 quia
3018 3243 3115 3300 ille
3146 3244 3435 3300 redivivus
3468 3245 3541 3300 ad
3571 3261 3664 3300 me

233 3335 327 3390 'Et
369 3333 663 3390 residente
717 3334 958 3390 ﬂamma
1013 3335 1073 3389 in
1132 3337 1397 3406 puteum,
1431 3339 1489 3390 et
1532 3339 1908 3392 evanescente

252 3422 441 3490 fumo,
474 3425 642 3479 erant
683 3427 936 3496 quatuor
991 3423 1305 3489 daemones,
1335 3422 1434 3494 qui
1467 3422 1907 3480 multitudinem

253 3510 615 3578 animarum,
648 3528 752 3584 per
781 3516 1035 3583 quatuor
1079 3515 1276 3582 partes
1308 3511 1548 3578 divisas,
1583 3529 1684 3583 per
1711 3512 1907 3584 ipsum

253 3604 501 3672 puteum
525 3599 833 3656 minabant
854 3617 1042 3672 usque
1064 3601 1135 3655 ad
1159 3601 1478 3672 quamdam
1502 3617 1715 3672 aquam
1729 3600 1908 3656 nimis

252 3687 722 3762 frigidissimam,
742 3688 896 3745 sicut
915 3688 1194 3744 animalia
1227 3687 1442 3744 minari
1462 3688 1652 3745 solent
1673 3693 1737 3744 ut
1767 3691 1906 3745 ada-

253 3780 530 3850 quentur.
561 3777 632 3833 Et
661 3777 807 3832 dixit
834 3778 960 3850 ipse
1002 3777 1167 3833 Jesse
1197 3793 1210 3832 :
1245 3777 1363 3833 Hoc
1393 3778 1656 3850 quotidie
1687 3779 1910 3834 faciunt

251 3865 354 3922 isti
387 3866 707 3934 daemones,
731 3871 790 3922 et
811 3867 1108 3923 sustinent
1136 3867 1260 3921 ista;
1292 3867 1519 3922 miserae
1551 3867 1760 3922 animae
1792 3885 1909 3923 una

251 3955 381 4010 vice
401 3953 460 4009 in
497 3955 614 4024 die,
638 3972 744 4027 pro
775 3955 992 4027 quibus
1023 3953 1171 4010 nulli
1205 3955 1530 4010 amicorum
1555 3955 1792 4012 illorum
1822 3956 1908 4011 la-

253 4042 487 4098 borant.
521 4043 670 4099 Nam
703 4043 752 4100 si
785 4043 965 4116 aliqui
1019 4043 1386 4099 lahorassent
1426 4061 1530 4116 pro
1561 4043 1698 4113 illis,
1731 4044 1908 4100 istam

253 4147 492 4203 poenam
543 4149 659 4188 non
711 4132 1088 4189 sustinerent.
1127 4132 1267 4188 Inde
1305 4133 1644 4204 procedens,
1679 4133 1908 4188 obviam

252 4218 438 4274 habui
497 4219 770 4278 homines
829 4220 1227 4294 colloquentes
1256 4221 1326 4276 de
1357 4223 1596 4294 prmfato
1633 4221 1820 4288 Jesse,
1853 4227 1911 4278 et

251 4306 376 4363 dixi
396 4306 515 4364 illis
545 4325 672 4380 quas
702 4309 827 4382 ipse
857 4310 1022 4366 Jesse
1053 4309 1136 4365 eis
1161 4309 1476 4366 mandavit.
1502 4310 1642 4365 Inde
1669 4309 1812 4365 redii
1835 4311 1907 4366 ad

250 4395 558 4470 praefatam
593 4401 842 4468 petram,
875 4402 931 4453 et
959 4397 1153 4454 inveni
1182 4397 1380 4470 ipsum
1413 4397 1714 4454 hominem
1743 4398 1910 4455 indu-

247 4487 384 4540 tum
415 4483 567 4540 albis
595 4487 879 4552 vestibus,
911 4491 967 4542 et
997 4487 1296 4542 sedentem
1344 4486 1406 4540 in
1456 4487 1594 4542 sede
1639 4487 1906 4543 honesta.

2015 3337 2209 3393 venire
2232 3352 2346 3390 non
2370 3335 2580 3407 potuit,
2607 3335 2914 3406 praefatum
2945 3333 3352 3406 presbyterum
3378 3333 3542 3389 bona;
3573 3334 3662 3388 in-

2013 3425 2347 3497 telligentiae
2378 3441 2446 3479 ac
2469 3425 2632 3479 bona:
2659 3423 2808 3493 vitae,
2831 3423 2924 3478 cui
2950 3422 3070 3477 haec
3092 3421 3311 3488 retulit,
3335 3423 3406 3478 ad
3441 3438 3535 3478 me
3565 3439 3664 3478 ac-

2017 3513 2293 3569 cersitum
2327 3529 2454 3584 qua:
2485 3511 2702 3582 scripta
2731 3514 2870 3565 sunt
2898 3509 3042 3565 mihi
3074 3527 3144 3566 ex
3173 3510 3376 3566 ordine
3409 3510 3515 3566 feci
3536 3529 3666 3566 nar-

2017 3619 2166 3670 rare,
2195 3619 2332 3656 vera
2361 3599 2459 3655 illa
2481 3617 2608 3655 esse
2639 3599 2902 3666 credens,
2939 3598 3076 3671 quia
3123 3598 3486 3670 hujusmodi,
3519 3604 3576 3656 et
3605 3599 3666 3655 in

2017 3691 2165 3746 libro
2223 3689 2599 3762 Dialogorum
2655 3687 2842 3744 sancti
2898 3687 3178 3759 Gregorii,
3211 3691 3269 3743 et
3314 3687 3374 3742 in
3419 3687 3668 3744 historia

2013 3779 2361 3852 Anglorum,
2393 3781 2450 3833 et
2477 3776 2538 3832 in
2569 3775 2802 3848 scriptis
2852 3775 3040 3832 sancti
3098 3775 3376 3831 Bonifacii
3407 3775 3666 3848 episcopi

2017 3872 2076 3925 et
2102 3867 2398 3940 martyris,
2435 3867 2535 3922 sed
2566 3870 2623 3922 et
2650 3870 2912 3937 tempore
2943 3863 3144 3921 domni
3177 3863 3452 3921 Ludovici
3482 3865 3665 3937 impe-

2017 3958 2228 4013 ratoris
2258 3960 2424 4012 aetate
2475 3959 2676 4010 nostra
2723 3955 2958 4010 cuidam
2986 3953 3210 4010 Witino
3239 3955 3362 4010 viro
3395 3954 3666 4028 religioso

2018 4045 2272 4102 revelata
2299 4045 2496 4115 relegi.
2532 4043 2713 4110 Unde,
2747 4044 2958 4098 fratres
2987 4042 3343 4112 eharissimi,
3397 4043 3520 4099 haec
3578 4060 3665 4100 re-

2016 4134 2275 4207 legentes
2297 4148 2529 4204 semper
2548 4131 2740 4202 pavidi
2764 4147 3110 4202 semperque
3141 4131 3572 4202 suspeeti,dum
3603 4132 3664 4186 in

2012 4223 2129 4278 hoc
2181 4237 2420 4292 corpore
2477 4235 2705 4282 sumus,
2739 4219 2811 4273 de
2849 4217 3256 4274 mansionibus
3310 4235 3458 4290 quas
3509 4219 3666 4273 exuti

1979 4363 2000 4387 ,
2019 4309 2359 4381 corporibus
2389 4305 2644 4361 habituri
2677 4321 2903 4373 sumus,
2929 4303 3272 4378 cogitantes,
3292 4305 3550 4362 remedia
3568 4323 3668 4361 no-

2019 4398 2110 4454 bis
2131 4415 2164 4452 a
2179 4397 2294 4452 Deo
2318 4395 2615 4451 insinuata
2638 4398 2811 4465 atque
2833 4391 3046 4448 collata
3066 4409 3180 4448 non
3204 4393 3594 4466 negligamus,
3609 4397 3668 4449 et

2019 4485 2367 4542 commissos
2399 4483 2589 4551 nobis,
2622 4499 2692 4538 ac
2719 4497 3098 4554 quoscunque
3128 4481 3290 4537 adire
3319 4481 3662 4553 poterimus,

251 4572 365 4640 Qui
393 4572 544 4628 mihi
573 4574 792 4630 multas
822 4573 1041 4649 gratias
1071 4574 1273 4630 retulit
1301 4575 1373 4630 de
1404 4575 1703 4632 missatico
1734 4593 1908 4648 quem
1941 4591 1986 4655 ι)
2019 4592 2135 4632 non
2167 4572 2458 4647 negligere
2487 4587 2987 4636 commoneamus,
3020 4569 3160 4642 quia
3203 4570 3289 4627 sic
3339 4587 3500 4626 mors
3529 4587 3665 4626 cum

248 4661 614 4733 injunxerat.
641 4663 780 4720 Inde
810 4664 940 4719 veni
963 4665 1035 4719 ad
1058 4664 1375 4736 quemdam
1401 4663 1616 4732 locum,
1641 4668 1697 4720 et
1718 4664 1910 4720 inveni

249 4749 568 4807 0tharium
605 4753 902 4820 comitem,
936 4752 1182 4825 capillos
1212 4757 1269 4808 et
1299 4753 1542 4808 barbam
1576 4753 1910 4820 habentem,

249 4837 357 4895 sed
381 4843 441 4894 et
457 4843 650 4896 totum
674 4857 887 4912 corpus
908 4841 1146 4898 miseria
1167 4847 1224 4898 et
1245 4841 1516 4914 squalore
1539 4841 1821 4898 infectum
1854 4847 1913 4898 et

249 4927 516 5000 nigrum.
541 4927 648 4994 Qui
671 4946 732 4986 se
753 4931 1111 4986 abscondere
1138 4929 1324 4986 voluit
1346 4947 1417 4986 ne
1439 4929 1606 4985 illam
1631 4930 1908 4986 viderem.

249 5015 360 5072 Cui
384 5015 500 5070 dixi
525 5033 538 5072 :
569 5018 784 5074 Domne
805 5037 1023 5086 comes,
1046 5019 1185 5091 quid
1209 5019 1304 5075 hic
1325 5019 1469 5075 facis
1492 5019 1520 5074 Ἰ
1541 5020 1648 5086 Qui
1680 5037 1914 5092 respon-

249 5104 344 5159 dit
368 5119 381 5160 :
411 5103 651 5178 Propter
680 5124 810 5163 mea
840 5113 1078 5181 peccata
1107 5108 1204 5164 hic
1235 5125 1389 5176 sum,
1413 5113 1470 5165 et
1500 5109 1763 5164 sustineo
1785 5127 1911 5181 quae

247 5192 440 5248 vides.
465 5194 536 5249 Et
566 5194 676 5251 iste
706 5213 874 5254 meus
923 5201 1143 5265 custos,
1178 5197 1278 5270 qui
1309 5215 1404 5253 me
1432 5197 1702 5254 hortatus
1731 5203 1821 5254 est
1849 5199 1909 5252 in

247 5279 375 5337 vita
396 5298 529 5337 mea
547 5282 650 5338 illa
687 5284 844 5342 mala
875 5287 1063 5342 facere
1093 5303 1220 5358 quae
1251 5286 1382 5356 feci,
1415 5287 1606 5341 adhuc
1637 5286 1910 5342 hortaba-

247 5374 354 5426 tur
375 5374 441 5426 ut
460 5387 552 5426 me
591 5373 1010 5431 absconderem
1041 5393 1114 5431 ne
1143 5380 1206 5430 tu
1240 5393 1332 5430 me
1360 5375 1604 5430 videres.
1638 5377 1748 5430 Sed
1780 5393 1907 5446 prc-

248 5473 356 5514 cor
388 5462 444 5514 te
473 5458 534 5515 in
565 5477 763 5518 amore
788 5463 910 5530 Dei,
943 5464 1087 5520 vade
1118 5448 1188 5520 (id
1221 5480 1458 5520 uxorem
1502 5481 1714 5532 meam,
1749 5469 1806 5519 et
1835 5465 1908 5520 ad

246 5546 528 5604 homines
548 5553 604 5604 et
625 5551 848 5609 amicos
875 5570 1062 5619 meos,
1085 5557 1142 5608 et
1162 5552 1256 5608 dic
1276 5551 1394 5608 illis
1416 5556 1480 5608 ut
1503 5570 1605 5624 pro
1647 5569 1739 5608 me
1760 5553 1906 5609 elee-

248 5653 535 5709 mosynas
567 5638 798 5710 faciant,
832 5645 889 5699 et
917 5642 1208 5698 orationes
1241 5641 1363 5696 ﬁeri
1395 5640 1714 5709 obtineant,
1744 5645 1806 5697 ut
1837 5642 1907 5697 de

2018 4663 2242 4720 venerit
2260 4661 2533 4726 vincitur,
2555 4660 2604 4716 si
2627 4666 2943 4732 antequam
2980 4659 3176 4714 veniat
3207 4676 3438 4732 semper
3457 4659 3664 4718 timea-

2021 4757 2138 4808 tur.
2163 4753 2268 4808 Pro
2317 4751 2530 4805 domno
2576 4765 2808 4821 quoque
2840 4741 3036 4804 nostro
3067 4749 3364 4820 quondam
3396 4766 3530 4824 rege
3557 4743 3686 4806 Ca-'

2021 4841 2164 4909 rolo,
2217 4844 2280 4895 ut
2308 4839 2360 4895 ei
2389 4838 2675 4894 Dominus
2706 4840 2858 4892 bona
2887 4841 3100 4894 mterna
3128 4839 3406 4906 conferat,
3441 4839 3664 4894 studio-

2021 4931 2255 4986 sissime
2288 4928 2688 5000 imploremus,
2723 4944 2828 4998 per
2881 4929 3052 4999 cujus
3111 4932 3457 5000 potestatem
3495 4928 3664 4982 nobis

2021 5020 2173 5075 bona
2193 5017 2536 5090 temporalia
2568 5015 2834 5072 contulit.
2859 5017 2923 5072 1n
2945 5033 3061 5089 quo
3083 5034 3151 5072 ex
3169 5017 3280 5072 hac
3295 5015 3518 5071 visione
3547 5015 3663 5070 duo

2012 5107 2239 5180 judicia
2268 5106 2498 5162 Domini
2531 5106 2883 5178 perpendere
2914 5122 3232 5178 possumus
3261 5122 3274 5160 :
3307 5103 3574 5158 videlicet
3602 5108 3667 5157 ut

2020 5213 2156 5252 cum
2169 5196 2355 5268 pmnis
2372 5212 2520 5267 quas
2549 5193 2898 5264 sustinebat,
2915 5195 3091 5254 etiam
3105 5211 3173 5249 ex
3185 5193 3412 5264 objecta
3433 5195 3662 5247 sancto-

2019 5303 2150 5341 rum
2184 5284 2382 5357 requie
2413 5288 2479 5339 ut
2506 5283 2634 5340 luce
2678 5284 3086 5357 resplendente
3115 5299 3150 5337 a
3177 5281 3368 5352 longe,
3402 5280 3500 5352 qui
3530 5296 3666 5352 pro-

2020 5373 2226 5430 mereri
2259 5375 2318 5428 in
2349 5390 2589 5445 corpore
2636 5375 2865 5444 positus
2915 5375 3138 5444 poterat
3167 5375 3226 5424 et
3251 5369 3500 5424 necdum
3534 5387 3665 5441 pro-

2019 5465 2252 5529 meruit,
2287 5463 2646 5518 conscientia
2676 5467 3045 5534 torqueretur
3076 5477 3090 5514 :
3124 5475 3418 5531 quemque
3470 5459 3669 5514 futura

2017 5569 2152 5624 spes
2184 5552 2616 5624 aliquantulum
2648 5551 2957 5617 refovebat,
2981 5548 3134 5606 sicut
3153 5553 3210 5604 et
3230 5564 3335 5603 nos
3358 5547 3668 5604 hortantur

2017 5641 2352 5714 Scripturae,
2376 5642 2544 5698 utsic
2580 5644 2815 5712 peccata
2845 5642 3046 5694 nostra
3075 5637 3436 5711 perturbent,
3459 5641 3663 5711 quate-
