3976 6188
229 335 379 401 H21

1495 345 1596 405 DE
1639 344 1870 405 VlLLA
1915 341 2357 404 NOVILIACO.

3480 351 3634 411 “22

229 475 372 530 dum
402 478 495 530 est
523 475 596 529 de
625 491 690 530 eo
716 476 924 531 Leonis
943 476 1266 548 capitulum
1288 495 1404 548 quo
1426 477 1566 532 dicit
1587 479 1764 548 (epist.
1789 476 1880 542 95,
1911 478 1964 542 Α
1987 477 2262 546 judirium
2322 477 2508 545 (Joan.
2565 475 2641 547 Il),
2695 482 2752 531 et
2809 480 2878 534 de
2933 479 3216 536 eharitate
3275 483 3633 539 confratrum

229 580 280 619 c.
310 565 397 633 16)
425 581 472 619 ;‹‹
499 563 557 618 Si
580 565 840 620 convivio
871 565 994 621 solo
1022 566 1350 638 gentilium,
1375 571 1433 622 et
1449 566 1598 622 escis
1621 566 1884 621 immola-

228 652 376 707 titiis
402 652 490 706 usi
524 657 682 720 sunt,
710 659 958 725 possunt
979 655 1224 727 jejuniis
1245 660 1302 711 et
1327 671 1540 710 manus
1566 654 1884 726 impositio-

231 756 302 797 ne
335 741 592 815 purgari,
627 747 694 797 ut
723 743 997 815 deinceps
1028 745 1100 799 ab
1141 744 1467 800 idolothitis
1498 745 1878 809 abstinentes,

230 836 669 887 sacramentum
720 832 933 888 Christi
985 833 1212 905 possint
1259 851 1386 889 esse
1436 833 1770 906 participes.
1822 832 1881 888 Si

230 926 427 976 autem
460 921 617 976 idola
660 921 1068 991 adoraverunt,
1095 928 1196 978 aut
1225 917 1561 979 homicidiis
1588 922 1673 978 vel
1706 921 1883 977 forni-

230 1008 562 1064 cationibus
593 1011 976 1066 contaminati
1009 1015 1169 1081 sunt,
1195 1012 1264 1066 ad
1293 1011 1764 1066 communionem
1787 1027 1885 1066 eos

232 1096 345 1152 nisi
368 1113 471 1169 per
485 1097 887 1169 paenitentiam
907 1099 1202 1171 publicam
1222 1117 1336 1154 non
1350 1104 1576 1171 oportet
1593 1099 1884 1154 admitti.»

232 1185 303 1240 Et
335 1185 550 1241 Nicami
599 1203 852 1242 canones
881 1192 1026 1254 (can.
1061 1189 1146 1260 11)
1178 1189 1248 1244 de
1280 1188 1372 1243 his
1403 1187 1501 1260 qui
1549 1193 1756 1260 praeter
1787 1205 1885 1243 ne-

232 1274 569 1329 cessitatem
599 1275 953 1347 praevaricati
987 1281 1148 1344 sunt,
1171 1277 1421 1349 qualiter
1449 1277 1768 1349 poeniteant
1798 1277 1885 1331 di-

234 1367 377 1419 cunt
421 1365 597 1434 (epist.
630 1364 720 1431 59,
750 1366 962 1435 Theod.)
985 1366 1130 1432 Quia
1179 1383 1332 1432 vero,
1359 1370 1423 1421 ut
1467 1366 1684 1431 audivi,
1718 1383 1886 1436 para-

233 1450 342 1523 lysi
368 1453 514 1507 solet
538 1453 817 1525 Pippinus
846 1455 1091 1526 percuti,
1115 1455 1412 1527 sequenda
1434 1461 1521 1510 est
1541 1456 1612 1511 de
1638 1454 1736 1511 illo
1763 1471 1890 1510 sen-

231 1542 419 1595 tentia
451 1541 649 1613 magni
675 1543 900 1608 Leonis,
917 1560 1032 1615 qua
1066 1544 1205 1598 dicit
1227 1545 1296 1598 de
1318 1543 1408 1600 his
1425 1545 1524 1616 qui
1550 1545 1609 1598 in
1630 1551 1888 1615 tempore

233 1630 696 1697 necessitatis,et
723 1632 778 1686 in
806 1632 1047 1704 periculi
1083 1633 1344 1704 urgentis
1365 1631 1664 1699 instantia,
1691 1633 1887 1704 praesi-

233 1719 402 1772 dium
426 1719 774 1790 pmnitentia:
797 1725 852 1774 et
884 1738 1015 1775 mox
1039 1720 1527 1776 reconciliationis
1550 1721 1886 1792 implorant,

234 1823 340 1862 nec
374 1808 694 1863 satisfactio
744 1809 1148 1864 interdicenda
1195 1814 1304 1876 est,
1341 1826 1445 1864 nec
1495 1810 1887 1865 reconciliatio

232 1896 596 1969 deneganda,
631 1897 770 1969 quia
811 1897 1224 1953 misericordiae
1276 1899 1372 1953 Dei
1423 1915 1528 1954 nec
1577 1917 1886 1954 mensuras

233 2001 554 2056 possumus
579 2003 933 2057 ponere,nec
958 1992 1219 2058 tempora
1239 1988 1512 2055 diffinire,
1530 1989 1682 2058 apud
1709 2005 1883 2060 quem

233 2072 430 2128 nullas
465 2073 685 2144 patitur
719 2074 896 2128 veniai
938 2091 1133 2130 moras
1161 2092 1296 2130 vera
1325 2076 1631 2143 confessio,
1657 2077 1885 2133 dicente

233 2160 335 2216 Dei
369 2161 580 2232 spiritu
622 2179 725 2234 per
766 2163 1109 2235 prophetam
1145 2180 1158 2218 :
1195 2165 1328 2220 Cum
1375 2167 1726 2236 ingemueris,
1760 2174 1888 2221 tunc

231 2252 419 2305 salvus
447 2252 558 2305 eris
587 2251 716 2322 (lsa.
742 2256 918 2318 xun).
950 2253 1020 2307 Et
1050 2253 1261 2308 iterum
1297 2271 1310 2309 :
1347 2257 1497 2326 ()uia
1529 2255 1673 2325 apud
1706 2257 1884 2310 Domi-

229 2355 368 2393 num
396 2341 776 2395 misericordia
805 2346 912 2404 est,
936 2350 986 2397 et
1015 2345 1229 2413 copiosa
1259 2343 1405 2414 apud
1440 2360 1564 2398 eum
1595 2343 1886 2415 redemptio

232 2428 643 2499 (Psal.cxxm).
671 2450 698 2478 ››
726 2430 794 2483 Et
843 2430 1218 2486 Innocentius
1268 2431 1412 2486 dixit
1461 2434 1635 2504 (eqist.
1675 2433 1747 2486 29
1785 2435 1883 2488 De-

230 2522 434 2583 cent.):
464 2540 490 2565 ‹‹
513 2517 593 2572 De
639 2518 1075 2589 pamitentibus,
1102 2519 1201 2591 qui
1251 2520 1369 2575 sive
1411 2537 1480 2574 ex
1519 2521 1885 2592 gravioribus

230 2605 588 2670 commissis,
619 2607 737 2660 sive
766 2624 834 2661 ex
874 2607 1184 2662 levioribus
1218 2609 1617 2680 pmnitcntiam
1651 2616 1884 2681 gerunt,

231 2694 278 2749 si
331 2694 495 2749 nulla
543 2694 889 2750 interveniat
939 2697 1240 2767 (egritudo,
1285 2699 1490 2768 quinta
1552 2699 1693 2752 feria
1750 2707 1884 2753 ante

233 2783 460 2838 Pascha
488 2783 572 2838 eis
595 2784 1009 2839 remittendum
1044 2786 1315 2840 Romana
1347 2785 1613 2842 Ecclesia}
1639 2804 1882 2842 consue-

231 2873 376 2926 tudo
409 2873 790 2927 demonstrat.
825 2874 1107 2928 Caeterum
1140 2875 1210 2928 de
1257 2876 1508 2946 pondere
1539 2875 1883 2930 aestimando

231 2960 601 3028 delictorum,
636 2963 957 3018 sacerdotis
986 2969 1075 3018 est
1098 2963 1386 3036 judicare,
1419 2969 1484 3019 ut
1517 2965 1781 3020 attendat
1810 2967 1880 3019 ad

229 3049 658 3105 confessionem
683 3050 1036 3122 pmnitentis,
1053 3061 1101 3106 el
1123 3052 1194 3106 ad
1212 3053 1382 3108 ﬂetus
1400 3057 1575 3124 atque
1596 3051 1882 3125 lacrymas

229 3138 598 3210 corrigentis,
622 3155 688 3194 ac
720 3143 848 3194 tum
873 3140 1081 3210 jubere
1103 3140 1340 3208 dimitti,
1365 3157 1498 3196 cum
1523 3141 1733 3196 viderit
1754 3159 1885 3196 con-

1991 571 2360 630 nostrorum,
2420 570 2477 618 et
2532 565 2603 619 de
2675 568 3018 623 auctoritate
3091 587 3393 626 sacrorum
3463 589 3636 628 cano-

1991 670 2134 707 num
2166 658 2222 707 et
2265 651 2606 724 pontiﬁcum
2658 653 3074 723 Romanorum,
3108 657 3502 715 exhortandus
3550 665 3639 716 est

1993 740 2302 813 Pippinus,
2364 745 2430 795 ut
2484 757 2691 812 puram
2753 742 3177 800 confessionem
3235 747 3306 802 de
3363 748 3638 805 omnibus

1989 830 2246 900 peccatis
2292 829 2436 897 suis,
2472 845 2598 901 quae
2645 831 2718 885 ab
2765 829 3005 886 ineunte
3055 838 3221 888 (etate
3269 837 3637 906 perpetravit,

1994 924 2212 973 secrete
2245 917 2441 984 faciat,
2473 918 2613 990 quia
2659 919 2806 974 forte
2852 919 2993 975 talia
3039 928 3278 992 peccata
3325 924 3480 993 fecit,
3513 942 3639 997 quin

1995 1010 2163 1078 turpe
2219 1011 2309 1062 est
2363 1007 2538 1062 etiam
2588 1005 2647 1061 in
2705 1007 3009 1080 publicum
3057 1009 3270 1076 dicere,
3304 1016 3361 1068 et
3413 1013 3483 1068 de
3532 1013 3640 1070 hoc

1995 1095 2150 1167 quod
2199 1111 2374 1150 suum
2425 1095 2693 1152 habitum
2725 1097 2952 1153 dimisit
2999 1104 3060 1154 et
3107 1116 3169 1155 se
3214 1101 3552 1172 perjuravit,
3584 1107 3643 1158 et

1995 1183 2136 1255 quia
2166 1201 2300 1238 cum
2333 1183 2576 1256 paganis
2626 1202 2687 1240 se
2725 1187 2948 1256 junxit,
2981 1187 3052 1243 de
3091 1204 3208 1260 qua
3253 1207 3364 1244 sua
3405 1191 3645 1261 conjun-

1996 1272 2184 1328 ctione
2217 1271 2403 1326 multa
2433 1272 2585 1328 mala
2617 1279 2756 1330 sunt
2787 1280 3134 1346 perpetrata,
3161 1295 3356 1333 coram
3388 1279 3646 1336 Ecclesia

1995 1359 2148 1415 inter
2176 1359 2407 1431 publice
2439 1362 2784 1432 pocuitentes
2813 1379 2875 1418 se
2905 1362 3359 1436 laerymabiliter
3387 1372 3643 1437 accuset,

1996 1454 2052 1503 et
2082 1449 2488 1519 pmnitentiam
2509 1455 2565 1505 et
2584 1450 3113 1508 reconciliationem
3137 1453 3442 1510 humiliter
3463 1461 3642 1528 petat,

1997 1539 2144 1592 etde
2176 1538 2450 1593 omnibus
2481 1557 2609 1609 quae
2639 1539 2724 1594 vel
2755 1545 2974 1596 secrete
3003 1544 3306 1598 confessus
3337 1544 3531 1613 fuerit,
3554 1545 3643 1600 vel

1998 1627 2229 1698 publice
2260 1629 2636 1695 accusaverit,
2662 1645 2764 1700 per
2809 1647 3022 1685 manus
3053 1631 3486 1702 impositionem
3517 1634 3645 1707 epi-

1997 1715 2249 1786 scopalis
2280 1717 2645 1772 auctoritatis
2667 1717 2898 1789 publice
2919 1719 3342 1788 reconcilietur,
3367 1726 3423 1776 et
3445 1739 3643 1777 recon-

2000 1803 2233 1860 ciliatus
2262 1810 2566 1860 tonsuram
2615 1805 2941 1862 clericalem
2991 1807 3256 1879 accipiat,
3289 1813 3345 1864 ct
3376 1808 3643 1866 habitum

1997 1892 2385 1967 mopasticum
2437 1893 2695 1966 recipiat,
2730 1900 2786 1950 et
2833 1896 3176 1968 profiteatur
3224 1914 3285 1953 se
3336 1899 3407 1954 de
3438 1903 3643 1955 caetero

1994 1998 2224 2036 servare
2247 2000 2371 2054 qua:
2393 1983 2608 2054 expetit
2629 1987 2685 2039 et
2711 1985 2958 2054 expedit,
2975 1989 3029 2039 et
3061 1986 3143 2040 sic
3168 1987 3642 2043 communionem

1995 2071 2144 2125 sacri
2179 2070 2376 2126 altaris
2410 2071 2669 2144 recipiat.
2696 2073 3126 2130 Reconciliatus
3166 2080 3361 2130 autem
3393 2075 3644 2149 benigne

1991 2164 2294 2225 tractetur,
2321 2165 2377 2216 et
2398 2159 2499 2215 tali
2531 2161 2652 2216 loco
2675 2163 2786 2217 sub
2817 2161 2997 2218 libero
3020 2164 3286 2218 custodia
3313 2163 3643 2220 misericor-

1993 2248 2144 2304 diter
2171 2251 2556 2316 custodiatur,
2589 2256 2653 2304 ut
2691 2252 2964 2306 custodes
3005 2253 3324 2308 monachos
3353 2270 3421 2308 ac
3461 2254 3644 2310 bonos

1994 2337 2306 2392 canonicos
2339 2337 2684 2409 habeat,qui
2723 2356 2857 2394 eum
2891 2339 3363 2408 exhortentur,et
3393 2357 3644 2413 quorum

1994 2425 2262 2480 doctrina
2282 2430 2338 2480 et
2359 2426 2622 2498 exemplo
2646 2427 2790 2482 bene
2812 2429 2882 2483 de
2907 2434 3114 2482 caetero
3133 2429 3320 2484 vivere
3341 2434 3398 2484 et
3418 2436 3646 2502 praeter-

1995 2514 2076 2568 ita
2119 2522 2355 2585 peccata
2400 2515 2674 2586 plangere
2705 2515 2912 2570 discat.
2948 2516 3017 2570 Et
3047 2533 3298 2587 quorum
3339 2518 3643 2590 providen-

1994 2603 2093 2668 tia,
2127 2609 2183 2656 et
2214 2603 2321 2657 loci
2356 2603 2758 2658 convenientia
2796 2604 2878 2658 ita
2909 2605 3293 2672 custodiatur,
3321 2613 3385 2662 ut
3415 2607 3488 2662 ad
3521 2608 3644 2679 pri-

1994 2691 2214 2745 stinum
2260 2692 2542 2745 vomitum
2595 2692 2779 2745 redire
2829 2698 3100 2763 nequeat,
3133 2693 3362 2748 etiamsi
3411 2695 3642 2751 diabolo

1993 2783 2273 2834 suadente
2307 2778 2568 2845 voluerit,
2594 2785 2649 2834 et
2677 2779 2992 2834 recidivum
3015 2782 3358 2836 scandalum
3385 2800 3488 2853 per
3507 2800 3640 2838 eum

1993 2868 2051 2922 in
2085 2873 2286 2923 sancta
2314 2867 2570 2924 Ecclesia
2600 2874 2657 2922 et
2678 2867 2736 2922 in
2761 2868 2873 2923 ista
2893 2869 3326 2926 Christianitate
3355 2871 3491 2925 oriri
3526 2889 3640 2926 non

1991 2957 2196 3029 possit.
2230 2957 2458 3030 Accipe,
2492 2958 2670 3013 frater
2697 2963 2755 3012 et
2787 2957 2912 3025 filii,
2951 2958 3125 3013 istam
3158 2957 3552 3028 rotulam,sed
3586 2965 3643 3016 et

1992 3045 2152 3100 illam
2182 3047 2250 3102 de
2272 3047 2614 3119 cognatione
2635 3064 2749 3102 non
2782 3048 3212 3120 conjungenda,
3235 3053 3292 3104 et
3311 3053 3482 3119 porta
3509 3047 3640 3105 illas

1992 3136 2206 3189 domno
2239 3136 2381 3207 regi,
2405 3140 2461 3190 et
2493 3136 2681 3209 relege
2712 3152 2908 3191 coram
2949 3135 3068 3204 illo,
3092 3141 3150 3191 et
3179 3137 3249 3192 de
3279 3136 3396 3193 ista
3423 3137 3512 3193 fac
3545 3155 3640 3193 se-

227 3209 438 3299 gruarn
471 3209 952 3283 satisfactionem,
976 3229 1125 3284 Sane
1147 3231 1196 3285 si
1220 3229 1350 3302 quis
1385 3232 1442 3284 in
1475 3229 1881 3302 mgritudinem
1915 3209 1956 3276 C
1993 3225 2251 3278 cundum
2283 3223 2442 3278 illius
2463 3224 2775 3280 consilium
2797 3229 2852 3280 et
2879 3225 3467 3294 commendationem,
3491 3231 3550 3282 et
3569 3227 3640 3282 de

227 3317 521 3385 inciderit,
547 3322 722 3389 atque
754 3335 941 3390 usque
973 3319 1043 3372 ad
1074 3319 1540 3390 desperationem
1565 3319 1880 3388 devenerit,

226 3404 277 3459 ei
311 3409 402 3458 est
431 3410 564 3460 ante
593 3411 829 3477 tempus
862 3404 1094 3460 Paschae
1136 3404 1540 3476 relaxandum,
1573 3423 1644 3461 ne
1675 3407 1745 3461 de
1778 3423 1882 3462 saa-

228 3492 362 3548 culo
384 3493 608 3565 absque
628 3494 1040 3549 communione
1063 3495 1387 3550 discedat.»
1417 3495 1587 3550 Plura
1609 3500 1748 3550 sunt
1770 3495 1881 3551 alia

230 3598 359 3653 quae
393 3581 529 3637 hinc
560 3599 867 3654 possemus
899 3581 1189 3655 colligere,
1225 3583 1334 3638 nisi
1370 3583 1482 3638 ista
1512 3583 1883 3639 crederemus

225 3686 403 3742 posse
447 3671 735 3725 sufficere.
770 3670 934 3726 Unde
973 3677 1260 3741 quantum
1304 3671 1448 3727 mihi
1486 3671 1738 3744 videtur,
1766 3691 1880 3728 non

227 3759 620 3830 przejudicans
650 3760 913 3831 synodali
961 3759 1260 3815 sententiae
1293 3762 1364 3816 de
1405 3760 1646 3833 Pippino
1685 3763 1880 3817 decre-

227 3851 320 3914 tae,
347 3847 448 3902 sed
482 3849 741 3902 conlisus
771 3849 842 3902 de
882 3848 980 3902 Dei
1026 3848 1443 3916 misericordia,
1469 3850 1568 3920 qui
1604 3866 1706 3921 per
1735 3867 1879 3922 apo-

224 3934 449 3988 stolum
498 3952 672 3990 suum
722 3935 863 3990 dicit
911 3952 923 3990 :
980 3937 1041 3992 Ut
1094 3938 1458 4008 supereminet
1501 3939 1882 3995 misericordia

1992 3311 2092 3366 illa
2121 3328 2251 3384 qua:
2283 3313 2352 3367 de
2382 3313 2726 3384 cognatione
2749 3331 2863 3369 non
2887 3315 3297 3386 conjungenda
3329 3314 3434 3370 tibi
3466 3315 3641 3370 mitti-

1993 3406 2108 3467 tur,
2143 3418 2245 3472 per
2275 3401 2402 3472 ejus
2433 3400 2742 3456 consilium
2770 3407 2826 3457 et
2853 3403 3137 3458 auxilium
3167 3419 3409 3475 sequere
3441 3420 3640 3461 sacras

1991 3489 2368 3545 auctoritates
2417 3490 2520 3544 tibi
2571 3489 2843 3546 directas.
2877 3491 3244 3547 Providentia
3272 3493 3344 3548 de
3395 3492 3638 3565 Pippino

1993 3596 2107 3633 non
2135 3585 2224 3634 est
2253 3579 2620 3652 negligenda,
2653 3584 2711 3634 et
2741 3583 2806 3634 ut
2849 3579 2989 3634 certi
3029 3596 3094 3635 ac
3135 3581 3334 3636 fideles
3365 3583 3638 3637 custodes

1991 3669 2382 3724 adhibeantur
2403 3669 2548 3724 satis
2570 3673 2659 3724 est
2680 3671 3144 3740 procurandum:
3172 3686 3275 3725 nec
3298 3669 3639 3726 obliviscen-

1991 3759 2132 3813 dum
2166 3758 2304 3829 quid
2331 3759 2401 3814 de
2423 3775 2488 3813 eo
2514 3757 2572 3812 in
2607 3758 2960 3813 monasterio
2983 3758 3171 3813 sancti
3204 3759 3464 3814 Medardi
3495 3759 3640 3814 acci-

1991 3849 2095 3915 dit,
2131 3853 2188 3902 et
2218 3847 2359 3918 quid
2392 3849 2462 3903 de
2489 3847 2871 3903 Carlomanno
2903 3847 2961 3901 in
2988 3846 3228 3904 Corbeia
3257 3849 3466 3904 evenit.
3490 3848 3636 3904 Nam

1990 3939 2146 4010 quod
2182 3939 2398 3993 factum
2430 3942 2537 4006 est,
2562 3937 2754 3993 adhuc
2787 3937 2908 3993 fieri
2941 3942 3150 4010 potest.

1798 4251 2063 4320 XIX.

1319 4403 1463 4488 DE
1526 4403 1862 4491 VlLLA
1920 4401 2555 4491 NOVILIACO

413 4547 766 4629 Sequuntur
792 4560 956 4630 gesta
996 4551 1286 4631 quomodo
1317 4552 1562 4613 domnus
1593 4553 1958 4615 Hinc-morus
1986 4554 2192 4615 villam
2221 4553 2597 4615 Noviliacum
2639 4549 2804 4632 apud
2839 4551 3117 4612 damnum
3162 4550 3447 4615 Carolum

1055 4635 1460 4712 imperatorem
1489 4635 1682 4714 filium
1717 4635 2024 4696 Lmdovici
2049 4635 2420 4715 imperatoris
2449 4633 2812 4714 impetravit.

1155 4766 1343 4838 (Apud
1375 4766 1672 4836 eumdem,
1703 4783 1771 4822 ex
1797 4767 2130 4838 Appendice
2169 4766 2241 4821 ad
2274 4763 2709 4835 Flodoardam.)

290 5000 578 5058 Defuncto
622 5002 862 5075 Pippino
912 5021 1046 5078 rege
1093 5023 1193 5060 vm
1239 5005 1531 5062 Kalendas
1579 5006 1778 5063 Octob.
1814 5008 1872 5063 in
1905 5013 1951 5076 Ι)
1983 5006 2322 5062 infirmitate
2363 5021 2480 5076 qua
2508 5008 2564 5059 et
2613 5009 2882 5060 mortuus
2913 5008 3003 5060 est
3033 5005 3092 5060 in
3125 5006 3546 5075 Salmuntiaco,
3574 5011 3632 5062 et

212 5089 580 5144 monasterio
598 5091 783 5144 sancti
808 5091 1089 5164 Dionysii,
1107 5091 1209 5146 ﬁlii
1232 5094 1360 5164 ejus
1382 5093 1802 5150 Carlomannus
1822 5100 1878 5150 et

210 5174 484 5243 Carolus,
505 5167 827 5234 secundum
853 5180 1298 5252 dispositionem
1328 5181 1510 5254 patris
1532 5183 1644 5248 sui,
1669 5188 1724 5238 et
1747 5200 1878 5238 con-

211 5262 422 5318 silium
446 5267 607 5338 regni
641 5267 1331 5339 primorum,diviserunt
1352 5269 1505 5326 inter
1535 5287 1596 5325 se
1628 5287 1872 5343 regnum

209 5357 553 5424 paternum,
578 5359 634 5410 et
664 5355 869 5412 elevati
915 5362 1055 5413 sunt
1091 5357 1152 5412 in
1193 5375 1358 5431 reges
1391 5375 1469 5413 v11
1502 5359 1638 5414 Idus
1669 5359 1869 5416 Octob.

207 5439 646 5499 Carlomannus
672 5444 733 5499 in
757 5445 1112 5514 Suessionis,
1137 5452 1196 5502 et
1218 5446 1459 5503 Carolus
1481 5447 1539 5502 in
1572 5447 1870 5515 Noviomo,

207 5528 372 5586 sicut
400 5529 460 5585 in
489 5531 700 5588 Annali
732 5551 938 5607 regum
969 5534 1256 5608 scriptum
1288 5536 1596 5592 habemus.

282 5621 456 5675 Anno
473 5625 682 5693 quarto
699 5623 862 5697 regni
879 5624 973 5681 sui
995 5625 1328 5682 infirmatus
1345 5629 1434 5682 est
1445 5623 1870 5682 Carlomannus

1986 5098 2122 5150 ante
2153 5093 2378 5149 obitum
2402 5109 2576 5147 suum
2607 5109 2710 5164 per
2729 5097 3084 5166 praeceptum
3108 5096 3276 5167 regiae
3299 5112 3417 5150 suae
3441 5100 3635 5152 aucto-

1986 5181 2195 5252 ritatis,
2221 5181 2375 5253 quod
2401 5181 2709 5250 habemus,
2730 5186 2992 5254 tempore
3013 5182 3230 5254 Tilpini
3251 5182 3634 5255 archiepisco-

1983 5271 2062 5342 pi,
2088 5270 2330 5326 tradidit
2360 5269 2556 5325 villam
2589 5270 2950 5326 Noviliacum
2982 5288 3117 5326 cum
3151 5271 3426 5328 omnibus
3465 5272 3537 5328 ad
3568 5289 3632 5328 se

1982 5358 2434 5431 pertinentibus,
2450 5375 2552 5430 pro
2575 5359 2782 5414 animae
2805 5377 2922 5416 sua;
2947 5359 3201 5414 remedio
3223 5364 3279 5414 et
3297 5359 3422 5415 loco
3446 5359 3634 5432 sepulo

1979 5452 2146 5513 turea,
2173 5449 2244 5502 ad
2276 5447 2594 5503 Ecelesiam
2644 5447 3033 5503 Rhemensem
3074 5453 3288 5503 sancta
3333 5448 3550 5515 Maria,
3572 5453 3632 5506 et

1980 5535 2285 5593 basilicam
2303 5537 2490 5593 sancti
2508 5536 2776 5608 Remigii,
2795 5535 2854 5590 in
2874 5553 2991 5608 qua
3005 5541 3062 5591 et
3079 5536 3343 5609 sepultus
3362 5541 3469 5594 est.
3490 5541 3630 5597 Post

1982 5627 2152 5699 cujus
2182 5625 2430 5696 obitum,
2461 5623 2703 5682 Carolus
2751 5624 2931 5682 frater
2967 5626 3098 5698 ejus
3135 5630 3441 5701 praecepto,
3467 5628 3628 5704 quod
