3976 6188
359 305 512 366 1123

1133 300 1511 362 HINCMARI
1558 301 1778 362 RHEM
1850 301 2213 362 ARCHIEP.
2263 301 2673 366 OPUSCULA
2716 304 2984 366 VARIA.

3605 305 3766 367 1124

355 435 661 502 habemus,
697 451 817 489 sure
847 433 1210 490 auctoritatis
1239 433 1429 506 ipsam
1461 435 1834 491 traditionem
1865 450 2002 490 con-
2031 435 2086 502 Α
2115 450 2223 490 nas
2253 434 2664 492 defunctorum
2698 435 2970 503 retinent,
2991 440 3050 491 et
3086 436 3362 492 Ecclesiis
3391 437 3644 504 tradere,
3669 437 3769 493 de-

354 523 626 579 ﬁrmavit.

423 640 705 696 Defuncto
751 639 980 712 Tilpino
1029 639 1464 712 archiepiscopo
1523 657 1674 695 anno

351 731 522 787 tertio
571 734 884 804 postquam
915 729 1339 786 Carlomannus
1379 729 1689 785 Rhemensi
1735 728 2003 785 Ecclesia:

351 819 548 876 villam
569 819 931 875 Noviliacum
955 819 1216 887 tradidit,
1235 819 1422 874 tenuit
1443 819 1696 874 domnus
1719 835 1818 874 rex
1837 818 2003 874 Caro-

2113 529 2436 590 morantur,
2455 524 2553 592 qui
2588 529 2652 580 ut
2681 523 2949 581 inﬁdeles
2970 526 3044 580 ab
3069 525 3328 582 Ecclesia
3351 525 3693 598 adjiciendi,
3714 529 3773 581 et

1722 639 2004 714 vigesimo
2113 613 2278 684 quasi
2312 619 2588 685 egentum
2621 618 2944 680 necatores,
2986 631 3093 670 nec
3131 615 3437 670 credentes
3470 613 3770 686 judicium

2112 701 2214 756 Dei
2247 701 2503 758 habendi
2541 702 2907 775 judicantur.
2938 703 3008 758 Et
3039 703 3295 758 reddidit
3331 709 3624 778 praecepto
3653 721 3786 760 sua.

2113 790 2498 860 auctoritatis,
2556 792 2712 864 quod
2759 792 3066 859 habemus,
3122 792 3439 849 Rhemensi
3497 791 3772 849 Ecclesiae

351 908 446 966 lus
475 908 803 965 Rhemense
853 907 1214 980 episcopium
1265 907 1323 962 in
1375 925 1479 963 suo
1529 908 1914 973 dominicatu,
1946 911 2005 963 et
2113 895 2300 950 Ipsam
2329 878 2545 980 ‘v‘na?
2587 895 2722 934 cum
2771 879 3046 980 omini”?
3077 880 3150 935 ad
3203 896 3266 936 se
3311 880 3770 980 PCFPFntlbuf:

352 997 513 1054 dedit
573 997 768 1052 villam

351 1085 702 1159 Saxoni,qui
725 1103 910 1142 nonas
931 1089 986 1140 et
1006 1086 1264 1142 decimas
1295 1086 1366 1140 ad
1399 1090 1623 1158 partem
1657 1085 2003 1142 Rhemcnsis

349 1175 616 1231 Ecclesiae
642 1175 712 1231 de
744 1175 871 1248 ipsa
890 1174 1029 1229 villa
1061 1191 1248 1246 usque
1278 1175 1350 1230 ad
1391 1180 1637 1230 mortem
1672 1192 1839 1230 suam
1873 1192 2001 1248 per-

351 1264 540 1334 solvit,
563 1268 618 1321 et
663 1264 935 1320 defuncto
967 1264 1180 1319 domno
1212 1263 1436 1335 Carolo,
1461 1264 1562 1320 sed
1603 1267 1659 1318 et
1707 1265 1832 1336 ipso
1881 1265 2000 1319 An-

350 1353 554 1410 schero
603 1357 916 1426 postquam
977 1352 1401 1408 Carlomannus
1455 1353 1754 1424 praefatam
1801 1352 2000 1408 villam

349 1459 484 1498 cum
516 1442 675 1498 omni
707 1441 1039 1514 integritate
1080 1441 1393 1497 Rhemensi
1426 1440 1693 1497 Ecclesia:
1734 1441 1998 1508 tradidit,

348 1549 580 1604 semper
607 1531 737 1605 ipsa
765 1531 1024 1587 Ecclesia
1053 1531 1188 1586 inde
1216 1531 1580 1596 vestituram,
1607 1530 1760 1585 sicut
1792 1530 2001 1603 praedi-

347 1626 507 1677 ctum
541 1625 650 1687 est,
678 1638 780 1693 per
809 1637 994 1676 annos
1025 1619 1268 1693 triginta
1299 1625 1523 1692 septem
1555 1619 1784 1676 habuit.

418 1743 555 1800 Post
585 1742 810 1798 obitum
853 1741 1053 1798 domui
1085 1741 1296 1809 Caroli,
1328 1747 1387 1798 et
1424 1743 1697 1798 defuncto
1727 1741 1854 1815 ipso
1885 1743 2000 1797 An-

827 968 1187 1053 Naviliagum
1245 996 1304 1052 in
1365 996 1642 1053 beneﬁcio
1707 968 2003 1052 Ansch'cm
2113 983 2291 1039 quam
2324 971 2464 1022 tunc
2487 968 2748 1024 Bernaus
2768 973 2901 1040 post
2929 969 3168 1024 fratrem
3189 985 3364 1024 suum
3387 968 3688 1026 Rotbaum
3709 968 3773 1026 in

2112 1056 2394 1112 beneﬁcio
2423 1055 2698 1112 habebat.

2185 1145 2389 1201 Postea
2424 1144 2683 1217 pervenit
2711 1146 2784 1202 ad
2812 1147 2943 1217 ejus
2992 1145 3285 1212 notitiam,
3317 1147 3475 1219 quod
3523 1147 3772 1220 quidam

2111 1233 2380 1290 homines
2413 1235 2483 1290 de
2513 1234 2644 1306 ipsa
2672 1233 2810 1290 villa
2838 1234 3152 1302 Novitiaco,
3176 1251 3279 1307 per
3299 1235 3769 1308 subreptionem,

2109 1328 2230 1378 tam
2263 1325 2419 1395 apud
2451 1327 2676 1396 patrem
2707 1340 2882 1379 suum
2913 1340 3089 1396 quam
3123 1328 3181 1378 et
3209 1325 3365 1396 apud
3398 1341 3558 1392 eum,
3585 1341 3682 1380 res
3713 1329 3774 1380 et

2112 1412 2407 1484 mancipia
2453 1411 2514 1467 in
2555 1412 2970 1484 proprietatem
3017 1413 3256 1469 obtenta
3297 1417 3584 1480 tenerent,
3618 1414 3772 1469 Lan-

2110 1501 2293 1557 drada
2324 1501 2545 1557 scilicet
2591 1517 2736 1556 uxor
2783 1501 3080 1573 quondam
3113 1501 3344 1569 Donati,
3373 1501 3768 1568 Guntharius,

2111 1589 2297 1662 Hugo,
2331 1594 2390 1646 et
2418 1589 2763 1656 Waltrudis,
2789 1595 2848 1644 et
2873 1588 3230 1662 Elampodus
3257 1588 3414 1645 ﬁlius
3444 1590 3602 1662 ejus,
3626 1589 3768 1647 Rot-

2111 1679 2332 1744 bertus,
2359 1682 2415 1732 et
2445 1678 2623 1743 Boso;
2648 1683 2705 1734 et
2735 1677 2898 1732 misit
2926 1695 3065 1734 suos
3097 1677 3314 1735 missos
3335 1679 3408 1734 ad
3434 1677 3550 1734 hoc
3574 1679 3768 1750 inqui-

2114 1768 2361 1823 rendum
2387 1783 2400 1822 :
2429 1771 2486 1821 et
2535 1767 2917 1838 inquisitione
2955 1767 3126 1834 facta,
3150 1771 3208 1822 et
3244 1765 3506 1832 veritate,
3527 1765 3683 1823 sicut
3709 1765 3767 1822 ei

347 1832 850 1928 δῇῘξθτοζξίοῖξξξὶυδ
873 1831 1790 1928 LUEOVi°_“S_i‘{IPem}°}‘dimi“?
1811 1831 2002 1928 imam
2032 1810 2081 1876 B
2110 1857 2332 1912 dictum
2355 1857 2561 1924 fuerat,
2597 1810 2850 1923 iiiventa,
2877 1810 3154 1927 quoniam
3187 1855 3445 1928 praedicti
3477 1810 3550 1912 ad
3584 1855 3762 1913 ratio-

344 1921 545 1976 villam
568 1919 930 1976 Noviliacum
953 1919 1175 1976 Donato
1195 1919 1252 1974 in
1277 1919 1695 1986 beneﬁcio.Qui
1718 1919 2000 1989 Donatus,

347 2009 764 2066 interveniente
814 2009 1050 2081 Bigone,
1092 2025 1196 2081 per
1243 2007 1679 2079 subreptionem
1711 2008 1881 2080 quasi
1929 2007 2002 2063 de

349 2101 488 2155 ﬁsco
521 2097 675 2168 regis
705 2101 992 2168 quasdam
1025 2095 1284 2152 colonias
1315 2097 1386 2151 de
1422 2095 1550 2167 ipsa
1580 2095 1716 2151 villa
1748 2093 2002 2150 obtinuit

347 2189 405 2242 in
433 2186 842 2259 preprietatem
865 2201 968 2256 per
989 2189 1340 2256 praeceptum
1365 2183 1562 2238 domui
1589 2182 1863 2238 Ludovici
1891 2183 1997 2237 im-

351 2275 633 2347 peratoris
659 2290 671 2328 :
696 2278 753 2328 et
781 2274 1016 2344 quando
1048 2272 1358 2327 Lotharius
1388 2272 1545 2327 filius
1567 2271 1768 2326 domni
1801 2271 1996 2326 Ludo-

345 2361 450 2418 vici
487 2360 856 2432 imperatoris
885 2360 1244 2415 Cabilloncm
1273 2360 1510 2416 veniens
1540 2377 1667 2415 eam
1699 2375 1995 2431 expugna-

343 2452 446 2519 vit,
475 2453 729 2507 Donatus
761 2467 796 2505 a
823 2449 960 2504 villa
1007 2466 1186 2520 supra
1232 2450 1581 2516 Matronam,
1612 2465 1738 2520 qua:
1790 2449 1994 2504 Poma-

346 2541 468 2596 rius
489 2544 750 2610 vocatur,
773 2539 844 2594 ab
879 2539 1228 2610 imperatore
1258 2539 1486 2606 defecit,
1511 2544 1568 2593 et
1595 2538 1678 2592 illi
1711 2537 1993 2594 mentitus

343 2630 416 2685 ad
441 2628 777 2684 Lotharium
803 2627 1084 2700 confugit,
1109 2632 1166 2682 et
1202 2628 1466 2683 veniente
1506 2626 1797 2682 hostiliter
1817 2627 1996 2699 impc-

343 2722 534 2774 ratore
566 2717 854 2772 Ludovico
885 2718 956 2772 ad
987 2715 1185 2771 villam
1231 2734 1358 2788 quae
1411 2715 1704 2772 Calciacus
1755 2715 1987 2784 dicitur,

342 2806 653 2863 Lotharius
683 2807 756 2861 ad
797 2823 931 2862 eum
981 2823 1116 2862 cum
1167 2805 1292 2861 suis
1343 2805 1694 2860 constrictus
1724 2805 1902 2872 venit,
1934 2810 1992 2860 et

341 2899 776 2953 sacramentum
806 2895 933 2968 ipse
971 2899 1028 2951 et
1057 2894 1149 2949 sui
1194 2894 1266 2949 ab
1297 2893 1646 2967 imperatore
1675 2894 1988 2966 qumsitum

337 2984 421 3040 illi
447 2986 815 3056 juraverun't.
841 2985 998 3040 Inter
1027 3001 1176 3056 quos
1222 2989 1280 3038 et
1319 2983 1600 3052 Donatus,
1627 2984 1698 3039 de
1737 2981 1986 3038 infideli-

337 3079 455 3129 tate
484 3075 612 3145 ejus
658 3073 1092 3145 comprobatus,
1127 3072 1240 3144 ipsi
1290 3072 1624 3144 imperatori
1674 3072 1985 3144 quaesitum

2111 1963 2245 2001 nem
2279 1962 2392 2000 non
2423 1948 2708 2000 venerunt
2755 1944 2906 2000 sicut
2935 1944 3162 1999 banniti
3211 1944 3467 2016 fuerunt,
3483 1943 3669 2016 jussit
3696 1948 3763 2000 ut

2110 2039 2398 2107 praecepta
2426 2033 2800 2089 Carlomanni
2823 2037 2882 2088 et
2905 2031 3116 2100 Caroli,
3139 2033 3240 2089 sed
3263 2037 3321 2088 et
3339 2050 3516 2090 suum
3545 2050 3760 2106 praece-

2109 2127 2297 2194 ptum,
2321 2137 2516 2178 coram
2549 2121 2674 2177 suis
2706 2121 2981 2178 ﬁdelibus
3010 2121 3069 2176 in
3107 2121 3362 2194 generali
3405 2121 3621 2194 placito
3650 2139 3760 2178 suo

2107 2212 2260 2282 apud
2285 2210 2600 2266 Duziacum
2623 2211 2680 2264 in
2705 2209 2900 2266 causis
2929 2209 3208 2282 palatinis
3229 2209 3580 2282 legerentur.
3597 2210 3759 2266 Unde

2107 2299 2306 2354 ﬁdeles
2336 2300 2485 2371 ejus,
2521 2304 2641 2354 tam
2685 2298 2928 2354 comites
2958 2315 3136 2370 quam
3167 2303 3226 2354 et
3254 2298 3422 2354 Vassi
3455 2297 3758 2365 dominici,

2105 2403 2355 2458 quorum
2402 2387 2641 2443 nomina
2689 2387 2908 2460 scripta
2953 2386 3261 2454 habemus,
3313 2387 3414 2442 sed
3462 2391 3522 2442 et
3566 2387 3758 2443 ceteri

2103 2492 2308 2532 omnes
2331 2477 2430 2548 qui
2455 2477 2790 2543 adfuerunt,
2815 2475 3046 2531 reiectis
3066 2475 3286 2530 eisdem
3318 2477 3650 2548 praeceptis,
3663 2477 3761 2548 ju-

2103 2555 2445 2620 dicaverunt
2476 2569 2543 2619 ut
2572 2565 2910 2636 quicunque
2932 2565 3004 2620 de
3034 2563 3208 2620 rebus
3235 2567 3293 2619 et
3323 2563 3638 2636 mancipiis
3668 2566 3757 2636 ip-

2101 2653 2227 2708 sius
2245 2653 2394 2708 villa:
2417 2652 2714 2718 Noviliaci,
2734 2670 2836 2726 per
2854 2654 3260 2725 cujuscunque
3279 2653 3756 2725 praeceptumyel

2100 2758 2452 2813 quocunque
2501 2743 2696 2808 modo,
2753 2747 2884 2814 post
2929 2741 3302 2797 donationem
3351 2741 3752 2812 Carlomanni,

2098 2847 2216 2902 qua
2245 2847 2377 2886 cum
2411 2831 2689 2886 omnibus
2729 2831 3094 2902 appendiciis
3133 2829 3278 2898 suis,
3299 2829 3390 2886 vel
3421 2847 3560 2886 cum
3589 2831 3752 2887 omni

2096 2919 2449 2991 integritate,
2472 2918 2661 2990 ipsam
2684 2918 2881 2974 villam
2912 2918 3292 2986 Noviliacum,
3325 2918 3481 2975 sicut
3508 2923 3654 2975 tunc
3685 2920 3744 2974 in

2095 3008 2236 3062 ﬁsco
2259 3013 2402 3073 erat,
2417 3009 2490 3063 ad
2512 3007 2827 3063 Ecclesiam
2847 3007 3236 3064 Rhemensem
3258 3007 3522 3076 tradidit,
3537 3013 3596 3064 et
3613 3013 3750 3080 post

2093 3097 2598 3153 conﬁrmationem
2629 3095 2824 3152 fratris
2855 3097 2984 3167 ejus
3012 3095 3198 3152 Caroli
3237 3096 3296 3152 in
3327 3096 3747 3170 proprietatem

340 3161 1040 3260 sacrewenflfmjumvit»
1069 3167 1123 3216 et
1153 3161 1495 3260 Com.“an
1525 3160 1985 3260 Miriﬁuf‘enscm
2015 3179 2058 3245 C
2095 3184 2349 3240 obtinuit
2378 3185 2426 3240 si
2459 3160 2980 3242 commutationem
3011 3160 3478 3242 ostendere-non
3524 3193 3746 3260 posset,

339 3256 395 3306 et
423 3250 622 3306 villam
654 3249 1014 3305 Noviliacum
1036 3266 1171 3304 cum
1205 3249 1328 3306 suis
1359 3249 1720 3322 appendiciis
1742 3250 1988 3321 impera-

338 3344 429 3393 tor
457 3338 531 3393 ab
567 3355 634 3393 eo
681 3337 946 3405 abstulit,
969 3341 1025 3392 et
1053 3337 1288 3404 Athoni,
1321 3337 1420 3410 qui
1472 3338 1660 3392 fuerat
1707 3337 1984 3393 ostiarius

337 3425 523 3482 Caroli
571 3425 962 3498 imperatoris,
1005 3427 1061 3480 in
1113 3426 1462 3482 beneﬁcium
1507 3426 1686 3482 dedit.
1722 3427 1984 3482 Donatus

337 3517 532 3570 autem
563 3514 622 3569 in
649 3513 768 3570 vita
796 3513 1166 3588 imperatoris
1197 3515 1470 3571 Ludovici
1503 3533 1608 3571 nec
1639 3515 1983 3571 comitatum

337 3604 572 3676 recepit,
597 3621 701 3660 nec
746 3604 816 3661 de
857 3605 1208 3677 proprietate
1259 3622 1368 3660 sua
1414 3604 1594 3660 ullam
1645 3604 1982 3660 ﬁrmitatem

334 3693 677 3766 promeruit.
712 3693 848 3749 Post
879 3693 1106 3749 obitum
1139 3693 1338 3748 domni
1373 3693 1644 3748 Ludovici
1679 3693 1985 3764 imperato-

334 3781 436 3852 ris,
461 3782 644 3838 diviso
693 3799 869 3853 regno
903 3781 1054 3836 inter
1099 3782 1325 3848 fratres,
1349 3787 1407 3836 et
1446 3797 1586 3852 pace
1635 3781 1786 3836 facta
1833 3779 1986 3836 inter

333 3886 454 3937 eos,
476 3874 533 3924 et
564 3874 796 3924 mortuo
821 3869 1066 3936 Athone,
1091 3869 1252 3924 dedit
1273 3868 1510 3924 Carolus
1539 3869 1762 3924 Donato
1793 3868 1852 3924 in
1883 3869 1981 3925 be-

334 3957 610 4014 neﬁcium
653 3955 1034 4012 Noviliacum.
1069 3957 1348 4012 Processu
1402 3957 1652 4029 denique
1702 3956 1982 4030 temporis

333 4045 766 4102 commendavit
785 4046 1047 4102 Donatus
1081 4045 1266 4101 ﬁlium
1298 4063 1474 4102 suum
1498 4045 1860 4102 Gotselinum
1883 4047 1984 4102 Ca-

332 4134 454 4191 rolo
487 4133 763 4207 regizcui
813 4135 870 4190 in
912 4134 1260 4190 beneficium
1309 4134 1471 4190 dedit
1509 4134 1746 4191 Carolus
1783 4134 1980 4191 villam

330 4224 689 4281 Noviliacum
714 4241 849 4280 cum
875 4223 1238 4297 appendiciis
1260 4225 1404 4280 suis.
1429 4225 1647 4280 Deinde
1675 4225 1982 4280 Landrada

331 4331 476 4370 uxor
521 4315 750 4374 Donati.
783 4313 885 4369 sed
943 4318 1001 4368 et
1061 4312 1164 4368 ﬁlii
1223 4330 1446 4380 eorum,
1472 4318 1744 4385 pergente
1775 4312 1979 4368 Carolo

331 4419 464 4475 rege
492 4403 564 4458 ad
598 4402 953 4458 obsidendos
983 4403 1371 4470 Normannos,
1401 4401 1501 4474 qui
1531 4401 1592 4456 in
1623 4401 1820 4457 Insula
1850 4419 1978 4474 quae

331 4490 594 4547 Oscellus
623 4491 838 4546 dicitur
879 4490 1234 4557 residebant,
1267 4508 1400 4546 cum
1443 4489 1575 4546 aliis
1623 4491 1976 4546 defecerunt.

331 4581 588 4644 Quorum
615 4579 866 4636 honores
897 4585 954 4636 et
991 4580 1373 4652 preprietates
1402 4598 1437 4635 a
1473 4579 1711 4636 Francis
1741 4581 1976 4650 auferri,

329 4672 388 4724 et
419 4667 479 4722 in
510 4668 718 4724 ﬁscum
752 4667 936 4742 redigi
957 4669 1236 4740 judicatze
1263 4674 1420 4725 sunt.
1446 4669 1606 4724 Unde
1631 4669 1980 4725 Landranda

328 4761 388 4812 et
417 4755 522 4810 ﬁlii
555 4755 684 4827 ejus
713 4760 953 4812 eatenus
993 4757 1396 4813 auctoritatem
1427 4756 1613 4813 Caroli
1661 4756 1813 4830 regis
1861 4775 1977 4814 non

329 4844 734 4902 obtinuerunt.
759 4844 839 4900 De
870 4843 1084 4916 quibus
1115 4846 1288 4901 rebus
1319 4862 1474 4901 anno
1501 4845 1782 4918 vigesimo
1814 4845 1978 4920 regni

329 4932 422 4988 sui
444 4931 686 4989 Carolus
714 4931 913 4988 villam
941 4933 1198 4989 ﬁscalem
1228 4940 1514 5006 praecepto
1544 4951 1672 5006 suo,
1694 4936 1850 5006 quod
1881 4935 1980 4991 ha-

329 5021 556 5090 bemus,
582 5020 896 5078 Orbacensi
928 5022 1282 5078 monasterio
1313 5023 1492 5079 dedit.

396 5137 564 5192 Anno
596 5134 898 5208 trigesimo
929 5137 1186 5192 secundo
1221 5137 1382 5210 regni
1413 5139 1506 5193 sui
1535 5139 1694 5195 venit
1723 5141 1977 5198 domnus

328 5222 572 5281 Carolus
603 5241 702 5280 rex
731 5225 1021 5298 gloriosus
1051 5227 1110 5281 in
1141 5227 1450 5282 Basilicam
1486 5229 1672 5284 sancti
1705 5229 1977 5303 Remigii,

329 5311 432 5368 ubi
465 5313 698 5368 ostendi
727 5314 780 5370 ei
810 5313 1004 5371 locum
1037 5314 1291 5388 sepulcri
1319 5315 1691 5372 Carlomanni
1722 5318 1979 5392 regis,,et

329 5406 620 5474 prmeepta
658 5402 847 5474 ipsius
879 5403 1248 5460 Carlomanni
1277 5409 1334 5460 et
1363 5404 1550 5460 Caroli
1581 5405 1671 5460 avi
1723 5407 1793 5462 de
1840 5407 1980 5464 villa

329 5487 644 5558 Noviliaco,
677 5496 735 5546 et
759 5497 1026 5550 auctores
1056 5508 1358 5549 sacrorum
1389 5509 1703 5561 canonum,
1725 5496 1980 5566 qualiter

330 5576 614 5637 damnent
633 5579 888 5654 Spiritus
925 5581 1113 5644 sancti
1135 5581 1360 5656 judicio
1393 5597 1513 5650 eos,
1528 5581 1631 5656 qui
1660 5581 1976 5663 eleemosy-

2095 3272 2348 3344 qualiter
2397 3291 2488 3330 res
2519 3279 2575 3330 et
2607 3273 2900 3347 mancipia
2928 3275 3000 3330 de
3028 3275 3158 3347 ipsa
3186 3291 3322 3331 casa
3352 3274 3454 3331 Dei
3494 3275 3662 3347 juste
3694 3280 3750 3332 et

2094 3362 2516 3418 rationabiliter
2540 3368 2900 3419 commutata
2919 3363 3189 3430 fuissent,
3212 3363 3351 3436 quia
3371 3381 3490 3420 non
3509 3365 3586 3420 de
3607 3365 3746 3422 ﬁsco

2095 3451 2272 3524 regio,
2305 3453 2406 3508 sed
2437 3453 2509 3508 de
2551 3451 2961 3508 ecclesiasticis
2995 3454 3169 3508 rebus
3198 3458 3256 3509 et
3281 3453 3601 3526 mancipiis
3645 3470 3747 3527 per

2094 3540 2465 3596 donationem
2497 3541 2770 3609 obtinuit,
2802 3541 2941 3614 ipsa:
2973 3559 3064 3597 res
3095 3547 3152 3597 et
3181 3541 3496 3614 mancipia,
3523 3559 3655 3615 quae
3674 3543 3744 3598 de

2089 3628 2228 3683 villa
2257 3629 2548 3684 Noviliaco
2599 3630 2838 3685 obtenta
2897 3631 3152 3698 fuerunt,
3187 3630 3258 3686 ad
3305 3631 3498 3703 ipsam
3545 3647 3740 3688 casam

2095 3717 2191 3771 Dei
2239 3717 2703 3784 restituerentur,
2738 3718 2892 3774 sicut
2925 3719 2986 3773 in
3017 3722 3301 3792 praecepto
3352 3719 3740 3776 restitutionis

2090 3804 2276 3876 ipsius
2320 3803 2551 3861 Domini
2582 3805 2793 3874 Caroli,
2815 3808 2971 3879 quod
3003 3807 3310 3876 habemus,
3328 3807 3568 3880 plenius
3605 3825 3738 3865 con-

2090 3894 2328 3949 tinetur.

2162 3983 2273 4038 Sed
2305 3985 2541 4054 quando
2571 3985 2824 4041 domnus
2851 3983 3092 4041 Carolus
3117 3985 3359 4041 Romam
3384 3986 3662 4058 perrexit,
3681 3991 3736 4043 et

2089 4072 2344 4127 domnus
2375 4073 2702 4128 Ludovicus
2722 4075 2899 4128 frater
2916 4075 3046 4146 ejus
3068 4076 3138 4129 ad
3169 4075 3532 4130 Attiniacum
3562 4076 3732 4142 venit,

2088 4177 2194 4232 per
2221 4161 2503 4232 quosdam
2538 4178 2606 4217 ex
2637 4162 2853 4217 nostris
2883 4163 3038 4234 apud
3079 4163 3358 4218 domnam
3409 4163 3734 4220 Richildem

2090 4250 2374 4321 reginam,
2389 4253 2447 4305 et
2467 4251 2622 4321 apud
2645 4251 2926 4306 domuum
2949 4251 3306 4307 Ludovicum
3323 4251 3516 4308 lilium
3538 4252 3734 4309 domui

2088 4337 2276 4393 Caroli
2307 4337 2480 4409 regis,
2503 4338 2885 4394 obtinuerunt
2913 4339 3122 4395 Donati
3153 4345 3212 4396 et
3257 4340 3583 4397 Landradaa
3613 4340 3734 4409 ﬁlii,

2088 4431 2154 4482 ut
2179 4426 2318 4482 villa
2346 4426 2704 4482 Noviliacum
2736 4445 2871 4483 cum
2895 4428 3026 4484 suis
3055 4427 3418 4500 appendiciis
3435 4429 3526 4485 eis
3555 4430 3736 4486 consi-

2087 4520 2386 4588 gnaretur,
2419 4533 2535 4572 non
2567 4517 2934 4574 attendentes
2964 4518 3124 4590 quia,
3161 4517 3314 4573 sicut
3355 4517 3418 4572 in
3463 4517 3733 4591 capitulis

2085 4607 2486 4678 Augustorum
2517 4605 2801 4678 scriptum
2844 4605 3111 4673 habetur,
3142 4605 3289 4663 tales
3318 4606 3391 4662 de
3425 4607 3588 4680 regis
3617 4624 3732 4680 pro-

2087 4693 2331 4765 prietate
2361 4699 2428 4748 ut
2455 4693 2719 4750 inﬁdeles
2750 4694 3058 4766 judicandi
3108 4699 3268 4763 sunt,
3302 4699 3361 4751 et
3408 4697 3730 4752 secundum

2085 4781 2244 4854 leges
2273 4782 2695 4839 ecclesiasticas
2719 4784 2790 4839 de
2820 4785 2995 4840 rebus
3025 4782 3436 4841 ecclesiasticis
3467 4783 3728 4858 sacrilegi

2076 4872 2440 4942 judicantur.

2158 4960 2443 5016 Reversus
2511 4965 2708 5016 autem
2783 4961 3037 5018 domnus
3105 4961 3348 5018 Carolus
3417 4961 3728 5036 imperator

2086 5049 2342 5105 Rhemos
2381 5048 2640 5117 veniens,
2672 5065 2806 5105 cum
2865 5048 2981 5105 tale
3037 5051 3257 5106 factum
3309 5051 3560 5120 audivit,
3593 5050 3723 5106 satis

2085 5139 2337 5212 graviter
2384 5137 2539 5207 tulit,
2573 5143 2630 5194 et
2684 5139 2848 5194 misit
2894 5155 3033 5195 suos
3079 5139 3316 5208 missos,
3349 5137 3456 5211 qui
3509 5139 3721 5194 scilicet

2085 5227 2302 5283 dictam
2367 5227 2564 5283 villam
2631 5227 2946 5284 Rhemensi
3009 5226 3278 5284 Ecclesiae
3335 5232 3394 5284 et
3456 5228 3720 5284 advocato

2087 5321 2286 5372 nostro
2317 5316 2720 5383 restituerunt,
2753 5317 2905 5373 sicut
2942 5315 3176 5390 plenius
3219 5317 3510 5389 scriptum
3553 5315 3718 5372 habe-

2087 5422 2239 5462 IDUS.
