3976 6188
255 317 416 378 1125

1470 313 1852 378 HINCMARI
1893 315 2463 382 JURAMENTUM.

3504 321 3664 385 1126

1857 561 2070 628 XX.
2125 575 2133 586 ‘

456 701 1001 766 JUltAMENTUM
1035 701 1246 774 QUOD
1275 701 1862 844 IiINCMARUgéaIE

2008 703 2435 844 ξέΝΡέῗῗΟΡυδ
2477 705 2738 766 EDERE
2766 705 3050 769 JUSSUS
3079 708 3225 770 EST
3253 711 3462 772 APUD

1124 913 1316 986 (Apud
1349 913 1644 970 Sirmond.
1677 929 1744 968 ex
1775 913 1972 970 codice
2003 913 2331 972 Belvacensi
2365 920 2422 971 et
2451 917 2802 990 Leodiensi.)

1853 1063 2064 1075 —

326 1167 424 1223 Sic
455 1163 730 1238 promitto
761 1179 886 1235 ego,
920 1161 1056 1234 quia
1089 1162 1160 1218 de
1203 1161 1314 1218 isto
1363 1161 1457 1217 die
1505 1162 1561 1216 in
1597 1166 1770 1217 antea
1808 1161 1905 1219 isti
1933 1164 1990 1230 Α
2020 1181 2136 1219 non
2180 1164 2449 1220 convenit
2491 1151 2764 1238 Apostolo
2809 1166 3024 1222 dicenti
3059 1183 3072 1221 :
3105 1168 3220 1224 Non
3272 1169 3399 1241 plus
3449 1185 3660 1240 sapere,

252 1253 470 1312 seniori
501 1269 632 1308 meo
663 1250 926 1323 quandiu
958 1249 1152 1304 vixero
1184 1248 1396 1315 ﬁdelis,
1432 1254 1489 1304 et
1519 1249 1817 1315 obediens,
1851 1253 1908 1304 et

251 1344 512 1415 adjutor,
527 1345 984 1413 quantocunque
1016 1337 1148 1410 plus
1175 1341 1233 1394 et
1263 1336 1475 1392 melius
1507 1337 1692 1393 sciero
1724 1343 1782 1392 et
1813 1354 1908 1409 po-

249 1439 442 1497 tuero,
466 1434 524 1486 et
553 1427 795 1485 consilio
824 1431 883 1482 et
904 1426 1141 1491 auxilio,
1161 1427 1487 1482 secundum
1519 1443 1716 1482 meum
1739 1425 1908 1482 mini-

250 1521 500 1578 sterium
535 1517 592 1574 in
624 1517 900 1573 omnibus
931 1533 1048 1582 ero,
1074 1516 1296 1588 absque
1317 1515 1520 1570 fraude
1551 1519 1610 1570 et
1639 1515 1792 1571 malo
1823 1515 1907 1571 in-

250 1609 446 1684 genio,
469 1612 528 1664 et
547 1607 770 1678 absque
800 1605 923 1661 ulla
953 1603 1259 1660 dolositate
1307 1621 1409 1660 seu
1459 1603 1814 1676 deceptione,
1849 1608 1906 1661 et

250 1701 479 1770 absque
493 1699 757 1768 respectu
782 1693 1034 1764 alicujus
1056 1709 1335 1764 personis,
1359 1698 1417 1748 et
1446 1709 1634 1765 neque
1665 1710 1768 1765 per
1789 1711 1902 1760 me,

255 1803 450 1860 neque
482 1801 585 1857 per
629 1783 901 1847 missum,
935 1798 1123 1853 neque
1155 1797 1255 1852 per
1283 1780 1526 1848 litteras,
1563 1781 1664 1837 sed
1717 1797 1904 1853 neque

247 1894 359 1952 per
383 1875 663 1933 emissam
691 1873 777 1928 vel
811 1872 1211 1926 intromissam
1264 1888 1596 1943 personam,
1625 1871 1712 1926 vel
1754 1889 1901 1943 quo-

249 1983 485 2040 cunque
515 1965 690 2020 modo
721 1980 787 2019 ac
819 1962 1264 2036 signiﬁcatione,
1289 1965 1491 2016 contra
1521 1979 1695 2017 suum
1728 1961 1906 2017 hono-

247 2060 470 2122 rem,et
498 2070 668 2112 suam
699 2069 766 2108 ac
799 2050 1064 2108 Ecclesia:
1096 2054 1270 2122 atque
1299 2049 1463 2121 regni
1494 2049 1577 2105 illi
1601 2049 1900 2106 commissi

243 2145 504 2218 quietem
525 2148 582 2198 et
602 2140 1090 2215 tranquillitatem
1109 2143 1284 2210 atque
1301 2138 1905 2207 soliditatem,machi-

243 2235 419 2300 na‘bo,
452 2232 538 2289 vel
570 2229 930 2286 machinanti
982 2229 1380 2294 consentiam;
1416 2244 1604 2299 neque
1637 2244 1899 2299 unquam

239 2323 483 2396 aliquod
516 2318 860 2376 scandalum
888 2318 1148 2382 movebo,
1166 2317 1320 2388 quod
1347 2315 1506 2370 illius
1529 2316 1794 2388 praesenti
1813 2314 1897 2369 vel

241 2414 454 2468 futurae
486 2407 661 2465 saluti
690 2406 983 2463 contraria
1012 2406 1098 2459 vel
1139 2405 1343 2460 nociva
1392 2421 1520 2459 esse
1566 2405 1768 2475 possit.
1803 2403 1899 2458 Sic

238 2517 335 2556 me
367 2500 522 2554 Deus
552 2499 806 2569 adjuvet,
840 2500 896 2550 et
927 2495 1046 2549 ista
1073 2498 1276 2548 sancta
1306 2491 1645 2564 patrocinia.

313 2589 602 2644 Hinemari
631 2588 688 2641 in
722 2585 866 2640 idem
886 2584 1270 2654 juramentum
1299 2580 1821 2636 animadversiones.

2014 1270 2177 1324 quam
2205 1263 2408 1324 oportet
2435 1271 2643 1326 sapere,
2663 1254 2754 1310 sed
2797 1272 2986 1327 sapere
3015 1255 3084 1334 ad
3113 1257 3456 1312 sobrietatem
3483 1258 3658 1327 (Rom.

2013 1359 2113 1409 xu,
2144 1342 2249 1410 l3),
2284 1343 2343 1397 id
2375 1347 2465 1398 est
2496 1344 2570 1398 ad
2602 1343 3072 1415 temperantiam.
3099 1345 3166 1398 Et
3197 1349 3436 1401 sanctus
3458 1345 3662 1403 Petrus

2013 1430 2394 1503 interroganti
2427 1447 2489 1488 se
2519 1431 2788 1500 Domino,
2821 1433 3022 1501 Diligis
3050 1449 3136 1488 me
3169 1433 3296 1504 plus
3325 1434 3450 1489 his?
3479 1435 3658 1504 (Joan.

2012 1537 2126 1585 XXI,
2147 1519 2228 1589 16)
2252 1519 2352 1592 qui
2387 1519 2657 1576 meminit
2679 1520 3023 1576 imminente
3054 1521 3183 1592 ejus
3213 1522 3488 1594 passione
3526 1522 3661 1595 plus

2012 1607 2124 1663 sibi
2155 1609 2496 1664 constantiae
2520 1609 2794 1665 tribuisse
2817 1626 2994 1682 quam
3019 1609 3278 1678 haberet,
3303 1609 3532 1666 cautius
3553 1627 3664 1667 sua

2010 1695 2350 1753 infirmitate
2379 1698 2645 1754 eruditus
2671 1715 2787 1754 non
2819 1699 3140 1771 respondit,
3158 1697 3292 1771 plus
3313 1699 3408 1755 his
3427 1715 3560 1755 amo
3580 1703 3658 1767 te,

2011 1787 2112 1841 sed
2143 1787 2282 1858 quia
2312 1803 2444 1842 amo
2473 1792 2549 1842 te.
2584 1788 2820 1844 Rectius
2850 1787 3030 1860 igitur
3058 1788 3282 1843 dictum
3313 1792 3424 1855 est,
3455 1787 3662 1844 Secun-

2009 1875 2140 1930 dum
2165 1891 2347 1931 meum
2375 1878 2514 1932 scire
2543 1883 2595 1932 et
2619 1893 2792 1948 posse,
2825 1893 3003 1948 quam
3036 1893 3049 1932 :
3087 1877 3511 1950 Quantocunque
3532 1879 3662 1950 plus

2007 1972 2060 2019 et
2085 1966 2281 2020 melius
2304 1966 2474 2021 sciero
2503 1972 2554 2020 et
2575 1973 2818 2036 potuero.
2852 1966 3014 2030 Quod
3045 1971 3239 2022 autem
3269 1966 3525 2039 positum
3550 1969 3659 2036 est,

2007 2054 2234 2109 consilio
2261 2061 2312 2109 et
2339 2054 2557 2109 auxilio
2589 2053 2886 2126 superﬂue
2915 2053 3183 2110 additum
3207 2059 3316 2110 est.
3331 2054 3395 2111 In
3413 2071 3480 2111 eo
3501 2054 3660 2111 enim

2009 2143 2160 2214 quod
2195 2142 2335 2209 dixi,
2359 2141 2656 2197 secundum
2707 2159 2890 2198 meum
2936 2143 3097 2210 scire,
3129 2141 3466 2208 consilium,
3499 2147 3558 2198 et
3600 2142 3660 2198 in

2007 2246 2074 2284 eo
2095 2230 2250 2301 quod
2273 2231 2722 2296 dixi,secundum
2747 2248 2932 2286 meum
2951 2247 3122 2303 posse,
3151 2229 3436 2286 auxilium
3467 2231 3660 2287 conti-

2006 2323 2195 2374 netur.
2220 2318 2380 2383 Quod
2415 2318 2652 2389 scripsit
2681 2318 2874 2373 scriba
2903 2305 3131 2381 doctus,
3155 2318 3464 2374 Secundum
3479 2336 3663 2375 meum

2001 2409 2391 2474 ministerium,
2407 2409 2468 2462 in
2497 2409 2750 2462 omnibus
2779 2409 2988 2463 scilicet
3014 2407 3211 2479 ﬁdelis,
3237 2417 3288 2464 et
3317 2408 3590 2476 obediens,
3609 2417 3662 2466 et

2005 2496 2222 2566 adjutor
2247 2512 2360 2565 ero,
2393 2499 2597 2550 contra
2627 2495 3114 2552 consuetudinem
3137 2497 3659 2570 juramenti,quod

2006 2583 2298 2656 principes
2329 2588 2385 2638 ct
2414 2584 2638 2638 domini
2670 2583 2794 2639 suis
2826 2583 3111 2655 subjectis
3153 2589 3212 2640 et
3259 2585 3436 2641 etiam
3478 2585 3660 2644 servis

313 2675 478 2742 Quod
513 2675 568 2728 in
601 2675 712 2730 isto
733 2673 1071 2744 juramento
1093 2669 1357 2724 absolute
1381 2669 1637 2741 positum
1659 2675 1744 2724 est
1769 2685 1783 2722 :
1807 2671 1900 2723 Sic
1996 2672 2731 2744 jurarejubentascripsit.
2758 2673 2921 2727 Sicut
2951 2674 3106 2727 enim
3140 2673 3444 2745 Scriptura
3466 2675 3610 2730 dicit
3641 2691 3656 2730 :

239 2767 500 2840 promitto
546 2779 662 2831 ego,
695 2761 951 2818 Jacobus
1005 2759 1308 2831 apostolus
1365 2757 1755 2812 contradicit:
1789 2758 1901 2826 Qui

240 2855 537 2926 ignoratis,
567 2850 861 2924 inquiens.
893 2848 1026 2922 quid
1054 2851 1125 2904 sit
1153 2850 1214 2902 in
1243 2849 1543 2904 crastinum
1575 2866 1593 2901 :
1621 2862 1720 2918 pro
1747 2863 1809 2901 eo
1839 2853 1902 2901 ut

240 2943 440 3000 dicatis
471 2959 485 2998 :
519 2941 583 2998 Si
613 2941 872 2996 Dominus
900 2939 1153 3002 voluerit,
1183 2937 1462 3007 faciamus
1489 2935 1586 2991 hoc
1630 2943 1725 2989 aut
1756 2933 1898 2990 illud

240 3038 390 3100 (Jac.
434 3048 512 3097 Iv,
558 3029 667 3102 14).
709 3028 992 3083 Caeterum
1045 3023 1451 3081 rationabilius
1508 3023 1744 3090 dicitur,
1799 3022 1896 3079 isti

241 3119 608 3194 imperatori,
642 3134 819 3191 quam
849 3118 944 3172 isti
989 3116 1197 3171 seniori
1250 3130 1388 3182 meo,
1423 3113 1522 3186 qui
1570 3117 1660 3169 est
1695 3112 1899 3184 junior

239 3214 431 3274 aetate,
463 3209 600 3264 licet
630 3206 708 3262 sit
753 3204 1128 3262 excellentior
1173 3219 1434 3274 persona:
1484 3201 1807 3269 nobilitate,
1841 3205 1899 3255 et

236 3298 545 3354 mundana
561 3293 790 3367 imperii
814 3296 1254 3366 potestate,non
1277 3296 1472 3346 autem
1495 3289 1645 3345 sacri
1672 3289 1896 3344 ordinis

235 3385 547 3458 dignitate,
583 3381 734 3436 sicut
764 3382 1131 3436 demonstrat
1160 3383 1401 3434 sanctus
1447 3379 1712 3434 Gelasius
1747 3396 1898 3450 papa

235 3473 506 3529 scribens
535 3470 608 3526 ad
655 3468 1032 3524 Anastasium
1081 3467 1494 3538 imperatorem
1545 3469 1720 3538 (epist.
1757 3469 1845 3537 11)
1878 3483 1892 3522 :

237 3586 266 3612 ‹‹
304 3563 431 3618 Duo
463 3564 622 3626 sunt,
655 3558 974 3630 imperator
1017 3558 1302 3629 Auguste,
1337 3555 1552 3625 quibus
1597 3553 1896 3626 principa-

237 3650 374 3706 liter
403 3649 663 3705 mundus
690 3647 786 3702 hic
827 3645 1068 3718 regitur,
1102 3642 1418 3700 auctoritas
1449 3659 1615 3698 sacra
1655 3643 1896 3715 pontiﬁ-

239 3755 402 3806 cum,
433 3742 492 3793 et
517 3735 730 3808 regalis
761 3738 1040 3807 potestas.
1075 3734 1138 3788 In
1190 3731 1406 3804 quibus
1449 3735 1612 3787 tanto
1659 3731 1895 3806 gravius

241 3829 478 3902 pondus
507 3830 596 3882 est
623 3824 1014 3888 sacerdotum,
1047 3826 1267 3894 quanto
1297 3821 1474 3876 etiam
1507 3837 1608 3892 pro
1631 3819 1774 3893 ipsis
1804 3837 1894 3876 re-

2004 2761 2122 2815 Νοη
2151 2769 2231 2815 est
2258 2762 2412 2814 homo
2444 2762 2501 2814 in
2539 2768 2683 2816 terra
2715 2763 2813 2831 qui
2855 2763 3028 2832 faciat
3074 2761 3292 2829 bonum,
3327 2770 3378 2816 et
3406 2779 3515 2818 non
3539 2778 3662 2834 pec-

2004 2849 2276 2916 cet(Psal.
2309 2865 2430 2915 x111,
2482 2850 2532 2914 1,
2572 2849 2627 2920 3)
2661 2864 2675 2903 :
2709 2853 2765 2904 et
2819 2849 3075 2904 Jacobus
3132 2848 3276 2904 dicit
3307 2866 3320 2904 :
3356 2851 3420 2905 In
3465 2851 3657 2906 multis

2003 2939 2153 2992 enim
2181 2935 2505 3009 offendimus
2532 2953 2715 2992 omnes
2743 2937 2878 3010 (Jac.
2905 2954 2988 3006 III,
3018 2940 3097 3005 2),
3132 2953 3266 2992 cum
3297 2937 3516 2994 Christi
3546 2937 3657 2994 hoc

2006 3025 2162 3080 dicat
2182 3023 2494 3097 Apostolus
2527 3041 2540 3080 :
2573 3026 2638 3080 Et
2664 3026 2715 3080 si
2743 3027 2866 3096 quis
2897 3027 2956 3080 in
2986 3025 3145 3094 verba
3164 3041 3276 3081 non
3303 3025 3550 3099 offendit,
3567 3027 3660 3083 hic

1999 3117 2271 3186 perfectus
2316 3121 2396 3169 est
2431 3115 2538 3168 vir.
2587 3113 2774 3183 (Ibid)
2805 3113 2865 3170 Si
2924 3114 3070 3170 forte
3124 3115 3378 3170 domnus
3435 3119 3654 3184 noster,

2006 3204 2159 3274 quod
2183 3202 2354 3270 absit,
2389 3201 2762 3274 subreptione
2792 3201 3003 3274 aliquit
3023 3202 3272 3274 jusserit
3316 3202 3404 3259 vel
3451 3203 3654 3277 egerit,

2006 3293 2159 3363 quod
2194 3290 2510 3364 episcopali
2562 3290 2889 3347 ministerio
2937 3309 3052 3347 non
3105 3291 3428 3360 conveniat,
3460 3291 3657 3348 videre

2005 3381 2288 3435 debuerat
2319 3379 2411 3434 hic
2443 3379 2692 3452 scriptor
2723 3379 3164 3451 sagacissimus,
3199 3380 3248 3436 si
3291 3381 3571 3436 obediens
3599 3384 3658 3436 et

2005 3470 2240 3541 adjutor
2264 3469 2323 3523 in
2356 3469 2466 3523 hoc
2495 3467 2580 3522 illi
2631 3469 2941 3541 episcopus
2989 3487 3117 3526 esse
3167 3470 3394 3537 debeat,
3428 3470 3498 3525 Et
3537 3485 3655 3524 non

2005 3563 2144 3629 puto
2177 3561 2241 3612 ut
2263 3556 2421 3612 ullus
2442 3557 2617 3612 homo
2640 3556 2844 3630 sit,qui
2866 3557 3030 3614 alteri
3053 3557 3278 3614 homini
3295 3557 3354 3612 in
3379 3558 3655 3614 omnibus

2005 3646 2196 3702 ﬁdelis
2225 3650 2284 3701 et
2314 3645 2593 3701 obediens
2621 3649 2679 3700 et
2703 3646 2938 3718 adjutor
2985 3646 3231 3702 insimul
3275 3663 3403 3703 esse
3441 3645 3651 3718 possit.

2005 3734 2126 3790 Nisi
2151 3735 2295 3790 forte
2315 3733 2416 3789 illo
2435 3751 2645 3807 genere
2665 3733 2977 3792 locutionis
2998 3735 3148 3791 hanc
3187 3734 3349 3792 illius
3375 3735 3479 3791 viri
3497 3733 3654 3791 docti

2005 3823 2354 3880 sententiam
2379 3822 2794 3896 intelligamus,
2821 3842 2936 3896 quo
2967 3823 3107 3880 dicit
3131 3823 3446 3896 Apostolus
3477 3841 3490 3880 :
3523 3823 3656 3880 Sine

241 3901 420 3989 gibus
449 3914 757 3970 hominum
791 3913 847 3967 in
883 3911 1077 3967 divino
1124 3908 1408 3966 reddituri
1459 3914 1599 3964 sunt
1628 3909 1893 3966 examine
1923 3901 1966 3968 C
2005 3914 2410 3969 intermissione
2439 3921 2590 3969 orate
2621 3914 2670 3981 (Ι
2697 3914 2846 3980 Thes,
2883 3931 2966 3969 ιιι.
3002 3914 3122 3982 17);
3154 3917 3212 3970 et
3244 3929 3258 3969 :
3291 3914 3352 3970 In
3402 3911 3655 3969 omnibus

241 4005 554 4060 rationem.
591 4002 727 4057 «Ad
758 4001 818 4056 id
851 4001 1008 4071 quod
1061 3997 1444 4070 subsequitur
1487 3997 1548 4052 in
1595 3997 1706 4052 hoc
1727 3999 1896 4068 jura-

241 4099 443 4151 mento
475 4111 489 4148 :
524 4091 791 4164 O‘uandiu
819 4092 1026 4155 vixero,
1059 4089 1237 4160 fidelis
1267 4096 1318 4143 et
1347 4086 1620 4156 obediens,
1651 4093 1700 4142 et
1731 4087 1894 4158 adju-

241 4192 331 4240 tor
361 4185 423 4237 in
472 4182 724 4237 omnibus
771 4196 884 4245 ero,
919 4181 1160 4234 sanctus
1210 4175 1480 4233 Gelasius
1527 4175 1790 4231 scribens
1819 4175 1892 4230 ad

237 4269 618 4327 Anastasium
650 4268 1060 4340 imperatorem
1093 4265 1235 4320 dicit
1262 4265 1442 4336 (epist.
1478 4264 1563 4335 11)
1597 4280 1610 4318 :
1648 4285 1676 4314 «
1708 4263 1891 4332 Nosti,

239 4360 324 4416 fili
345 4357 818 4423 clementissime,
837 4355 1119 4428 quoniam
1143 4353 1276 4409 licet
1299 4352 1612 4425 praesideas
1633 4353 1893 4408 humano

238 4447 440 4521 generi
471 4446 778 4519 dignitate,
815 4463 1010 4500 rerum
1036 4448 1234 4498 tamen
1287 4443 1637 4514 praesulibus
1671 4441 1893 4498 divina-

237 4553 376 4593 rum
420 4536 660 4592 devotus
701 4532 850 4590 colla
883 4532 1202 4599 submittis,
1237 4537 1411 4603 atque
1455 4532 1526 4587 ab
1572 4531 1655 4587 eis
1687 4548 1896 4587 causas

237 4632 359 4682 tua;
389 4624 602 4681 salutis
625 4621 846 4695 expetis
879 4639 893 4677 :
927 4621 1182 4692 hincque
1213 4620 1518 4676 sumendis
1562 4619 1894 4676 ccelestibus

237 4713 650 4780 sacramentis,
673 4711 874 4784 eisque
907 4715 973 4765 ut
999 4709 1280 4781 competit
1301 4708 1705 4780 disponendis,
1721 4708 1892 4764 subdi

233 4811 296 4860 te
327 4803 539 4858 debere
569 4800 875 4874 cognoscis
906 4798 1206 4871 religionis
1236 4797 1439 4853 ordine
1471 4797 1666 4868 potius
1715 4814 1893 4869 quam

237 4907 524 4966 praeesse;
547 4890 744 4962 itaque
765 4888 916 4944 inter
947 4888 1066 4943 haec
1105 4886 1341 4942 illorum
1375 4891 1428 4941 te
1460 4886 1712 4957 pendere
1733 4885 1894 4957 judi-

237 4981 486 5046 cio,non
517 4978 650 5034 illos
671 4978 744 5033 ad
771 4982 935 5032 tuam
959 4976 1141 5048 redigi
1161 4974 1543 5030 voluntatem.
1567 4997 1594 5023 ››
1626 4975 1695 5029 Et
1721 4973 1894 5046 paulo

235 5072 378 5144 post
410 5085 423 5124 :
461 5091 488 5117 ‹‹
517 5069 638 5134 Quo
664 5083 764 5122 oro
797 5069 851 5120 te
881 5066 1088 5121 affectu
1119 5063 1204 5120 eis
1235 5064 1504 5118 convenit
1530 5063 1896 5136 obedire,qui

236 5156 630 5232 prorogandis
662 5153 1094 5210 venerabilihus
1115 5157 1254 5208 sunt
1274 5151 1540 5207 attributi
1565 5152 1897 5224 mysteriis?

235 5245 490 5304 Proinde
521 5243 676 5300 sicut
704 5258 821 5298 non
844 5240 1306 5332 levegdiscrim‘en
1347 5240 1637 5332 incumbit
1657 5241 1892 5332 pontiﬁ-
1925 5267 1970 5332 D

233 5335 411 5392 cibus
431 5331 667 5389 siluisse
685 5348 789 5404 pro
811 5330 1135 5386 divinitatis
1147 5329 1308 5386 cultu
1322 5331 1477 5402 quod
1501 5331 1796 5403 congruit:
1813 5331 1897 5386 ita

2003 4001 2355 4056 exhibeamus
2385 4001 2739 4071 nosmetipsos
2767 4001 2908 4056 sicut
2953 4001 3051 4056 Dei
3101 4001 3384 4057 ministros
3416 4001 3488 4070 (II
3530 3999 3652 4056 Cor.

2003 4106 2081 4156 γι,
2114 4089 2189 4160 4).
2211 4089 2285 4144 Ut
2311 4087 2581 4143 videlicet
2607 4089 2920 4160 cupiamus
2951 4105 3086 4144 eum
3115 4105 3185 4144 ea
3204 4088 3654 4160 semperjubere

2003 4182 2060 4233 et
2107 4193 2338 4248 semper
2384 4191 2575 4247 agere,
2599 4175 2818 4246 quibus
2876 4177 3195 4231 debeamus
3242 4181 3300 4230 et
3355 4175 3654 4232 valeamus

2002 4265 2258 4329 obedire,
2290 4268 2348 4319 et
2403 4263 2476 4319 ad
2535 4281 2663 4334 qua:
2720 4262 2806 4316 illi
2861 4263 3180 4318 debeamus
3239 4267 3297 4318 et
3353 4261 3653 4318 valeamus

2003 4353 2258 4412 obedire.
2277 4355 2334 4408 et
2363 4352 2434 4407 ad
2468 4368 2594 4423 quae
2625 4349 2708 4405 illi
2738 4351 3060 4407 debeamus
3084 4355 3142 4406 et
3159 4349 3462 4406 valeamus
3483 4350 3652 4422 adju-

2002 4449 2157 4499 tores
2183 4459 2332 4498 esse.
2380 4442 2491 4497 Sed
2523 4445 2580 4496 et
2609 4442 2764 4513 quod
2815 4440 2975 4508 dicit,
3013 4441 3077 4497 Ut
3101 4442 3210 4496 sim
3238 4440 3331 4496 illi
3375 4439 3573 4511 ﬁdelis,
3603 4447 3658 4496 et

2003 4533 2274 4599 obediens,
2325 4539 2376 4586 et
2433 4531 2650 4602 adjutor
2707 4532 2766 4586 in
2821 4530 3096 4597 omnibus,
3147 4527 3316 4585 aliter
3373 4527 3658 4585 intellexit

2001 4619 2314 4694 Apostolus
2341 4621 2410 4675 de
2438 4619 2700 4674 humana
2717 4618 3125 4692 possibilitate,
3140 4617 3280 4691 quia
3309 4634 3425 4674 non
3455 4618 3656 4676 omnia

2003 4727 2322 4783 possumus
2341 4725 2564 4774 omnes,
2584 4707 2784 4764 dicens
2815 4711 2946 4778 post
2964 4710 3306 4764 enumerata
3325 4705 3654 4780 gratiarum

2003 4801 2158 4855 dona
2189 4815 2202 4853 :
2235 4797 2388 4853 Sicut
2414 4798 2712 4869 unicuique
2761 4797 2899 4853 Deus
2947 4797 3138 4854 divisit
3182 4801 3500 4854 mensuram
3527 4796 3657 4868 ﬁdei

2004 4889 2175 4960 (Rom.
2208 4901 2309 4952 xu,
2341 4887 2418 4954 3).
2471 4885 2540 4939 Et
2587 4883 2742 4956 quod
2791 4883 3019 4940 addidit
3049 4903 3068 4942 :
3097 4885 3307 4958 Absque
3353 4883 3572 4957 fraude,
3604 4889 3658 4938 et

2001 4977 2146 5031 nmlo
2179 4976 2422 5046 ingenio,
2454 4982 2505 5029 et
2535 4972 2734 5045 absque
2759 4974 2879 5030 ulla
2907 4974 3208 5043 dolositate,
3233 4975 3316 5030 vel
3344 4973 3656 5030 seductione

2001 5083 2097 5122 seu
2142 5065 2467 5136 deceptione,
2499 5071 2551 5118 et
2594 5065 2792 5136 absque
2839 5074 3082 5138 respectu
3132 5065 3368 5136 alicujus
3405 5073 3654 5134 personas

2005 5155 2209 5227 (ibid),
2241 5153 2398 5225 quod
2429 5169 2498 5208 ex
2519 5153 2883 5211 abundantia
2911 5153 3071 5211 lividi
3103 5152 3295 5210 cordis
3325 5167 3422 5206 ore
3453 5165 3654 5222 super-

2005 5246 2122 5301 ﬂuo
2169 5242 2430 5317 protulit,
2460 5243 2766 5300 sinceritas
2814 5243 3007 5300 cordis
3055 5242 3168 5298 mei
3213 5235 3656 5311 comprehendit
3703 5237 3708 5244 ’

2005 5333 2248 5390 dicens:
2281 5335 2378 5394 Isti
2421 5334 2746 5406 Imperatori
2795 5332 3091 5389 secundum
3153 5345 3337 5384 meum
3398 5329 3542 5384 scire
3603 5334 3656 5384 et

232 5423 357 5490 his,
390 5421 545 5494 quod
595 5420 768 5489 absit,
799 5436 914 5475 non
963 5419 1253 5475 mediocre
1303 5419 1626 5490 periculum
1658 5423 1768 5492 est,
1792 5419 1894 5492 qui
1998 5440 2174 5497 posse,
2193 5424 2360 5496 juxta
2388 5425 2762 5480 ministerium
2789 5438 2971 5478 meum
2997 5419 3174 5492 ﬁdelis
3199 5433 3310 5474 ero.
3344 5418 3502 5474 Inter
3541 5416 3654 5472 hoc

235 5526 379 5570 cum
402 5510 653 5567 debeant
673 5525 876 5582 parere
896 5507 1289 5581 despiciunt.»
1313 5509 1475 5575 Quod
1493 5508 1586 5565 hic
1609 5508 1894 5582 scriptum
2003 5511 2160 5568 enim
2194 5527 2406 5566 nomen
2437 5511 2588 5582 quod
2614 5509 2829 5565 dicitur
2857 5509 2950 5580 adj
2961 5510 3108 5576 utor,
3142 5510 3200 5562 et
3244 5506 3400 5579 quod
3435 5504 3654 5562 dicitur

235 5604 354 5672 est,
388 5606 804 5675 quantocunque
825 5598 954 5675 plus
1000 5605 1054 5654 et
1095 5597 1292 5654 melius
1331 5599 1504 5655 sciero
1551 5606 1603 5656 et
1643 5608 1895 5676 potuero,
2003 5599 2248 5672 nocitor,
2281 5597 2426 5655 nihil
2474 5602 2563 5656 cst
2610 5596 2889 5656 medium.
2936 5594 3045 5669 Qui
3089 5595 3248 5653 enim
3297 5598 3387 5655 est
3437 5593 3650 5669 ﬁdelis,
