3976 6188
311 297 466 360 112⁷1

1085 286 1467 350 HINCMARI
1512 285 1758 348 RHEM.
1805 281 2170 350 ARCHIEP.
2216 287 2618 352 LPUSGULA
2661 290 2930 353 VARIA.

3553 292 3726 356 1128⁵

307 435 368 488 et
395 427 490 485 cui
518 425 707 484 ﬁdelis
732 428 840 490 est,
874 427 1161 496 quantum
1191 439 1262 478 ex
1298 421 1426 494 ipso
1475 424 1582 489 est,
1616 419 1819 492 utique
1868 423 1960 475 est
1984 420 2044 489 Α
2073 421 2220 476 vobis
2249 439 2269 477 :
2295 422 2412 478 Non
2431 424 2632 495 jurare
2658 426 2906 491 omnino,
2922 427 2998 480 sit
3024 433 3204 481 autem
3221 441 3397 482 senno
3417 433 3712 494 vester,est,

309 519 542 592 adJutor
564 535 578 573 :
602 521 660 574 et
680 515 780 588 qui
803 517 892 570 est
913 511 1244 584 inﬁdelis,ei
1271 509 1364 566 cui
1384 513 1473 566 est
1491 509 1955 581 inﬁdelis,quan-

305 613 433 664 tum
453 625 522 664 ex
543 607 670 680 ipso
692 608 800 673 est,
815 602 1020 676 utique
1036 605 1123 658 est
1141 599 1383 656 nocitor.
1399 600 1468 654 Et
1495 598 1682 654 ﬁdelis
1703 597 1955 670 quisque

305 715 444 773 erga
463 714 600 754 eum
613 695 708 753 cui
729 693 918 751 ﬁdelis
931 691 1313 760 est,fraudem
1325 687 1952 761 etmalumingenium,

305 792 364 846 et
381 786 559 844 ullam
583 784 974 854 dolositatem,
992 779 1082 837 vel
1102 779 1520 845 seductionem,
1545 793 1647 833 seu
1671 773 1956 848 deceptio-

307 892 584 951 nem,nec
611 871 877 941 consilio,
897 887 1002 928 nec
1032 868 1246 926 auxilio
1277 883 1381 940 pro
1411 869 1676 939 respectu
1700 863 1954 936 alicujus

306 983 566 1042 personae
587 967 720 1037 aget
737 961 826 1018 vel
846 959 938 1034 agi
959 957 1281 1016 consentiet
1307 973 1321 1012 :
1348 955 1503 1028 quod
1529 953 1578 1012 si
1603 953 1818 1021 fecerit,
1832 969 1950 1008 non

305 1056 519 1126 ﬁdelis,
551 1055 652 1110 sed
683 1049 938 1108 inﬁdelis
968 1048 1096 1105 erit.
1116 1047 1279 1114 Quod
1309 1042 1710 1116 autem,quasi
1731 1041 1952 1098 oblitus

303 1146 408 1203 illa
435 1163 564 1219 qua:
601 1140 982 1216 praemiserat,
1013 1134 1406 1209 snperadjecit
1434 1150 1446 1189 :
1481 1134 1660 1205 Neque
1701 1149 1803 1205 per
1840 1147 1947 1199 me,

304 1250 478 1308 neque
500 1250 601 1306 per
627 1233 876 1297 missum,
907 1243 1079 1299 neque
1105 1242 1206 1298 per
1245 1225 1477 1292 litteras,
1508 1223 1601 1279 sed
1644 1239 1819 1296 neque
1849 1238 1953 1294 per

307 1327 562 1382 emissam
604 1321 688 1376 vel
735 1319 1106 1375 intromissum
1149 1331 1458 1388 personam,
1510 1312 1594 1368 vel
1632 1328 1951 1384 quocunque

303 1414 460 1471 modo
507 1427 571 1467 ac
634 1409 1053 1482 signiﬁcatione,
1114 1411 1300 1460 contra
1349 1419 1512 1459 suum
1575 1403 1852 1472 honorem,
1899 1409 1952 1457 et

302 1519 459 1558 suam
487 1517 552 1556 ac
576 1499 833 1555 Ecclesiae
862 1505 1023 1568 atque
1051 1495 1212 1564 regni
1254 1493 1346 1548 illi
1389 1492 1668 1548 commissi
1717 1491 1951 1562 quietem

299 1599 350 1648 et
378 1588 838 1663 tranquillitatem
885 1593 1044 1658 atque
1089 1582 1416 1639 soliditatem
1465 1578 1815 1648 machinabo,
1863 1578 1950 1634 vel

295 1681 644 1736 machinanti
669 1677 1022 1742 consentiam,
1057 1669 1522 1737 ridiculose,imo
1545 1667 1774 1736 misere,
1809 1666 1950 1740 quia

2061 517 2157 578 est,
2176 526 2461 580 non,non;
2491 513 2634 584 quod
2657 522 2839 570 autem
2865 515 2952 570 his
2981 513 3353 572 abundantius
3371 523 3470 580 est,
3501 532 3538 572 α
3565 516 3714 572 nialo

2062 607 2142 654 est
2163 598 2364 671 (Matth.
2397 618 2452 670 ν,
2485 601 2597 674 37),
2632 601 2691 658 id
2721 606 2810 659 est
2837 602 2925 659 vel
2955 619 2991 659 a
3022 601 3175 660 malo
3205 603 3358 661 male
3386 607 3446 660 et
3474 603 3712 663 incaute

2052 687 2334 758 jurantis,
2367 688 2455 746 vel
2485 708 2520 746 a
2541 690 2696 747 malo
2728 690 2880 747 male
2908 695 2965 748 et
2993 691 3120 748 sine
3150 709 3330 749 causa
3367 693 3574 764 jurare
3620 710 3715 750 co-

2060 775 2274 848 gentis,
2299 776 2450 835 sicut
2481 779 2752 836 catholici
2783 780 3047 837 doctores
3077 779 3303 837 dicunt.
3335 782 3408 838 Et
3450 783 3710 842 Jacobus

2021 857 2040 878 ’
2061 866 2365 938 apostolus
2395 867 2538 924 dicit
2571 869 2744 927 :Ante
2772 872 2980 937 omnia,
3008 873 3211 944 fratres
3236 873 3367 940 mei,
3399 873 3574 930 nolite
3608 874 3710 946 ju-

2061 971 2188 1011 rare
2215 956 2568 1032 quodcunque
2584 958 2969 1030 juramentum
2998 960 3134 1032 (Jac.
3167 977 3222 1030 ν,
3257 960 3366 1033 14).
3398 961 3472 1018 Et
3516 962 3711 1020 sancti

2061 1042 2258 1100 Patres
2273 1044 2488 1101 Niczeni
2509 1047 2741 1104 concilii
2755 1047 3060 1122 episcopos
3081 1048 3183 1122 qui
3199 1049 3456 1122 perﬁdia:
3475 1050 3709 1109 Ariana

2059 1139 2504 1203 consenserunt,
2521 1139 2580 1192 et
2599 1140 2839 1194 sanctus
2860 1137 2973 1194 Leo
2994 1155 3148 1211 papa
3166 1155 3234 1195 ac
3253 1140 3513 1213 synodus
3541 1140 3710 1198 Chal-

2059 1221 2405 1280 cedonensis
2435 1223 2740 1298 episcopos
2779 1226 2881 1299 qui
2923 1226 3297 1300 Eutychiane
3342 1228 3713 1302 perversitati

2058 1308 2411 1381 faverant,et
2440 1313 2499 1370 S.
2523 1313 2836 1387 Gregorius
2857 1314 3231 1374 Nestorianos
3252 1335 3287 1374 a
3305 1318 3530 1391 synodo
3555 1318 3708 1376 Con-

2059 1399 2580 1474 stantinopolitana
2619 1403 2878 1476 abjectos
2921 1405 3282 1478 professione
3323 1423 3392 1463 ac
3439 1407 3700 1464 subscri-

2057 1488 2276 1561 ptione,
2309 1489 2396 1547 vel
2447 1489 2573 1548 sola
2617 1493 2998 1564 professione,
3026 1495 3155 1552 sino
3191 1497 3531 1569 juramento
3588 1497 3706 1555 alio

2057 1577 2312 1651 recipere
2343 1579 2402 1634 in
2432 1579 2558 1636 suis
2600 1579 2904 1638 ordinibus
2950 1582 3350 1641 decreverunt.
3375 1585 3705 1644 Presertim

2056 1683 2191 1723 cum
2209 1684 2462 1725 canones
2482 1669 2635 1726 sacri
2654 1671 3061 1744 decernant,ut
3077 1672 3124 1730 si
3153 1673 3288 1747 quis
3306 1679 3512 1730 contra
3530 1691 3703 1732 suam

301 1767 716 1826 amaritudinis
748 1763 878 1822 felle
908 1763 1140 1820 locutus
1165 1764 1275 1858 est.
1307 1757 1455 1827 Quid
1488 1762 1577 1814 est
1605 1757 1764 1858 enim
1804 1755 1945 1858 mis:
1976 1791 2026 1858 Β
2057 1757 2477 1858 professionem
2508 1757 2595 1815 vel
2621 1759 3118 1858 subscriptionem
3147 1763 3370 1819 venerit
3396 1763 3460 1820 in
3482 1763 3702 1837 aliquo,

299 1876 424 1926 sus,
452 1857 567 1914 nisi
599 1856 817 1912 emissa
855 1853 946 1910 vel
993 1849 1335 1908 intromissa
1388 1847 1686 1920 persona?
1718 1850 1776 1902 et
1802 1844 1944 1918 quid
1976 1844 2025 1858 "
2059 1845 2183 1916 ipse
2205 1863 2267 1902 se
2298 1845 2516 1903 honore
2545 1847 2816 1920 privabit.
2834 1849 2903 1905 Et
2932 1849 3040 1922 pias
3063 1849 3359 1908 memoria
3387 1857 3557 1926 pater
3584 1870 3706 1911 ves-

299 1951 388 2004 est
415 1961 779 2020 quaecunque
807 1940 1177 2016 signiﬁcatio,
1203 1939 1316 1995 nisi
1345 1942 1450 1994 aut
1496 1953 1598 2010 per
1623 1936 1819 2007 verba,
1844 1939 1947 1991 aut

297 2054 400 2110 per
426 2035 669 2102 litteras,
697 2032 784 2089 vel
831 2031 945 2089 alio
993 2029 1253 2104 quolibet
1299 2025 1511 2083 modo?
1542 2027 1611 2082 Et
1659 2023 1798 2099 quid
1855 2027 1946 2080 est

294 2129 499 2182 contra
526 2140 702 2180 suum
733 2123 1116 2189 honorem,ac
1146 2117 1413 2174 Ecclesiae
1443 2121 1618 2188 atque
1647 2113 1810 2186 regni
1858 2111 1942 2168 illi

295 2213 594 2270 commissi
627 2212 880 2284 quietem
912 2225 1103 2282 agere,
1137 2207 1250 2263 nisi
1282 2205 1594 2262 inﬁdeliter
1637 2201 1844 2276 agere?
1875 2202 1944 2258 Et

294 2299 437 2374 quid
467 2307 558 2357 est
581 2300 770 2373 quies,
795 2298 909 2355 nisi
930 2294 1366 2370 tranquillitas?
1391 2298 1448 2350 et
1478 2293 1618 2366 quid
1639 2296 1728 2348 est
1748 2289 1943 2348 solidi-

293 2394 406 2458 tas,
437 2389 550 2446 nisi
581 2387 928 2446 sinceritas?
957 2387 1027 2442 Et
1057 2385 1209 2458 quod
1243 2381 1407 2450 dixit,
1429 2386 1631 2438 contra
1659 2379 1804 2448 haec,
1826 2378 1940 2436 sci-

292 2477 427 2534 licet
445 2479 518 2534 ab
550 2476 648 2533 illo
669 2475 994 2548 praemissa,
1019 2491 1135 2530 non
1183 2471 1558 2539 machinabo,
1578 2467 1667 2528 vel
1716 2468 1940 2526 machi-

292 2566 457 2623 nanti
469 2563 1036 2632 consentiam,nimis
1047 2561 1324 2619 stolidum
1339 2557 1935 2633 putavitepiscopum,

2052 1939 2142 1990 ter
2161 1936 2234 1991 ab
2265 1936 2576 2009 episcopis,
2603 1937 2703 2010 qui
2726 1937 2816 1994 vel
2845 1937 3155 1996 voluntarii
3184 1939 3274 1997 vel
3303 1941 3471 1998 inviti
3501 1941 3565 1998 in
3593 1960 3703 2000 sua

2052 2023 2377 2094 dejectione
2426 2027 2869 2095 consenserunt,
2903 2026 3004 2082 sed
3049 2043 3154 2084 nec
3199 2027 3273 2084 ab
3321 2027 3450 2100 ipso
3478 2029 3699 2096 Ebone,

2053 2111 2152 2184 qui
2178 2117 2384 2170 auctor
2411 2116 2468 2170 et
2497 2114 2760 2171 incentor
2806 2114 2993 2188 ipsius
3041 2115 3383 2188 dejectionis
3415 2117 3699 2174 duntaxat

2051 2201 2206 2258 inter
2251 2201 2554 2275 episcopos
2585 2203 2716 2273 fuit,
2745 2221 2863 2260 non
2893 2203 3051 2260 aliud
3096 2209 3549 2276 sacramentum,
3582 2206 3702 2264 nisi

2051 2287 2278 2348 libellos
2306 2290 2685 2363 professionis
2716 2309 2752 2348 a
2773 2309 2836 2349 se
2867 2291 3251 2366 subscriptos,
3273 2294 3428 2367 quod
3462 2309 3569 2368 ego
3599 2293 3701 2351 ha-

2050 2378 2156 2435 beo
2187 2378 2514 2452 requisivit,
2545 2385 2603 2438 et
2629 2399 2663 2438 a
2690 2398 2804 2448 me,
2835 2381 2936 2455 qui
2985 2385 3120 2438 ante
3161 2382 3592 2456 professionem
3639 2388 3700 2440 et

2048 2467 2564 2540 subscriptionem,
2596 2474 2654 2526 et
2703 2475 2837 2544 post
2881 2470 3302 2544 professionem
3330 2489 3400 2528 ac
3437 2471 3698 2529 subseri-

2047 2555 2331 2629 ptionem,
2362 2558 2626 2629 professa
2653 2563 2711 2616 et
2737 2559 3071 2632 subscripta
3099 2577 3202 2632 per
3229 2564 3426 2617 tantos
3452 2577 3644 2616 annos
3663 2577 3700 2617 a

291 2655 393 2728 qui
423 2655 497 2712 ab
529 2653 677 2727 ipsis
705 2651 1015 2709 cunabulis
1042 2667 1228 2724 usque
1257 2650 1330 2705 ad
1375 2652 1734 2711 senectutem
1765 2663 1934 2702 suam
2039 2646 2347 2717 juventute
2379 2663 2564 2719 usque
2594 2649 2665 2704 ad
2698 2648 2851 2704 hanc
2882 2653 3244 2706 senectutem
3275 2649 3520 2719 servavi,
3541 2667 3699 2706 nunc

289 2759 489 2800 sacras
509 2741 735 2798 litteras
756 2741 962 2797 didicit
991 2757 1058 2796 ac
1089 2739 1302 2812 szepius
1333 2737 1494 2810 legit,
1529 2741 1594 2793 ut
1624 2755 1740 2792 non
1762 2736 1938 2792 sciret
2038 2736 2446 2807 juramentum
2478 2735 2636 2792 aliud
2667 2754 2784 2792 non
2833 2737 3132 2794 debuisset
3161 2737 3399 2810 requiri.
3422 2739 3530 2795 8ed
3577 2756 3700 2794 non

286 2832 629 2906 Apostolum
671 2831 862 2888 dicere
895 2847 908 2886 :
941 2830 1060 2886 Non
1100 2830 1280 2886 solum
1329 2831 1428 2900 qui
1453 2829 1688 2899 faciunt,
1718 2825 1812 2882 sed
1839 2827 1938 2898 qui

287 2923 629 2978 consentiunt
653 2921 983 2993 facientibus
1005 2919 1166 2988 digni
1190 2925 1320 2974 sunt
1345 2924 1518 2972 morte
1546 2917 1718 2984 (Rom.
1749 2931 1789 2981 ι,
1820 2916 1932 2988 32),

286 3015 344 3068 et
369 3017 639 3070 sanctum
671 3011 921 3066 Leonem
941 3025 1178 3082 papam,
1197 3005 1336 3080 quia
1353 3005 1506 3062 sicut
1534 3003 1595 3060 in
1619 3003 1778 3060 mala
1806 3021 1936 3062 sua-

287 3100 450 3158 sione
471 3099 850 3173 delinquitur,
865 3097 948 3154 ita
965 3103 1024 3153 et
1043 3098 1104 3152 in
1125 3095 1282 3152 mala
1318 3093 1700 3151 consensione
1730 3110 1932 3167 pecca-

2045 2823 2263 2880 mirum
2284 2827 2392 2894 est,
2425 2825 2474 2881 si
2496 2843 2601 2898 per
2627 2825 2858 2898 bajulos
2891 2825 3140 2896 invidiae,
3163 2827 3306 2899 quia
3333 2827 3491 2886 sicut
3518 2827 3704 2902 scrip-

2043 2916 2210 2985 ptum
2243 2917 2353 2982 est,
2387 2913 2523 2969 Mors
2552 2915 2804 2971 introivit
2832 2917 2894 2971 in
2923 2917 3104 2971 orbem
3151 2923 3424 2972 terrarum
3455 2915 3612 2989 (Sap.
3639 2933 3702 2982 ιι,

2041 3002 2154 3074 24),
2179 3001 2306 3058 sine
2335 3019 2514 3071 causa
2542 3003 2780 3060 animus
2809 3003 3191 3078 benignitatis
3217 3007 3421 3061 vestrae
3446 3021 3711 3062 commo.

2048 3096 2148 3148 tus
2177 3108 2334 3148 nunc
2365 3109 2400 3148 a
2431 3108 2524 3149 me
2553 3092 2818 3164 requirit,
2849 3093 3006 3166 quod
3037 3110 3142 3150 nec
3189 3098 3354 3168 pater
3400 3099 3592 3152 vester
3640 3095 3704 3152 in

287 3194 404 3246 tur.
420 3191 490 3246 Et
510 3159 1028 3246 sanctusGelasius
1043 3183 1502 3242 adAnastasium
1524 3159 1938 3256 imperatorem
1967 3159 2011 3229 (ἶ
2045 3181 2168 3238 vita
2195 3198 2323 3250 sua,
2355 3181 2457 3255 qui
2491 3159 2653 3238 mihi
2664 3199 2770 3254 per
2797 3159 2926 3240 octo
2969 3159 3210 3240 circiter-
3243 3200 3430 3240 annos
3476 3188 3707 3241 secreta

289 3276 525 3350 scripsit
553 3277 728 3349 (epist.
755 3277 842 3344 10)
868 3291 882 3330 :
909 3271 1163 3347 Legibus
1201 3276 1354 3328 certe
1383 3270 1590 3328 vestris
1621 3269 1936 3327 criminum

289 3365 555 3422 conscios
586 3368 1071 3436 susceptoresque
1120 3359 1596 3418 latrocinantium
1629 3377 1736 3433 par
1772 3359 1938 3432 judi-

289 3454 514 3510 ciorum
535 3469 707 3526 poena
727 3450 1095 3525 constringit,
1121 3467 1226 3507 nec
1245 3467 1450 3523 expers
1486 3448 1762 3506 facinoris
1783 3448 1938 3506 aesti-

290 3546 506 3612 matur,
537 3542 638 3615 qui
668 3541 805 3598 licet
833 3540 959 3614 ipse
1005 3558 1122 3597 non
1173 3539 1390 3610 fecerit,
1423 3539 1703 3596 facientes
1740 3542 1936 3596 tamen

288 3631 350 3688 in
380 3631 840 3688 familiaritatem
873 3630 1178 3703 foedusque
1202 3629 1502 3702 receperit.
1521 3629 1686 3685 Unde
1733 3645 1938 3685 omnes

289 3739 397 3778 nos
417 3725 767 3778 revertentes
788 3721 860 3776 ad
882 3719 1270 3776 conscientias
1295 3722 1526 3774 nostras
1547 3717 1938 3774 obaudiamus

289 3810 604 3868 Dominum
664 3809 997 3864 dicentem:
1030 3807 1247 3874 Medico,
1305 3823 1442 3862 cura
1495 3808 1728 3878 teipsum
1781 3807 1934 3875 (Luc.

287 3914 368 3968 ιν,
387 3900 501 3967 23).
534 3897 796 3953 Tandem
820 3896 974 3969 quod
1012 3895 1074 3952 in
1119 3896 1234 3952 ﬁne
1263 3895 1482 3968 posuit,
1513 3895 1654 3968 quia
1680 3893 1936 3968 amplius

289 3987 446 4060 quod
477 3987 717 4044 adderet
746 3985 1004 4042 invenire
1055 4002 1172 4040 non
1203 3985 1393 4058 potuit
1424 4001 1438 4041 :
1471 3985 1651 4057 Neque
1692 4001 1939 4058 unquam

289 4075 513 4149 aliquod
537 4074 863 4132 scandalum
901 4077 1139 4144 movebo,
1171 4074 1314 4148 quod
1343 4075 1499 4131 illius
1538 4076 1808 4147 praesenti
1852 4074 1937 4130 vel

287 4168 500 4240 futurae
526 4166 697 4222 saluti
723 4166 1011 4222 contraria
1055 4166 1140 4222 vel
1186 4167 1380 4222 nociva
1407 4181 1522 4222 esse
1559 4166 1753 4238 possit,
1785 4163 1939 4220 sicut

289 4255 527 4313 dictatio
556 4259 646 4312 est
673 4255 783 4313 arti
805 4254 1118 4322 contraria,
1135 4253 1218 4310 ita
1237 4254 1530 4310 sententia
1550 4271 1585 4311 a
1603 4254 1827 4312 ratione
1847 4258 1939 4312 est

289 4343 502 4402 aliena.
537 4345 684 4402 Nam
716 4345 872 4402 sicut
899 4342 1216 4418 Apostolus
1245 4343 1408 4413 dicit,
1429 4344 1658 4400 Dilectio
1690 4345 1940 4417 proximi

288 4436 499 4492 malum
539 4451 650 4493 non
677 4442 965 4508 operatur;
995 4437 1072 4506 et,
1102 4433 1392 4490 Plenitudo
1431 4433 1568 4502 legis
1595 4441 1676 4490 est
1717 4432 1938 4490 dilectio

2049 3288 2158 3326 sua
2188 3270 2592 3328 indubitanter
2639 3270 2908 3341 credidit,
2941 3271 3264 3344 requisivit,
3303 3290 3412 3329 nec
3453 3289 3559 3330 vos
3597 3291 3708 3347 per

2047 3358 2290 3432 triginta
2321 3364 2379 3416 et
2430 3376 2531 3416 sex
2579 3377 2766 3418 annos
2809 3359 3096 3418 hactenus
3147 3361 3482 3434 requisistis
3512 3379 3529 3419 :
3561 3378 3702 3420 cum

2047 3447 2334 3505 Dominus
2371 3449 2445 3504 ad
2474 3452 2774 3505 auctorem
2825 3444 3055 3506 invidie
3085 3449 3157 3506 de
3182 3449 3340 3506 ﬁdeli
3373 3467 3543 3507 servo
3589 3467 3704 3508 suo

2045 3536 2156 3594 Job
2187 3537 2399 3593 dixerit
2430 3553 2445 3594 :
2481 3539 2830 3594 Commovisti
2883 3555 2970 3594 me
3027 3538 3283 3595 adversus
3311 3556 3440 3596 eum
3486 3542 3704 3612 frustra

2046 3625 2190 3698 (Job.
2223 3644 2286 3693 ιι,
2315 3626 2392 3699 3).
2424 3626 2496 3682 Et
2521 3626 2581 3682 in
2611 3627 2884 3699 paradiso
2913 3627 2986 3683 ad
3018 3643 3153 3684 eum
3209 3626 3356 3684 dixit
3387 3645 3402 3684 :
3441 3629 3520 3685 Tu
3560 3630 3701 3686 insi-

2045 3716 2285 3772 diaberis
2315 3717 2568 3774 calcaneo
2596 3719 2714 3789 ejus
2744 3716 2897 3786 (Gen.
2931 3733 3016 3786 ιιι,
3054 3717 3162 3790 15),
3196 3717 3254 3773 id
3287 3721 3376 3774 est
3417 3717 3699 3776 hominis.

2044 3804 2216 3862 Videt
2242 3804 2400 3861 enim
2432 3822 2630 3862 meum
2660 3805 3023 3875 calcaneum,
3052 3805 3111 3862 id
3141 3811 3232 3863 est
3278 3807 3460 3864 ﬁnem
3507 3808 3701 3880 proxi-

2046 3910 2232 3963 mum,
2259 3899 2318 3950 et
2348 3898 2533 3950 certat
2579 3893 2727 3951 illud
2776 3893 3066 3968 insidiari,
3097 3899 3164 3952 ut
3207 3896 3700 3968 quod-hactenus

2043 3981 2371 4039 voluntarie
2401 3999 2467 4039 ac
2497 3983 2721 4040 sincere
2745 4000 2883 4058 erga
2911 4001 3014 4040 vos
3042 3987 3284 4054 servavi,
3317 3985 3369 4042 si
3395 4003 3517 4043 non
3548 3991 3702 4060 poto-

2045 4071 2123 4127 rit
2150 4070 2517 4141 inﬁdelitate,
2543 4071 2761 4147 polleat
2789 4073 2935 4131 illud
2966 4091 3209 4132 rancore
3237 4075 3514 4132 tristitiae.
3539 4074 3700 4144 Quod

2043 4159 2359 4235 Apostolus
2381 4161 2530 4220 bene
2558 4167 2868 4236 operantes
2891 4162 2952 4220 in
2981 4180 3157 4237 opere
3185 4181 3292 4222 suo
3321 4165 3580 4223 sollicite
3608 4182 3702 4222 ca-

2044 4267 2177 4307 vere
2206 4255 2564 4324 cpmmonet,
2579 4251 2782 4309 dicens
2806 4269 2820 4309 :
2846 4253 2910 4311 Ut
2937 4270 3050 4310 non
3068 4271 3139 4310 ex
3162 4255 3395 4311 tristitia
3413 4255 3501 4312 vel
3517 4271 3702 4312 necas-

2046 4342 2211 4397 sitate
2239 4349 2432 4411 agant,
2480 4343 2616 4414 quia
2661 4343 2898 4398 hilarem
2943 4341 3187 4401 datorem
3231 4343 3421 4415 diligit
3449 4347 3606 4402 Deus
3634 4344 3706 4414 (ιι

2049 4430 2172 4487 Cor.
2207 4446 2284 4499 ιχ,
2313 4429 2393 4503 7).
2425 4429 2496 4487 Et
2524 4429 2665 4488 item
2687 4431 2830 4488 dicit
2861 4449 2875 4488 :
2905 4433 2968 4490 Ut
2995 4449 3108 4490 non
3135 4435 3643 4491 circumveniamw
3663 4450 3703 4490 ο

291 4523 463 4596 (Rom.
495 4539 618 4592 xm,
655 4524 780 4596 10);
811 4527 888 4593 et,
923 4522 1030 4591 Qui
1074 4521 1282 4591 diligit,
1336 4521 1507 4590 legem
1554 4520 1829 4592 implevit;
1859 4526 1935 4592 et,
1965 4530 2016 4598 D
2045 4521 2274 4578 Satana.
2324 4520 2444 4577 Non
2476 4521 2638 4576 enim
2684 4523 3001 4590 ignoramus
3047 4523 3281 4580 astutias
3323 4523 3445 4596 ejus
3473 4524 3553 4594 (Η
3579 4523 3698 4580 Cor.

289 4611 355 4667 Si
379 4609 520 4682 quod
547 4618 625 4666 est
652 4611 808 4666 aliud
832 4611 1171 4679 mandatum,
1191 4613 1253 4666 in
1279 4611 1378 4666 hoc
1396 4611 1554 4667 verbo
1595 4611 1938 4668 instauratur

291 4699 463 4773 (Rom,
493 4715 616 4764 vm,
646 4697 702 4770 9)
737 4715 751 4754 :
785 4698 867 4754 ita
893 4699 1092 4755 omnia
1138 4715 1266 4772 qua
1315 4702 1509 4755 mente
1537 4696 1766 4768 insana,
1801 4717 1940 4773 quo-

290 4787 448 4845 niam
472 4786 756 4844 charitate
774 4788 1290 4860 experte,scriptor
1323 4787 1433 4844 iste
1469 4787 1843 4862 conscripsit,
1874 4789 1936 4846 in

290 4883 358 4926 eo
380 4868 755 4926 continentur
798 4869 952 4941 quod
985 4868 1208 4925 dictum
1240 4872 1331 4924 est
1359 4885 1373 4924 :
1405 4868 1712 4926 Secundum
1754 4888 1938 4928 meum

289 4961 430 5016 seire
455 4975 522 5015 ac
562 4974 742 5032 posse,
753 4959 922 5032 juxta
968 4959 1344 5015 ministerium
1387 4975 1571 5014 meum
1614 4959 1793 5032 ﬁdelis
1819 4979 1932 5036 ero,

288 5051 431 5106 sicut
459 5049 900 5122 archiepiscopus
925 5065 1026 5121 per
1055 5056 1261 5104 rectum
1290 5050 1609 5123 imperatori
1625 5049 1804 5122 ﬁdelis
1821 5069 1936 5110 esse

290 5137 458 5196 debet.
491 5138 778 5195 Dominus
808 5135 949 5194 dicit
976 5135 1036 5192 in
1067 5137 1373 5212 Evangelio
1405 5154 1420 5195 :
1453 5139 1562 5212 Ego
1601 5148 1784 5198 autem
1813 5141 1937 5200 dico

2045 4628 2108 4680 ιι,
2129 4611 2238 4683 11).
2272 4610 2388 4666 Hoc
2415 4609 2575 4666 enim
2607 4610 2764 4684 quod
2795 4611 2970 4668 modo
2993 4610 3366 4681 sentio,mihi
3402 4611 3536 4684 jam
3567 4614 3700 4668 ante

2045 4699 2242 4758 audivi
2288 4699 2649 4772 promissum
2699 4699 2772 4756 ab
2821 4699 2906 4756 eis
2945 4716 3125 4758 causa
3155 4701 3454 4770 vindicta,
3497 4707 3704 4758 contra

2045 4790 2199 4864 quod
2220 4789 2524 4846 vobiscum
2543 4788 2635 4863 egi
2657 4793 2816 4845 certa
2835 4789 3057 4846 ratione
3077 4793 3136 4846 ct
3151 4806 3321 4847 sacra
3330 4789 3698 4848 auctoritate.

2045 4881 2158 4938 Sed
2190 4879 2312 4936 scio
2339 4879 2434 4937 cui
2461 4878 2704 4948 credidi,
2723 4883 2781 4934 et
2809 4883 3006 4936 certus
3035 4895 3168 4936 sum
3198 4879 3341 4953 quia
3364 4884 3575 4952 potens
3608 4881 3702 4935 est

2043 4969 2379 5043 depositum
2431 4985 2629 5025 meum
2679 4985 2911 5025 servare
2957 4967 3018 5024 in
3076 4967 3247 5026 illum
3293 4968 3456 5026 diem
3492 4969 3698 5042 justus

2035 5059 2242 5132 judex.
