3976 6188
197 331 224 393 i
237 333 350 393 129

1437 335 1639 395 ’νΙΤΑ
1686 333 1967 395 SANCTI
2016 334 2341 395 ll‘EMIGII.

3445 331 3602 401 H3O

1775 633 2039 702 XXI.

1297 810 1568 897 VITA
1628 809 2027 899 SANCTI
2083 810 2523 900 BEMIGII

1501 977 1832 1017 BHEMORUM
1871 976 2324 1033 ABGBIEPISCOPI,

1029 1114 1283 1197 Scripta
1313 1114 1390 1176 ab
1420 1118 1778 1191 Hmcusno,
1808 1134 1970 1198 aque
1996 1115 2315 1179 Rhemensi
2340 1117 2801 1199 archiepiscopo.

1167 1276 1357 1350 (Apud
1392 1275 1652 1347 Surium,
1675 1277 1817 1333 Acta
1845 1277 2217 1346 Sanctorum,
2251 1278 2320 1334 15
2344 1277 2657 1352 Januarii.)

275 1561 654 1632 Hincmarus,
687 1561 926 1617 nomine
970 1577 1088 1618 non
1149 1561 1358 1619 merito
1416 1562 1746 1636 episcopus,
1798 1581 1865 1620 ac
1895 1566 1944 1632 B
1973 1564 2134 1620 fuere
2161 1563 2378 1621 divisae.
2404 1563 2490 1620 llli
2535 1580 2766 1636 quoque
2795 1561 2988 1636 pauci,
3021 1561 3121 1634 qui
3167 1565 3334 1618 erant
3379 1561 3622 1629 residui,

206 1650 396 1724 plebis
407 1650 509 1706 Dei
532 1649 1044 1719 famulus,dilectis
1058 1651 1339 1707 fratribus
1351 1669 1416 1707 ac
1437 1652 1860 1708 comministris

208 1738 451 1806 nostris,
473 1739 653 1811 hujus
685 1743 898 1796 sancta)
932 1739 1281 1796 Rhemensis
1311 1739 1579 1796 Ecclesiae
1611 1741 1771 1798 ﬁliis.

278 1827 446 1884 Sicut
475 1845 510 1883 a
536 1828 798 1895 senibus,
817 1832 875 1883 et
897 1829 1022 1899 jam
1047 1829 1234 1884 aetatis
1258 1834 1536 1901 provectae
1558 1829 1696 1886 viris
1725 1829 1860 1886 reli-

205 1916 520 1990 giosis,qui
551 1917 622 1972 de
652 1921 912 1989 tempore
943 1916 1157 1990 Tilpini
1192 1917 1354 1974 urbis
1385 1918 1563 1990 hujus
1594 1917 1861 1990 prmsulis

208 2006 404 2062 adhuc
430 2006 719 2074 vivebant,
754 2007 990 2078 quando
1021 2005 1079 2062 in
1111 2007 1411 2062 servitium
1444 2008 1617 2064 istius
1648 2011 1861 2064 sancta:

207 2094 502 2163 Ecclesiaa,
523 2099 756 2150 auctore
787 2095 925 2166 Deo,
951 2095 1061 2151 fuit
1080 2094 1301 2152 electus
1326 2102 1502 2168 atque
1532 2101 1860 2168 provectus,

209 2191 267 2240 et
298 2188 504 2256 postea
525 2201 626 2256 per
647 2183 871 2256 aliquot
901 2201 1087 2240 annos
1108 2185 1394 2255 vixerunt,
1413 2185 1566 2240 fideli
1587 2186 1864 2242 relatione

208 2273 414 2341 didici,
444 2291 478 2328 a
507 2272 633 2329 suis
661 2272 986 2343 majoribus
1024 2274 1338 2329 audierunt
1376 2274 1620 2343 narrari,
1654 2291 1753 2330 eos
1780 2275 1865 2329 vi—

209 2362 369 2418 disse
397 2361 616 2418 librum
647 2362 915 2418 maxima:
943 2362 1505 2434 quantitatis,manu
1537 2364 1868 2436 antiquaria

207 2450 522 2523 scriptum,
557 2452 628 2507 de
652 2457 784 2508 ortu
815 2456 872 2507 et
897 2451 1012 2508 vita
1040 2469 1105 2508 ac
1134 2451 1450 2509 virtutibus
1489 2457 1668 2525 atque
1703 2453 1866 2509 obitu

212 2539 370 2596 beati
399 2540 670 2612 Remigii,
693 2540 1051 2598 sanctissimi
1083 2541 1317 2614 patroni
1370 2543 1575 2599 nostri.
1611 2542 1719 2610 Qui
1757 2541 1867 2597 hac

211 2627 522 2685 occasione
543 2629 789 2701 deperiit
815 2646 828 2685 :
863 2630 1143 2702 quoniam
1175 2631 1457 2702 lEgidius,
1480 2635 1611 2702 post
1630 2631 1865 2686 beatum

218 2716 553 2790 Remigium
573 2722 818 2790 quartus
851 2718 1022 2776 istius
1042 2719 1293 2774 civitatis
1325 2719 1656 2792 episcopus,
1672 2736 1871 2790 quem-

212 2807 357 2862 dam
388 2805 578 2862 virum
607 2805 971 2879 religiosum,
1005 2809 1389 2864 Fortunatam
1438 2807 1696 2876 nomine,
1742 2823 1868 2862 me-

215 2895 386 2950 tricis
416 2895 680 2951 versibus
710 2895 1139 2969 insignem,qui
1170 2914 1205 2952 a
1233 2895 1436 2952 multis
1458 2895 1792 2968 potentibus
1813 2900 1872 2951 et
1900 2938 1948 3002 B

218 2984 667 3040 bonorabilibus
687 2985 913 3050 viris,in
936 2985 1029 3041 his
1061 2985 1298 3042 Gallicis
1328 2989 1385 3040 et
1413 2984 1660 3056 Belgicis
1683 2984 1868 3056 regio-

219 3074 400 3130 nibus
431 3090 535 3144 per
563 3073 791 3129 diversa
820 3073 948 3130 loca
978 3078 1119 3130 tunc
1157 3074 1284 3128 vitae
1336 3090 1402 3128 ac
1446 3072 1702 3129 scientiae
1750 3089 1869 3128 sum

219 3162 434 3218 merito
465 3162 846 3230 invrtabatur,
871 3162 1038 3234 petiit
1065 3163 1137 3217 de
1167 3163 1369 3218 eodem
1401 3161 1870 3231 libro,cothurno

217 3250 520 3308 Gallicana
550 3251 1002 3323 dictato,aperto
1032 3267 1300 3307 sermone
1339 3250 1535 3322 aliqua
1563 3249 1869 3318 miracula,

220 3357 352 3412 quae
382 3339 443 3394 in
475 3339 688 3412 populo
720 3340 1126 3406 recitarentur,
1157 3340 1420 3412 excipere
1445 3356 1457 3395 ι
1483 3343 1778 3411 quatenus
1805 3355 1874 3394 ea

219 3429 349 3484 sine
385 3429 553 3484 taedio
585 3429 786 3485 audire
815 3434 874 3485 et
895 3435 1088 3486 mente
1120 3430 1431 3485 recondere
1470 3434 1643 3500 atque
1676 3445 1778 3500 per
1807 3443 1876 3484 ea

219 3518 297 3573 ad
331 3534 593 3574 amorem
625 3522 682 3573 et
710 3517 990 3574 honorem
1021 3522 1196 3590 atque
1253 3517 1617 3573 devotionem
1667 3516 1768 3571 Dei
1816 3519 1875 3571 et

219 3605 413 3677 ipsius
443 3606 787 3678 protectoris
798 3606 911 3673 sui,
937 3607 1092 3662 idem
1109 3607 1360 3678 populus
1381 3605 1616 3662 excitari
1638 3605 1873 3671 valeret,

223 3695 392 3760 Quod
422 3700 480 3749 et
508 3695 567 3749 in
601 3695 803 3750 eadem
835 3697 1200 3766 excerptione
1230 3695 1409 3750 lector
1441 3699 1634 3768 potest
1673 3695 1876 3749 adver-

224 3783 488 3848 tere,ubi
519 3783 806 3855 scriptum
838 3788 928 3839 est
953 3799 964 3839 :
991 3784 1346 3839 Studeamus
1362 3800 1548 3856 pauca
1568 3782 1874 3850 disserere,

224 3871 485 3943 plurima
533 3871 847 3944 praeterire.
877 3872 948 3926 Et
989 3889 1124 3928 cum
1175 3872 1304 3944 ipsa
1357 3872 1646 3944 excerptio
1704 3871 1880 3942 coepit

225 3960 475 4016 lectione
502 3960 560 4014 in
591 3959 806 4033 populo
839 3960 1216 4032 frequentari,
1250 3965 1307 4015 et
1334 3977 1368 4015 a
1398 3958 1600 4014 multis
1644 3964 1881 4030 propter

223 4046 529 4102 brevitatis
553 4064 672 4102 suae
703 4046 1040 4103 facilitatem
1087 4047 1422 4117 transcribi,
1455 4046 1580 4118 ipse
1626 4061 1879 4117 magnus

223 4137 411 4191 codex
440 4152 474 4190 a
508 4135 939 4208 negligentibus
970 4135 1364 4208 negligentius
1402 4135 1576 4207 cmpit
1623 4133 1825 4189 haberi
1863 4149 1877 4190 :

225 4241 422 4296 usque
454 4224 596 4278 dum
629 4223 815 4280 Caroli
837 4237 860 4264 ι
890 4223 1173 4296 principis
1195 4231 1477 4297 tempore,
1504 4223 1736 4296 quando
1757 4239 1885 4295 pro-

1969 1651 2164 1708 clcrici
2197 1653 2425 1726 negotio
2457 1652 2676 1708 victum
2709 1651 3068 1724 quaerebant,
3091 1655 3148 1707 et
3178 1650 3624 1723 denarios,qnoe

1970 1741 2351 1799 mercimonio
2383 1741 2830 1814 conquirebant,
2857 1740 2916 1795 in
2973 1738 3191 1796 chartis
3235 1743 3295 1795 et
3337 1738 3621 1795 librorum

1971 1830 2127 1886 foliis
2159 1831 2455 1887 interdum
2487 1830 2767 1904 ligabant.
2784 1830 2994 1902 Sicque
3014 1828 3292 1901 prafatur
3318 1827 3468 1884 liber
3485 1844 3620 1884 cum

1973 1920 2104 1976 aliis
2126 1920 2339 1992 partim
2359 1919 2654 1975 stillicidia
2668 1917 3268 1992 putrefactus,partim
3289 1916 3624 1973 asoricibus

1973 2026 2266 2077 corrosus,
2300 2010 2514 2082 partim
2560 2009 2834 2066 foliorum
2866 2007 3226 2065 abscissione
3269 2006 3512 2078 divisus,
3562 2005 3624 2062 in

1974 2102 2208 2154 tantum
2239 2098 2504 2171 deperiit,
2529 2102 2594 2154 ut
2624 2114 2811 2170 pauca
2840 2101 2896 2154 ct
2925 2097 3191 2169 dispersa
3212 2095 3346 2152 inde
3375 2094 3514 2151 folia
3544 2111 3625 2150 re-

1975 2191 2140 2259 perta
2161 2188 2395 2242 fuerint.
2411 2187 2558 2242 Cum
2577 2204 2711 2243 vero
2728 2191 2988 2258 tempore
3009 2186 3066 2240 Pi
3075 2185 3237 2258 ppini
3281 2183 3456 2256 regis,
3480 2201 3624 2255 pra:-

1974 2275 2114 2331 dicti
2146 2275 2333 2332 Caroli
2366 2275 2649 2348 principis
2692 2275 2820 2343 lilii,
2845 2274 3192 2331 revelatione
3230 2278 3467 2329 ostensa
3514 2272 3626 2328 Eu-

1975 2364 2194 2433 chario,
2226 2363 2665 2420 Aurelianensis
2695 2363 2948 2420 civitatis
2976 2363 3269 2435 episcopo,
3283 2362 3354 2418 de
3383 2361 3628 2417 damna-

1976 2452 2133 2510 tione
2165 2458 2382 2509 acterna
2409 2453 2674 2525 ejusdem
2714 2451 2926 2518 Caroli,
2957 2451 3060 2524 qui
3109 2469 3202 2508 res
3249 2449 3628 2507 ecclesiarum

1979 2542 2401 2608 diviserat,fuit
2433 2559 2447 2598 :
2477 2542 2632 2598 idem
2669 2541 3142 2614 Pippinus,sicut
3169 2544 3226 2596 et
3254 2539 3505 2596 aliarum
3535 2555 3631 2595 ec-

1979 2630 2292 2687 clesiarum
2324 2630 2656 2702 episcopiis,
2678 2629 2813 2684 huic
2837 2629 3153 2684 Rhemensi
3184 2627 3478 2700 episcopia
3500 2644 3632 2700 par-

1977 2723 2097 2774 tem
2127 2719 2198 2774 de
2229 2718 2404 2773 rebus
2435 2717 2848 2774 ecclesiasticis
2873 2716 3144 2784 reddidit,
3159 2719 3216 2772 et
3245 2716 3546 2788 Tilpinum
3569 2715 3628 2770 in

1977 2807 2088 2863 hac
2120 2808 2264 2863 urbe
2286 2807 2644 2863 Rhemorum
2665 2805 3006 2878 episcopum
3027 2804 3285 2862 ordinari
3310 2803 3626 2860 consensit.

1980 2899 2097 2954 Hoc
2117 2898 2275 2954 enim
2299 2897 2357 2952 in
2380 2896 2488 2953 hac
2509 2896 2755 2953 ecclesia
2767 2895 3081 2952 Rhemensi
3105 2893 3420 2950 novissimo
3432 2891 3628 2950 seculi

1977 2991 2238 3058 tempore
2276 2987 2349 3042 de
2387 2985 2534 3042 libro
2585 2989 2928 3053 memorato,
2962 2984 3062 3040 sed
3105 2987 3163 3038 et
3209 2981 3342 3039 aliis
3392 2980 3626 3048 accidit,

1979 3077 2134 3148 quod
2175 3075 2419 3147 antiquo
2478 3077 2739 3146 tempore
2782 3075 2854 3129 de
2901 3071 3255 3130 authenticis
3312 3068 3629 3144 Scripturis

1978 3163 2240 3220 evenisse
2258 3167 2500 3220 sanctus
2521 3163 2775 3220 Joannes
2787 3162 3238 3236 Chrysostomus
3257 3160 3316 3216 in
3331 3158 3582 3217 Homilia
3595 3158 3632 3212 9

1980 3253 2272 3326 Evangelii
2306 3252 2632 3308 secundum
2665 3251 3006 3308 Matthteum
3039 3253 3349 3318 memorat,
3379 3248 3582 3304 dicens
3613 3263 3629 3304 :

1982 3341 2168 3397 Multa
2216 3341 2372 3397 enim
2421 3358 2490 3397 ex
2537 3340 2890 3413 propheticis
2939 3339 3161 3413 periere
3209 3336 3628 3406 monumentis,

1981 3431 2138 3502 quod
2171 3430 2241 3486 de
2268 3429 2514 3486 historia
2546 3429 3027 3503 Paralipomenon
3061 3429 3307 3501 probare
3355 3423 3633 3500 possibile

1981 3523 2089 3575 est.
2124 3518 2363 3574 Desides
2394 3519 2549 3575 enim
2582 3535 2716 3574 cum
2757 3522 2954 3574 essent
3003 3515 3213 3584 Judaei,
3247 3532 3352 3572 nec
3403 3514 3634 3572 desides

1984 3607 2178 3676 modo,
2199 3608 2298 3663 sed
2320 3612 2379 3664 et
2408 3607 2594 3680 impii,
2629 3607 2744 3664 alia
2772 3607 3007 3680 quidem
3040 3605 3415 3679 perdiderunt
3448 3602 3632 3676 negli-

1983 3701 2207 3768 genter,
2231 3695 2346 3752 alia
2367 3714 2498 3752 vero
2526 3700 2653 3751 tum
2675 3695 3083 3764 incenderunt,
3103 3699 3230 3750 tum
3253 3692 3635 3750 conciderunt

1985 3786 2245 3857 profane.
2265 3785 2334 3839 Et
2358 3785 2428 3840 de
2459 3784 2807 3857 profanitate
2841 3783 3078 3857 quidem
3104 3782 3208 3840 tali
3237 3781 3522 3839 Jeremias
3553 3797 3636 3838 re-

1986 3872 2115 3928 fert.
2177 3874 2310 3945 (Jer.
2351 3877 2564 3942 xxxvr).
2601 3875 2676 3930 De
2716 3872 3073 3946 negligentia
3125 3889 3262 3929 vero
3315 3871 3376 3928 in
3427 3873 3634 3943 quarto

1987 3962 2212 4033 Regum
2244 3961 2394 4017 libro
2426 3960 2676 4032 legimus
2700 3963 2787 4033 (IV
2815 3963 2942 4030 Reg.
2975 3961 3136 4033 xxii),
3162 3960 3454 4033 quomodo
3505 3961 3638 4030 post

1988 4048 2240 4103 multum
2275 4048 2555 4120 temporis
2581 4048 2673 4104 vix
2694 4049 3129 4105 Deuteronomii
3158 4049 3237 4104 sit
3266 4049 3539 4106 volumen
3558 4064 3640 4103 re-

1988 4141 2240 4210 pertum,
2265 4137 2564 4192 defossum
2586 4137 2841 4208 quodam
2863 4137 2922 4191 in
2948 4136 3074 4192 loco
3092 4153 3159 4191 ac
3190 4153 3336 4208 pene
3357 4135 3635 4190 deletum.

1990 4225 2099 4282 Sed
2135 4229 2193 4280 et
2221 4224 2390 4297 plura
2420 4225 2490 4280 de
2539 4224 2858 4296 Scripturis
2909 4224 2969 4279 in
3019 4224 3134 4291 his,
3167 4241 3295 4295 qua:
3325 4223 3636 4289 habemus,

207 4319 362 4385 -pter
389 4312 746 4367 discordiam
773 4316 831 4367 et
857 4313 1290 4369 contentionem
1321 4314 1392 4368 de
1424 4312 1756 4384 principatu
1788 4312 1882 4367 in-
1913 4305 1956 4372 C
1995 4318 2320 4370 memorata
2339 4313 2750 4387 legimus,qua
2763 4330 2879 4369 non
2897 4313 3218 4370 habemus:
3245 4311 3397 4368 sicut
3417 4315 3474 4366 et
3492 4309 3643 4367 liber

207 4407 318 4458 .ter
362 4417 500 4457 eum
531 4405 591 4457 et
618 4401 1064 4474 Raganfridum,
1094 4405 1153 4457 et
1199 4401 1528 4472 frequentia
1555 4417 1623 4457 ac
1671 4400 1882 4469 civilia,

225 4491 354 4546 imo
389 4488 704 4562 plusquam
729 4489 938 4557 civilia,
955 4489 1096 4562 quia
1116 4489 1397 4545 intestina
1414 4493 1470 4544 et
1491 4489 1881 4561 parricidalis,

211 4577 390 4634 bella
418 4579 479 4634 in
512 4577 872 4634 Germanicis
902 4582 959 4633 et
989 4576 1236 4650 Belgicis
1279 4594 1345 4633 ac
1386 4577 1623 4633 Gallicis
1653 4577 1886 4649 provin-

224 4666 340 4722 ciis
373 4665 579 4738 religio
613 4664 1076 4722 Christianitatis
1107 4683 1254 4738 pene
1283 4666 1394 4721 fuit
1423 4665 1640 4721 abolita
1671 4683 1685 4721 :
1721 4665 1801 4720 ita
1823 4669 1887 4720 ut

227 4754 530 4827 episc0pis
562 4754 621 4809 in
654 4755 858 4826 paucis
901 4753 1043 4810 locis
1091 4753 1362 4821 residuis,
1385 4755 1681 4827 episcopia
1723 4753 1888 4810 laicis

227 4843 467 4911 donaia,
488 4848 544 4899 et
579 4860 679 4915 per
708 4860 806 4900 eos
836 4844 1012 4900 rebus
1043 4843 1230 4901 divisa
1257 4844 1585 4899 exstiterint
1613 4860 1625 4898 :
1652 4845 1793 4900 adeo
1825 4847 1891 4899 ut

233 4931 379 4987 Milo
413 4931 677 5004 quidam,
704 4935 948 4988 tonsura
981 4931 1247 5001 clericus,
1281 4932 1565 5001 moribus,
1598 4931 1802 4988 habitu
1833 4935 1892 4988 et

231 5026 372 5076 actu
426 5019 786 5092 irreligiosus
834 5020 1040 5087 laicus,
1072 5022 1367 5094 episcOpia
1423 5021 1779 5076 Bhemorum
1825 5037 1891 5076 ac

235 5108 614 5166 Trevirorum
673 5126 968 5182 usurpans
1017 5109 1293 5180 insimul,
1344 5127 1447 5182 per
1501 5109 1892 5182 quadraginta

223 5197 474 5254 circiter
505 5214 690 5254 annos
721 5198 1210 5271 pessumdederit.
1251 5201 1429 5271 Cujus
1478 5197 1695 5254 infelici
1742 5203 1892 5254 tem-

233 5303 404 5359 pore,
440 5287 513 5343 de
565 5287 681 5343 ista
728 5287 1043 5345 Rhemensi
1091 5287 1334 5345 ecclesia
1380 5306 1495 5344 non
1539 5287 1730 5344 solum
1763 5305 1893 5361 pre-

228 5376 392 5433 tiosa
423 5392 671 5449 quaeque
704 5375 903 5433 ablata
931 5377 1187 5444 fuerunt,
1204 5379 1303 5434 sed
1342 5383 1399 5434 et
1437 5376 1692 5434 ecclesia:
1719 5382 1896 5449 atque

230 5465 451 5522 domus
484 5465 897 5538 religiosorum
937 5466 1246 5523 destructas
1276 5471 1332 5522 et
1361 5483 1452 5524 res
1497 5468 1568 5525 ab
1601 5467 1894 5541 episcopio

311 5629 334 5656 ⁸
370 5616 649 5676 Carolum
682 5616 1020 5676 Martellum
1050 5618 1212 5678 dicit.

567 5744 836 5811 PATBOL.
883 5745 1117 5812 CXXV.

1993 4403 2318 4472 Justorum,
2353 4403 2452 4475 qui
2483 4406 2974 4460 commemoratur
3001 4401 3060 4458 in
3101 4401 3266 4458 libris
3313 4401 3540 4473 Regum
3571 4399 3644 4469 (II

1993 4493 2119 4563 Reg.
2144 4492 2218 4563 1);
2252 4497 2309 4548 et
2339 4491 2494 4549 sicut
2521 4495 2611 4548 est
2640 4490 2786 4546 liber
2814 4489 3106 4546 Bellorum
3129 4487 3562 4559 Domini,cujus
3581 4485 3642 4543 in

1993 4580 2142 4636 libro
2194 4581 2584 4636 Numerorum
2637 4578 2857 4635 mentio
2911 4581 3001 4635 est
3048 4579 3232 4648 (Num.
3273 4580 3390 4646 xx).
3445 4576 3644 4649 Neque

1995 4669 2255 4725 carmina
2285 4667 2635 4736 Salomonis,
2673 4684 2862 4740 neque
2893 4667 3319 4740 disputationes
3371 4666 3501 4738 ejus
3547 4681 3644 4722 sa-

1995 4757 2391 4830 pientissimas
2422 4758 2491 4812 de
2522 4756 2813 4829 lignorum
2833 4760 3043 4812 natura
3062 4756 3497 4829 herbarumque
3526 4770 3646 4810 om-

1997 4843 2183 4913 nium,
2217 4844 2470 4916 itemque
2492 4845 2894 4917 jumentorum
2919 4847 2978 4899 et
3006 4842 3644 4916 volucrum,reptilium

1997 4938 2054 4988 et
2085 4932 2334 5004 piscium
2366 4933 2461 5005 (Ill
2490 4934 2614 5005 Reg.
2663 4936 2739 5000 ιν)
2773 4948 2786 4986 :
2815 4931 2903 4988 vel
2953 4933 3109 5005 quod
3157 4932 3219 4988 in
3267 4932 3415 4988 libro
3456 4929 3646 4985 Verba

1997 5022 2226 5077 dierum
2256 5022 2470 5077 dicitur
2494 5039 2506 5078 :
2535 5023 2759 5094 Reliqua
2778 5037 2900 5077 vero
2919 5037 3143 5094 operum
3170 5022 3476 5078 Salomonis
3490 5019 3647 5090 prio-

1999 5129 2126 5167 rum
2153 5121 2204 5168 et
2233 5113 2672 5180 nouissimorum,
2707 5113 2912 5183 scriptu
2939 5121 3068 5168 sunt
3116 5114 3176 5168 in
3225 5111 3402 5166 verbis
3429 5109 3649 5164 Nathau

1994 5202 2360 5274 prophetaa,et
2389 5202 2448 5256 in
2479 5200 2638 5256 libris
2658 5201 2816 5257 Ahize
2842 5200 3116 5270 Silonitis,
3132 5201 3192 5255 in
3213 5200 3420 5255 visione
3441 5212 3651 5270 quoque

2003 5291 2149 5346 Addo
2223 5289 2478 5358 vident-is,
2551 5297 2740 5346 contra
2819 5290 3102 5347 Jeroboam
3181 5289 3363 5360 ﬁlium
3435 5284 3652 5344 Nubth

2007 5380 2374 5449 (IIPur.1x),
2414 5382 2473 5436 et
2521 5378 2708 5434 multa
2758 5376 3100 5450 hujusmodi
3153 5375 3472 5444 volumina,
3524 5389 3654 5447 qua

2004 5467 2225 5542 scripta
2255 5468 2491 5542 quidem
2523 5469 2707 5526 fuisse
2735 5467 3036 5543 probatur,
3061 5465 3162 5523 sed
3211 5463 3383 5522 hodie
3429 5466 3658 5522 constat

3259 5744 3338 5807 36
