3980 6186
393 266 541 330 1131

1169 266 1556 327 ΗΙΝΟΜΛΗΙ
1606 263 1847 324 RIIEM.
1898 262 2027 323 ΑΒ(

2148 261 2263 322 EP.
2310 263 2713 326 OPUSCULA
2759 263 2857 324 VA
2870 262 3017 324 RlA.

3596 240 3609 255 “
3640 268 3791 331 1132

393 415 508 453 non
538 413 685 452 esse.
720 396 956 452 Vastata
989 414 1244 470 namque
1275 415 1309 452 a
1338 396 1624 453 Chaldaeis
1651 396 1952 463 Judaea,ut
1974 394 2115 463 in‘A
2147 398 2387 450 sanctus
2421 396 2803 468 llieronymus
2833 396 2975 451 dicit
3001 396 3060 451 in
3108 398 3312 453 ordine
3360 399 3645 471 digestos,
3676 418 3787 458 non

394 486 631 542 Patrum
659 483 869 542 litteris
898 484 1168 559 legimus,
1194 486 1372 543 etiam
1403 482 2040 555 bibliotheca,antiqui-

389 579 488 632 tus
518 579 887 648 congregata,
911 575 1064 630 inter
1112 575 1256 631 alias
1300 575 1607 648 provinciae
1650 592 1788 646 opes
1835 571 2036 628 hostili

390 670 481 721 est
510 664 642 737 igne
662 668 1005 736 coasumpta
1027 682 1040 721 :
1066 681 1134 720 ex
1154 682 1272 737 qua
1290 664 1588 737 pauci,qui
1615 661 1848 718 nuncin
1871 678 2037 718 sacra

392 753 694 826 Scriptura
714 752 1106 824 continentur,
1120 753 1252 808 libri
1278 754 1653 826 postmodum
1673 752 1867 807 Esdra:
1898 768 2037 822 pon-

391 842 568 899 tiﬁcis
592 846 643 898 et
676 842 969 915 prophetis
1001 848 1142 899 sunt
1172 841 1462 898 industria
1512 840 1838 897 restaurati.
1873 839 2035 895 Unde

391 932 677 1005 scriptum
709 936 797 988 est
829 932 899 988 de
928 948 994 988 eo
1030 949 1042 988 :
1076 931 1323 988 Ascendit
1349 930 1545 987 Esdras
1573 930 1639 985 de
1668 930 1963 1002 Babylone,
1986 936 2039 989 ει

390 1022 506 1093 ipse
532 1020 711 1076 scriba
738 1021 894 1076 velox
924 1022 985 1075 in
1014 1021 1128 1090 lege
1156 1020 1327 1093 Moysi
1353 1022 1404 1089 (Ι
1428 1019 1553 1075 Esd.
1585 1021 1706 1088 vn).
1737 1018 1915 1075 Velox
1952 1017 2035 1072 vi-

391 1108 620 1177 delicet,
645 1108 785 1181 quia
807 1107 1194 1181 promptiores
1225 1097 1550 1165 litterarum
1584 1108 1822 1182 figuras,
1856 1123 2033 1179 quam

389 1202 631 1255 eatenus
666 1196 883 1253 Hebraei
923 1197 1237 1266 habebant,
1271 1197 1569 1270 repererit.
1601 1197 1671 1252 Et
1698 1195 1757 1252 in
1788 1195 2037 1269 epistola

391 1286 544 1359 regis
566 1286 873 1342 Persarum
899 1305 917 1341 :
938 1287 1263 1343 Artaxerxes
1290 1303 1389 1343 rex
1419 1304 1606 1359 regum
1636 1285 1824 1344 Esdra:
1847 1287 2035 1359 ﬁsacer-

390 1374 522 1443 doti,
554 1376 756 1431 scribae
784 1375 918 1446 legis
942 1377 1044 1431 Dei
1068 1376 1192 1431 caeli
1210 1375 1539 1443 doctissim,
1570 1376 1803 1431 salutem
1832 1374 2032 1447 (ibid.).

462 1465 585 1528 Quo
617 1467 819 1519 contra
839 1467 895 1520 et
924 1481 1054 1533 nos,
1088 1463 1293 1521 multis
1317 1463 1447 1520 aliis
1489 1464 1752 1536 perditis,
1773 1462 1944 1537 plura
1972 1461 2032 1519 in

391 1551 746 1624 quibusdam
769 1552 1033 1609 historiis
1054 1556 1110 1609 et
1130 1553 1376 1610 diversis
1397 1552 1708 1626 pitaciolis,
1732 1569 1799 1609 ac
1821 1551 2036 1608 usitata

390 1639 669 1697 relatione
700 1657 733 1696 a
771 1641 1232 1712 prmcedentibus
1264 1641 1463 1698 relicta
1500 1640 1770 1715 posteris,
1803 1642 1874 1697 de
1904 1643 2034 1697 ortu

387 1733 447 1785 et
464 1728 602 1829 vita,
625 1746 730 1785 seu
762 1729 1074 1786 virtutibus
1094 1734 1151 1787 et
1170 1730 1333 1830 obitu
1354 1731 1575 1786 domini
1599 1736 1656 1787 et
1675 1728 2034 1830 sanctissimi
2066 1765 2114 1831 Β

387 1818 572 1892 patris
594 1835 659 1875 ac
681 1820 1025 1891 protectoris
1046 1818 1229 1875 nostri
1243 1819 1489 1893 Remigii
1511 1819 1954 1891 habemus,quee
1975 1818 2036 1873 in

388 1912 711 1963 memorata
729 1908 1094 1981 excerptione
1116 1925 1230 1964 non
1252 1908 1644 1964 continentur.
1673 1908 1835 1964 Unde
1866 1907 2037 1965 bonis

373 1996 598 2052 vestris
646 1996 954 2052 desideriis
986 1996 1224 2069 placuit,
1260 2001 1326 2052 ut
1357 1996 1458 2053 illa
1486 2013 1617 2053 mea
1663 1997 1913 2053 servitus
1962 1996 2035 2052 ad

386 2084 782 2157 ignorantium
795 2090 852 2142 et
861 2086 1347 2158 subsequentium
1371 2086 1639 2142 notitiam
1654 2086 1713 2141 in
1727 2102 1911 2141 unum
1925 2083 2037 2140 col-

387 2174 610 2249 ligeret.
636 2176 797 2242 Quod
828 2176 1023 2248 etjam
1046 2175 1145 2231 diu
1170 2175 1588 2243 fecissem,nisi
1612 2192 1703 2231 me
1725 2191 1859 2248 spes
1887 2191 2037 2230 vana

388 2262 708 2331 deluderet,
731 2264 1087 2337 quibusdam
1118 2263 1470 2331 dicentibus,
1496 2264 1636 2336 quia
1663 2264 1722 2318 in
1756 2263 1874 2330 illo,
1898 2268 1954 2319 et
1972 2262 2032 2318 in

388 2352 488 2409 illo
509 2352 635 2409 loco
655 2369 937 2425 magnum
959 2352 1176 2408 librum
1200 2354 1270 2410 de
1290 2353 1624 2420 virtutibus,
1640 2353 1824 2407 etvita
1843 2352 2033 2425 ipsius

388 2441 612 2498 domini
642 2445 699 2499 et
729 2440 957 2517 patroni
992 2444 1171 2499 nostri
1206 2441 1459 2515 reperire
1482 2441 1756 2498 valerem.
1788 2442 1874 2497 Ad
1904 2457 2033 2513 quae

387 2529 652 2597 mittens,
684 2546 812 2603 quae
844 2528 988 2584 mihi
1020 2530 1313 2601 promissa
1336 2530 1591 2596 fuerunt,
1625 2526 1857 2601 penitus
1889 2526 2035 2584 falsa

386 2618 602 2675 inveni.
635 2618 801 2674 Nunc
831 2622 1052 2684 autem,
1083 2617 1411 2691 opitulante
1440 2617 1705 2685 Domino,
1740 2616 1838 2689 qui
1880 2617 1939 2671 in
1972 2632 2035 2672 se

385 2707 723 2779 confidenti,
746 2710 803 2763 et
832 2724 1008 2780 opera
1035 2724 1163 2776 sua,
1183 2706 1284 2779 qui
1314 2707 1594 2762 mirabilis
1622 2707 1714 2761 est
1742 2709 1801 2760 et
1827 2704 2035 2777 glorio-

384 2812 488 2854 sus
517 2798 579 2853 in
606 2799 811 2853 sanctis
852 2797 967 2852 suis
996 2796 1168 2867 (Psal.
1216 2798 1407 2863 vau),
1436 2793 1647 2850 volenti
1694 2793 1855 2865 loqui
1899 2810 2033 2866 pro-

384 2884 568 2941 mittit
599 2902 612 2942 :
643 2886 825 2957 Aperi,
872 2884 1167 2957 inquiens,
1197 2900 1255 2940 os
1302 2892 1475 2950 tuum,
1507 2890 1559 2938 et
1602 2898 1696 2954 ego
1726 2882 2032 2955 adimplebo

384 2973 526 3030 illud
554 2974 725 3042 (Psal.
758 2973 960 3045 Lxxx);
991 2971 1215 3028 meritis
1258 2970 1447 3043 ipsius
1495 2971 1848 3026 Francorum
1893 2987 2031 3043 apo-

383 3059 517 3119 stoli
543 3066 602 3120 et
633 3062 885 3135 patroni,
917 3060 1211 3132 vestrique
1241 3059 1482 3131 adjutus
1519 3059 1903 3129 orationibus,
1929 3075 2028 3133 ag-

2146 481 2299 537 sicut
2320 484 2555 539 fuerunt
2575 484 2735 552 editi,
2753 485 2852 540 sed
2875 485 3030 541 sicut
3060 486 3132 541 ab
3163 485 3347 542 Esdra
3370 488 3622 561 diversis
3648 494 3787 545 tem-

2145 571 2388 644 poribus
2411 572 2645 628 t‘uerunt
2666 573 3323 632 inventi.Verumtamen
3337 581 3513 648 prout
3526 579 3790 635 notitiam

2145 662 2476 733 temporum
2498 661 2789 731 invenero,
2821 662 2910 719 vel
2939 662 3131 719 ordini
3160 669 3325 737 gesta
3353 682 3681 740 congruere
3707 668 3788 723 vi-

2144 750 2387 816 dero,ea
2416 752 2677 824 digerere
2708 753 3054 824 procurabo.
3078 752 3141 807 In
3173 753 3267 809 his
3298 759 3494 810 autem
3520 773 3653 828 qua:
3673 756 3790 813 des-

2144 838 2223 893 eri
2230 838 2348 911 ptis
2364 839 2643 896 virtutum
2659 840 2957 897 miraculis
2970 859 3002 897 a
3017 841 3258 898 Domino
3270 860 3373 916 per
3384 844 3790 902 beatissimum

2145 932 2455 998 patronum
2479 933 2746 984 nostrum
2778 934 3015 1002 Operata
3044 935 3202 997 sunt,
3224 931 3296 986 ad
3329 931 3790 991 exhortationem

2144 1013 2464 1089 legentium
2489 1016 2608 1072 sive
2638 1017 3024 1086 audientium,
3057 1034 3161 1090 pro
3191 1018 3428 1075 modulo
3461 1019 3792 1077 intellectus

2144 1103 2280 1172 mei,
2312 1104 2385 1160 de
2413 1104 2832 1161 catholicorum
2870 1104 3045 1162 dictis
3093 1107 3454 1180 subjungere
3496 1109 3746 1165 studebo
3777 1126 3789 1164 :

2143 1192 2385 1267 vestigia
2415 1193 2567 1250 beati
2597 1194 2876 1267 Gregorii,
2910 1194 3046 1251 licet
3080 1213 3196 1251 non
3240 1196 3489 1267 valeam,
3523 1199 3792 1272 prosequi

2144 1281 2493 1349 moliar.Oui
2520 1272 2856 1340 describens
2887 1286 3226 1340 sanctorum
3258 1289 3794 1359 actus.pravorum-

2145 1387 2258 1443 que
2286 1388 2481 1439 casus,
2512 1371 2908 1428 exhortatione
2938 1371 3075 1428 inde
3104 1379 3433 1446 assumpta,
3467 1377 3790 1433 secundum

2145 1458 2492 1531 sapientiam
2524 1460 2634 1516 sibi
2684 1477 2719 1515 a
2753 1461 2868 1516 Deo
2898 1461 3116 1530 datam,
3139 1462 3328 1518 multa
3374 1465 3715 1521 necessaria
3740 1471 3793 1521 et

2144 1547 2311 1604 utilia
2329 1549 2658 1622 legentibus
2686 1566 2753 1604 ac
2773 1549 3150 1607 audientibus
3180 1550 3559 1624 interposuit.
3580 1552 3790 1610 Verum

2143 1641 2200 1693 et
2229 1654 2345 1693 non
2367 1638 2439 1693 ab
2459 1654 2518 1693 re
2539 1653 2708 1710 agere
2730 1654 2763 1693 a
2778 1654 3074 1710 quoquam
3094 1638 3276 1694 videri
3300 1643 3467 1713 puto,
3481 1640 3534 1696 si
3556 1658 3647 1708 ea,
3669 1658 3790 1714 qua

2145 1727 2216 1782 de
2246 1730 2376 1783 ortu
2406 1730 2464 1782 et
2493 1731 2624 1782 actu
2657 1731 2833 1799 atque
2861 1727 3024 1784 obitu
3072 1727 3295 1784 domini
3343 1734 3403 1785 et
3451 1729 3687 1802 patroni
3730 1746 3789 1787 ac

2145 1815 2488 1888 protectoris
2527 1816 2710 1871 nostri
2743 1816 2802 1871 in
2834 1815 3133 1873 schedulis
3161 1821 3454 1873 vetustate
3484 1834 3670 1892 prope
3695 1819 3790 1876 de-

2144 1903 2276 1961 letis
2296 1904 2531 1960 inventa
2559 1910 2700 1960 sunt
2728 1921 2953 1977 reparo,
2965 1909 3023 1962 et
3052 1906 3123 1961 de
3152 1905 3370 1962 abditis
3401 1907 3476 1963 ad
3500 1907 3696 1964 lucem
3717 1924 3793 1964 re.

2144 1995 2332 2049 duco:
2367 1997 2423 2050 et
2452 2011 2540 2062 ea,
2575 2011 2703 2066 qua:
2737 2000 2995 2052 veterum
3027 1999 3183 2051 certe
3213 1995 3499 2052 relatione
3530 1998 3790 2071 cognovi,

2144 2081 2353 2138 litteris
2378 2083 2786 2139 commendare
2815 2099 3060 2154 procuro
3093 2100 3107 2139 :
3143 2100 3279 2139 cum
3310 2083 3465 2140 sicut
3516 2086 3792 2157 praemisi,

2144 2171 2332 2227 sancti
2365 2172 2558 2227 Esdrae
2608 2171 2902 2244 pontificis
2941 2171 3157 2239 studio,
3181 2189 3383 2229 sacras
3434 2173 3790 2246 Scripturas,

2143 2260 2369 2317 desidia
2384 2265 2445 2315 et
2460 2259 2807 2333 profanitate
2826 2259 3145 2333 impiorum
3157 2261 3500 2317 Judaeorum
3524 2263 3791 2330 abolitas,

2141 2365 2457 2406 noscamus
2488 2349 2669 2405 fuisse
2697 2353 3075 2418 restauratas,
3095 2354 3153 2405 et
3179 2366 3296 2406 non
3324 2350 3523 2407 solum
3552 2368 3795 2425 evange.

2140 2437 2311 2494 licam
2344 2441 2402 2493 et
2430 2437 2810 2510 apostolicam
2844 2437 3150 2494 historiam
3188 2438 3262 2494 ab
3294 2439 3680 2514 evangelistis
3706 2458 3794 2497 sa-

2141 2526 2468 2583 cratissime
2499 2527 2791 2583 conditam
2798 2527 2933 2598 ,sed
2963 2531 3021 2583 et
3041 2527 3434 2600 plurimorum
3453 2534 3794 2587 sanctorum

2141 2620 2306 2690 gesta
2335 2614 2622 2688 plurimos
2651 2615 2921 2671 Ecclesiae
2970 2616 3306 2689 magistros,
3337 2618 3411 2672 ad
3449 2616 3793 2676 instructio-

2142 2720 2276 2761 nem
2300 2703 2639 2771 multorum,
2654 2708 2713 2759 et
2731 2703 2908 2760 etiam
2933 2703 3438 2778 historiographos
3456 2722 3685 2779 agones
3700 2725 3792 2764 se

2140 2792 2448 2859 cularium,
2482 2792 2553 2848 ad
2583 2797 2950 2864 posterorum
2982 2793 3327 2849 memoriam
3367 2794 3790 2869 descripsisse;

2139 2880 2387 2955 gentiles
2420 2898 2652 2954 quoque
2682 2885 2884 2953 poetas
2908 2898 3016 2938 sua
3046 2883 3374 2955 fragmenta
3416 2885 3792 2957 grandisonis

2139 2986 2418 3043 pompare
2448 2970 2639 3026 modis
2669 2969 2968 3027 studuisse
2996 2969 3285 3043 legamus.

2212 3060 2262 3114 1.
2298 3060 2431 3115 Post
2459 3059 2776 3115 vindictam
2808 3058 3116 3127 scelerum,
3149 3075 3276 3132 quae
3308 3061 3462 3117 facta
3493 3066 3590 3118 est
3618 3078 3656 3118 a
3684 3062 3793 3119 Do-

380 3151 615 3225 grediar
633 3130 769 3223 quae
817 3150 916 3205 diu
959 3130 1182 3217 distuli,
1207 3164 1240 3203 a
1270 3130 1740 3221 progenitoribus
1788 3152 1846 3204 et
1892 3130 2025 3205 ortu
2057 3130 2101 3197 (ἶ
2139 3147 2299 3204 mino
2347 3149 2501 3204 caede
2543 3146 2887 3215 Galliarum,
2929 3130 3318 3221 prosequente
3360 3149 3790 3208 Wandalorum

370 3240 506 3311 ejus
536 3238 915 3311 incipiens,et
945 3236 1029 3294 sic
1060 3242 1179 3293 tam
1209 3253 1296 3300 ea,
1323 3254 1450 3309 quae
1479 3235 1540 3291 in
1562 3236 1824 3293 historiis
1845 3254 1880 3293 a
1900 3254 2022 3294 ma-

372 3326 607 3398 joribus
638 3325 830 3392 editis,
863 3326 934 3381 de
963 3325 1063 3382 illo
1095 3326 1309 3394 inveni,
1343 3342 1520 3397 quam
1553 3330 1610 3381 et
1658 3324 1776 3395 illa,
1802 3343 1930 3398 quae
1961 3326 2019 3382 in

379 3413 626 3470 diversis
657 3412 955 3470 schedulis
975 3414 1242 3488 dispersa
1270 3414 1453 3487 reperi
1478 3431 1491 3470 :
1515 3430 1714 3471 verum
1746 3418 1802 3471 et
1833 3414 1932 3471 illa
1960 3415 2020 3470 in

377 3500 560 3558 series
588 3502 1013 3576 digerens,quaa
1034 3501 1272 3576 vulgata
1302 3502 1579 3559 relatione
1602 3503 1818 3577 percipi
1844 3520 1858 3559 :
1884 3503 2022 3577 quia

380 3590 533 3647 haud
568 3590 739 3665 longe
770 3596 903 3647 ante
928 3609 1035 3647 nos
1053 3591 1277 3647 dictum
1301 3595 1409 3657 est,
1426 3596 1480 3648 et
1507 3592 1684 3647 etiam
1710 3592 1768 3647 in
1801 3593 2021 3650 sanctis

380 3680 827 3753 Scripturis,sed
850 3685 908 3736 et
931 3681 987 3735 in
1012 3680 1342 3753 evangelica
1355 3680 1592 3736 veritate
1613 3682 1971 3752 comperitur
2002 3699 2016 3738 :

375 3786 513 3826 vera
531 3774 621 3826 est
656 3768 747 3825 lex
776 3768 1055 3838 historiae,
1079 3768 1425 3840 simpliciter
1442 3786 1529 3838 ea,
1546 3786 1691 3841 quis,
1710 3770 1866 3825 fama
1894 3770 2017 3826 vul-

374 3860 570 3932 gante,
601 3856 975 3931 colliguntur,
1023 3858 1095 3913 ad
1154 3856 1599 3913 instructionem
1658 3859 2018 3930 posteritatis

374 3945 585 4005 litteris
614 3947 1044 4003 commendare.
1080 3947 1142 4004 In
1175 3946 1391 4019 quibus
1422 3946 1698 4003 omnibus
1742 3947 2016 4006 lectorem

372 4036 680 4093 diversitas
706 4035 840 4109 styli
870 4053 979 4093 non
1015 4038 1332 4109 perturbet,
1365 4036 1645 4109 quoniam
1675 4054 1761 4106 ea,
1795 4054 1922 4111 qua
1947 4041 2019 4097 de

373 4125 637 4183 historiis
666 4126 958 4197 majorum
989 4142 1311 4194 assumam,
1336 4130 1395 4181 et
1423 4142 1511 4192 ea,
1527 4142 1654 4198 quae
1677 4126 1737 4182 in
1758 4128 2019 4201 antiquis

372 4213 670 4272 schedulis
701 4212 1008 4287 reperiam,
1028 4212 1125 4270 lita
1153 4218 1218 4269 ut
1250 4213 1483 4270 inventa
1511 4215 1745 4288 fuerint,
1778 4233 2014 4289 ponam.

446 4301 551 4359 Illa
579 4318 734 4370 vero,
764 4318 893 4375 quae
923 4318 992 4357 ex
1021 4301 1281 4373 antiquis
1311 4301 1546 4376 vulgata
1578 4302 1857 4361 relatione
1888 4322 2017 4377 per-

371 4391 590 4464 cepi,et
616 4408 744 4464 qua:
776 4391 849 4446 ad
872 4390 1319 4446 instructionem
1341 4389 1661 4463 legentium
1672 4391 1761 4448 vel
1782 4393 2020 4450 audien-

2133 3236 2497 3304 crudelitate,
2518 3234 2983 3292 misericordiam
3033 3236 3161 3292 caeli
3215 3236 3790 3297 distillaruntzcum

2133 3326 2205 3381 ad
2239 3324 2644 3398 mitigandam,
2669 3324 2862 3398 gentis
2894 3326 3247 3381 Francorum
3280 3326 3595 3384 barbarica
3643 3330 3790 3385 fero-

2131 3414 2306 3469 citate
2336 3416 2839 3485 superventuram,
2874 3413 3080 3468 divinae
3111 3413 3646 3472 animadversionis
3664 3434 3791 3490 pro-

2131 3507 2261 3575 pter
2275 3501 2614 3574 iniquitates
2635 3506 3070 3574 perseverantes
3088 3501 3632 3573 ultionem,mundo
3653 3523 3792 3579 pre-

2131 3591 2317 3648 sulem
2352 3608 2386 3646 a
2414 3591 2530 3647 Deo
2561 3590 3411 3664 praedestinatum,Remigium
3444 3593 3787 3665 pontiﬁcem

2129 3681 2239 3736 hoc
2269 3680 2470 3737 ordine
2501 3670 2888 3753 protulerunt.

2199 3769 2270 3824 II.
2303 3770 2439 3824 Erat
2454 3768 2694 3840 quidam
2713 3767 3153 3840 venerabilis,ac
3175 3769 3395 3843 dignus
3418 3771 3787 3842 professione

2125 3863 2185 3913 et
2215 3856 2799 3925 nomine,Montanus
2822 3856 3166 3926 monachus,
3202 3858 3261 3913 in
3296 3858 3630 3916 reclusione
3651 3860 3789 3916 soli-

2126 3947 2339 4002 tariam
2365 3946 2545 4001 vitam
2576 3947 2817 4015 ducens,
2835 3946 3353 4020 jejuniis,vigiliis,
3380 3953 3556 4021 atque
3578 3950 3794 4005 oratio-

2127 4036 2304 4092 nibus
2324 4033 2596 4091 continue
2617 4051 2854 4103 vacans,
2869 4051 3097 4092 necnon
3127 4040 3474 4092 caeterarum
3494 4036 3790 4094 virtutum

2128 4123 2461 4198 insignibus
2482 4123 2625 4180 adeo
2658 4122 2951 4179 divinitati
2993 4141 3054 4180 se
3085 4125 3627 4182 commendabilem
3660 4127 3790 4183 ned-

2129 4213 2293 4280 dens,
2324 4216 2390 4268 ut
2418 4211 2699 4286 angelicis
2731 4228 2883 4285 saepe
2915 4213 3207 4269 frueretur
3233 4210 3538 4286 alloquiis,
3571 4220 3636 4270 et
3680 4216 3795 4271 fre-

2130 4305 2380 4376 quenter
2408 4300 2744 4358 caelestibus
2777 4300 3104 4357 visionibus
3133 4317 3199 4357 ac
3220 4301 3683 4360 revelationibus
3712 4303 3798 4360 in-

2126 4390 2495 4448 teresset.Ist
2519 4405 2655 4463 ergo
2686 4405 2819 4445 cum
2842 4389 3081 4463 pervigil
3114 4390 3174 4446 in
3211 4390 3477 4448 oratione
3507 4409 3619 4464 pro
3652 4408 3793 4466 pace

372 4480 522 4536 tium
547 4478 884 4548 addam,vel
906 4496 1108 4535 eorum
1128 4479 1323 4545 verba,
1338 4480 1410 4535 de
1430 4496 1680 4551 quorum
1703 4480 1877 4537 dictis
1896 4498 2021 4537 mu-
2052 4498 2098 4564 D
2128 4483 2341 4536 sanctis
2369 4477 2659 4547 Ecclesiae,
2685 4495 2814 4551 qua:
2843 4477 3048 4535 multis
3079 4495 3147 4535 ac
3178 4479 3426 4535 diversis
3446 4480 3791 4537 afﬂictioni-

370 4568 601 4636 tuabor,
617 4585 830 4641 ponere
850 4567 1288 4641 procurabo,vel
1312 4584 1440 4624 meo
1461 4585 1730 4627 sermone
1750 4570 1977 4628 dictabe
2001 4589 2015 4628 :

369 4656 571 4713 volens
602 4656 884 4729 quiddam
923 4657 1103 4714 debiti
1152 4655 1265 4714 mei
1296 4657 1563 4729 obsequii
1593 4658 1651 4714 in
1682 4657 1876 4729 laude,
1901 4676 2018 4733 qua

370 4761 487 4801 non
517 4744 759 4817 indiget,
791 4746 1108 4816 offerendo,
1137 4745 1251 4819 ipsi
1284 4747 1635 4802 benefactori
1684 4764 1813 4804 meo
1850 4749 2016 4805 retri-

371 4834 548 4890 buere
579 4850 682 4906 pro
712 4834 988 4890 omnibus
1019 4852 1147 4908 quae
1176 4833 1419 4909 indigno
1443 4834 1587 4891 mihi
1610 4836 1794 4909 gratis
1821 4837 2016 4910 potius

368 4923 599 4991 tribuit,
615 4939 794 4995 quam
822 4922 1046 4979 meritis
1077 4923 1214 4979 ullis
1244 4924 1532 4981 retribuit.
1557 4924 1817 4998 Denique
1846 4926 1905 4981 in
1923 4928 2018 4984 de-

356 5011 789 5086 scriptionibus
815 5011 1099 5068 virtutum
1127 5014 1256 5085 ejus
1286 5014 1702 5087 ordinem,quo
1725 5031 1827 5087 per
1846 5014 2014 5072 illum

366 5119 466 5160 eas
494 5101 780 5158 Dominus
801 5101 1079 5175 dignatus
1105 5107 1196 5159 est
1225 5102 1473 5175 operari,
1505 5120 1732 5159 servare
1762 5121 1878 5160 non
1912 5121 2014 5178 po-

366 5194 492 5248 tero
521 5208 536 5247 :
572 5192 672 5248 sed
721 5190 875 5246 sicut
921 5206 1021 5247 eas
1072 5190 1158 5247 vel
1188 5192 1406 5264 scripto
1437 5192 1526 5247 vel
1558 5192 1761 5248 auditu
1792 5193 2011 5265 accepi,

365 5278 718 5336 describam.
733 5279 829 5336 Sic
850 5279 1029 5348 enim,
1044 5278 1203 5335 salvo
1228 5279 1433 5336 altiore
1454 5280 1804 5353 prepheticaa
1826 5280 2014 5354 inspi-

364 5367 608 5425 rationis
638 5384 881 5425 munere
908 5367 1105 5424 divino
1128 5366 1319 5424 allata
1350 5368 1646 5442 mysterio,
1666 5373 1725 5426 et
1754 5368 2013 5443 psalmos

433 5564 458 5595 ι
482 5554 626 5612 Vide
656 5553 963 5615 Flodoard.
997 5574 1125 5634 cap.
1160 5557 1246 5631 10,
1280 5555 1382 5614 lib.
1414 5573 1457 5629 1,
1490 5554 1695 5616 hisior.
1732 5556 2045 5617 Rbemens.

2127 4570 2239 4626 bus
2269 4569 2422 4641 apud
2446 4567 2766 4624 Galliarum
2790 4571 2848 4623 et
2869 4567 3234 4640 Belgicarum
3257 4569 3599 4641 provincias
3621 4586 3793 4626 vexa-

2126 4659 2320 4726 batur,
2336 4656 2436 4713 Dei
2461 4657 2877 4729 omnipotentis
2911 4655 3285 4713 clementiam
3318 4656 3644 4716 indefessis
3672 4674 3795 4732 prec

2126 4747 2294 4803 cibus
2323 4751 2602 4815 exoraret,
2627 4750 2797 4803 nocte
2826 4746 3079 4820 quadam
3103 4746 3236 4819 plus
3257 4746 3432 4803 solito
3456 4750 3790 4806 orationem

2125 4835 2441 4909 protelans,
2474 4852 2662 4908 usque
2691 4835 2842 4892 lucis
2870 4834 3285 4909 crepusculum
3316 4835 3376 4890 in
3422 4837 3791 4912 contempla-

2124 4924 2281 4981 tione
2311 4924 2654 4997 permansit.
2680 4923 2787 4990 Qui
2817 4923 3339 4995 cum,lassitudine
3369 4941 3439 4981 ac
3470 4926 3791 5000 fragilitate

2124 5013 2318 5070 carnis
2340 5010 2744 5085 eompellente,
2758 5010 3066 5084 paululum
3087 5012 3354 5068 membra
3377 5016 3583 5086 sopori
3600 5014 3791 5071 dedis-

2126 5106 2233 5170 set,
2265 5101 2458 5158 subito
2488 5118 2592 5174 per
2621 5100 2877 5156 divinam
2909 5101 3160 5174 gratiam
3193 5100 3548 5173 angelorum
3596 5102 3787 5159 choris

2122 5195 2181 5248 et
2196 5190 2528 5247 animarum
2550 5189 3306 5257 cmtibus,beatissimorum
3330 5190 3653 5248 hominum
3662 5193 3783 5264 jam

2123 5296 2258 5336 cum
2284 5283 2395 5336 Deo
2417 5279 2809 5352 regnantium,
2828 5283 2887 5335 et
2902 5277 3414 5335 immortalitatem
3437 5281 3641 5337 adhuc
3660 5296 3783 5335 cor-

2120 5385 2331 5443 porum
2361 5366 2846 5442 exspectantium,
2870 5366 3176 5441 spiritibus
3204 5366 3503 5439 interfuit,
3527 5374 3588 5427 et
3624 5365 3784 5426 fami-
