4028 6178
323 381 480 444 1145

1590 379 1773 442 VITA
1817 379 2096 443 SANGTI
2142 378 2469 441 REMIGlI.

3579 377 3735 440 H46

322 514 547 574 sionem
578 529 749 570 suam
779 510 1064 570 Dominus
1094 515 1294 569 noster
1311 512 1484 569 Jesus
1509 513 1774 570 Christus
1806 513 1976 570 nobis
2005 515 2058 581 Α
2087 513 2372 570 deductus
2404 529 2435 567 e
2465 509 2626 579 cmlo,
2653 528 2757 567 nec
2784 512 3107 570 secundum
3139 529 3373 570 carnem
3403 516 3636 570 creatus
3665 528 3734 569 ex

322 604 518 678 palam
550 603 622 658 de
654 602 820 658 Patre
850 601 1226 658 annuntiabit
1258 619 1271 656 :
1306 603 1446 674 quia
1489 621 1591 675 per
1628 605 1976 675 patefactam

322 699 463 750 tunc
493 692 824 764 majestatis
857 709 976 747 suae
1019 692 1294 764 speciem,
1328 696 1384 748 et
1414 693 1706 764 quomodo
1738 693 1862 764 ipse
1891 693 1977 764 gi-

323 783 526 856 gnenti
558 798 674 837 non
709 781 901 853 impar
948 779 1191 847 oriatur,
1223 785 1280 836 et
1325 781 1618 853 quomodo
1671 782 1978 854 utriusque

325 871 581 951 Spiritus
600 869 834 943 utrique
845 870 1751 942 cozeternisprocedat,ostendet.
1771 873 1980 943 Aperte

325 976 582 1032 namque
599 964 739 1015 tunc
754 959 1087 1016 videbimus
1104 961 1398 1032 quomodo
1421 959 1549 1026 hoc,
1567 961 1721 1032 quod
1740 960 1978 1015 oriendo

325 1055 437 1122 est,
451 1051 501 1106 ei
530 1050 600 1106 de
622 1067 738 1122 quo
770 1049 977 1116 oritur,
1001 1050 1367 1122 subsequens
1389 1066 1503 1104 non
1537 1054 1624 1105 est
1648 1067 1660 1105 :
1685 1050 1978 1121 quomodo

326 1138 402 1208 is,
423 1137 525 1211 qui
556 1139 929 1212 processione
959 1139 1320 1211 producitur,
1344 1156 1378 1194 a
1404 1139 1834 1212 proferentibus
1863 1155 1979 1194 non

327 1227 586 1302 praaitur.
632 1229 844 1300 Aperte
891 1233 1031 1282 tunc
1077 1227 1406 1283 videbimus
1454 1227 1762 1300 quomodo-
1795 1245 1990 1283 unum-

329 1315 762 1372 indivisibiliter
784 1315 894 1372 tria
921 1320 1152 1381 sunt,et
1173 1315 1606 1373 indivisibiliter
1635 1318 1747 1373 tria
1771 1335 1976 1373 unum.

326 1405 646 1460 Credamus
676 1404 856 1478 igitur
885 1411 942 1459 et
972 1406 1355 1460 confiteantur
1375 1411 1638 1460 sanctam
1671 1411 1729 1459 et
1759 1406 1984 1478 insepa-

326 1492 575 1550 rabilem
603 1492 972 1560 Trinitatem,
998 1493 1246 1560 Patrem,
1271 1499 1328 1548 et
1366 1494 1578 1550 Filium
1609 1499 1668 1550 et
1697 1494 1980 1567 Spiritum

327 1586 620 1648 sanctum,
654 1587 1000 1638 coaeternam
1051 1587 1108 1637 et
1156 1583 1718 1640 consubstantialem
1763 1602 1830 1640 ac
1881 1601 1982 1641 co-

327 1669 611 1743 equalem
645 1669 883 1727 sibimet
922 1687 1071 1740 esse,
1106 1672 1283 1727 unius
1313 1672 1658 1742 divinitatis,
1691 1674 1977 1740 essentias,

327 1759 784 1831 omnipotentiae,
819 1759 1037 1832 gloriae,
1071 1760 1520 1832 magnitudinis,
1567 1763 1895 1834 majestatis
1926 1766 1984 1818 et

329 1847 616 1947 quidquid
645 1849 720 1903 ad
744 1865 826 1915 se,
852 1848 910 1904 id
935 1853 1046 1916 est,
1066 1849 1534 1952 substantialiter
1565 1851 1778 1905 dicitur
1802 1869 1814 1906 :
1843 1851 1982 1906 rcla-
2013 1887 2061 1952 Β

329 1937 444 1993 tive
474 1942 672 1993 autem
703 1942 822 1993 tres
861 1954 1141 2010 personas
1174 1937 1401 1994 Patrem
1433 1943 1488 1994 et
1524 1939 1729 1994 Filium
1762 1945 1819 1996 et
1851 1941 1980 2013 Spi-

330 2025 511 2082 ritum
531 2029 820 2094 sanctum,
835 2031 892 2081 et
910 2027 1064 2098 quod
1090 2026 1500 2099 inseparabilis
1525 2034 1743 2084 natura:
1762 2029 1978 2097 unitas,

331 2133 448 2172 non
480 2114 666 2187 possit
687 2116 1042 2188 separabiles
1072 2115 1287 2173 habere
1313 2135 1614 2189 personas.
1641 2121 1804 2185 Quod
1835 2125 1892 2176 et
1920 2120 1980 2175 in

329 2203 441 2260 hoc
471 2203 819 2272 ostenditur,
847 2221 1123 2276 personas
1155 2222 1269 2261 non
1302 2223 1474 2278 posse
1497 2206 1671 2262 dividi
1706 2209 1765 2264 in
1790 2209 1981 2264 Trini-

331 2298 470 2360 tate,
503 2291 643 2364 quia
681 2293 998 2364 cujuslibet
1047 2311 1306 2365 persona:
1356 2312 1590 2364 nomen,
1626 2314 1856 2369 semper
1909 2298 1982 2353 ad

328 2380 578 2437 alteram
606 2380 842 2454 respicit
869 2398 1198 2454 personam.
1224 2384 1283 2440 Si
1317 2384 1544 2440 Patrem
1577 2386 1744 2452 dicis,
1770 2386 1981 2442 Filium

329 2469 615 2526 ostendis.
650 2470 709 2526 Si
745 2469 953 2525 Filium
1002 2471 1294 2538 nominas,
1329 2473 1555 2529 Patrem
1589 2475 1887 2546 praedicas.
1922 2475 1982 2531 Si

329 2558 615 2631 Spiritum
648 2565 918 2615 sanctum
951 2560 1232 2632 appellas,
1264 2561 1451 2617 Patris
1482 2569 1538 2617 et
1561 2563 1684 2618 Filii
1712 2582 1840 2620 esse
1862 2564 1986 2636 Spi-

330 2645 511 2703 ritum
543 2665 780 2704 necesse
811 2654 900 2704 est
933 2648 1248 2721 intelligas.
1280 2651 1350 2705 Et
1393 2650 1501 2707 hoc
1531 2652 1877 2724 regulariter
1907 2652 1985 2708 sit

332 2737 836 2810 tenendum,quod
857 2736 1058 2793 omnia
1080 2743 1302 2794 natura:
1326 2740 1678 2805 nomina,vel
1694 2742 1981 2808 essentia,

329 2829 488 2881 sicut
511 2825 570 2880 in
588 2843 706 2881 una
727 2842 975 2898 persona
995 2825 1393 2900 singulariter,
1410 2827 1492 2884 sic
1515 2829 1691 2884 etiam
1712 2829 1771 2884 in
1794 2830 1985 2886 tribus

332 2931 568 2986 semper
597 2913 883 2987 singulari
934 2932 1177 2970 numero
1208 2915 1285 2970 sit
1335 2915 1668 2986 dicendum,
1697 2922 1752 2973 et
1780 2917 1839 2972 in
1871 2919 1986 2974 Deo

332 3001 484 3058 nihil
506 3003 828 3060 secundum
853 3004 1122 3059 accidens
1144 3003 1220 3058 sit
1244 3003 1582 3076 dicendum,
1598 3005 1737 3078 quia
1758 3005 1900 3061 nihil
1927 3007 1985 3062 in

332 3108 402 3147 eo
427 3091 712 3149 mutabile
732 3097 839 3149 est.
860 3094 930 3149 Et
949 3093 1142 3166 qualis
1171 3111 1238 3150 ac
1260 3099 1518 3166 quantus
1541 3095 1618 3151 sit
1641 3097 1826 3168 Pater,
1855 3096 1988 3152 talis

333 3199 404 3239 ac
432 3185 635 3238 tantus
666 3181 742 3237 sit
772 3181 978 3249 Filius,
1002 3182 1136 3238 talis
1158 3199 1222 3238 ac
1255 3187 1456 3239 tantns
1479 3182 1556 3239 sit
1577 3184 1834 3257 Spiritus
1854 3202 1988 3240 san-

333 3274 466 3326 ctus
491 3286 504 3324 :
531 3287 637 3326 nec
668 3269 904 3342 aliquod
937 3271 1130 3341 majus
1175 3270 1276 3338 sit,
1299 3277 1416 3327 tres
1447 3256 1636 3328 simul
1657 3273 1823 3328 dicta:
1852 3291 1986 3347 per-
2019 3256 2062 3322 C

335 3375 514 3425 sonas,
538 3376 717 3430 quam
749 3357 994 3431 singulae
1027 3377 1259 3432 quoque
1290 3377 1548 3432 personae
1578 3378 1589 3417 :
1616 3363 1756 3434 quia
1786 3363 1989 3419 eadem

333 3447 680 3521 magnitudo
710 3451 799 3503 est
828 3447 887 3502 in
922 3465 1276 3521 unaquaque
1316 3467 1566 3522 persona
1606 3451 1784 3507 semel
1812 3451 1990 3521 dicta,

331 3554 461 3610 quae
493 3541 583 3594 est
610 3534 670 3592 in
700 3537 890 3592 tribus
923 3537 1189 3609 personis
1223 3537 1399 3592 simul
1432 3539 1773 3596 nominatis.

403 3624 546 3680 XIX.
570 3624 697 3681 Una
719 3642 852 3680 vero
883 3629 1115 3680 tantum
1149 3643 1216 3682 ex
1245 3627 1448 3682 eadem
1481 3633 1684 3683 sancta
1707 3627 1989 3684 Trinitato

334 3731 588 3788 persona
605 3712 755 3785 Filii,
774 3732 878 3787 per
897 3731 1072 3786 quem
1094 3715 1295 3770 omnia
1311 3716 1464 3772 facta
1486 3719 1990 3790 sunt,operatione

333 3802 590 3876 Spiritus
623 3803 809 3860 sancti
837 3822 905 3860 ex
934 3803 1312 3861 immaculata
1334 3823 1506 3862 carne
1539 3813 1826 3880 perpetua:
1858 3808 1989 3863 Vir-

333 3892 493 3965 ginis
527 3892 718 3948 Mariaa
750 3897 960 3948 nostra:
991 3893 1186 3950 carnis
1216 3894 1634 3962 substantiam,
1665 3897 1987 3953 animatam

335 3985 549 4037 nostra;
575 3985 795 4036 naturae
816 3980 1014 4037 anima
1036 3981 1305 4038 rationali
1327 3988 1384 4038 et
1406 3983 1882 4052 intellectuali,de
1907 3987 1992 4040 in-

334 4066 872 4140 comprehensibili,
890 4069 1058 4126 nobis
1074 4070 1303 4126 virtutis
1322 4089 1438 4126 suae
1457 4089 1647 4143 opere,
1660 4077 1851 4128 totum
1883 4075 1990 4129 sci-

334 4155 472 4212 licet
491 4155 812 4231 hominem,
829 4163 896 4214 ut
914 4163 1103 4215 totum
1120 4159 1370 4215 salvaret
1391 4159 1988 4234 hominem,assump-

335 4244 416 4301 it
438 4244 496 4300 in
517 4245 736 4302 unitate
758 4265 1015 4319 persona:
1033 4247 1354 4304 divinitatis
1375 4266 1514 4305 suas.
1535 4250 1816 4306 Nativitas
1832 4251 1990 4308 enim

334 4334 571 4391 Domini
587 4337 917 4392 secundum
935 4353 1192 4404 carnem,
1209 4338 1476 4409 quamvis
1494 4338 1706 4395 habent
1723 4341 1990 4412 quaedam

334 4423 593 4497 propria,
610 4424 826 4496 quibus
849 4424 1120 4480 humana:
1137 4426 1490 4484 conditionis
1511 4427 1678 4484 initia
1698 4435 1993 4486 transcen-

335 4509 443 4577 dit,
468 4511 588 4567 sive
610 4513 764 4585 quod
789 4511 951 4569 solus
982 4513 1054 4569 ab
1088 4513 1363 4570 inviolata
1383 4515 1617 4589 Virgine
1638 4517 1764 4573 sine
1786 4536 1993 4575 concu-

2086 601 2590 659 nihilo.Eamdem
2631 599 2860 674 generis
2901 602 2957 655 in
2979 602 3152 658 Verbi
3192 603 3494 658 divinitate
3535 618 3732 676 perso-

2087 709 2244 758 nam,
2271 695 2327 746 et
2349 697 2552 746 tenens
2574 706 2947 746 communem
2972 692 3139 746 nobis
3165 692 3224 746 in
3249 709 3486 763 corpore
3507 691 3733 747 anima-

2087 797 2200 852 que
2224 784 2513 835 naturam.
2534 779 2655 833 Non
2682 778 2837 834 enim
2865 784 3018 834 esset
3048 780 3141 834 Dei
3171 780 3599 852 hominumque
3622 797 3737 835 me-

2088 869 2295 937 diator,
2316 868 2428 924 nisi
2454 869 2609 924 idem
2635 867 2809 934 Deus,
2839 867 3110 939 idemque
3132 867 3306 923 homo
3330 869 3388 923 in
3412 874 3657 940 utroque
3678 873 3736 924 et

2089 976 2244 1013 unus
2274 963 2427 1014 esset
2456 963 2512 1013 et
2541 959 2934 1023 verus.Quam
2964 955 3229 1012 servilem
3263 957 3528 1024 formam,
3557 975 3590 1013 a
3613 956 3735 1014 solo

2090 1046 2234 1103 Filio
2257 1047 2354 1102 Dei
2379 1051 2735 1119 susceptam,
2763 1049 2884 1101 tota
2903 1052 3106 1101 sancta
3127 1045 3404 1111 Trinitas,
3428 1047 3597 1117 cujus
3619 1064 3738 1102 una

2089 1141 2178 1192 est
2207 1135 2477 1191 voluntas
2514 1141 2568 1190 et
2599 1135 2876 1209 operatio,
2901 1135 2957 1189 in
2994 1141 3156 1190 utero
3188 1133 3454 1207 gloriosae
3486 1152 3550 1191 ac
3581 1153 3736 1190 sem-

2088 1243 2191 1298 per
2210 1224 2468 1297 Virginis
2509 1225 2702 1280 Marize
2741 1225 2898 1294 fecit,
2922 1224 3074 1280 sicut
3112 1223 3524 1296 evangelizavit
3563 1223 3613 1278 ei
3646 1241 3737 1278 ar-

2089 1314 2411 1387 changelus
2436 1331 2448 1368 :
2472 1314 2711 1385 Spiritus
2731 1323 2971 1381 sanctus,
2997 1313 3289 1386 inquiens,
3317 1316 3658 1385 superveniet
3678 1315 3740 1368 in

2089 1413 2159 1473 te,
2189 1413 2240 1460 et
2271 1406 2443 1460 virtus
2475 1404 2745 1459 Altissimi
2789 1403 3134 1459 obrumbabit
3178 1403 3298 1456 tibi.
3333 1401 3556 1473 Ideoque
3597 1402 3739 1474 quod

2088 1502 2344 1550 nascetur
2371 1509 2440 1548 ea:
2469 1502 2518 1549 te
2545 1493 2822 1557 Sanctum,
2855 1491 3133 1548 vocabitur
3162 1492 3337 1547 Filius
3366 1492 3466 1546 Dei
3489 1495 3641 1560 (Luc.
3672 1493 3736 1560 1).

2091 1586 2224 1651 Quae
2258 1587 2378 1638 tota
2409 1586 2611 1639 sancta
2641 1581 2917 1648 Trinitas,
2942 1580 3160 1636 scilicet
3191 1580 3343 1636 Deus
3376 1581 3564 1642 Pater,
3587 1597 3738 1635 nun-

2090 1671 2399 1746 cupatione
2443 1669 2728 1728 Altissimi
2784 1670 3154 1744 designatus;
3186 1674 3244 1725 et
3291 1670 3420 1740 ejus
3466 1669 3651 1725 virtus
3683 1672 3742 1725 et

2090 1761 2396 1835 sapientia,
2451 1777 2578 1832 qua:
2639 1759 2944 1816 azdiﬁcavit
2991 1759 3105 1816 sibi
3151 1760 3391 1815 domum
3424 1759 3602 1830 (Prov.
3636 1759 3738 1826 ix),

2092 1851 2430 1924 unigenitus
2458 1849 2722 1906 videlicet
2753 1849 2935 1906 Filius
2974 1849 3098 1921 ipse
3136 1853 3339 1904 auctor
3368 1847 3581 1921 operis,
3616 1847 3742 1919 ipso

2091 1957 2239 2013 opus
2270 1940 2546 2006 auctoris,
2580 1943 2924 2012 cooperante
2967 1937 3187 2010 Spiritu
3228 1940 3449 2002 sancto,
3473 1935 3740 2008 ejusdem

2090 2029 2406 2086 Salvatoris
2440 2028 2622 2085 nostri
2655 2027 3106 2094 humanitatem,
3127 2043 3339 2098 corpus
3371 2025 3647 2080 nimirum
3682 2028 3742 2080 et

2091 2119 2371 2184 animam,
2399 2118 2660 2175 condidit
2691 2117 2749 2172 in
2778 2117 3101 2174 visceribus
3130 2115 3408 2188 Virginis,
3433 2132 3560 2186 qua:
3593 2115 3744 2170 facta

2091 2213 2180 2264 est
2210 2207 2423 2263 ancilla
2450 2206 2709 2262 hominis
2739 2223 2841 2279 per
2863 2204 3250 2272 divinitatem,
3273 2208 3330 2259 et
3362 2207 3550 2258 mater
3567 2201 3744 2258 Verbi

2093 2314 2196 2368 per
2224 2313 2480 2352 carnem.
2515 2297 2640 2350 Non
2701 2299 2897 2350 autem
2958 2293 3122 2367 prius
3166 2293 3224 2347 in
3278 2296 3439 2346 utero
3486 2289 3746 2363 Virginis

2092 2401 2224 2440 caro
2267 2389 2548 2456 concepta
2593 2388 2702 2451 est,
2737 2390 2792 2439 et
2841 2382 3214 2454 postmodum
3265 2379 3542 2436 divinitas
3587 2379 3745 2434 venit

2093 2474 2151 2529 in
2201 2491 2457 2539 carnem,
2492 2474 2593 2529 sed
2653 2490 2787 2528 mox
2838 2472 3094 2528 Verbum
3154 2469 3312 2527 venit
3365 2469 3426 2524 in
3484 2472 3742 2539 uterum,

2093 2581 2226 2619 mox
2254 2563 2510 2618 Verbum
2553 2566 2778 2617 servata
2826 2562 3070 2633 propriae
3117 2559 3356 2616 veritate
3402 2562 3623 2614 natura;
3655 2558 3744 2614 fa-

2093 2659 2252 2707 ctum
2285 2656 2373 2707 est
2421 2669 2576 2706 caro.
2611 2651 2679 2705 Et
2726 2651 3018 2722 perfectus
3049 2649 3246 2720 homo,
3279 2648 3337 2704 id
3383 2652 3472 2704 est
3501 2648 3561 2703 in
3593 2645 3745 2702 veri-

2095 2746 2210 2796 tate
2241 2740 2434 2795 carnis
2463 2744 2521 2795 ct
2564 2739 2772 2794 anima:
2814 2736 3136 2801 rationalis,
3171 2742 3344 2791 natus
3375 2740 3464 2791 est
3496 2753 3598 2808 per
3627 2739 3746 2791 ute-

2095 2847 2247 2885 rum.
2271 2828 2530 2900 Virginis
2565 2827 2742 2883 Filius
2774 2826 2895 2892 Dei,
2921 2829 3134 2882 unctus
3164 2824 3288 2880 oleo
3319 2823 3547 2892 laetitias,
3573 2823 3629 2879 id
3655 2827 3745 2878 est

2095 2923 2152 2974 et
2182 2919 2332 2974 dono
2363 2917 2607 2990 spiritus
2639 2915 2848 2983 sancti,
2875 2933 2989 2987 prae
3019 2912 3388 2970 consortibus
3418 2913 3544 2968 suis
3567 2913 3741 2980 (Psal.

2095 3009 2266 3080 κων),
2291 3007 2514 3062 scilicet
2544 3024 2657 3078 pra:
2687 3003 2910 3060 caeteris
2942 3001 3299 3058 hominibus.
3324 3001 3440 3056 Nos
3461 2999 3624 3072 prius
3647 3000 3744 3056 ho-

2098 3095 2286 3152 mines
2316 3098 2648 3167 peccatores
2679 3091 2989 3158 efﬁcimur,
3012 3095 3069 3146 et
3095 3090 3474 3162 postmodum
3503 3106 3604 3161 per
3633 3107 3743 3144 un~

2099 3184 2349 3240 ctionem
2381 3184 2569 3239 sancti
2602 3181 2855 3254 Spiritus
2886 3179 3362 3238 sanctiﬁcamur:
3393 3178 3517 3251 ipse
3547 3183 3744 3235 autem

2099 3274 2354 3330 existens
2383 3274 2538 3330 Deus
2569 3275 2700 3328 ante
2732 3269 2964 3335 saecula,
2991 3286 3094 3342 per
3129 3267 3414 3341 Spiritum
3447 3271 3741 3334 sanctum,

2097 3363 2158 3418 in
2182 3367 2344 3419 utero
2367 3361 2624 3434 Virginis
2650 3361 2824 3417 homo
2846 3362 3162 3432 conceptus
3183 3362 3272 3414 est
3294 3357 3353 3411 in
3375 3357 3492 3413 ﬁne
3513 3355 3748 3412 saeculo-

2099 3470 2251 3507 rum.
2269 3450 2352 3506 lbi
2372 3451 2444 3506 ab
2465 3451 2666 3506 eodem
2687 3449 2908 3521 Spiritu
2927 3453 3141 3504 unctus
3159 3451 3266 3514 est,
3286 3445 3384 3502 ubi
3405 3449 3743 3517 conceptus,

2100 3557 2204 3596 nec
2237 3544 2370 3596 ante
2400 3544 2713 3610 conceptus
2742 3543 2798 3594 et
2829 3538 3207 3610 postmodum
3239 3539 3454 3590 unctus
3483 3538 3609 3591 est:
3644 3533 3745 3590 sed

2098 3629 2206 3685 hoc
2228 3628 2424 3702 ipsum
2447 3629 2514 3684 de
2537 3627 2755 3700 Spiritu
2788 3631 2989 3683 sancto
3012 3631 3068 3682 et
3089 3643 3262 3682 carne
3283 3624 3541 3696 Virginis
3561 3622 3749 3679 conci-

2098 3719 2179 3790 pi,
2205 3736 2234 3774 a
2257 3719 2472 3790 Spiritu
2499 3722 2702 3773 sancto
2724 3716 2864 3789 ungi
2888 3715 3038 3772 fecit.
3065 3715 3128 3770 In
3153 3731 3268 3786 quo
3292 3711 3645 3784 complacuit
3666 3711 3747 3766 in.

2099 3807 2382 3872 habitare,
2408 3823 2640 3863 omnem
2674 3805 3094 3878 plenitudinem
3122 3802 3443 3858 divinitatis
3471 3817 3746 3874 corpora-

2099 3896 2234 3952 liter
2261 3897 2398 3966 (Col.
2424 3899 2508 3966 ιι),
2534 3897 2591 3951 id
2640 3900 2728 3951 est
2776 3892 3278 3950 subslantialiter:
3314 3891 3454 3964 quia
3489 3890 3746 3946 Verbum

2099 4003 2203 4058 per
2222 3985 2706 4057 omnipotentiam
2730 3981 3111 4050 suam,voluit
3131 3981 3289 4036 hunc
3312 3980 3630 4052 perfectum
3650 3979 3750 4034 ho-

2099 4073 2320 4130 minem
2343 4089 2517 4145 quem
2549 4071 2892 4142 assumpsit,
2911 4071 3020 4127 hoc
3043 4069 3167 4125 fieri
3190 4087 3258 4124 ex
3287 4074 3566 4140 tempore,
3590 4068 3747 4139 quod

2099 4163 2225 4235 ipse
2257 4178 2486 4232 semper
2510 4159 2621 4214 fuit
2647 4159 2772 4214 sine
2804 4164 3084 4230 tempore,
3105 4158 3162 4212 id
3193 4161 3304 4221 est,
3328 4155 3629 4227 proprium
3664 4154 3749 4208 Fi-

2099 4251 2246 4308 lium
2278 4249 2416 4306 Dei?
2447 4254 2510 4304 ut
2542 4265 2656 4304 non
2687 4247 2915 4319 possint
2945 4247 3059 4302 dici
3102 4247 3218 4301 duo
3269 4244 3398 4300 Filii
3449 4242 3569 4310 Dei,
3595 4241 3747 4297 alius

2101 4345 2236 4396 ante
2257 4343 2518 4410 tempora
2536 4335 2862 4410 genitus,et
2883 4333 3034 4389 alius
3067 4335 3256 4390 factus
3276 4349 3344 4388 ex
3373 4336 3653 4403 tempore,
3675 4347 3748 4386 ne

2101 4429 2463 4503 quaternitas
2484 4426 2662 4499 (quod
2687 4425 2883 4494 absit),
2910 4441 3012 4496 pro
3044 4421 3442 4478 incarnatione
3473 4421 3660 4492 ipsius
3686 4419 3746 4474 in

2101 4523 2303 4576 sancta
2323 4517 2609 4574 Trinitato
2639 4515 2869 4571 dicatur
2893 4530 2904 4568 :
2931 4511 3211 4585 quoniam
3235 4511 3409 4578 Deus,
3433 4509 3533 4566 Dei
3566 4507 3746 4565 Filius

334 4599 628 4673 piscantia
659 4606 1086 4674 est-conceptus
1125 4607 1182 4658 et
1211 4608 1404 4670 natus,
1429 4604 1548 4662 sive
1579 4607 1732 4678 quod
1765 4607 1878 4663 ista
1901 4609 1985 4662 vi-
2023 4624 2068 4688 υ
2098 4609 2420 4665 humanam
2451 4604 2774 4676 assumpsit
2825 4606 3118 4668 naturam,
3153 4617 3268 4654 non
3324 4616 3635 4672 personam
3685 4598 3744 4653 in

335 4689 604 4746 secribus
632 4691 841 4747 matris
867 4696 956 4747 est
985 4691 1199 4760 editus,
1228 4697 1294 4748 ut
1321 4692 1647 4751 fecunditas
1677 4702 1904 4767 pareret
1932 4703 1991 4754 et

333 4777 644 4851 virginitas
674 4785 1083 4852 permaneret:
1110 4798 1224 4839 non
1271 4781 1513 4838 alterius
1544 4787 1738 4840 tamen
1771 4791 1991 4843 natura:

335 4871 464 4924 erat
493 4866 620 4938 ejus
652 4881 806 4934 caro,
831 4886 1009 4940 quam
1043 4875 1242 4925 nostra
1267 4875 1376 4937 est,
1401 4887 1505 4926 nec
1536 4871 1652 4927 alia
1683 4873 1787 4941 illi,
1811 4891 1990 4946 quam

334 4955 566 5013 caateris
592 4956 956 5023 hominibus,
986 4958 1186 5014 anima
1228 4964 1318 5014 est
1364 4958 1651 5031 inspirata
1681 4962 1988 5034 principio,

336 5063 469 5118 qua:
517 5045 838 5113 excelleret,
867 5064 982 5102 non
1013 5045 1344 5103 diversitate
1389 5048 1639 5120 generis,
1661 5052 1762 5106 sed
1814 5052 1991 5108 subli-

338 5134 544 5192 mitate
573 5133 832 5191 virtutis.
865 5134 1020 5191 Nihil
1051 5136 1208 5192 enim
1239 5135 1431 5192 carnis
1463 5156 1580 5193 suae
1611 5139 1865 5197 habebat
1895 5143 1993 5197 ad-

334 5239 598 5292 versum,
617 5240 721 5279 nec
747 5223 1040 5281 discordia
1067 5225 1492 5282 desideriorum
1523 5226 1799 5301 gignebat
1831 5247 1989 5286 com-

335 5311 728 5385 pngnantiam
758 5313 1150 5370 voluntatum.
1181 5315 1401 5371 Sensus
1431 5317 1691 5390 corporei
1720 5317 1992 5391 vigebant

335 5401 467 5458 sine
497 5399 622 5473 lege
653 5401 894 5473 peccati,
919 5407 976 5458 et
1003 5403 1217 5459 veritas
1247 5405 1618 5461 alfectionum
1651 5408 1762 5464 sub
1786 5410 1989 5465 mode-

337 5489 570 5546 ramine
597 5489 840 5547 Deitatis
888 5497 948 5547 et
999 5494 1231 5563 mentis,
1265 5509 1369 5548 nec
1417 5495 1752 5551 tentabatur
1799 5497 1994 5554 illece-

338 5578 486 5644 bris,
512 5595 616 5634 nec
644 5579 887 5636 cedebat
927 5580 1376 5652 iniuriis.Verus
1400 5581 1575 5640 homo
1617 5602 1749 5642 vero
1793 5587 1993 5645 unitus

339 5670 434 5723 est
459 5666 601 5735 Deo,
623 5667 726 5723 sed
775 5669 1098 5724 secundum
1131 5668 1471 5726 ex—istentem
1522 5671 1686 5742 prius
1734 5675 1992 5733 animam

2100 4703 2371 4755 aeternam
2405 4692 2733 4765 suscipiens
2763 4707 3070 4763 personam
3093 4688 3437 4755 divinitatis,
3461 4693 3745 4762 tempora-

2099 4786 2214 4842 lem
2253 4782 2640 4841 humanitatis
2688 4779 3103 4837 substantiam.
3137 4779 3320 4834 Homo
3367 4778 3638 4834 transivit
3684 4777 3744 4831 in

2099 4877 2306 4946 Deum,
2331 4891 2446 4929 non
2478 4871 2849 4928 vertibilitate
2881 4873 3121 4936 natura},
3146 4869 3248 4924 sed
3280 4871 3515 4940 propter
3539 4865 3744 4921 divinas

2099 4964 2386 5019 unitatem
2437 4979 2716 5034 personzn.
2740 4961 2887 5016 Nam
2929 4959 3082 5015 sicut
3126 4957 3186 5013 in
3219 4961 3420 5012 sancta
3460 4954 3746 5010 Trinitato

2097 5053 2214 5109 alia
2233 5058 2322 5109 est
2343 5068 2592 5124 persona
2612 5051 2816 5118 Patris,
2833 5049 2947 5105 alia
2969 5048 3118 5115 Filii,
3135 5047 3250 5104 alia
3265 5045 3517 5116 Spiritus
3533 5042 3742 5108 sancti,

2098 5144 2200 5198 sed
2232 5160 2346 5198 non
2379 5141 2538 5197 aliud
2561 5145 2650 5196 est
2682 5139 2869 5209 Pater,
2885 5139 3044 5194 aliud
3081 5137 3276 5201 Filius,
3301 5133 3460 5188 aliud
3493 5131 3747 5203 Spiritus

2100 5235 2340 5288 sanctus
2365 5248 2378 5285 :
2405 5231 2484 5286 ita
2506 5231 2565 5285 in
2588 5229 2687 5285 Dei
2719 5229 2860 5285 Filio
2891 5227 3136 5284 Domino
3167 5228 3364 5279 nostro
3385 5221 3526 5277 Jesu
3548 5219 3745 5276 Chris-

2100 5324 2178 5389 to,
2203 5319 2362 5376 aliud
2401 5324 2490 5374 est
2528 5318 2822 5386 divinitas,
2857 5317 3015 5372 aliud
3061 5313 3279 5380 anima,
3312 5310 3471 5366 aliud
3499 5325 3743 5381 corpus;

2101 5411 2200 5466 sed
2233 5427 2348 5464 non
2370 5408 2484 5464 alia
2505 5412 2592 5464 est
2614 5424 2861 5480 persona
2883 5401 3296 5466 divinitatis,et
3327 5397 3442 5453 alia
3473 5394 3744 5452 humani-

2101 5499 2373 5564 tatis,sed
2398 5497 2870 5566 una,eademque
2893 5508 3160 5564 persona.
3178 5491 3312 5544 Ideo
3338 5505 3452 5543 non
3473 5491 3611 5542 sunt
3630 5485 3745 5540 duo

2101 5586 2334 5653 Christi,
2361 5605 2464 5644 nec
2510 5588 2625 5642 duo
2659 5583 2806 5651 Filii,
2835 5581 2936 5638 scd
2986 5597 3138 5636 unus
3169 5578 3458 5645 Christus,
3491 5581 3548 5632 et
3591 5592 3746 5631 unus

2105 5679 2305 5748 Filius,
2339 5677 2492 5732 Deus
2540 5679 2596 5731 et
2647 5674 2841 5737 homo,
2867 5671 3038 5743 juxta
3084 5667 3522 5742 evangelistam,
3551 5667 3746 5738 plenus
