4028 6178
293 391 448 459 1147

1059 395 1450 459 HINCMARI
1495 395 1742 460 RHEM.
1786 395 2152 459 ARClllEP.
2198 397 2611 462 OPUSCULA
2653 397 2915 460 VAillA.

3480 389 3488 397 ’
3538 395 3705 460 1148

289 528 473 599 gratia
496 528 674 599 (Joan.
697 530 738 598 ι)
765 543 778 585 :
802 527 942 602 quia
967 527 1270 603 plenitudo
1298 529 1705 600 humanitatis,
1739 527 1937 585 anima
1966 530 2019 597 Α
2047 529 2237 586 Patris
2265 535 2547 588 venturus
2567 529 2838 605 judicare
2883 529 3044 588 vivos
3090 532 3150 588 et
3195 533 3483 587 mortuos.
3515 527 3704 598 Quid-

290 620 348 674 et
369 633 599 689 corpus,
623 623 934 691 assumpta
953 623 1044 676 est
1063 618 1121 674 in
1143 619 1333 676 Verbo
1353 620 1413 675 in
1434 619 1658 676 unitate
1684 635 1943 692 personae

293 723 412 764 suae
443 705 786 764 divinitatis.
811 709 1016 766 Plenus
1045 711 1288 778 veritate,
1323 709 1460 782 quia
1489 709 1547 764 in
1583 707 1944 782 plenitudine

291 795 678 853 humanitatis
709 797 1002 854 inhabitat
1044 797 1348 870 plenitudo
1377 797 1701 854 divinitatis
1728 814 1742 853 :
1767 814 1942 869 quem

294 885 466 942 beata
491 886 670 960 Virgo
706 887 908 958 Maria,
932 887 1093 943 salva
1140 887 1472 960 integritate
1519 887 1612 942 sui
1661 887 1944 959 corporis,

291 973 478 1031 Deum
517 979 574 1031 et
617 975 939 1046 hominem,
973 975 1216 1032 unicum
1267 975 1455 1031 tilium
1505 975 1706 1044 edidit,
1739 993 1944 1050 quem-

291 1063 613 1120 admodum
673 1065 834 1122 salva
886 1064 1216 1138 virginitate
1273 1065 1564 1138 concepit,
1627 1070 1944 1122 creatorem

291 1157 687 1224 corporum‘et
707 1153 1040 1210 animarum
1061 1153 1477 1222 humanarum,
1503 1169 1630 1226 qua:
1649 1154 1721 1208 ab
1741 1153 1946 1208 eodem

295 1240 504 1314 epiflce
535 1259 642 1300 suo
689 1243 806 1299 Deo
859 1242 1329 1315 incorporantur,
1362 1246 1420 1298 et
1446 1241 1790 1314 priusquam
1823 1241 1947 1300 suis

294 1327 674 1402 inspirentur.
689 1331 1052 1404 corporibus,
1087 1349 1203 1388 non
1245 1331 1502 1388 fuerunt.
1530 1331 1642 1386 Sed
1679 1329 1818 1404 quia
1847 1347 1949 1402 per

295 1417 470 1491 primi
503 1419 763 1476 hominis
791 1419 1350 1494 praevaricationem,
1371 1424 1492 1476 tota
1517 1419 1761 1475 humani
1783 1435 1950 1492 gene-

295 1507 376 1564 ris
407 1525 666 1584 propago
695 1513 784 1566 est
803 1511 1008 1566 vitiata
1038 1527 1208 1567 nemo
1241 1513 1432 1584 potest
1454 1527 1487 1565 a
1509 1509 1840 1566 conditione
1859 1525 1952 1564 vo-

291 1594 434 1652 teris
465 1595 723 1654 hominis
753 1596 989 1655 liberari
1011 1597 1125 1654 nisi
1158 1615 1260 1671 per
1291 1603 1726 1654 sacramentum
1757 1596 1948 1670 bapti-

295 1683 506 1742 smatis
533 1685 770 1756 Christi,
805 1687 862 1742 in
895 1704 1012 1760 quo
1061 1686 1223 1742 nulla
1254 1691 1344 1742 est
1393 1686 1666 1744 discretio
1716 1691 1948 1742 renato-

294 1789 424 1830 rum
461 1789 476 1832 :
508 1774 649 1848 quia
686 1792 836 1849 quos
886 1779 990 1832 aut
1035 1793 1210 1832 sexus
1259 1775 1319 1831 in
1371 1791 1629 1849 corpore,
1661 1779 1766 1832 aut
1811 1779 1952 1830 satas

293 1861 574 1920 discernit
602 1863 662 1920 in
693 1869 974 1938 tempore,
999 1881 1204 1922 omnes
1244 1864 1305 1921 in
1335 1882 1515 1921 unam
1564 1864 1718 1938 parit
1763 1863 1954 1938 gratia
1980 1901 2029 1968 Β

295 1955 483 2010 mater
511 1953 844 2022 infantiam,
867 1954 1096 2011 dicente
1115 1953 1391 2028 Apostolo
1419 1971 1432 2010 :
1457 1956 1786 2028 Quicunque
1803 1954 1955 2010 enim

300 2042 362 2096 in
391 2043 614 2100 Christo
642 2045 912 2116 baptizati
939 2046 1088 2111 esu's,
1112 2043 1387 2100 Christum
1429 2044 1708 2100 induistis.
1733 2043 1852 2100 Non
1879 2045 1956 2099 est

294 2130 521 2188 Iudaeus
548 2139 602 2188 et
630 2131 885 2202 Grzcns;
913 2150 1026 2190 non
1066 2141 1146 2190 est
1192 2150 1380 2189 servus
1425 2148 1600 2205 neque
1626 2133 1768 2189 liber
1795 2151 1813 2186 :
1843 2147 1950 2187 non

293 2225 373 2274 est
402 2221 683 2276 masculus
710 2237 884 2294 neque
925 2223 1137 2294 fmina
1165 2241 1185 2278 :
1215 2239 1402 2280 omnes
1447 2223 1597 2278 enim
1643 2238 1734 2277 vos
1779 2237 1955 2276 unum

293 2307 422 2362 estis
466 2309 528 2362 in
569 2309 785 2366 Christo
821 2311 946 2366 Iesu
985 2309 1126 2382 (Gal.
1155 2312 1263 2379 ιιι).
1306 2311 1490 2382 Cujus
1525 2309 1954 2365 humanitatem

297 2392 358 2448 in
408 2393 572 2452 nulla
629 2397 982 2470 proprietate
1027 2415 1293 2471 operum,
1327 2416 1456 2471 qua:
1504 2402 1747 2454 naturas
1793 2398 1854 2453 in
1886 2414 1953 2453 eo

297 2481 688 2558 distinguunt,
725 2486 1004 2544 divinitas
1032 2486 1329 2556 disseruit,
1357 2491 1669 2560 postquam
1699 2503 1828 2542 eam
1860 2503 1952 2542 as-

300 2573 574 2646 sumpsit,
609 2591 716 2632 nec
747 2575 808 2631 in
838 2575 966 2648 ipsa
999 2576 1176 2632 etiam
1207 2574 1500 2650 passione,
1529 2575 1797 2648 quamvis
1829 2575 1956 2649 ipsa

297 2659 574 2720 divinitas
609 2663 999 2737 impassibilis
1031 2682 1264 2738 semper
1290 2665 1352 2720 in
1385 2682 1494 2721 sua
1524 2669 1830 2739 permanet
1859 2681 1958 2722 na'

300 2753 454 2806 tura.

367 2839 483 2896 ΧΧ.
505 2841 577 2898 Et
601 2843 882 2915 quoniam
907 2843 1167 2901 Joannes
1192 2843 1456 2917 Baptista
1487 2841 1674 2900 eidem
1707 2842 1954 2899 Domino

297 2934 498 2987 nostro
529 2930 670 2988 Jesu
702 2931 935 2990 Christo
973 2931 1352 3006 singulariter
1398 2927 1482 2988 ac'
1518 2931 1646 2988 sine
1677 2947 1956 2987 mensura

297 3017 497 3075 datam
520 3019 776 3092 Spiritus
808 3019 1138 3094 largitatem
1170 3019 1338 3088 dixit,
1371 3020 1430 3076 in
1461 3037 1578 3093 quo
1611 3018 1804 3076 omnis
1832 3017 1952 3092 ple-

300 3107 506 3164 nitudo
536 3107 862 3166 divinitatis
891 3109 1118 3166 habitat
1139 3111 1312 3181 (Joan.
1340 3109 1446 3181 ιιι),
1471 3109 1644 3182 cujus
1672 3107 1870 3164 anima
1897 3110 1956 3163 et

297 3213 433 3254 caro
455 3213 590 3253 cum
608 3197 796 3254 Verbo
829 3215 984 3256 unus
1013 3202 1104 3255 est
1132 3197 1419 3264 Christus,
1441 3199 1499 3254 et
1537 3196 1749 3254 unicus
1771 3196 1950 3264 ﬁlius,

2052 619 2195 692 quid
2225 619 2382 677 enim
2422 621 2482 676 in
2515 621 2744 678 Christo
2791 621 3008 678 factum
3039 637 3167 676 esse
3213 618 3447 694 legitur,
3479 619 3554 675 ab
3584 635 3708 676 uno

2053 709 2305 778 Christo,
2328 714 2386 766 et
2423 711 2500 773 ab,
2526 727 2642 766 uno
2673 709 2775 767 Dei
2807 709 2952 768 Filio
2999 713 3230 783 gestum
3278 713 3386 765 est.
3421 708 3541 764 Hoc
3570 725 3708 764 vero

2054 797 2438 871 personaliter
2465 803 2624 854 totus
2643 798 2914 856 Christus
2935 799 3215 872 dignatus
3245 803 3336 854 est
3361 813 3552 872 agere.
3578 797 3711 870 Ipse

2055 887 2270 960 quippe
2293 904 2431 943 suas
2462 887 2766 960 passiones
2795 887 3090 943 invenitur
3115 892 3408 960 operatus,
3433 886 3534 958 qui
3559 884 3710 942 nihil

2053 975 2279 1044 habuit,
2296 977 2450 1049 quod
2495 981 2794 1049 pateretur
2819 975 3056 1033 invitus.
3081 976 3264 1048 Cujus
3301 975 3499 1031 anima
3531 979 3712 1031 tanta:

2055 1064 2384 1121 sanctitatis
2413 1069 2470 1120 et
2501 1065 2936 1136 iustiﬁcationis
2964 1069 3153 1131 est,ut
3173 1082 3379 1122 omnes
3408 1064 3470 1120 in
3501 1081 3567 1120 se
3592 1081 3715 1120 cre-

2057 1153 2321 1208 dentium
2354 1153 2584 1225 animze,
2609 1171 2712 1226 per
2739 1171 2868 1210 eam
2909 1154 3266 1211 sanctificari
3305 1158 3362 1210 et
3391 1151 3714 1226 justiﬁcari

2055 1247 2294 1314 queant.
2320 1243 2392 1298 Et
2421 1259 2554 1299 caro
2586 1247 2760 1299 tantae
2799 1243 3102 1300 munditias
3143 1247 3202 1299 et
3239 1241 3526 1299 libertatis
3556 1245 3648 1298 est
3678 1258 3716 1297 a

2058 1335 2314 1402 peccato,
2339 1335 2404 1387 ut
2425 1349 2630 1388 omnes
2649 1331 2708 1388 in
2733 1349 2796 1388 se
2812 1331 3238 1389 confidentium
3261 1349 3488 1397 carnes,
3512 1330 3716 1386 divina

2055 1418 2117 1475 in
2148 1435 2214 1476 eo
2245 1425 2522 1492 operante
2551 1421 2757 1494 gratia,
2790 1420 3026 1494 purgari
3059 1425 3117 1477 et
3151 1419 3386 1476 liberari
3428 1417 3660 1493 possint
3694 1436 3710 1476 :

2058 1507 2198 1582 quia
2225 1508 2470 1582 sanguis
2513 1508 2611 1582 qui
2644 1509 2716 1566 de
2755 1509 2956 1564 eadem
3013 1524 3187 1564 carne
3245 1507 3446 1563 lancea
3506 1504 3716 1563 militis

2057 1596 2360 1653 vulnerata
2408 1597 2655 1654 ﬂuxerat
2703 1597 3040 1670 (Joan.x1x),
3066 1596 3318 1670 pretium
3365 1601 3455 1652 est
3504 1594 3718 1651 salutis

2059 1685 2351 1742 humane.
2374 1687 2478 1744 Per
2496 1689 2668 1760 cujus
2689 1687 3033 1744 effusionem
3059 1687 3344 1744 exstincta
3361 1689 3453 1743 est
3473 1687 3719 1742 ﬂamma

2060 1773 2162 1832 illa
2191 1775 2447 1848 paradisi
2479 1777 2766 1845 custodia,
2800 1781 2859 1833 et
2886 1777 2980 1833 via
3009 1775 3282 1834 fidelibus
3313 1780 3518 1848 aperta
3533 1780 3624 1832 est
3643 1775 3716 1831 ad

2059 1864 2288 1938 lignum
2322 1863 2472 1936 vitae,
2505 1867 2659 1938 quod
2695 1865 3027 1940 plantatum
3076 1870 3167 1922 est
3212 1883 3382 1923 secus
3430 1866 3720 1921 decursus

2062 1971 2350 2027 aquarum
2379 1953 2698 2011 viventium
2729 1957 2903 2024 (Psal.
2936 1958 2998 2024 ι).
3022 1955 3204 2026 Cujus
3233 1953 3376 2029 ligni
3407 1951 3719 2026 sapientis-

2063 2043 2249 2099 simus
2305 2043 2602 2111 Salomon,
2636 2061 2770 2100 cum
2820 2045 2892 2100 de
2942 2043 3115 2100 laude
3167 2041 3467 2115 sapientiae
3528 2040 3715 2098 multa

2063 2131 2328 2200 dixisset,
2363 2133 2699 2188 recordatus
2742 2137 2850 2200 est,
2892 2132 2975 2188 ita
3021 2131 3222 2188 dicens
3254 2149 3268 2188 :
3301 2132 3503 2188 Beatus
3532 2130 3710 2201 homo,

2062 2223 2161 2292 qui
2190 2222 2400 2278 invenit
2425 2223 2756 2295 sapientiam
2782 2229 2834 2278 et
2859 2222 2952 2276 cui
2977 2221 3166 2293 afﬂuit
3201 2218 3496 2293 prudentia
3525 2222 3711 2288 (Prov.

2063 2309 2167 2382 ιιι).
2191 2311 2262 2366 Et
2291 2309 2468 2382 paulo
2499 2314 2633 2383 post
2665 2326 2678 2364 :
2715 2311 2828 2367 Viae
2855 2313 2971 2384 ejus
3013 2311 3124 2367 viae
3148 2310 3418 2382 pulchrar,
3451 2316 3504 2364 et
3533 2324 3714 2363 omnes

2062 2399 2276 2454 semitae
2303 2398 2418 2470 eius
2441 2399 2694 2470 paciﬁca:
2720 2397 2906 2470 (Prov.
2929 2399 3034 2463 ιιι).
3058 2395 3310 2470 Lignum
3340 2397 3470 2452 vita:
3500 2400 3593 2452 est
3621 2395 3714 2451 his

2064 2484 2164 2557 qui
2187 2485 2678 2558 apprehenderint
2697 2489 2910 2554 eam,et
2927 2483 3028 2558 qui
3046 2485 3302 2541 tenuerit
3321 2485 3711 2552 eam,beatus.

2063 2575 2246 2640 Quem
2277 2573 2500 2631 scilicet
2519 2574 2820 2631 Christum
2852 2575 2948 2630 Dei
2969 2573 3241 2630 virtutem
3273 2578 3330 2630 et
3357 2573 3458 2630 Dei
3480 2573 3714 2645 sapien-

2062 2661 2206 2718 tiam
2226 2663 2430 2720 videns
2451 2663 2708 2720 Joannes
2732 2663 2995 2736 Baptista
3023 2667 3081 2720 et
3108 2679 3434 2736 precursor
3454 2679 3600 2718 suus
3622 2678 3716 2718 ve-

2063 2751 2322 2810 nientem
2344 2752 2416 2808 ad
2436 2769 2518 2820 se,
2544 2752 2796 2824 populis,
2811 2751 3028 2825 quibus
3052 2751 3154 2808 diu
3177 2751 3344 2808 illum
3364 2751 3717 2824 praedicave-

2063 2846 2172 2909 rat,
2187 2841 2371 2913 digito
2393 2841 2834 2910 demonstravit,
2852 2840 3086 2898 dicens:
3109 2842 3243 2896 Ecce
3261 2857 3440 2910 agnus
3460 2841 3578 2906 Dei,
3600 2856 3722 2896 erce

2061 2932 2161 3004 qui
2186 2931 2332 2987 tollit
2376 2939 2597 3002 peccata
2639 2931 2840 2986 mundi
2865 2932 3044 2999 (Joan.
3073 2930 3133 3001 ι).
3161 2931 3306 2986 Ecce
3352 2946 3543 3003 agnus
3590 2928 3717 2993 Dei,

2061 3035 2193 3076 ecce
2221 3018 2524 3088 innocens,
2551 3021 2608 3074 et
2637 3019 2710 3074 ab
2739 3017 2897 3074 omni
2927 3021 3162 3091 peccato
3195 3017 3480 3073 immunis
3514 3021 3721 3089 utpote

2062 3107 2163 3181 qui
2183 3125 2249 3164 os
2269 3107 2509 3181 quidem
2532 3107 2604 3162 de
2625 3106 2858 3163 ossibus
2879 3107 3085 3175 Adam,
3110 3111 3166 3162 et
3187 3123 3423 3162 carnem
3447 3105 3520 3162 de
3541 3122 3720 3162 carne

2059 3195 2382 3263 Adam,sed
2405 3194 2629 3251 nullam
2652 3195 2972 3268 peccatrice
3003 3197 3076 3252 de
3110 3211 3283 3250 carne
3315 3195 3490 3250 traxit
3522 3212 3722 3250 macu-

297 3284 498 3340 anima
526 3285 657 3357 ejus
689 3286 921 3360 plenam
944 3287 1004 3342 in
1027 3304 1090 3344 se
1111 3285 1432 3343 divinitatis
1462 3285 1671 3342 habuit
1699 3301 1949 3358 semper,
1981 3269 2025 3338 C
2060 3284 2178 3342 lam
2209 3283 2414 3357 culpae.
2435 3285 2582 3341 Ecce
2623 3283 2722 3357 qui
2772 3283 2923 3340 tollit
2969 3287 3275 3356 peccatum
3322 3284 3553 3352 mundi,
3583 3299 3722 3339 ecce

217 3369 228 3378 ’
297 3376 355 3429 et
381 3373 562 3431 habet
591 3374 880 3444 notitiam,
905 3392 1038 3433 cum
1070 3393 1198 3450 qua
1236 3375 1584 3432 naturaliter
1613 3392 1730 3431 una
1759 3373 1950 3431 credis

299 3465 398 3518 tur
415 3461 630 3520 habere
659 3481 993 3537 personam.
1014 3465 1142 3538 Ipse
1171 3469 1261 3522 est
1279 3465 1437 3521 enim
1469 3463 1571 3538 qui
1602 3465 1702 3520 dat
1731 3461 1951 3520 sanctis

302 3549 608 3622 Spiritum,
645 3551 768 3626 ipse
804 3558 896 3610 est
939 3555 1041 3628 qui
1089 3552 1303 3626 accipit
1335 3571 1348 3610 :
1383 3552 1626 3626 aqualis
1674 3551 1828 3608 Patri
1861 3568 1950 3608 se-

300 3639 562 3696 cundum
585 3639 973 3712 divinitatem,
996 3642 1190 3700 minor
1211 3644 1377 3699 Patre
1399 3642 1723 3699 secundum
1749 3641 1955 3696 huma-

300 3727 566 3786 nitatem.
588 3731 660 3786 Et
679 3729 820 3804 quia
839 3736 1048 3804 potens
1073 3735 1164 3788 est
1185 3732 1259 3787 ad
1281 3746 1619 3786 mensuram
1641 3729 1800 3794 dare,
1823 3727 1952 3784 ideo

300 3833 418 3872 non
448 3817 652 3874 debuit
679 3819 762 3874 ad
784 3836 1124 3875 mensuram
1163 3819 1444 3891 accipere.
1477 3818 1542 3873 In
1581 3817 1768 3872 forma
1795 3816 1953 3872 enim

300 3903 403 3959 Dei
427 3920 693 3972 manens,
713 3905 1001 3978 Spiritum
1023 3906 1125 3962 dat
1149 3922 1163 3962 :
1191 3907 1439 3962 formam
1469 3905 1615 3962 servi
1639 3903 1950 3977 accipiens,

301 3991 588 4064 Spiritum
619 3993 862 4067 accepit.
888 3995 1089 4068 Ipsum
1121 3995 1487 4068 enim,quem
1511 3995 1582 4051 ad
1613 4009 1954 4050 mensuram

301 4079 424 4148 dat,
445 4083 640 4137 totum
671 4083 914 4156 accepit.
949 4083 1109 4140 Idem
1151 4084 1421 4141 sacerdos
1471 4087 1530 4140 et
1574 4081 1952 4150 sacrificium,

299 4168 542 4226 veniens
563 4171 635 4227 ad
659 4187 768 4229 nos
789 4172 995 4230 offerre
1020 4189 1124 4246 pro
1155 4172 1346 4242 nobis,
1364 4173 1518 4246 quod
1539 4171 1864 4244 assumpsit
1886 4188 1956 4227 ex

303 4258 496 4327 nobis,
538 4263 604 4316 ut
633 4260 890 4320 auferret
909 4279 944 4318 a
972 4261 1140 4320 nobis
1161 4263 1318 4336 quod
1348 4261 1569 4319 invenit
1597 4261 1657 4317 in
1681 4260 1872 4330 nobis,
1897 4260 1954 4316 id

300 4351 391 4403 est
421 4351 748 4420 peccatum,
781 4349 1068 4408 mediator
1112 4350 1214 4408 Dei
1263 4355 1323 4407 et
1368 4349 1698 4420 hominum,
1729 4349 1954 4405 habens

303 4452 438 4491 cum
468 4437 638 4494 Patre
680 4440 948 4495 eamdem
980 4438 1304 4496 divinitatis
1346 4443 1637 4505 naturam,
1661 4441 1718 4494 et
1745 4437 1956 4493 huma-

303 4522 506 4580 nitatis
529 4527 795 4583 eamdem
817 4543 953 4584 cum
987 4531 1172 4584 matre
1193 4526 1610 4585 substantiam.
1635 4525 1868 4582 Habeas
1889 4541 1959 4580 ex

305 4610 474 4704 nobis
505 4629 695 4704 usque
721 4615 793 4670 ad
819 4620 1089 4684 mortem,
1115 4619 1326 4673 nostrae
1347 4613 1682 4704 iniquitatis
1703 4631 1954 4704 pcenam,
1988 4638 2034 4704 Β

303 4697 527 4756 habens
557 4699 1100 4762 incommutabilem
1149 4705 1221 4764 de
1273 4705 1390 4762 Deo
1432 4703 1599 4760 Patre
1637 4703 1954 4776 justitiam.

305 4787 545 4860 Propter
564 4793 826 4848 nostram
848 4791 1220 4870 iniquitatem
1239 4791 1639 4866 temporaliter
1654 4796 1950 4862 mortuus,

303 4879 542 4949 propter
561 4877 860 4949 justitiam
892 4898 1083 4950 suam,
1115 4885 1174 4938 et
1202 4881 1328 4955 ipse
1367 4897 1601 4954 semper
1627 4879 1811 4938 vivus.
1843 4881 1952 4948 Qui

303 4964 590 5024 Dominus
621 4971 678 5024 et
719 4984 818 5024 rex
864 4968 1062 5044 glorias
1083 4971 1254 5039 (Psal.
1287 4974 1448 5040 mn)
1479 4969 1793 5026 cruciﬁxus
1841 4974 1952 5039 est,

303 5071 373 5112 ex
399 5053 742 5123 infirmitate
773 5063 994 5126 nostra,
1009 5059 1110 5115 sed
1141 5057 1279 5114 vivit
1299 5075 1369 5116 ex
1395 5058 1612 5115 virtute
1639 5075 1766 5114 sua.
1795 5059 1953 5116 Idem

304 5144 460 5202 Deus
489 5145 590 5218 qui
622 5145 682 5202 in
715 5164 888 5204 cruce
919 5147 1094 5204 homo
1124 5148 1316 5205 factus
1352 5147 1648 5222 pependit,
1671 5151 1729 5204 et
1765 5147 1826 5204 in
1863 5165 1953 5205 se-

306 5232 510 5306 pulcro
540 5233 695 5292 idem
717 5236 872 5294 Deus
892 5235 1068 5294 homo
1087 5237 1279 5294 factus
1300 5235 1487 5308 jacuit
1511 5253 1525 5292 :
1550 5236 1652 5293 sed
1682 5234 1743 5291 in
1765 5233 1958 5308 sepul-

279 5325 403 5381 'cro
433 5325 760 5380 secundum
801 5325 987 5382 "solam
1027 5342 1260 5382 carnem
1290 5325 1446 5382 idem
1481 5324 1633 5382 Deus
1655 5325 1863 5396 jacuit,
1895 5327 1955 5380 et

305 5409 364 5465 in
397 5410 692 5468 infernum
732 5415 1059 5470 secundum
1103 5414 1288 5471 solam
1335 5414 1596 5470 animam
1627 5412 1953 5481 descendit,

305 5502 364 5554 et
391 5503 708 5558 resurrexit
734 5503 904 5560 tertia
953 5503 1046 5560 die
1091 5521 1264 5560 carne
1289 5520 1302 5559 :
1333 5503 1474 5576 quia
1502 5507 1805 5575 peccatum
1836 5518 1952 5558 non

308 5585 464 5652 fecit,
487 5604 522 5643 a
549 5607 665 5662 quo
695 5597 1026 5666 resurgeret
1054 5592 1253 5649 anima
1277 5593 1327 5662 (Ι
1347 5591 1468 5648 Cor.
1491 5595 1607 5660 xv).
1641 5590 1770 5663 Ipse
1799 5590 1954 5647 Deus

310 5676 368 5728 et
395 5672 571 5733 homo
617 5681 884 5736 ascendit
919 5680 981 5737 in
1011 5680 1242 5748 ccelum,
1275 5685 1333 5739 et
1359 5681 1522 5739 sedet
1569 5679 1641 5736 ad
1689 5679 1954 5736 dextram

2059 3373 2161 3447 qui
2181 3373 2384 3446 justus
2413 3371 2566 3428 inter
2591 3375 2945 3446 peccatores,
2969 3371 3129 3429 mitis
3161 3372 3315 3428 inter
3341 3371 3580 3445 impios,
3601 3371 3716 3428 hoc

2059 3465 2169 3531 est,
2185 3461 2353 3534 quasi
2387 3477 2576 3536 agnus
2607 3461 2762 3517 inter
2789 3461 2958 3534 lupos
2989 3477 3276 3535 apparens
3306 3461 3484 3518 etiam
3519 3476 3720 3534 pecca-

2060 3555 2216 3608 tores
2245 3554 2304 3606 et
2333 3549 2546 3624 impios
2568 3549 2938 3622 justificandi
2968 3550 3144 3606 habet
3171 3552 3546 3623 potestatem.

2130 3639 2268 3696 XXI.
2295 3639 2592 3706 Quomodo
2615 3643 2812 3694 autem
2833 3643 3140 3712 peccatum
3171 3637 3376 3695 mundi
3396 3637 3718 3712 tollat,quo

2061 3726 2264 3784 ordine
2283 3727 2576 3800 justificet
2605 3725 2840 3800 impios,
2865 3727 3166 3801 apostolus
3198 3728 3402 3784 Petrus
3435 3727 3719 3786 ostendit.

2062 3815 2165 3888 qui
2193 3815 2274 3872 ait
2299 3831 2314 3870 :
2337 3815 2457 3872 Non
2473 3815 2926 3888 corruptibilibus
2945 3823 3164 3888 argento
3185 3815 3268 3873 vel
3295 3832 3436 3872 auro
3455 3815 3722 3887 redempti

2061 3906 2190 3961 estis
2217 3903 2284 3960 de
2313 3921 2457 3960 vana
2474 3912 2653 3962 vestra
2669 3907 3082 3962 conversatione
3096 3913 3349 3978 paternae
3375 3903 3720 3970 traditionis,

2063 3994 2163 4050 sed
2195 3992 2446 4066 pretioso
2477 3992 2968 4067 sanguine,quasi
3003 3994 3138 4066 agni
3185 3992 3632 4050 incontaminati
3665 3997 3726 4050 et

2062 4080 2426 4138 immaculati
2455 4081 2594 4138 Jcsu
2627 4081 2839 4137 Christi
2861 4082 2910 4154 (Ι
2930 4084 3076 4138 Petr.
3103 4082 3164 4155 ι).
3187 4083 3258 4138 Et
3287 4081 3346 4137 in
3368 4080 3723 4155 Apocalypsi

2062 4170 2318 4228 Joannes
2348 4169 2649 4244 apostolus
2679 4187 2692 4225 :
2727 4173 2842 4244 Qui
2869 4170 3068 4228 dilexit
3108 4187 3228 4236 nos,
3263 4171 3478 4243 inquit,
3502 4177 3556 4228 et
3584 4171 3729 4226 lavit

2061 4276 2159 4317 nos
2192 4277 2228 4315 a
2250 4261 2488 4332 peccatis
2516 4261 2719 4316 nostris
2761 4261 2820 4315 in
2869 4263 3142 4330 sanguine
3167 4276 3266 4316 suo
3295 4261 3479 4332 (Apoc.
3506 4259 3568 4332 ι).
3593 4259 3722 4315 Non

2064 4347 2257 4404 solum
2274 4351 2470 4404 autem
2493 4345 2632 4402 lavit
2655 4364 2763 4404 nos
2785 4365 2820 4404 a
2838 4347 3094 4420 peccatis
3110 4346 3328 4404 nostris
3348 4347 3409 4402 in
3430 4345 3723 4420 sanguine

2065 4454 2194 4506 suo,
2223 4437 2456 4510 quando
2497 4437 2845 4510 sanguinem
2889 4453 3064 4492 suum
3105 4436 3264 4492 dedit
3305 4435 3367 4492 in
3409 4451 3588 4492 cruce
3617 4451 3723 4508 pro

2064 4525 2256 4593 nobis,
2278 4524 2364 4582 vel
2397 4524 2634 4597 quando
2674 4515 2922 4598 quisque
2959 4529 3229 4582 nostrum
3271 4525 3330 4580 in
3371 4523 3722 4598 mysterium

2065 4617 2446 4671 sacrosanctae
2476 4612 2769 4686 passionis
2790 4611 2950 4670 illius
2978 4612 3258 4686 baptismi
3280 4611 3450 4685 aquis
3481 4611 3725 4668 ablutus

2065 4707 2155 4760 est
2173 4719 2186 4758 :
2204 4719 2408 4760 verum
2437 4701 2614 4759 etiam
2644 4702 2905 4776 quotidie
2937 4699 3089 4758 tollit
3117 4705 3352 4775 peccata
3380 4701 3619 4768 mundi,
3638 4699 3724 4756 la-

2061 4795 2274 4864 vatque
2292 4807 2398 4848 nos
2420 4807 2454 4847 a
2469 4789 2723 4864 peccatis
2743 4789 3328 4864 nostrisquotidianis
3349 4790 3410 4846 in
3429 4789 3723 4864 sanguine

2063 4896 2344 4948 suo,cum
2375 4879 2638 4953 ejusdem
2676 4879 2858 4936 beatae
2891 4879 3184 4952 passionis
3203 4879 3276 4935 ad
3298 4878 3484 4935 altare
3505 4895 3724 4935 memo-

2063 4969 2153 5026 ria
2181 4967 2518 5041 replicatur,
2531 4985 2666 5024 cum
2700 4966 2872 5040 panis
2901 4971 2960 5024 et
2987 4968 3106 5024 vini
3135 4971 3422 5035 creatura,
3442 4966 3507 5024 in
3531 4983 3724 5024 sacra-

2064 5063 2330 5115 mentum
2361 5057 2558 5114 carnis
2587 5062 2644 5114 et
2674 5057 2982 5132 sanguinis
3025 5058 3131 5126 eis,
3163 5055 3442 5113 ineffabili
3473 5056 3722 5130 spiritus

2063 5147 2526 5204 sanctificatione
2543 5146 2926 5215 transfertur;
2947 5145 3149 5219 sicque
3165 5161 3379 5218 corpus
3398 5148 3455 5201 et
3473 5144 3720 5218 sanguis

2063 5235 2244 5304 illius,
2277 5253 2394 5292 non
2423 5235 2752 5292 inﬁdelium
2785 5235 3058 5292 manibus
3091 5235 3162 5291 ad
3193 5233 3516 5308 perniciem
3549 5250 3718 5290 suam

2063 5315 2330 5380 funditur
2358 5328 2416 5380 et
2443 5323 2748 5391 occiditur,
2791 5324 2890 5380 sed
2934 5322 3196 5380 ﬁdelium
3224 5339 3323 5378 ore
3366 5323 3634 5379 sumitur
3658 5321 3718 5378 in

2063 5412 2444 5485 salutem.Cuj
2453 5429 2524 5468 us
2541 5417 2696 5469 recte
2713 5413 2960 5486 figuram
2979 5429 3169 5486 agnus
3192 5411 3250 5466 in
3273 5410 3401 5484 lege
3421 5409 3716 5484 paschalis

2061 5503 2337 5571 ostendit,
2351 5501 2453 5574 qui
2475 5500 2656 5558 semel
2687 5500 2971 5574 populum
2993 5501 3065 5557 de
3082 5500 3418 5574 lEgyptiaca
3439 5501 3715 5556 servitute

2059 5590 2338 5658 liberans,
2369 5589 2430 5646 in
2488 5589 2831 5647 memoriam
2861 5589 3127 5662 ejusdem
3186 5588 3558 5645 liberationis
3618 5604 3716 5661 per

2062 5695 2267 5737 omnes
2297 5695 2483 5736 annos
2527 5676 2928 5735 immolatione
2966 5693 3078 5736 sua
3121 5676 3404 5751 populum
3439 5677 3710 5734 eumdem
