3980 6186
314 355 468 422 1151

1095 362 1476 427 HINCMARI
1522 365 1770 430 ΡιΗ-ΕΜ.
1814 365 2176 428 ARCHIEP.
2224 365 2633 430 OPUSCULA
2675 366 2938 430 VARIA.

3567 368 3730 432 H53

313 506 420 574 per
445 487 784 565 patientiam
835 491 1115 552 referrent
1163 495 1416 554 fructum
1443 497 1508 554 in
1540 501 1802 572 tempore
1829 515 1957 555 suo.
1991 498 2042 568 Α
2070 496 2223 555 hanc
2283 497 2642 556 Rbemorum
2711 497 3000 558 civitatem
3059 497 3218 557 adire
3275 503 3598 574 coeperunt.
3656 503 3736 560 Et

313 571 426 636 Sed
449 583 506 636 et
525 597 630 652 per
646 597 709 637 se
731 581 1036 652 Dominus,
1061 584 1160 658 qui
1197 587 1486 658 perforato
1513 587 1569 642 in
1595 571 1764 644 cruce
1784 587 1966 644 latere

314 681 424 725 suo
445 669 750 726 aediﬁcavit
769 670 1110 742 Ecclesium,
1137 675 1496 747 profundens
1515 693 1730 749 aquam
1752 681 1809 732 et
1837 693 1968 733 san-

314 757 580 830 guinem,
611 760 828 832 quibus
856 762 1058 818 eadem
1108 763 1367 820 Ecclesia
1397 763 1624 822 lavacro
1657 765 1882 840 rigatur
1909 771 1967 824 et

316 847 525 920 poculo
559 865 572 904 :
607 853 664 905 et
694 866 798 922 per
827 850 984 908 hunc
1017 869 1250 908 servum
1283 871 1480 925 suum,
1513 854 1606 911 cui
1650 857 1964 930 regendam

317 951 487 992 suam
509 938 807 995 commisit
827 939 1164 1009 Ecclesiam,
1190 941 1495 1016 impressis
1514 943 1572 1000 in
1596 949 1759 1016 petra
1785 945 1964 1001 vesti-

317 1025 452 1098 giis,
485 1028 720 1099 quando
765 1029 1096 1086 robustiora
1131 1031 1288 1087 saxis
1318 1032 1582 1106 vestigia,
1614 1038 1671 1090 et
1702 1033 1968 1090 molliora

317 1115 580 1189 vestigiis
597 1135 736 1174 saxa
752 1121 987 1174 ostensa
1007 1121 1570 1187 sunt,demonstrare
1592 1122 1969 1194 singulariter

288 1204 522 1274 ,voluit,
548 1207 701 1280 quod
723 1207 794 1263 de
814 1209 1014 1263 eadem
1045 1208 1304 1266 Ecclesia
1325 1227 1428 1283 per
1451 1211 1686 1285 Moysen
1719 1212 1971 1285 figurata

321 1293 614 1351 locutione
634 1296 899 1368 praedixit
922 1313 934 1353 :
969 1298 1196 1354 Ferrum
1223 1308 1274 1356 et
1301 1317 1374 1355 ws
1403 1302 1824 1358 calceamentum
1850 1304 1976 1374 ejus

323 1386 496 1453 (Deut.
529 1384 747 1457 xxxm).
780 1385 1252 1445 Calceamentum
1313 1388 1527 1463 quippe
1575 1389 1635 1445 in
1667 1390 1971 1464 Scriptura

323 1477 545 1539 sancta,
565 1474 868 1530 munimen
892 1477 1321 1549 praedicationis
1352 1479 1817 1553 accipitur,sicut
1834 1479 1971 1538 scri-

323 1566 490 1636 ptum
521 1567 610 1618 est
641 1579 654 1618 :
685 1563 926 1622 Calceati
971 1567 1130 1639 pedes
1162 1569 1217 1623 in
1245 1569 1640 1642 praedicatione
1685 1571 1972 1642 Evangelii

316 1652 472 1725 pacis
499 1653 710 1725 (Ephes.
740 1652 817 1726 γι)
874 1655 1019 1721 Quia
1067 1673 1202 1730 ergo
1252 1675 1354 1730 per
1384 1659 1600 1716 ferrum
1631 1659 1837 1730 virtus,
1869 1677 1972 1734 per

322 1755 400 1796 aes
433 1744 630 1796 autem
679 1743 1112 1814 perseverantia
1158 1745 1526 1818 exprimitur,
1559 1748 1778 1804 ferrum
1811 1752 1868 1804 et
1892 1766 1972 1806 uas

323 1827 783 1887 calceamentum
831 1832 960 1904 ejus
1005 1833 1238 1903 dicitur,
1271 1835 1415 1891 dum
1447 1837 1779 1910 praedicatio
1810 1837 1970 1895 illius

323 1917 594 1975 acumine
651 1919 830 1977 simul
887 1923 1221 1980 constantia
1273 1925 1558 1982 munitur.
1592 1926 1698 1983 Pcr
1752 1927 1970 1984 ferrum

323 2007 504 2076 enim,
550 2008 706 2064 mala
758 2010 1127 2068 adversantia
1182 2018 1483 2086 penetrat;
1513 2033 1617 2090 per
1643 2034 1721 2074 sas
1751 2021 1969 2085 autem,

324 2097 478 2157 bona
499 2115 628 2172 qua
648 2099 970 2173 proposuit,
989 2092 1404 2176 longanimiter
1424 2106 1705 2163 servat.ln
1728 2123 1794 2163 eo
1814 2107 1972 2180 quod

327 2185 479 2243 inter
507 2187 723 2260 ignem,
755 2193 812 2245 et
842 2189 916 2245 ab
946 2189 1215 2249 incendio
1246 2194 1497 2250 necdum
1544 2199 1736 2251 tactus
1785 2200 1970 2267 stans,

325 2291 459 2332 cum
482 2275 650 2350 signo
672 2278 864 2334 crucis
884 2284 942 2335 et
965 2278 1326 2339 invocatione
1351 2282 1562 2338 Christi
1586 2281 1841 2340 nominis
1862 2283 1972 2340 iste

323 2363 414 2419 vir
443 2368 702 2434 sanctus,
736 2366 836 2440 qui
869 2385 1004 2423 cum
1039 2368 1164 2426 suis
1194 2370 1455 2444 collegiis
1484 2373 1675 2429 dicere
1725 2379 1968 2446 poterat,

329 2451 538 2510 Christi
589 2452 758 2510 bonus
815 2454 951 2510 odor
1002 2472 1192 2512 sumus
1245 2460 1352 2515 Deo
1382 2459 1454 2529 (II
1481 2461 1600 2516 Cor.
1631 2463 1694 2528 ιι)
1724 2459 1783 2515 in
1811 2459 1972 2516 omni

325 2539 473 2609 l'o'co,
498 2557 560 2598 se
581 2543 906 2616 transgredi
937 2543 1204 2600 ﬂammas
1234 2546 1552 2618 prohibuit,
1586 2547 1687 2605 Dei
1719 2549 1971 2606 miracu-

327 2628 451 2686 lum
484 2631 595 2686 t'uit
623 2638 1120 2705 repraasentatum,
1145 2637 1380 2707 quando
1399 2639 1588 2694 Aaron
1624 2637 1976 2710 pontifex,ut

329 2718 477 2775 iram
500 2720 731 2778 Domini
753 2721 1029 2796 placaret,
1044 2725 1411 2783 thuribulum
1434 2744 1570 2784 cum
1595 2727 1830 2785 incenso
1843 2729 1976 2786 odo-

328 2808 501 2864 rifero
521 2811 796 2884 sumpsit,
819 2817 994 2886 atque
1027 2813 1178 2870 inter
1212 2820 1476 2874 mortuos
1496 2820 1552 2874 et
1572 2816 1828 2873 viventes
1858 2821 1974 2874 ste-

327 2896 398 2954 tit
419 2899 602 2968 (Num.
625 2903 760 2970 xw).
785 2901 968 2974 Cujus
990 2903 1219 2960 meritis
1239 2908 1297 2960 et
1316 2904 1590 2978 precibus
1610 2906 1975 2979 postulamus

329 2987 388 3042 in
407 2988 578 3046 nobis
597 2989 889 3063 exstingui
904 2991 1038 3048 nam
1048 3009 1174 3049 mas
1192 2991 1718 3068 vitiorum,nosque
1741 2994 1975 3052 liberari

329 3077 404 3133 ab
433 3075 568 3152 igne
597 3083 877 3152 perpetuo
927 3079 1382 3137 intolerabilium
1415 3086 1860 3140 tormentorum.
1893 3084 1975 3140 De

329 3166 576 3238 eo,quod
593 3167 866 3239 praefatus
879 3167 1249 3240 civis,contra
1268 3169 1512 3227 vetitum
1535 3171 1685 3227 beati
1701 3172 1972 3246 Remigii,

331 3255 485 3328 quod
517 3255 615 3312 ille
645 3255 956 3326 clauserat,
989 3257 1214 3330 aperire
1246 3259 1638 3333 praesumpsit,
1667 3264 1724 3318 et
1753 3242 1974 3318 ultiduc
2009 3242 2052 3308 (ἶ

331 3360 447 3399 non
470 3343 657 3398 caruit
683 3360 694 3400 :
721 3361 829 3401 nos
859 3363 1092 3420 quoque
1122 3347 1607 3420 pertimescamus
1638 3354 1992 3407 sanctorum

330 3430 508 3486 verba
528 3434 585 3486 et
605 3433 1020 3506 praeceptiones
1039 3435 1456 3510 parvipendere
1480 3455 1494 3494 :
1527 3438 1669 3512 quia
1687 3437 1804 3494 Deo
1827 3438 1885 3494 in
1916 3456 1979 3495 se

331 3517 626 3590 loquente,
649 3519 776 3578 sine
797 3523 1192 3582 mutabilitate
1223 3533 1526 3584 manentes
1547 3527 1870 3584 sententias
1891 3545 1980 3582 ex-

332 3607 536 3682 primit
563 3626 764 3667 eorum
798 3630 1010 3684 sermo,
1045 3613 1141 3688 qui
1178 3617 1408 3673 transit.

402 3695 566 3754 XXV.
599 3701 872 3766 Quaedam
933 3703 1127 3775 puella
1171 3705 1244 3760 ab
1275 3706 1417 3761 urbe
1449 3704 1659 3761 Tolosa
1688 3704 1980 3778 praeclaris

333 3789 462 3842 orta
474 3787 870 3856 natalibus,ab
883 3789 1130 3847 infantia
1149 3792 1392 3865 maligni
1407 3792 1651 3865 spiritus
1675 3794 1983 3849 tenebatur

333 3873 638 3930 obsidione
669 3876 918 3948 captiva.
950 3881 1136 3944 Quam
1165 3895 1299 3935 cum
1331 3884 1528 3937 tenero
1560 3897 1757 3938 amore
1787 3880 1984 3955 dilige-

336 3964 466 4016 rent
485 3960 736 4034 piissimi
760 3965 1152 4038 genitores,ad
1175 3969 1360 4024 sancti
1386 3969 1536 4025 Petri
1557 3969 1892 4043 sepulcrum
1922 3969 1984 4026 in

337 4049 660 4107 Romanam
685 4053 887 4110 urbem
911 4071 1043 4111 cum
1063 4055 1318 4129 plurima
1333 4057 1710 4115 multitudine
1729 4059 1986 4116 etmulta

337 4137 640 4196 devotione
659 4141 969 4198 duxerunt.
991 4145 1054 4200 In
1080 4143 1288 4202 iisdem
1311 4163 1566 4220 namque
1583 4147 1849 4220 partibus
1862 4153 1987 4204 erat

334 4230 478 4283 tunc
499 4227 587 4284 vir
606 4228 734 4285 vitae
757 4232 1374 4308 memorabilis,gratia
1394 4240 1452 4292 et
1473 4237 1709 4292 nomine
1741 4237 1984 4293 Benedi-

337 4320 466 4373 ctus
487 4330 529 4386 ⁸,
563 4316 838 4390 plurimis
869 4320 1156 4396 effulgens
1184 4323 1519 4381 virtutibus.
1553 4325 1736 4398 Cujus
1766 4325 1985 4381 famam

337 4404 642 4463 audientes
671 4407 860 4481 ipsius
890 4411 1096 4482 puellae
1147 4416 1442 4484 parentes,
1476 4414 1547 4469 ad
1579 4414 1850 4470 eumdem
1884 4415 1985 4470 Dei

339 4511 574 4552 servum
605 4495 770 4553 illam
796 4499 1214 4572 perduxerunt.
1248 4503 1356 4569 Qui
1415 4501 1618 4558 multis
1657 4503 1904 4575 jejuniis
1931 4507 1989 4560 ct

2072 589 2352 660 quoniam
2382 589 2538 661 apud
2583 587 2880 644 Alaricum
2929 604 3124 662 regem
3172 589 3498 647 Gothorum
3531 591 3632 664 qui
3664 591 3732 649 iu-

2073 679 2362 735 Tolosana
2391 677 2624 734 civitate
2677 679 2875 735 sedem
2933 695 3103 736 suam
3165 680 3492 748 cdnstit‘uit,
3519 685 3578 736 et
3609 698 3730 737 una

2072 781 2209 822 cum
2235 783 2411 840 regno
2443 767 2681 824 Gothico
2712 785 2986 840 magnam
3017 772 3244 841 partem
3269 768 3588 825 Galliarum
3614 769 3730 827 sibi

2074 855 2348 922 obtinuit,
2381 857 2635 929 praedita:
2684 856 2890 930 puellae
2921 862 3194 930 parentes
3233 857 3401 916 valde
3431 858 3729 926 honorati,

2075 961 2141 1000 ac
2172 945 2510 1014 familiares,
2560 950 2636 1015 et,
2691 951 2756 1003 ut
2804 947 3120 1014 ferebatur,
3181 963 3355 1004 carne
3410 949 3732 1021 propinqui

2075 1034 2205 1101 eius
2235 1039 2420 1104 erant,
2450 1052 2588 1091 cum
2642 1034 2853 1092 litteris
2904 1051 2970 1091 ac
3014 1035 3223 1108 legatis
3260 1035 3453 1108 ipsius
3481 1037 3558 1092 ad
3587 1038 3733 1092 bea-

2074 1126 2202 1178 tum
2237 1123 2566 1197 Remigium
2600 1140 2703 1196 pro
2732 1124 3147 1180 emundatione
3167 1125 3489 1197 saepedicto:
3519 1123 3736 1198 puella

2075 1213 2150 1269 ab
2180 1212 2424 1285 antiquo
2473 1212 2659 1281 hoste,
2691 1211 2752 1268 in
2812 1212 2964 1269 hanc
3020 1213 3254 1280 urbem,
3301 1213 3466 1270 illam
3525 1230 3732 1270 secum

2075 1301 2330 1357 vinctam
2361 1301 2736 1368 adducentes,
2770 1306 3072 1371 venerunt,
3106 1307 3172 1358 ut
3201 1301 3420 1358 Christi
3459 1318 3570 1375 per
3590 1319 3738 1360 eum

2075 1389 2352 1446 virtutem
2383 1395 2768 1464 agnoscerent
2796 1391 2854 1446 in
2890 1390 3236 1463 purgatione
3273 1389 3517 1459 sobolis,
3549 1398 3738 1464 quam

2077 1479 2450 1553 prmscierant
2517 1478 2880 1536 confessione
2937 1477 3202 1536 latronis.
3259 1479 3474 1536 Beatus
3531 1484 3737 1537 autem.

2079 1567 2380 1642 Remigius
2429 1584 2563 1624 cum
2613 1566 2892 1624 diuturna
2947 1567 3330 1625 reluctatione
3359 1585 3424 1624 se
3452 1583 3574 1624 non
3605 1584 3738 1625 esse

2079 1659 2150 1714 ad
2173 1661 2406 1712 tantum
2429 1674 2578 1729 opus
2598 1657 2844 1728 digunm
2892 1660 3196 1726 assereret,
3225 1661 3286 1713 et
3313 1661 3601 1714 consueta
3629 1675 3738 1730 pne

2078 1745 2284 1802 tientia
2305 1749 2676 1818 repugnaret,
2700 1743 2974 1818 precibus
2995 1749 3086 1801 est
3109 1745 3309 1818 populi
3341 1745 3741 1819 supplicantis

2078 1834 2321 1901 evictus,
2348 1838 2411 1890 ut
2439 1834 2758 1892 orationem
2786 1851 2891 1906 pro
2917 1851 2986 1890 ea
3010 1835 3298 1904 funderet,
3331 1840 3394 1891 et
3419 1840 3736 1908 parentum
3838 1856 3863 1881 ο

2080 1923 2354 1998 lacrymis
2396 1922 2745 1980 condoleret.
2778 1923 2943 1980 Tunc
3000 1923 3226 1980 meritis
3281 1923 3618 1980 sanctitatis
3644 1930 3740 1980 ιιι-ι

2081 2017 2298 2082 matus,
2331 2010 2490 2068 verbi
2539 2010 2811 2084 praecepit
2855 2012 3121 2085 imperio,
3151 2017 3218 2068 ut
3245 2012 3497 2086 iniquus
3522 2013 3738 2085 praedo,

2083 2118 2186 2174 per
2205 2101 2360 2174 quod
2384 2100 2686 2174 ingressus
2709 2101 2917 2168 fuerat,
2949 2101 3294 2170 discederet,
3316 2106 3376 2158 et
3402 2101 3622 2157 Christi
3655 2101 3740 2156 fa-

2083 2189 2304 2246 mulam
2338 2188 2639 2246 relaxaret.
2671 2190 2874 2262 Itaque
2905 2207 3042 2246 cum
3071 2191 3258 2246 nimio
3286 2189 3516 2247 vemitu
3549 2195 3609 2246 et
3633 2190 3740 2246 ob-

2081 2297 2276 2336 somno
2300 2279 2496 2334 fmtore
2519 2295 2622 2351 per
2641 2295 2730 2345 os,
2751 2295 2869 2351 quo
2897 2278 3155 2347 intravit,
3178 2293 3457 2351 egressus
3482 2283 3598 2335 est.
3625 2278 3738 2335 Sed

2072 2367 2255 2442 paulo
2285 2372 2418 2440 post
2447 2367 2785 2424 discedente
2843 2367 3139 2440 pontifice,
3172 2367 3284 2422 sub
3317 2367 3512 2440 ipsius
3541 2372 3738 2424 tamen

2082 2456 2236 2513 hora:
2267 2457 2477 2529 spatio,
2513 2457 2654 2512 dum
2687 2455 2869 2514 nimio
2899 2455 3097 2512 labore
3126 2455 3282 2512 fessa
3313 2460 3576 2522 nutaret,
3609 2455 3740 2512 vita

2081 2545 2271 2601 calore
2293 2546 2553 2617 decepta,
2579 2543 2852 2618 spiritum
2876 2543 3088 2601 salutis
3102 2543 3320 2600 amisit.
3345 2544 3582 2602 lteratis
3601 2558 3744 2616 ergo

2083 2633 2355 2708 precibus
2381 2633 2843 2707 supplicantium
2862 2633 3037 2688 turba
3052 2633 3299 2690 recurrit
3318 2633 3392 2689 ad
3414 2633 3738 2690 medicum.

2081 2723 2185 2780 Vir
2231 2727 2426 2780 autem
2483 2727 2723 2779 sanctus
2755 2739 2818 2780 se
2848 2726 3089 2779 accusat
3115 2723 3311 2794 potius
3343 2727 3738 2796 perpetrasse,

2083 2829 2262 2886 quam
2295 2811 2564 2868 sanitatis
2611 2809 2917 2884 praemium
2964 2810 3322 2880 indulsisse;
3354 2815 3415 2868 et
3441 2811 3742 2868 exstitisse

2083 2900 2387 2958 homicidii
2417 2917 2606 2968 reum,
2638 2916 2752 2956 non
2784 2898 3103 2957 contulisse
3134 2900 3485 2956 remedium.
3519 2901 3604 2956 Ad
3639 2901 3744 2956 ba-

2084 2991 2312 3048 silicam
2346 2990 2525 3063 igitur
2555 2987 2740 3044 sancti
2771 2988 3020 3045 Joannis
3065 2989 3361 3062 Baptistae,
3393 2989 3498 3046 ubi
3529 3004 3742 3062 corpus

2075 3080 2312 3152 jaccbat
2341 3077 2625 3144 examine,
2657 3077 2855 3150 populi
2889 3077 3165 3134 obtentus
3193 3078 3631 3150 deprecatione,
3663 3094 3744 3134 re-

2084 3169 2373 3242 greditur,
2403 3165 2603 3240 ibique
2645 3171 2886 3223 sanctus
2935 3165 3236 3240 Remigius
3276 3183 3414 3223 cum
3465 3165 3742 3238 lacrymis

2085 3258 2156 3314 ad
2190 3257 2524 3330 pavimenta
2551 3261 2891 3312 sanctorum
2924 3255 2983 3310 in
3015 3255 3276 3312 oratione
3324 3254 3738 3328 prosternitur,

2087 3351 2145 3403 et
2176 3344 2454 3420 reliquos,
2490 3349 2556 3400 ut
2609 3345 2692 3400 ita
2749 3344 3026 3411 tacerent,
3058 3343 3425 3405 adhortatur.
3455 3345 3531 3402 Et
3559 3345 3746 3400 effuso

2085 3435 2477 3508 lacrymarum
2495 3433 2701 3502 imbre,
2715 3450 3077 3508 consurgens
3097 3431 3404 3490 suscitavit
3417 3438 3740 3500 mortuam,

2088 3541 2264 3598 quam
2285 3523 2447 3597 prius
2465 3521 2691 3580 sanavit
2705 3522 3468 3596 zegrotam.Apprehendens
3487 3536 3748 3594 namque

2089 3631 2331 3669 manum
2359 3614 2508 3684 ejus,
2533 3611 2704 3668 dixit:
2723 3611 2938 3678 Puella,
2961 3611 3022 3666 in
3046 3611 3280 3667 nomine
3305 3609 3538 3668 Domini
3561 3610 3740 3668 nostri

2087 3702 2224 3758 Jesu
2259 3701 2498 3771 Christi,
2530 3718 2725 3774 surge.
2751 3703 2886 3768 Quae
2913 3717 3048 3756 mox
3075 3716 3210 3756 cum
3245 3700 3479 3774 integra
3517 3699 3742 3756 incolu-

2090 3789 2313 3859 mitate,
2348 3790 2502 3846 sicut
2529 3790 2660 3863 ipsa
2688 3794 2891 3862 postea
2920 3789 3229 3856 fatebatur,
3256 3791 3329 3846 ab
3347 3789 3502 3862 ipsis
3532 3787 3744 3846 inibi-ni

2090 3877 2366 3934 claustris
2416 3879 2688 3946 surrexit,
2721 3882 2777 3934 et
2798 3877 2869 3934 ad
2901 3875 3137 3950 propria
3165 3875 3412 3933 feliciter
3443 3878 3742 3934 remeavit.

2161 3967 2350 4023 XXVI.
2385 3967 2580 4024 Potest
2625 3966 2782 4024 enim
2835 3964 3148 4039 fragilitate
3195 3965 3392 4022 carnis
3423 3969 3664 4034 exutus,
3696 3970 3750 4022 et

2092 4055 2286 4112 choris
2308 4055 2590 4131 angelicis
2611 4055 2888 4124 sociatus,
2908 4053 3138 4127 plebem
3156 4071 3326 4110 suam
3345 4058 3406 4112 et
3424 4054 3752 4127 quemlibet

2093 4162 2226 4202 cum
2261 4146 2374 4202 ﬁde
2403 4149 2718 4218 petentem,
2743 4145 2814 4200 de
2843 4161 2983 4200 casu
3006 4143 3326 4215 cujuslibet
3353 4143 3608 4216 periculi
3637 4144 3750 4199 im-

2095 4233 2396 4302 minentis,
2423 4233 2648 4290 meritis
2667 4239 2726 4290 et
2745 4233 3018 4306 precibus
3039 4232 3166 4290 suis
3189 4232 3436 4305 eripere,
3459 4237 3520 4290 et
3549 4247 3756 4306 quem-

2095 4339 2327 4395 cunque
2348 4339 2381 4378 a
2404 4321 2576 4378 malis
2597 4321 2671 4378 ad
2694 4322 2847 4379 bona
2867 4337 3234 4390 conversum,
3250 4321 3323 4376 de
3341 4321 3754 4395 cujuscunque

2095 4411 2316 4484 peccati
2341 4415 2527 4468 morte
2557 4410 2929 4479 resuscitare,
2953 4410 3055 4466 sed
3076 4415 3134 4466 et
3153 4411 3227 4466 de
3251 4409 3452 4467 futura
3471 4416 3754 4484 perpetua

2096 4505 2280 4557 morte
2301 4499 2569 4570 liberare,
2592 4501 2694 4574 qui
2722 4500 2914 4557 adhuc
2934 4499 2992 4555 in
3023 4498 3319 4572 ergastulo
3349 4499 3754 4572 corruptibilis

339 4582 706 4641 orationibus
737 4603 840 4658 pro
871 4586 1060 4660 ipsius
1087 4589 1986 4648 emendationeabinfestissimo
2017 4610 2072 4675 Ι)
2097 4589 2292 4646 carnis
2345 4589 2593 4664 positus,
2642 4588 2797 4646 viam
2852 4593 3097 4645 mortuae
3153 4587 3338 4644 valuit
3391 4593 3748 4645 restaurare.

340 4671 604 4728 daemone
625 4671 898 4732 laborans
910 4677 1140 4734 Domini
1154 4679 1478 4752 potentiam
1489 4681 1718 4736 studuit
1729 4697 1984 4737 exorare.

341 4761 526 4826 Quam
571 4778 705 4818 cum
753 4762 916 4821 nulla
961 4767 1251 4840 potuisset
1295 4767 1713 4826 intercessione
1759 4785 1988 4837 curare,

343 4865 449 4904 nec
479 4848 552 4905 ab
584 4848 714 4922 ipsa
743 4851 936 4908 callidi
971 4855 1253 4912 daemonis
1279 4856 1440 4913 virus
1477 4856 1759 4914 valuisset
1789 4857 1988 4932 expeto

340 4937 478 5007 lere,
533 4937 736 4996 multis
767 4957 832 4998 ac
857 4941 1240 5002 validissimis
1271 4946 1612 5003 exorcismis
1657 4947 1987 5020 adjuratus,

340 5026 449 5083 hoc
481 5045 828 5100 responsum
861 5031 1142 5105 antiquus
1173 5033 1361 5091 hostis
1387 5035 1662 5102 reddidit,
1691 5035 1992 5094 divini-no-

343 5114 520 5173 minis
541 5117 926 5176 obtestatione
945 5121 1318 5188 constrictus,
1343 5125 1498 5197 quod
1531 5142 1834 5198 nunquam
1856 5125 1995 5182 alte-

342 5202 465 5259 rius
509 5204 580 5261 de
622 5206 824 5264 eodem
874 5206 1228 5278 habitacula,
1259 5209 1374 5266 nisi
1429 5211 1608 5285 huius
1666 5211 1991 5268 beatissimi

345 5292 591 5365 Remigii
624 5293 908 5353 antistitis
938 5297 1303 5355 orationibus
1336 5305 1534 5373 posset
1562 5299 1790 5374 expelli.
1826 5302 1991 5357 Tunc

344 5387 614 5454 parentes
637 5385 764 5456 ejus
797 5401 931 5442 cum
962 5385 1150 5459 ipsius
1177 5387 1284 5444 viri
1314 5389 1414 5445 Dei
1449 5390 1744 5446 Benedicti
1782 5390 1990 5448 litteris

413 5521 434 5547 ι
464 5507 689 5564 Erroris
746 5509 840 5564 hic
897 5510 1249 5570 Hincmarus
1285 5531 1322 5568 a
1353 5514 1561 5570 Baron.
1597 5518 1738 5570 tom.
1771 5515 1842 5572 Vl
1872 5519 1988 5572 An-

348 5575 463 5656 nal.
495 5579 783 5657 arguitur,
801 5583 955 5657 quod
988 5600 1102 5657 pro
1123 5585 1434 5657 Benedicto
1468 5585 1673 5657 puellas
1703 5590 1864 5657 patre
1893 5587 1992 5644 ho-

348 5650 502 5704 mine
533 5650 1260 5726 prmdivite—inprovincia,
1293 5656 1444 5714 hanc
1468 5650 1545 5713 de
1576 5657 1635 5713 S.
1670 5650 1880 5714 B-ened.
1900 5657 1990 5714 hi-

2099 4678 2406 4750 Propterea
2426 4677 2706 4751 quoniam
2727 4678 2856 4734 dum
2876 4683 3101 4734 mortes
3139 4682 3280 4734 sunt
3306 4677 3368 4732 in
3393 4693 3754 4750 unoquoque

2098 4772 2513 4836 nostrum,una
2528 4766 2797 4824 videlicet
2809 4767 3017 4824 animm
3036 4783 3140 4840 per
3153 4770 3487 4840 peccatum,
3499 4766 3750 4823 etalteru

2097 4855 2358 4929 corporis
2377 4859 2614 4930 propter
2645 4859 2947 4928 peccatum
2972 4856 3042 4911 ad
3065 4872 3294 4928 pcenam
3317 4855 3546 4928 peccati
3569 4872 3584 4912 :
3618 4855 3752 4928 quia

2098 4961 2258 5001 mors
2278 4948 2367 5001 est
2383 4944 2853 5016 animai,quando
2871 4943 3026 5001 Deus
3043 4961 3173 5000 eam
3193 4942 3410 5000 deserit
3432 4943 3510 5000 ob
3531 4942 3750 5018 magni-

2097 5033 2363 5090 tudinem
2396 5038 2798 5106 peccatorum;
2824 5037 2882 5088 et
2909 5049 3069 5089 mors
3095 5037 3190 5088 est
3215 5031 3501 5104 corporis,
3515 5032 3748 5106 quando

2099 5123 2172 5179 ab
2201 5122 2402 5178 anima
2430 5121 2755 5191 deseritur;
2790 5126 2847 5178 et
2895 5121 3024 5177 dus:
3082 5125 3222 5177 sunt
3271 5123 3744 5188 resurrectiones,

2101 5229 2256 5268 nunc
2286 5211 2492 5268 animae
2525 5210 2584 5266 in
2614 5209 2872 5268 Ecclesia
2901 5227 3005 5284 per
3047 5209 3263 5268 Filium
3317 5210 3585 5268 Verbum
3634 5209 3745 5278 Dei,

2099 5302 2333 5374 quando
2363 5317 2467 5374 per
2499 5299 2748 5374 gratiam
2797 5301 2926 5374 ejus
2968 5299 3224 5375 resurgit
3247 5317 3282 5356 a
3314 5303 3505 5356 morte
3537 5299 3746 5373 iniqui-

2099 5389 2234 5447 tatis
2269 5407 2284 5446 :
2316 5394 2374 5445 et
2403 5389 2524 5446 haec
2554 5393 2644 5446 est
2671 5388 2864 5462 prima
2901 5387 3268 5456 resurrectio,
3300 5405 3482 5462 quam
3511 5389 3618 5462 qui
3651 5388 3742 5442 ha-

2099 5515 2280 5596 storia
2307 5513 2686 5600 contexuerit,
2703 5514 3039 5600 probatque
3071 5513 3151 5600 nid‘
3179 5513 3740 5600 ex.testam;_S.‘Ref

2100 5586 2242 5669 mig.
2285 5585 2438 5658 quod
2488 5585 2644 5667 apud
2701 5583 2884 5641 Briss.
2917 5583 3188 5667 habetur,
3218 5587 3276 5641 et
3302 5584 3459 5656 apud
3494 5583 3660 5642 Flod.
3687 5583 3737 5638 in

2097 5657 2237 5714 bist.
2270 5657 2475 5714 Rhem.
2504 5655 2605 5714 Ιιι).
2638 5673 2694 5724 v,
2726 5673 2777 5713 c.
2813 5657 2882 5713 18
2911 5672 2926 5712 :
2959 5657 3088 5713 vide
3113 5656 3243 5712 Bar.
3274 5673 3372 5712 an;
3403 5656 3534 5711 507.
