4028 6178
311 283 461 355 “fit

1572 260 1754 342 VITA
1797 282 2075 342 SANCTI
2124 282 2449 342 numen.

3567 288 3723 359 1162

310 419 479 489 ptum
496 412 689 486 ipsius
712 414 884 487 (Deut.
901 415 999 483 vn),
1024 430 1139 470 non
1162 416 1357 469 autem
1383 413 1486 470 ulli
1509 419 1786 470 creatura:
1806 414 1961 471 exhi-
1989 415 2043 482 Α
2072 414 2285 470 durum
2317 417 2517 471 contra
2546 413 2785 470 luxuriae
2817 416 3119 473 mollitiem
3142 434 3240 473 cor
3259 402 3515 491 episcopi
3550 419 3727 476 emol-

310 505 565 562 bendam
597 508 813 561 sanctae
836 503 1148 577 Scriptura:
1170 502 1417 559 lectione
1442 503 1871 576 cognoscimus.
1899 504 1967 558 Et

309 593 395 658 sic
434 597 566 667 post
606 592 1038 649 confessionem
1070 593 1400 667 orthodoxa:
1424 593 1578 662 fidei,
1613 593 1685 648 ad
1720 593 1963 648 interro-

307 682 605 758 gationem
630 681 818 739 sancti
839 681 1137 755 pontiﬁcis
1154 682 1481 739 secundum
1503 681 1963 739 ecclesiasticum

308 789 532 831 morem
564 772 894 844 baptizatus
942 776 1031 828 est
1080 771 1238 831 trina
1287 771 1575 828 mersione
1622 772 1683 827 in
1727 771 1964 827 nomine

307 865 525 919 sanctae
573 864 631 916 et
676 859 992 916 individua;
1042 859 1367 927 Trinitatis,
1402 860 1609 929 Patris,
1638 864 1695 917 et
1734 860 1862 916 Filii
1907 864 1965 917 et

306 950 565 1025 Spiritus
595 948 804 1005 sancti.
840 950 912 1006 Et
938 953 1247 1024 susceptus
1295 950 1368 1006 ab
1421 949 1547 1023 ipso
1596 949 1867 1021 pontiﬁce
1892 950 1963 1007 de

305 1044 511 1115 sancto
543 1039 698 1094 fonte
741 1042 1063 1112 perunctus
1113 1042 1203 1095 est
1242 1055 1406 1095 sacro
1455 1037 1792 1107 chrismate,
1825 1055 1961 1096 cum

306 1127 475 1201 signo
525 1130 737 1184 sanctae
790 1127 984 1183 crucis
1035 1127 1270 1183 Domini
1322 1127 1505 1184 nostri
1538 1127 1678 1184 Jesu
1725 1127 1958 1185 Christi.

304 1217 684 1294 Daptizantur
703 1220 899 1274 autem
921 1217 992 1274 de
1017 1217 1273 1274 exercitu
1295 1218 1424 1288 ejus
1444 1216 1559 1272 tria
1596 1216 1783 1273 millia
1810 1216 1961 1273 viro-

303 1323 463 1375 rum,
486 1306 740 1378 exceptis
770 1306 1027 1379 parvulis
1077 1311 1135 1363 et
1181 1306 1551 1364 mulieribus.
1586 1306 1964 1380 Baptizantur

304 1411 542 1469 sorores
565 1396 696 1467 ejus
715 1393 1031 1452 Alboﬂedis
1053 1385 1110 1451 et
1130 1395 1592 1465 Landehildis,et
1624 1397 1843 1452 factum
1874 1399 1964 1453 est

301 1484 588 1559 gaudium
615 1500 898 1558 magnum
918 1483 979 1540 in
1002 1484 1102 1541 illa
1123 1486 1216 1541 die
1234 1484 1458 1558 angelis
1481 1485 1699 1541 sanctis
1718 1486 1773 1541 in
1794 1485 1958 1555 cmlo,

302 1578 362 1631 et
392 1573 735 1631 hominibus
769 1572 991 1631 devotis
1022 1573 1081 1629 in
1112 1578 1284 1631 terra.
1303 1573 1474 1629 Multi
1503 1573 1752 1646 denique
1784 1575 1962 1630 Fran-

303 1680 510 1720 corum
542 1663 850 1732 exercitus,
886 1664 1137 1721 necdum
1172 1665 1243 1719 ad
1292 1664 1466 1719 ﬁdem
1509 1663 1791 1731 conversi,
1825 1679 1960 1719 cum

2073 502 2339 569 lircnt,et
2367 502 2536 575 quasi
2563 519 2767 575 rupem
2790 521 3021 561 saxeam
3054 507 3126 562 de
3156 505 3281 562 loco
3304 524 3423 563 suae
3446 506 3723 563 sanctitas

2074 593 2149 647 iis
2183 592 2253 648 ad
2289 591 2529 648 luxurim
2562 591 3010 665 inquinamenta
3042 595 3469 665 transtulerint,
3493 600 3549 652 ct
3583 595 3722 653 item

2073 686 2276 739 contra
2305 681 2667 756 Scripturam
2699 681 2990 739 dicentem
3026 699 3039 737 :
3076 684 3207 752 Quis
3238 686 3494 755 alligabit
3540 687 3724 758 ignem

2074 773 2135 827 in
2191 773 2321 827 sinu
2364 788 2483 839 suo,
2516 779 2569 828 et
2611 773 2927 828 vestimenta
2973 771 3091 843 ejus
3146 789 3257 829 non
3303 774 3725 832 comburantur?

2071 862 2255 932 (Prov.
2305 860 2408 934 v1.)
2438 861 2687 917 Admota
2739 860 2860 934 igni
2916 859 3103 933 palea,
3165 861 3224 916 id
3284 865 3372 917 est
3416 862 3721 920 muliebris

2073 949 2267 1007 carnis
2297 949 2560 1019 materia,
2595 949 2858 1006 libidinis
2888 948 3083 1023 ignem
3114 949 3388 1008 suasione
3410 950 3716 1025 diabolica,

2072 1038 2243 1112 quasi
2271 1043 2440 1096 vento
2460 1038 2790 1096 vehementi
2824 1039 3171 1113 exagitante,
3190 1039 3364 1095 ardor
3391 1037 3632 1096 luxuriae
3657 1041 3717 1101 in

2072 1129 2347 1185 ﬂammas
2378 1128 2593 1201 erupit.
2621 1130 2691 1184 Et
2719 1129 3142 1186 concumbente
3195 1145 3262 1185 eo
3306 1145 3443 1185 cum
3490 1130 3715 1200 eadem,

2070 1219 2368 1291 quondam
2399 1235 2576 1275 uxore
2607 1236 2734 1285 sua,
2769 1218 2980 1275 mulier
3006 1218 3271 1291 concepit
3301 1236 3315 1274 :
3348 1222 3404 1275 et
3432 1223 3567 1293 post
3593 1237 3724 1297 parb

2070 1311 2196 1364 tum
2228 1306 2527 1364 mandavit
2557 1307 2828 1383 episcopo
2859 1306 3046 1364 ﬁlium
3077 1323 3138 1363 se
3185 1308 3500 1381 peperisse.
3535 1309 3717 1367 Gene-

2071 1394 2283 1452 baldus
2311 1413 2447 1452 vero
2480 1396 2761 1452 confusus
2790 1399 2846 1451 et
2874 1395 3097 1466 dolens,
3116 1396 3320 1452 nuntio
3348 1395 3494 1453 dixit
3524 1414 3538 1454 ;
3573 1396 3719 1464 Quia

2069 1483 2395 1551 latrocinio,
2427 1489 2494 1540 ut
2537 1484 2743 1540 lateret
2779 1483 3071 1550 homines,
3104 1484 3260 1557 quod
3304 1484 3488 1540 Deum
3537 1485 3718 1547 latere

2071 1590 2185 1629 non
2208 1573 2484 1645 potuit,in
2507 1572 2797 1629 concubili
2820 1572 3104 1630 absconso
3117 1577 3429 1645 generatus
3450 1578 3717 1643 est,recte

2069 1663 2371 1719 vocabitur
2410 1663 2602 1719 Latro.
2636 1662 2731 1719 Sic
2779 1662 2831 1718 ei
2874 1676 3086 1718 nomen
3138 1662 3422 1735 imponat.
3455 1664 3526 1720 Et
3579 1663 3718 1737 quia

298 1752 635 1826 Raganario
654 1751 808 1809 ultra
830 1752 1132 1811 Sommam
1154 1751 1400 1809 ﬂuvium
1426 1751 1767 1825 aliquandiu
1798 1752 1964 1825 dege-
1996 1794 2042 1863 Β
2072 1752 2245 1826 culpa
2266 1752 2605 1810 hominibus
2635 1769 2752 1809 non
2783 1751 3138 1821 innotuit,ne
3158 1752 3416 1825 suspicio
3436 1752 3572 1809 inde

301 1846 439 1863 ___-__1
504 1842 676 1863 J-_.--
712 1841 923 1863 nL_S_12
962 1841 1139 1863 ..μ-12-
1176 1845 1511 1863 ---.;-_,__.1-
1570 1841 1922 1863 __1___!A-2___
2079 1843 2296 1863 -__I_.__1
2356 1842 2401 1863 -2
2442 1859 2491 1863 _-
2529 1860 2548 1863 _
2594 1842 2752 1863 --ιει,
2806 1840 3132 1863 __2__°1-.l!-_-
3182 1841 3391 1863 B-_-£_-
3428 1841 3520 1863 21]-
3580 1843 3677 1863 ___‘L

301 1846 463 1909 runt,
497 1842 679 1897 donec
711 1841 928 1898 Christi
957 1841 1149 1915 gratia
1171 1845 1538 1914 cooperante,
1565 1841 1834 1915 gloriosis
1853 1859 1955 1916 po-

300 1931 453 1987 titus
471 1930 751 2000 victoriis,
778 1931 1052 1987 eumdem
1075 1931 1467 2004 Raganarium
1473 1974 1492 2004 ,
1507 1931 1743 2005 ﬂagitiis
1772 1930 1957 2004 turpi-

300 2019 571 2089 tudinem
609 2019 1321 2092 inservientcm,vinctum
1348 2039 1382 2076 a
1413 2020 1670 2091 Francis,
1697 2020 1808 2077 sibi
1841 2024 1955 2077 tra-

294 2109 493 2181 ditum
526 2124 625 2164 rex
646 2108 972 2166 Ludovicus
1002 2109 1233 2178 occidit,
1258 2113 1314 2165 et
1332 2126 1565 2166 omnem
1600 2111 1957 2185 Francorum

292 2198 589 2273 populum
623 2215 727 2271 per
756 2200 818 2255 B.
873 2197 1207 2273 Remigium
1261 2200 1333 2255 ad
1383 2200 1561 2255 ﬁdem
1609 2198 1863 2257 converti
1902 2203 1959 2256 et

297 2287 595 2361 baptizari
623 2287 897 2345 obtinuit.

372 2377 489 2433 XL.
522 2377 603 2434 De
652 2376 936 2433 miraculo
983 2376 1296 2450 siquidem,
1332 2379 1489 2451 quod
1535 2378 1819 2435 Dominus
1868 2379 1957 2435 di-

302 2470 520 2539 gnatus
549 2469 638 2523 est
666 2466 970 2523 ostendere
998 2483 1101 2540 per
1129 2465 1413 2524 columba:
1437 2467 1712 2541 speciem,
1736 2467 1796 2523 in
1824 2467 1959 2524 alla-

304 2552 466 2627 tione
494 2554 851 2623 chrismatis,
880 2555 1033 2612 sicut
1060 2560 1117 2612 et
1148 2556 1218 2613 de
1249 2556 1400 2625 aliis,
1437 2562 1562 2613 rata
1591 2561 1679 2613 est
1708 2556 1957 2613 catholi-

303 2660 511 2703 corum
556 2644 793 2701 Patrum
843 2646 1141 2718 sequenda
1189 2646 1497 2715 sententia,
1531 2663 1649 2719 qua
1695 2646 1955 2704 dicitur:

303 2734 515 2799 Divina
543 2735 821 2808 operatio,
847 2734 897 2792 si
922 2736 1146 2805 ratione
1171 2737 1705 2811 comprehenditur,
1722 2755 1837 2793 non
1869 2742 1959 2794 est

303 2823 702 2891 admirabilis:
738 2841 843 2881 nec
876 2825 1022 2882 ﬁdes
1052 2827 1228 2883 habet
1258 2827 1665 2895 meritum,cui
1699 2827 1958 2899 humana

304 2912 459 2973 ratio
492 2914 710 2986 praebet
739 2915 1224 2988 experimentum.

374 3002 518 3060 XLI.
554 3002 886 3076 Baptizatus
915 3008 1112 3062 autem
1163 3021 1261 3061 rex
1305 3023 1439 3061 eum
1489 3009 1659 3079 gente
1708 3006 1954 3081 integra,

304 3090 591 3163 plurimss
610 3093 1014 3164 possessiones
1033 3110 1137 3167 per
1148 3094 1405 3151 diversas
1416 3094 1743 3168 provincias
1756 3100 1956 3152 sancto

2073 1843 2320 1909 cederet,
2353 1842 2403 1900 si
2436 1859 2498 1899 se
2525 1860 2559 1899 a
2589 1842 2762 1900 solita
2806 1840 3137 1898 visitatione
3182 1841 3400 1898 femina
3428 1841 3529 1899 illa
3576 1843 3715 1900 sub-

2065 1931 2339 1999 traheret,
2374 1933 2549 2005 coepit
2578 1937 2645 1989 ut
2673 1936 2844 1989 antea
2872 1932 3117 1988 domum
3147 1932 3515 2004 frequentare
3562 1932 3715 2006 epis-

2067 2022 2217 2094 copi.
2251 2021 2463 2094 Sieque
2496 2022 2714 2079 factum
2744 2026 2854 2089 est,
2880 2025 2946 2077 ut
2965 2024 3123 2077 recta
3152 2021 3490 2079 hominibus
3520 2021 3714 2095 culpa,

2067 2112 2123 2165 et
2152 2109 2212 2166 in
2243 2112 2518 2168 cordibus
2572 2116 2694 2167 tam
2744 2111 3001 2184 episcopi
3042 2127 3220 2183 quam
3269 2110 3496 2167 feminis
3528 2115 3716 2167 tectus

2065 2200 2309 2256 luauria:
2337 2201 2545 2269 ardor;
2581 2201 2842 2273 quoniat,
2878 2204 2943 2256 ut
2988 2203 3195 2255 notum
3241 2204 3350 2268 est,
3379 2216 3495 2271 quo
3526 2200 3715 2273 magis

2064 2290 2304 2364 tegitur,
2332 2294 2522 2346 tectus
2553 2290 2743 2364 magis
2773 2292 2980 2345 metuat
3006 2288 3160 2363 ignis
3192 2307 3206 2345 :
3241 2292 3445 2345 contra
3479 2288 3716 2365 culpam

2066 2382 2455 2453 compunctus
2466 2380 2940 2453 episcopus,post
2961 2378 3160 2434 ﬂetum
3186 2378 3258 2433 ad
3275 2377 3509 2451 culpam
3523 2370 3714 2447 rediit,

2065 2473 2125 2527 et
2154 2469 2373 2525 oblitus
2405 2472 2497 2525 est
2528 2469 2682 2540 quod
2714 2466 3036 2540 planxcrat,
3061 2483 3195 2523 eum
3216 2467 3585 2542 exstinguere
3615 2484 3718 2525 no-

2065 2559 2178 2615 luit
2208 2558 2363 2631 quod
2396 2575 2502 2631 per
2531 2558 2890 2615 desiderium
2942 2557 3203 2614 ardebat.
3237 2555 3472 2616 Itcravit
3516 2573 3718 2632 pecca-

2068 2653 2195 2705 tum
2240 2648 2398 2720 quod
2449 2651 2664 2722 egerat.
2697 2647 3087 2720 Concepitque
3136 2646 3349 2703 iterum
3398 2645 3628 2715 mulier,
3663 2638 3721 2703 et

2068 2738 2248 2795 misso
2280 2737 2823 2807 nuntio,mandavit
2842 2737 3114 2810 episcopo
3142 2753 3205 2791 se
3235 2736 3514 2791 feminam
3546 2751 3718 2808 pepe—

2066 2828 2216 2884 risse
2248 2844 2260 2882 :
2296 2843 2475 2899 quam
2526 2825 2710 2897 jussit
2754 2824 3044 2882 nominari
3095 2822 3498 2896 Vulpeculam.
3531 2824 3717 2892 Quod,

2065 2935 2171 2975 cur
2200 2917 2283 2971 ita
2301 2931 2428 2972 eam
2452 2914 2746 2971 nominari
2768 2912 3148 2985 voluerit,qui
3180 2912 3418 2987 fraudes
3453 2915 3511 2968 et
3535 2910 3716 2991 signi-

2064 3004 2365 3062 ﬁcationes
2394 3003 2454 3058 in
2486 3002 2805 3075 Scripturis
2836 3002 3024 3074 ipsius
3071 2999 3345 3057 animalis
3394 2998 3714 3080 cognoscit,

2065 3111 2213 3167 quas
2246 3094 2317 3149 ad
2340 3092 2504 3149 dolos
2535 3096 2594 3147 et
2622 3091 2908 3147 versutias
2939 3089 3265 3163 deceptoris
3294 3087 3531 3156 diaboli,
3562 3091 3619 3144 et
3641 3088 3713 3167 ad

307 3179 599 3253 Remigio,
616 3186 736 3238 tam
768 3181 892 3254 ipse
913 3199 1091 3255 quam
1118 3184 1321 3240 Franci
1347 3189 1610 3257 potentes
1630 3185 1917 3242 dederunt
1938 3202 1951 3241 :
1983 3174 2026 3251 Si
2065 3181 2260 3239 carnis
2280 3179 2598 3254 petulantia
2623 3179 2926 3235 illecebras
2945 3183 3003 3235 et
3020 3179 3320 3234 anfractus
3331 3174 3711 3249 retulitfacile

304 3286 465 3342 quos
495 3269 620 3343 ipse
642 3287 747 3344 per
778 3271 1038 3337 diversas
1068 3272 1344 3329 ecclesias
1376 3273 1724 3341 tradidit,ne
1756 3274 1959 3330 Franci

314 3376 453 3417 eum
488 3376 686 3416 rerum
712 3361 1124 3433 temporalium
1155 3362 1436 3434 cupidum
1466 3367 1685 3430 esse,et
1714 3363 1788 3419 ob
1808 3364 1866 3419 id
1888 3364 1960 3420 ad

305 3447 814 3504 Christianitatcm
864 3466 964 3505 eos
1029 3467 1267 3506 vocasse
1325 3455 1618 3523 putarent,
1674 3456 1731 3506 ct
1787 3452 1960 3521 ﬁdem

305 3535 525 3601 Christi
553 3554 619 3593 ac
642 3540 914 3594 sanctum
939 3539 1330 3595 sacerdotium
1361 3539 1799 3612 vilipenderent.

376 3624 547 3681 XLII.
580 3626 659 3682 Dc
689 3626 909 3699 quibus
941 3614 1120 3684 rebus
1172 3628 1232 3684 in
1280 3628 1660 3685 orientalibus
1716 3630 1961 3685 Francia:

302 3713 597 3787 partibus,
636 3715 971 3788 petentibus
1002 3716 1402 3786 traditoribus,
1418 3718 1742 3791 portionem
1763 3734 1966 3791 quam-

306 3804 449 3861 dam
471 3802 765 3876 episeopio
785 3804 1101 3861 Rhemensi
1132 3806 1430 3878 adjunxit;
1466 3811 1524 3863 et
1540 3808 1609 3863 de
1636 3807 1729 3864 his
1754 3824 1882 3880 quae
1903 3807 1962 3863 in

306 3892 627 3949 Rhemensi
661 3893 960 3965 provincia
979 3893 1063 3949 illi
1096 3894 1331 3950 fuerunt
1356 3895 1602 3963 traditae,
1627 3913 1744 3951 non
1774 3897 1962 3953 modi-

305 3996 445 4038 cam
478 3985 707 4053 partem
738 3981 993 4040 ecclesiae
1025 3987 1236 4038 sancta-
1268 3983 1462 4038 Marize
1494 3984 1555 4039 in
1587 3989 1776 4041 castro
1809 3986 1962 4041 Lauc

306 4068 459 4127 duni
490 4069 700 4127 clavati
733 4071 1082 4129 Rhcmensis
1113 4071 1537 4145 parochize,ubi
1568 4072 1824 4129 nutritus
1845 4073 1964 4130 fue-

308 4161 405 4214 rat
433 4157 676 4215 tradidit
707 4175 721 4215 :
754 4158 955 4231 ibique
982 4160 1378 4217 Genebaldum
1397 4161 1868 4232 (Genebaudum)
1887 4163 1964 4218 vi-

309 4264 451 4313 rum
482 4263 655 4307 carne
682 4248 959 4316 nobilem,
992 4252 1049 4305 et
1086 4253 1209 4306 tam
1246 4249 1307 4305 in
1355 4250 1672 4323 Scripturis
1719 4252 1961 4320 sanctis,

307 4352 494 4410 quam
519 4337 657 4393 etin
691 4336 1069 4395 saccularibus
1086 4336 1298 4395 litteris
1321 4338 1746 4411 eruditum,qui
1768 4339 1967 4396 relicta

306 4427 764 4501 coniugemepte
795 4427 1019 4492 scilicet
1047 4426 1235 4500 ipsius
1254 4427 1317 4483 B.
1343 4426 1610 4501 Remigii,
1632 4428 1810 4485 vitam
1832 4428 1964 4485 reli-

2069 3272 2213 3329 satis
2235 3270 2501 3326 advertit.
2525 3268 2787 3325 Tandem
2817 3268 3065 3325 Domino
3084 3267 3188 3341 qui
3220 3268 3456 3325 beatum
3477 3267 3711 3331 Petrum

2070 3359 2342 3433 respexit,
2377 3363 2435 3415 et
2479 3358 2846 3431 negationem
2892 3357 3261 3414 amarissime
3310 3356 3467 3413 ﬂevit
3503 3355 3712 3429 (Matth.

2070 3454 2245 3519 xxvx),
2271 3448 2437 3503 illum
2470 3447 2782 3519 recipiente
2828 3445 3200 3502 Genebaldus
3244 3446 3305 3501 in
3356 3463 3419 3501 se
3449 3461 3716 3519 reversus

2071 3539 2144 3593 ad
2177 3542 2445 3592 sanctum
2480 3535 2813 3608 Remigium
2844 3535 3008 3590 misit
3036 3538 3240 3606 petens
3270 3538 3335 3590 ut
3366 3534 3718 3603 Laudunum

2071 3625 2315 3694 veniret;
2351 3642 2467 3698 qua
2491 3624 2636 3680 tales
2667 3640 2856 3680 causa:
2888 3624 2968 3679 ibi
3013 3626 3390 3692 emerserunt,
3424 3639 3574 3696 quas
3618 3638 3723 3699 per

2072 3732 2134 3772 se
2165 3714 2417 3771 difﬁnire
2444 3730 2560 3769 non
2591 3717 2806 3786 posset.
2832 3713 3045 3768 Beatus
3076 3716 3271 3768 autem
3306 3709 3722 3785 Remigius,si-

2073 3809 2172 3861 cut
2202 3802 2570 3860 Genebaldus
2600 3801 2784 3874 petiit,
2818 3802 3169 3857 Laudunum
3201 3800 3481 3875 pervenit.
3506 3801 3577 3856 Et
3596 3816 3723 3881 sus-

2072 3899 2277 3967 ceptus
2310 3909 2445 3949 cum
2475 3890 2670 3948 debita
2707 3890 3048 3958 reverentia,
3082 3906 3149 3946 ac
3197 3893 3420 3947 secreta
3465 3886 3723 3963 cubiculi

2073 3988 2301 4056 petens,
2336 3978 2735 4036 Genebaldum
2795 3977 3170 4051 interrogavit
3216 3994 3319 4051 pro
3378 3995 3496 4050 qua
3543 3993 3723 4055 causa

2073 4070 2239 4126 illum
2268 4065 2959 4139 vocaverit.Genebaldus
2974 4083 3107 4121 vero
3139 4082 3274 4121 cum
3301 4067 3555 4121 maximo
3578 4067 3719 4125 ﬂetu

2073 4164 2130 4217 et
2163 4158 2386 4231 ejulatu
2414 4156 2616 4225 volens
2645 4155 2847 4211 tollere
2870 4154 3082 4211 stolam
3104 4154 3176 4209 de
3196 4152 3344 4210 collo
3366 4169 3497 4221 suo,
3518 4157 3576 4210 et
3593 4170 3722 4226 pro-

2074 4248 2277 4305 cedere
2305 4248 2376 4302 ad
2426 4247 2602 4319 pedes
2631 4243 2816 4300 sancti
2870 4241 3140 4315 Remigii,
3175 4258 3311 4297 cum
3362 4256 3577 4315 magna
3603 4241 3719 4297 vir-

2075 4342 2198 4393 tute
2228 4354 2262 4392 a
2287 4337 2453 4392 beato
2502 4332 2765 4407 Remigio
2814 4335 2905 4388 est
2954 4331 3247 4398 detentus,
3280 4347 3352 4386 ne
3384 4327 3601 4385 stolam
3650 4329 3721 4407 de

2075 4424 2222 4482 collo
2253 4442 2359 4481 suo
2389 4422 2634 4480 tolleret.
2666 4422 2736 4477 Et
2763 4425 3077 4494 postquam
3105 4417 3329 4475 diutius
3351 4418 3525 4474 ambo
3550 4418 3722 4474 ﬂeve-

305 4515 543 4589 giosam
592 4515 926 4589 expetierat,
961 4514 1301 4589 episcopum
1353 4516 1661 4584 ordinavit,
1693 4521 1750 4573 et
1798 4535 1964 4590 paro-
1998 4543 2043 4615 υ
2077 4519 2216 4571 runt
2245 4512 2630 4612 (intelleaerat
2679 4510 2835 4567 enim
2885 4511 2948 4566 B.
2982 4506 3722 4615 Remigiusﬁepebaldum

307 4603 511 4660 chiam
543 4603 731 4677 ipsius
753 4606 1069 4667 comitatus
1087 4605 1495 4662 Lauduncnsis
1516 4606 1752 4678 praefato
1773 4611 1963 4663 castro
1998 4596 2039 4615 ”
2075 4603 2386 4660 admisisse
2417 4600 2659 4671 crimen,
2683 4617 2789 4674 pro
2818 4616 2933 4672 quo
2952 4598 3166 4656 stolam
3195 4596 3367 4655 vellet
3388 4597 3720 4679 deponere),

307 4692 587 4764 subjecit.
623 4694 732 4760 Qui
763 4693 1133 4752 Genebaldus
1161 4694 1477 4767 plusquam
1500 4711 1736 4751 necesse
1757 4695 1964 4766 fuerat,

307 4782 384 4838 de
406 4784 679 4839 anteacta
708 4782 827 4839 vita
871 4786 930 4839 et
974 4782 1193 4856 gradus
1236 4781 1600 4838 sublimitate
1642 4784 1965 4850 conﬁdens,

306 4886 449 4937 cum
474 4869 743 4926 debuerit
771 4872 1048 4944 cogitare,
1066 4872 1204 4944 quia
1227 4887 1334 4927 nec
1354 4871 1534 4927 David
1566 4870 1842 4937 sanctior,
1864 4888 1967 4927 nec

310 4958 632 5019 Salomone
650 4959 969 5032 sapientior
989 4959 1269 5032 esset,qui
1288 4960 1604 5016 mulierum
1626 4959 1970 5029 delinimen-

306 5048 388 5104 tis
430 5047 744 5120 periclitati
791 5051 956 5118 sunt;
989 5049 1224 5115 incaute
1273 5066 1441 5105 suam
1492 5065 1753 5117 uxorem,
1788 5065 1965 5121 quam

308 5136 659 5209 relinquens
681 5141 1007 5201 mutaverat
1024 5136 1085 5193 in
1115 5154 1397 5206 sororem,
1423 5138 1592 5211 quasi
1622 5154 1725 5209 pro
1754 5136 1969 5209 instru-

308 5225 508 5291 ctione
564 5225 829 5295 salutari,
861 5226 1230 5299 frequentius
1284 5244 1347 5283 se
1392 5226 1628 5282 visitare
1676 5226 1965 5298 permisit,

309 5313 535 5371 oblitus
568 5314 891 5388 Scriptura)
914 5315 1163 5373 dicentis
1196 5332 1211 5373 :
1247 5315 1472 5388 Lapides
1501 5323 1766 5372 excavant
1785 5331 1965 5388 aqua

306 5409 359 5469 et
389 5402 672 5461 alluvione
700 5412 849 5471 terra
877 5407 1236 5473 consumitur,
1267 5413 1320 5461 et
1348 5422 1507 5478 rupes
1538 5408 1872 5479 transfertur
1903 5405 1969 5461 de

312 5490 431 5549 loco
460 5508 559 5548 suo
589 5494 727 5563 (Job.
761 5496 901 5565 XIV).
936 5493 1099 5551 Unde
1126 5493 1386 5567 contigit,
1424 5499 1489 5550 ut
1535 5495 1747 5550 crebrae
1768 5493 1966 5551 visita-

288 5579 522 5654 ,tiqnes,
553 5585 614 5643 et
641 5582 859 5643 blanda
886 5600 954 5651 ac
992 5583 1320 5658 frequentia
1348 5583 1610 5655 mulieris
1656 5583 1965 5661 colloquia,

634 5709 911 5776 PATROL.
957 5711 1200 5777 CXXV.

2072 4693 2160 4748 vir
2189 4689 2548 4764 singultibus
2574 4694 2630 4745 et
2650 4688 2924 4761 lacrymis
2947 4687 3317 4745 Genebaldus
3338 4704 3441 4762 per
3460 4687 3723 4765 ordinem

2077 4782 2277 4840 omnia
2313 4778 2530 4850 retulit,
2556 4796 2684 4852 quae
2715 4777 3108 4833 commiserat.
3127 4780 3310 4843 Quem
3342 4781 3583 4835 sanctus
3613 4778 3725 4832 Re-

2077 4869 2295 4944 migius
2310 4867 2512 4924 videns
2530 4865 2848 4923 contritum
2871 4869 2926 4921 et
2947 4881 3093 4938 pene
3115 4865 3491 4939 desperatum
3513 4864 3725 4922 blande

2076 4958 2411 5016 consolatus
2433 4960 2522 5012 est
2539 4954 2738 5010 dicens
2762 4971 2775 5009 :
2802 4954 2927 5010 Non
2950 4958 3184 5011 tantum
3206 4953 3369 5011 doleo
3382 4955 3452 5009 de
3464 4953 3724 5010 admisso

2076 5067 2110 5106 a
2139 5052 2195 5105 te
2224 5046 2489 5111 crimine,
2509 5047 2794 5117 quantum
2826 5043 2982 5115 quod
3012 5043 3096 5099 sic
3128 5043 3279 5101 male
3300 5041 3483 5099 sentis
3512 5041 3583 5097 de
3606 5041 3728 5099 Do-

2077 5136 2222 5194 mini
2241 5132 2625 5205 bonitate,cui
2647 5132 2970 5189 secundum
2985 5130 3389 5204 Evangelicam
3399 5128 3723 5200 veritatem,

2077 5243 2192 5282 non
2225 5228 2313 5281 est
2340 5220 2706 5296 impossibile
2736 5238 2910 5278 omne
2932 5221 3175 5276 verbum
3206 5219 3441 5288 (Luc.1).
3495 5219 3625 5291 Ipse
3655 5218 3727 5275 de

2076 5313 2258 5372 nihilo
2290 5315 2503 5369 cuncta
2550 5311 2705 5380 fecit,
2739 5310 3117 5384 primumque
3147 5311 3471 5381 parentem,
3502 5307 3563 5363 in
3612 5325 3726 5381 quo

2077 5420 2279 5462 omnes
2309 5405 2714 5474 peccaverunt,
2733 5399 2923 5472 gratia
2944 5397 3172 5455 salvum
3194 5396 3356 5466 fecit;
3382 5396 3728 5481 nullumque

2076 5494 2416 5567 peccantem
2446 5491 2520 5546 ad
2551 5507 2612 5546 se
2642 5504 2939 5545 reversum
2971 5485 3238 5558 despicit,
3265 5486 3363 5558 qui
3395 5491 3728 5571 peccatores

2075 5579 2366 5659 sanguine
2394 5595 2500 5640 suo
2530 5577 2818 5638 redimere
2852 5574 3027 5637 venit.
3061 5568 3724 5661 Quatriduauum’etiam

3326 5704 3403 5768 37
