4028 6178
343 333 499 396 H63

1116 335 1499 396 HINCMARI
1550 334 1787 395 RHEM.
1835 334 2195 395 AllCHIEP.
2245 337 2652 409 OPUSCULA
2699 296 2962 400 VARIA.

3585 335 3746 395 1164

345 448 636 522 {intentem
669 465 973 532 Lazarum,
997 463 1269 538 lacrymis
1300 483 1587 534 sororum,
1613 481 1740 538 quae
1770 465 1990 538 signifi-
2015 465 2071 532 Α
2101 469 2478 538 pernoctabat
2507 467 2566 524 in
2599 469 2880 536 oratione,
2903 473 2959 524 et
2990 467 3158 541 quasi
3202 466 3518 533 dormiens,
3551 465 3611 520 in
3643 481 3746 521 ex-

341 548 479 610 eant
504 551 786 610 sollicitas
816 569 883 609 ac
913 554 1133 610 ﬂebiles
1153 554 1556 627 pcenitentium
1583 555 1986 627 cogitationes,

342 642 770 716 ‘compatiendo,
791 641 947 699 ﬂevit
973 647 1030 699 et
1059 660 1093 698 a
1123 644 1370 699 mortuis
1401 643 1988 713 suscitavit,suscita-

343 737 472 788 tum
500 731 760 788 convivio
783 748 890 788 suo
919 731 1160 788 admisit
1188 733 1363 804 (Joan.
1387 733 1486 806 xx).
1521 731 1782 788 Mulieris
1814 731 2005 812 etiam.

343 819 553 896 ipsius,
585 838 712 895 quae
761 821 951 878 fuerat
979 820 1040 876 in
1088 819 1317 879 civitate
1375 822 1684 895 peccatrix,
1715 821 1990 878 manibus

343 909 654 984 iniquitate
683 909 945 984 pollutis,
970 911 1382 967 sanctissimus
1413 912 1590 984 pedes
1619 929 1760 968 suos
1792 912 1860 979 is,
1887 911 1988 984 qui

286 1028 299 1042 ι
343 1015 525 1074 super
552 999 894 1074 angelorum
923 999 1189 1056 omnium
1218 999 1492 1056 verticem
1525 1001 1598 1056 ad
1631 1001 1818 1056 Patris
1853 1000 1990 1056 dex-

340 1093 529 1147 teram
577 1087 862 1156 considet,
894 1089 1189 1145 attrectari
1244 1105 1360 1144 non
1419 1089 1613 1145 renuit
1651 1091 1830 1162 (Joan.
1866 1091 1988 1160 xu).

344 1181 660 1252 Nunquam
691 1177 797 1234 ulli
826 1177 1300 1251 quantiscumque
1345 1177 1432 1233 vel
1484 1179 1992 1250 qualibuscunque

337 1265 599 1344 peccatis
627 1270 878 1334 mortuo,
912 1283 1016 1322 seu
1046 1265 1198 1322 mole
1226 1283 1294 1323 ac
1325 1267 1608 1323 scelerum
1648 1268 1994 1323 enormitate

345 1355 596 1430 sepulto,
619 1355 867 1430 gratiam
891 1353 1354 1411 resuscitationis
1387 1372 1422 1410 a
1451 1355 1704 1427 peccatis
1725 1355 1988 1428 denegat.

349 1446 532 1520 Digne
563 1443 962 1521 pauitantem,
996 1447 1172 1515 atque
1220 1460 1328 1498 sua
1377 1446 1613 1516 peccata
1660 1443 1994 1510 deﬂentem,

349 1552 452 1608 per
487 1533 736 1606 januam
797 1531 1288 1588 reconciliationis
1338 1532 1740 1588 communioni
1797 1531 1996 1588 altaris

349 1639 514 1680 sacro
541 1621 728 1678 sancti
761 1620 1033 1676 restituit.

419 1709 614 1768 XLIII.
651 1711 719 1766 Et
749 1713 814 1765 ut
852 1713 978 1764 erat
1009 1707 1388 1765 doctissimus
1419 1715 1475 1764 et
1496 1713 1687 1764 orator
1720 1709 1996 1782 cloquen-

350 1800 989 1868 tissimus,testimonia
1016 1800 1086 1855 de
1116 1799 1425 1855 latitudine
1447 1804 1661 1855 sancta:
1685 1801 1996 1872 Scriptura:

349 1895 408 1947 et
453 1888 736 1960 exempla.
773 1888 1183 1944 Pmnitentium
1243 1889 1302 1942 in
1351 1905 1532 1943 unum
1591 1888 1890 1962 colligens,
1924 1891 1993 1944 ad

350 1978 733 2035 animandum
765 1993 898 2032 eum
929 1976 1012 2032 illi
1045 1977 1367 2050 proposuit,
1402 1981 1460 2032 et
1488 1976 1786 2032 exhortato
1817 1977 1998 2048 poeni-

352 2069 594 2126 tentiam
626 2067 854 2122 indixit.
903 2067 1188 2138 Factaque
1221 2066 1631 2121 mansiuneula
1677 2083 1811 2122 cum
1853 2067 2000 2122 lecto

349 2157 410 2213 in
442 2158 682 2214 modum
729 2155 1002 2230 sepulcri,
1036 2161 1092 2210 et
1138 2155 1506 2228 parvissimis
1553 2155 1889 2222 fenestellis,
1933 2172 1999 2210 ac

351 2246 624 2313 oratorio,
657 2263 782 2318 quae
835 2245 1122 2316 hodieque
1180 2261 1426 2300 manens
1475 2261 1644 2300 secus
1693 2244 1998 2301 ecclesiam

350 2335 536 2392 sancti
555 2334 800 2406 Juliani,
816 2333 1214 2389 Genebaldurn
1238 2333 1296 2388 in
1328 2351 1396 2388 ea
1417 2332 1675 2400 reclusit,
1699 2338 1754 2388 et
1779 2333 1998 2389 clerum

351 2441 418 2481 ac
447 2423 736 2498 parochias
758 2421 946 2496 ipsius
968 2421 1254 2495 populum
1277 2439 1380 2494 per
1399 2427 1620 2494 septem
1645 2425 1922 2488 annos,ut
1943 2426 2001 2478 et

351 2512 648 2588 propriam
673 2510 1012 2585 parochiam
1036 2511 1404 2584 gubernavit,
1419 2515 1478 2567 et
1508 2527 1687 2567 unam
1719 2510 1874 2567 diem
1895 2511 2000 2566 Do-

351 2601 628 2658 minicam
659 2599 920 2670 Rhemis,
953 2599 1195 2656 alteram
1249 2599 1402 2672 apud
1457 2600 1808 2655 Laudunum
1851 2598 1998 2655 cele-

350 2689 558 2746 bravit.
591 2689 655 2746 In
678 2705 797 2762 qua
826 2687 1152 2745 reclusione
1183 2687 1556 2760 poenitentiae,
1591 2691 1823 2760 quanta!
1856 2705 1998 2742 con-

350 2777 624 2847 tritionis,
659 2782 718 2835 et
765 2775 1133 2834 continentiae
1181 2777 1336 2833 idem
1382 2775 1752 2832 Genebaldus
1801 2776 1994 2844 fuerit,

349 2866 547 2924 divina
574 2865 978 2924 misericordia
1006 2864 1446 2922 demonstravit.

420 2954 611 3014 XLIV.
643 2955 903 3029 Septimo
935 2955 1228 3026 siquidem
1277 2970 1430 3008 anno
1477 2953 1538 3008 in
1583 2952 1782 3026 vigilia
1823 2970 1998 3010 omnes

341 3043 604 3114 Domini,
637 3060 772 3101 cum
803 3044 958 3100 idem
989 3041 1360 3099 Genebaldus
1383 3041 1442 3096 in
1493 3041 1752 3098 oratione
1791 3059 1996 3114 perno-

349 3118 551 3203 ctaret,
581 3135 640 3189 et
668 3131 929 3203 seipsum
960 3130 1218 3198 deﬁeret,
1247 3129 1524 3201 quoniam
1558 3130 1631 3196 is,
1654 3129 1754 3202 qui
1787 3133 1858 3187 ad
1889 3131 1998 3188 hoc

2099 574 2328 612 cessum
2362 561 2450 612 est
2489 563 2710 630 raptus.
2745 560 2814 613 Et
2852 559 2998 614 vidit
3045 555 3318 630 angelum
3369 556 3746 612 assistentem

2099 645 2232 712 sibi,
2249 646 2347 718 qui
2371 645 2422 701 ei
2439 646 2636 702 omnia
2677 647 2828 703 sicut
2848 647 3004 703 dicta
3039 651 3096 702 et
3115 649 3280 718 gesta
3303 645 3552 711 fuerant,
3577 660 3747 700 enar-

2099 733 2264 802 ravit,
2295 739 2352 790 et
2375 735 2558 805 jussit
2605 734 2954 806 quantocius
3005 735 3356 790 Laudunum
3406 737 3652 807 peteret,
3691 734 3750 788 et

2099 823 2500 880 Genebaldum
2537 825 2658 880 sedi
2677 823 2990 896 episcopali
3011 823 3366 890 restitueret,
3389 827 3446 877 et
3467 838 3668 878 coram
3689 838 3752 878 se

2099 913 2494 969 ministerium
2551 913 2878 986 episcopale
2929 929 3100 984 agere
3157 911 3553 984 persuaderet.
3618 911 3754 966 Mox

2101 1007 2340 1057 sanctus
2363 1000 2841 1075 Remigius,nihil
2862 1001 3160 1068 dubitans,
3177 1017 3310 1057 cum
3334 1016 3571 1056 summa
3599 997 3756 1056 cele-

2099 1089 2272 1146 ritate
2316 1091 2666 1146 Laudunum
2725 1090 2911 1163 petiit,
2945 1095 3002 1146 et
3046 1089 3107 1145 in
3158 1089 3360 1146 limine
3403 1088 3560 1157 ostii,
3591 1086 3754 1146 salvo

2101 1177 2292 1252 sigillo
2323 1184 2378 1235 et
2401 1195 2532 1236 sera
2553 1179 2812 1247 reserati,
2834 1178 3230 1236 Genebaldum
3263 1179 3555 1248 jacentem
3588 1193 3755 1250 repe-

2102 1267 2212 1323 rit:
2237 1285 2409 1340 quem
2432 1268 2685 1325 extensis
2705 1267 2960 1325 brachiis
2982 1285 3116 1324 cum
3146 1267 3362 1341 gaudio
3386 1270 3443 1323 et
3476 1265 3756 1341 lacrymis

2101 1357 2352 1414 laudans
2403 1357 2633 1414 Domini
2694 1355 3156 1414 misericordiam
3213 1355 3474 1424 elevavit,
3499 1370 3756 1428 eumque

2104 1445 2228 1501 sedi
2249 1450 2307 1502 et
2329 1446 2519 1502 officio
2537 1431 2874 1518 episcopali,
2889 1445 3066 1501 veluti
3086 1444 3329 1518 angelus
3349 1443 3584 1500 Domini
3616 1460 3756 1516 pre-

2104 1539 2353 1606 ceperat,
2369 1535 2678 1590 restituere
2710 1534 3043 1602 maturavit,
3069 1537 3125 1590 et
3155 1533 3410 1590 Rhemos
3441 1549 3578 1588 cum
3611 1549 3755 1605 gau-

2107 1625 2202 1680 dio
2235 1624 2551 1696 repedavit.
2585 1623 2956 1679 Genebaldus
3005 1624 3205 1694 itaque
3254 1623 3312 1678 in
3360 1621 3674 1678 sanctitate
3700 1625 3758 1676 et

2099 1712 2333 1783 justitia
2388 1716 2591 1784 postea
2638 1728 2842 1781 omnes
2891 1711 3016 1768 dies
3061 1711 3192 1766 vita:
3242 1729 3359 1767 suae
3413 1710 3606 1783 gratia
3653 1709 3755 1766 Dei

2110 1801 2348 1873 peregit,
2383 1801 2706 1873 praedicans
2737 1801 2982 1870 cunctis,
3018 1803 3238 1873 quanta
3275 1798 3358 1854 illi
3408 1800 3626 1856 fecerat
3653 1798 3762 1855 Do-

2111 1889 2327 1945 minus.

2177 1977 2365 2034 XLVI.
2392 1978 2720 2036 Ludovicus
2740 1996 2836 2034 rex
2859 1979 3056 2035 sedem
3081 1995 3248 2035 suam
3291 1977 3351 2034 in
3373 1977 3761 2034 Suessionum

2109 2066 2358 2134 civitate,
2393 2067 2546 2122 unde
2580 2068 2886 2140 Syagrium
2919 2067 3216 2140 expulerat
3243 2065 3630 2134 constituens,
3663 2067 3762 2122 de-

2107 2155 2432 2212 lectabatur
2489 2155 2796 2228 prmscntia
2843 2161 2900 2211 et
2947 2155 3234 2228 colloquio
3285 2155 3436 2211 beati
3489 2154 3762 2228 Remigii.

2109 2244 2220 2301 Sed
2253 2243 2392 2316 quia
2419 2244 2586 2301 villas
2635 2262 2782 2317 quas
2831 2245 2943 2300 sibi
2995 2262 3093 2300 rex
3141 2249 3198 2300 et
3243 2244 3448 2300 Franci
3481 2243 3540 2299 in
3573 2243 3764 2316 pagis,

2108 2333 2457 2390 Suessonico
2502 2333 2774 2390 videlicet
2824 2337 2882 2389 et
2930 2332 3328 2399 Laudunensi,
3362 2333 3672 2400 dederunt,
3703 2335 3770 2387 ut

2108 2440 2288 2495 supra
2331 2421 2558 2478 dictum
2606 2427 2718 2492 est,
2752 2421 3050 2495 episcopio
3100 2419 3499 2493 Laudunensi,
3531 2425 3590 2477 et
3635 2420 3773 2477 aliis

2108 2511 2260 2566 casis
2281 2511 2383 2567 Dei
2416 2512 2752 2578 donaverat,
2788 2528 2904 2568 non
2936 2511 3193 2566 habebat
3239 2510 3298 2566 in
3349 2510 3650 2566 vicinitate
3679 2508 3771 2582 ip-

2108 2601 2234 2657 sius
2264 2599 2514 2656 civitatis
2545 2600 2959 2668 Suessionum,
2983 2599 3098 2655 nisi
3128 2615 3306 2656 unam
3326 2597 3616 2664 villulam,
3637 2614 3770 2670 quae

2109 2694 2310 2746 sancto
2352 2689 2582 2744 Nicasio
2612 2689 2749 2744 data
2778 2688 2987 2744 fuerat.
3020 2687 3185 2744 Unde
3215 2687 3499 2744 suadente
3528 2685 3770 2760 religio-

2108 2777 2346 2834 sissima
2375 2777 2593 2850 regina,
2625 2781 2682 2832 et
2726 2777 3058 2850 petentibus
3105 2776 3368 2833 locorum
3399 2774 3628 2844 incolis,
3658 2774 3769 2848 qui

2109 2865 2536 2938 multiplicibus
2565 2865 2752 2921 xeniis
2779 2869 2944 2922 erant
2973 2865 3218 2938 gravati,
3245 2869 3310 2920 ut
3340 2864 3497 2937 quod
3523 2865 3646 2938 regi
3667 2864 3770 2920 de-

2109 2954 2326 3010 bebant
2343 2952 2599 3010 ecclesiae
2619 2951 2966 3010 Rhemensis
2987 2951 3399 3024 persolverent,
3423 2969 3524 3008 rex
3556 2957 3766 3010 sancto

2109 3043 2372 3116 Remigio
2421 3041 2732 3110 concessit,
2764 3045 2829 3097 ut
2875 3044 3162 3114 quantum
3207 3039 3562 3112 circumiret,
3616 3041 3767 3096 dum

2109 3132 2234 3206 ipse
2255 3131 2498 3190 meridie
2529 3131 2873 3204 quiesceret,
2897 3133 3088 3186 totum
3111 3129 3194 3185 illi
3219 3130 3482 3186 donaret.
3507 3131 3769 3187 Sanctus

349 3221 656 3280 ordinatus
685 3219 894 3288 fuerat,
930 3223 996 3274 ut
1020 3217 1080 3274 in
1112 3217 1214 3273 illa
1261 3217 1354 3274 die
1384 3219 1731 3290 pmnitcntes
1761 3219 1876 3276 Deo
1907 3236 1996 3276 re-
2025 3205 2069 3275 α
2107 3227 2304 3278 autem
2336 3219 2637 3294 Remigius
2669 3237 2773 3292 per
2801 3220 2968 3288 ﬁnes,
2991 3236 3120 3292 qua:
3151 3219 3638 3276 manifestissime
3663 3237 3770 3294 pa-

349 3309 704 3377 conciliaret,
738 3307 864 3380 ipse
911 3306 1036 3364 suis
1079 3305 1426 3362 criminibus
1481 3309 1869 3380 exigentibus,
1891 3325 1998 3366 nec

350 3397 506 3454 inter
529 3395 876 3470 pmnitentes
907 3395 966 3450 in
993 3394 1237 3452 ecclesia
1269 3397 1600 3452 merebatur
1630 3397 1947 3454 consistere
1981 3415 1992 3454 :

337 3484 506 3542 circa
525 3483 780 3542 mediam
813 3488 1042 3541 noctem
1073 3484 1319 3560 angelus
1347 3485 1580 3541 Domiui
1609 3502 1742 3542 cum
1783 3503 1998 3559 magna

347 3573 510 3631 venit
533 3572 662 3630 luce
712 3574 783 3630 ad
827 3591 984 3641 eum,
1009 3574 1068 3629 in
1100 3575 1419 3631 oratorium
1453 3575 1550 3632 ubi
1592 3592 1814 3648 pronus
1844 3577 2000 3646 jace-

349 3665 468 3734 bat,
493 3668 552 3721 et
579 3664 662 3720 ait
690 3665 762 3720 ad
797 3680 932 3720 eum
968 3679 982 3718 :
1016 3663 1363 3732 Genebalde,
1397 3663 1680 3719 exaudita:
1726 3669 1868 3720 sunt
1893 3681 1996 3736 pro

350 3758 406 3810 te
436 3752 728 3810 orationes
767 3753 950 3824 patris
999 3751 1084 3806 tui
1136 3751 1422 3824 Remigii:
1459 3752 1716 3824 suscepit
1763 3769 1997 3824 quoque

349 3842 635 3899 Dominus
663 3840 1065 3914 pmnitentiam
1097 3845 1280 3909 tuam,
1314 3844 1369 3896 et
1400 3841 1712 3898 dimissum
1742 3845 1830 3897 est
1860 3857 1995 3914 pec-

349 3935 548 3987 catum
569 3934 759 3986 tuum.
779 3930 984 4002 Surge,
1009 3933 1066 3984 et
1093 3929 1229 3985 hinc
1254 3931 1545 4001 egredere,
1572 3931 1776 4003 faeque
1823 3931 1994 3986 mini-

348 4018 510 4076 sterii
531 4017 880 4092 episcopalis
901 4018 1245 4087 officium,et
1268 4018 1578 4075 reconcilia
1606 4019 1852 4076 Domino
1883 4037 1996 4092 pos-

245 4131 272 4142 --
349 4107 600 4164 nitentes
613 4107 684 4164 de
703 4105 1052 4164 criminibus
1065 4107 1208 4164 suis.
1223 4108 1592 4166 Genebaldus
1606 4115 1802 4165 autem
1814 4109 1995 4166 nimio

348 4201 567 4255 terrore
595 4197 921 4270 perculsus,
955 4197 1304 4270 respondere
1330 4197 1411 4253 nil
1442 4198 1650 4270 potuit.
1675 4199 1840 4254 Tunc
1889 4216 1992 4255 an-

349 4285 517 4362 gelus
545 4285 778 4350 Domini
808 4287 1144 4344 confortans
1174 4304 1330 4354 eum,
1354 4292 1410 4344 et
1439 4305 1510 4342 ne
1541 4287 1773 4344 timeret
1805 4287 1995 4343 horta-

347 4381 446 4433 tus
474 4380 584 4442 est,
619 4377 721 4433 sed
760 4375 1048 4450 gauderet
1076 4375 1134 4430 in
1168 4375 1568 4433 misericordia
1599 4377 1830 4432 Domini
1882 4377 1992 4432 sibi

347 4463 578 4522 collata.
612 4464 721 4532 Qui
747 4464 1044 4521 animatus
1084 4465 1231 4520 dixit
1269 4482 1342 4521 an
1374 4464 1646 4539 angelum
1673 4484 1686 4522 ε
1713 4467 1837 4522 Non
1868 4483 1994 4538 pos-

2109 3315 2256 3380 tcnt,
2289 3326 2557 3384 pergens,
2593 3309 2763 3382 signa
2788 3309 2880 3365 sui
2913 3309 3140 3365 itineris
3167 3309 3350 3366 misit.
3388 3309 3449 3364 In
3483 3326 3604 3382 quo
3648 3309 3771 3367 ﬁne

2107 3399 2350 3472 quidam
2380 3399 2554 3454 homo
2575 3398 2799 3454 habens
2823 3396 3226 3454 molendinum
3249 3397 3466 3471 repulit
3484 3403 3768 3454 sanctum

2108 3488 2460 3561 Remigium,
2497 3504 2567 3543 ne
2597 3487 2751 3543 intra
2782 3486 2914 3544 illos
2945 3487 3092 3543 ﬁnes
3124 3487 3319 3560 ipsum
3353 3485 3768 3544 molendinum

2107 3577 2497 3634 concluderet.
2531 3579 2713 3644 Quem
2761 3577 2967 3634 beatus
3021 3575 3324 3649 Remigius
3371 3575 3590 3633 blande
3621 3575 3770 3632 allo-

2107 3684 2316 3739 quens,
2351 3665 2496 3722 dixit
2528 3681 2540 3720 :
2574 3665 2793 3737 Amice,
2818 3682 2934 3721 non
2971 3665 3050 3720 sit
3077 3663 3181 3720 tibi
3215 3664 3552 3734 molestum,
3589 3669 3659 3720 ut
3687 3665 3770 3720 si-

2107 3755 2230 3812 mul
2263 3755 2585 3812 habeamus
2616 3754 2724 3810 hoc
2747 3753 3179 3823 molendinum;
3204 3752 3303 3810 ille
3332 3758 3530 3810 autem
3563 3754 3771 3826 rejecit

2106 3861 2262 3900 eum.
2295 3845 2364 3900 Et
2393 3844 2594 3899 statim
2644 3848 2770 3899 rota
2819 3843 3138 3900 molendini
3188 3843 3330 3900 verti
3369 3843 3428 3898 in
3459 3843 3766 3900 inversum

2105 3932 2296 4007 coepit.
2331 3933 2489 3988 Idem
2522 3938 2717 3988 autem
2749 3931 2923 3988 homo
2941 3931 3211 3988 clamavit
3231 3937 3365 4004 post
3394 3932 3638 3987 beatum
3659 3932 3767 3988 Re-

2106 4021 2375 4096 migium,
2407 4021 2609 4077 dicens
2645 4037 2658 4075 :
2693 4021 2865 4076 Serve
2897 4021 3020 4087 Dei,
3051 4021 3204 4088 veni,
3235 4025 3293 4076 et
3320 4019 3654 4076 habeamus
3681 4021 3766 4076 si-

2107 4110 2230 4167 mul
2261 4110 2372 4166 hoc
2403 4109 2828 4166 molendinum.
2859 4107 2964 4164 Cui
2996 4112 3237 4165 sanctus
3271 4107 3574 4182 Remigius
3605 4109 3766 4166 :Nec

2106 4199 2394 4267 mihi,nee
2427 4197 2553 4254 tibi.
2591 4199 2661 4254 Et
2710 4197 2794 4254 sic
2825 4197 2958 4254 talis
2989 4197 3148 4254 fossa
3175 4197 3237 4253 in
3266 4197 3468 4253 eodem
3503 4195 3633 4253 loco
3665 4197 3770 4254 de-

2104 4289 2280 4357 venit,
2297 4291 2362 4343 ut
2387 4305 2454 4344 ex
2495 4290 2657 4358 tunc,
2674 4289 2730 4342 et
2766 4304 2922 4343 nunc
2945 4303 3132 4360 usque
3164 4285 3221 4341 in
3255 4289 3604 4358 perpetuum
3637 4301 3774 4342 mo-

2105 4376 2410 4433 lendinum
2441 4375 2521 4432 ibi
2545 4393 2672 4432 esse
2694 4392 2809 4432 non
2833 4375 3104 4448 potuerit.
3130 4373 3356 4446 thuia
3376 4373 3658 4446 repulsus
3679 4378 3776 4430 est

2105 4483 2138 4522 a
2169 4465 2526 4538 quibusdam
2547 4463 2908 4530 hominibus,
2925 4480 2997 4520 ne
3015 4461 3304 4536 sylvulam
3329 4463 3661 4534 quamdam
3685 4461 3775 4518 in-

348 4572 486 4643 sum
505 4557 644 4643 hinc
665 4556 1030 4630 egredi,quia
1048 4557 1324 4613 dominus
1345 4561 1402 4613 et
1428 4561 1592 4629 pater
1613 4575 1779 4614 meus
1809 4559 1998 4616 Remi-
2027 4577 2074 4643 D
2108 4559 2198 4610 tra
2223 4553 2508 4610 terminos
2535 4571 2674 4643 suos
2704 4551 3096 4643 concluderet,
3130 4550 3284 4643 dixit
3313 4555 3378 4606 ut
3405 4567 3510 4607 nec
3553 4551 3774 4608 folium

347 4641 482 4714 gius
503 4640 724 4698 clavem
745 4643 924 4716 hujus
951 4643 1298 4700 ostiisecum
1321 4644 1516 4713 habet,
1543 4647 1697 4717 quod
1720 4651 1778 4702 et
1797 4647 1989 4721 sigillo

329 4743 456 4788 'suo
486 4729 756 4804 signavit.
785 4733 854 4788 Et
885 4731 1130 4806 angelus
1159 4734 1231 4789 ad
1271 4750 1406 4789 eum
1441 4750 1454 4788 :
1485 4733 1558 4790 Ut
1586 4751 1702 4790 non
1734 4736 1986 4806 dubites,

348 4819 661 4893 inquit,me
683 4837 718 4877 a
741 4821 986 4879 Domino
1008 4822 1440 4889 missum,sicut
1459 4827 1614 4895 patet
1633 4823 1737 4880 tibi
1755 4824 1987 4895 coelum,

345 4909 430 4966 sic
457 4912 516 4966 et
545 4910 764 4966 ostium
807 4911 966 4966 istud
999 4911 1236 4984 patebit.
1271 4913 1340 4968 Et
1370 4913 1570 4968 statim
1610 4913 1766 4968 salvo
1799 4914 1992 4987 sigillo

345 5015 412 5056 ac
435 5016 586 5068 sera,
605 4999 821 5056 ostium
843 4998 989 5055 illud
1009 5005 1274 5072 apertum
1297 5005 1404 5056 est.
1429 4997 1604 5057 Tune
1626 5001 1993 5061 Genebaldus

346 5089 406 5144 in
429 5090 672 5146 modum
693 5088 885 5146 crucis
910 5105 972 5144 se
985 5090 1218 5160 jactans
1240 5089 1300 5144 in
1323 5087 1545 5159 limine,
1566 5089 1996 5148 dixitzEtiamsi

345 5177 472 5251 ipse
491 5178 778 5236 Dominus
807 5179 981 5236 Jesus
1010 5177 1276 5234 Christus
1307 5179 1583 5252 dignatus
1607 5179 1784 5236 fuerit
1802 5181 1872 5236 ad
1903 5197 1995 5238 me

343 5267 540 5324 venire
571 5271 955 5340 peccatorem,
988 5265 1124 5322 hinc
1173 5284 1288 5324 non
1335 5269 1621 5340 egrediar,
1666 5269 1849 5326 donec
1898 5268 1996 5326 ille

343 5359 587 5414 venerit.
620 5357 722 5430 qui
753 5373 847 5414 me
872 5357 932 5414 in
961 5357 1091 5430 ejus
1121 5357 1358 5414 nomine
1407 5358 1467 5414 in
1514 5357 1628 5414 ista
1670 5359 1996 5416 reclusione

344 5445 669 5504 constituit.
686 5447 754 5504 Et
769 5447 970 5504 statim
993 5445 1238 5520 angelus
1262 5446 1488 5502 Domini
1511 5446 1781 5504 discessit
1801 5447 1874 5504 ab
1905 5464 1992 5504 eo.

415 5533 579 5592 XLV.
612 5536 826 5593 Beatus
858 5552 1089 5609 quoque
1139 5535 1442 5609 Remigius
1489 5536 1549 5590 in
1610 5541 1812 5609 crypta
1867 5552 1994 5608 quas

320 5626 498 5686 ‘retro
520 5623 718 5686 sedem
761 5629 885 5686 erat
927 5625 1182 5686 ecclesiae
1227 5629 1440 5684 sanctae
1491 5623 1683 5683 Mariae
1732 5623 1992 5699 Rhemis,

2106 4659 2368 4716 unquam
2415 4643 2486 4698 de
2532 4641 2662 4714 ipsa
2706 4640 2867 4714 sylva
2915 4639 3070 4697 intra
3115 4639 3399 4696 terminos
3433 4656 3600 4710 suos,
3625 4656 3773 4697 cum

2100 4737 2255 4790 esset
2285 4729 2580 4803 contigua,
2613 4728 3025 4798 evolaret,-nec
3051 4727 3226 4784 fustis
3249 4744 3455 4784 versus
3479 4726 3618 4784 illos
3650 4733 3774 4785 ter-

2103 4821 2296 4876 minos
2317 4819 2452 4876 inde
2484 4819 2734 4876 caderet.
2756 4819 2917 4884 Quod
2939 4821 3000 4875 et
3026 4818 3398 4874 observatum
3420 4822 3532 4888 est,
3565 4834 3776 4891 quan-

2101 4910 2204 4966 diu
2237 4909 2337 4966 illa
2367 4909 2527 4982 sylva
2579 4907 2818 4964 mansit.
2857 4907 3082 4964 Abinde
3129 4923 3364 4980 quoque
3411 4908 3772 4980 procedens,

2103 4998 2260 5054 venit
2291 4999 2362 5054 ad
2392 4996 2612 5068 villam,
2637 4995 2876 5052 nomine
2897 4995 3292 5052 Caviniacum.
3317 4997 3504 5062 Quam
3526 4995 3776 5053 conclu-

2105 5089 2242 5145 dere
2265 5087 2422 5144 intra
2440 5087 2586 5143 ﬁnes
2608 5085 2740 5142 illos
2767 5085 2987 5154 volens,
3020 5085 3094 5141 ab
3124 5085 3466 5142 hominibus
3487 5087 3768 5158 ejusdem

2105 5175 2253 5234 villae
2287 5177 2540 5248 rejectus
2571 5180 2678 5232 est.
2701 5179 2864 5232 Tunc
2892 5173 2990 5231 ille
3020 5173 3196 5232 hilari
3223 5175 3390 5232 vultu
3411 5176 3590 5233 modo
3619 5176 3772 5248 reje-

2105 5271 2258 5334 ctus,
2291 5264 2464 5321 modo
2514 5265 2998 5337 repropinquans,
3034 5263 3206 5338 signa
3251 5281 3356 5338 per
3410 5281 3592 5321 suum
3651 5265 3770 5322 iter

2107 5354 2286 5424 misit,
2311 5353 2465 5411 sicut
2488 5353 2616 5410 loca
2645 5354 3067 5422 demonstrant,
3100 5371 3204 5426 per
3234 5371 3362 5426 quae
3395 5355 3674 5428 rejectus,
3707 5358 3770 5411 et

2106 5461 2210 5516 per
2253 5461 2380 5516 quae
2431 5442 2834 5515 propinquans
2890 5441 3163 5516 perrexit.
3197 5442 3462 5499 Tandem
3507 5445 3768 5516 nejectus

2105 5533 2252 5590 dixit
2272 5531 2392 5589 illis
2416 5549 2428 5587 :
2456 5533 2698 5605 Semper
2711 5531 2991 5601 laborata,
3005 5536 3065 5588 et
3083 5522 3410 5605 egestatem
3424 5533 3716 5590 sustinete
3747 5546 3770 5588 :

2081 5623 2259 5684 sicut
2286 5621 2578 5699 hodieque
2600 5620 2894 5682 manentis
2927 5621 3228 5682 sententia
3257 5621 3575 5681 verborum
3604 5619 3778 5684 illius
