4028 6178
353 342 511 404 “65

1610 352 1798 415 VITA
1846 353 2126 415 SANCTI
2174 355 2500 418 REMIGII.

3601 371 3755 435 H66

350 477 538 532 virtus
559 477 832 533 ostendit.
857 478 1141 551 Surgente
1176 481 1395 537 interea
1424 498 1557 555 rege
1589 500 1623 539 a
1650 500 1855 539 somno
1888 502 2003 540 me~
2031 489 2081 554 Α
2114 488 2296 559 pretio
2317 492 2759 562 comparavit,et
2778 497 3159 554 mansioniles
3188 499 3404 555 ibidem
3427 503 3755 571 constituit,

350 565 598 632 ridiano,
635 582 901 623 reversus
926 571 1016 624 est
1043 568 1115 623 ad
1147 584 1283 624 eum
1310 574 1549 627 sanctus
1584 572 1904 645 Remigius,
1940 579 1997 630 et

350 655 551 711 omnia
570 671 696 727 qua
719 654 978 712 ambitus
999 654 1424 714 circumitionis
1445 659 1607 717 illius
1627 663 1994 731 contiuuit,ei

347 746 633 817 pracepto
665 761 783 799 sua
815 744 1181 811 auctoritatis
1213 762 1311 801 rex
1342 747 1613 804 donavit:
1640 767 1768 821 qua
1807 767 1996 823 usque

342 832 520 889 hodie
571 831 919 889 Rhemensis
977 832 1253 902 ecclesia,
1286 851 1542 906 quarum
1575 854 1770 894 rerum
1804 840 1997 912 capita

344 925 486 978 sunt
504 921 786 978 Judiacus
807 926 864 977 et
883 921 1174 979 Ociliacus
1206 923 1615 1001 [Codiciacus],
1632 928 1769 998 jure
1798 928 1994 1001 quieto

342 1009 627 1083 possidet.

412 1099 629 1156 XLVII.
674 1099 950 1172 Legimus
996 1100 1059 1158 in
1102 1119 1270 1158 sacra
1318 1108 1377 1159 et
1426 1104 1671 1177 antiqua
1722 1105 1990 1178 historia,

341 1194 613 1245 sanctum
627 1188 806 1245 David
829 1193 1058 1247 montes
1079 1190 1291 1248 Gelboe
1315 1193 1705 1264 maledixisse,
1721 1199 1788 1250 ut
1804 1212 1876 1252 ne
1897 1214 1993 1253 ros

340 1296 448 1335 nec
468 1277 666 1351 pluvia
686 1278 911 1335 veniret
949 1296 1127 1353 super
1146 1297 1265 1352 eos,
1291 1299 1479 1355 neque
1500 1287 1697 1339 essent
1717 1284 1839 1357 agri
1874 1284 1993 1358 pri-

338 1367 644 1423 mitiarum
684 1367 757 1440 (Il
785 1369 909 1439 Reg.
936 1368 998 1440 ι).
1032 1369 1330 1427 Habemus
1357 1375 1627 1428 sanctum
1660 1373 1992 1447 Remigium

336 1473 435 1512 ore
451 1455 790 1529 prophetico
811 1454 1184 1514 maledixisse
1205 1458 1653 1518 insensibilibus
1684 1462 1990 1531 creaturis,

337 1549 404 1602 ut
422 1562 790 1621 possessores
811 1548 1373 1615 earum,sterilitatis
1402 1550 1618 1607 damno
1646 1551 1706 1606 in
1737 1551 1995 1608 vindicta

335 1634 740 1691 retributionis
769 1634 1107 1692 ferirentur.

405 1724 651 1780 XLVIII.
684 1724 967 1799 Eulogius
1013 1727 1257 1798 quidam
1289 1727 1380 1783 vir
1409 1734 1759 1802 prapotens,
1797 1731 1992 1787 convi-

332 1817 468 1869 ctus
498 1814 653 1887 apud
687 1830 883 1888 regem
915 1814 1275 1871 Ludovicum
1309 1817 1379 1873 de
1409 1817 1657 1875 crimine
1682 1819 1853 1892 regia
1876 1836 1995 1875 ma-

325 1902 587 1974 jestatis,
621 1918 756 1959 cum
788 1919 850 1960 se
880 1919 1133 1977 purgare
1164 1922 1279 1962 non
1312 1910 1528 1978 posset,
1563 1907 1634 1962 ad
1683 1907 1993 1964 ecclesiam

335 1992 563 2048 Sancta
595 1991 808 2059 Maria,
842 1996 900 2048 et
928 1993 1002 2048 ad
1034 1993 1516 2051 intercessionem
1557 1995 1711 2051 beati
1744 1996 1992 2069 Remigii

334 2079 681 2153 confugium
705 2079 857 2136 fecit.
881 2080 985 2136 Cui
1020 2086 1264 2138 sanctus
1298 2082 1621 2155 Remigius,
1647 2088 1704 2139 et
1728 2084 1903 2140 vitam
1937 2089 1994 2141 et

335 2185 532 2224 rerum
562 2185 804 2224 suarum
836 2171 991 2242 apud
1024 2187 1219 2243 regem
1253 2170 1511 2227 obtinuit
1535 2172 1989 2245 possessionem.

335 2260 496 2315 Idem
510 2263 703 2314 autem
719 2274 1023 2332 recompen
1032 2260 1277 2316 sationis
1289 2261 1477 2333 gratia
1490 2266 1691 2317 sancto
1706 2261 1988 2335 Remigio,

333 2347 696 2419 Sparnacum
716 2345 913 2402 villam
938 2364 1109 2403 suam
1132 2348 1190 2402 in
1214 2348 1624 2421 proprietatem
1638 2350 1776 2406 dare
1786 2349 1986 2405 voluit.

332 2436 586 2491 Sanctus
604 2439 798 2492 autem
813 2436 1116 2509 Remigius
1138 2438 1585 2494 retributionem
1607 2437 1988 2510 temporalem

332 2541 441 2598 pro
464 2524 903 2581 intercessionis
924 2541 1043 2580 sua
1065 2525 1349 2581 beneflcio
1371 2527 1626 2600 recipere
1648 2526 1855 2583 noluit.
1876 2528 1988 2584 Sed

335 2613 617 2686 quoniam
639 2612 794 2669 idem
816 2612 1097 2686 Eulogius
1116 2613 1477 2670 verecundia
1501 2615 1864 2671 confessione
1894 2616 1991 2671 ad-

336 2701 553 2773 dictus,
573 2701 712 2774 quia
730 2705 936 2758 contra
955 2702 1181 2759 natales
1202 2719 1342 2759 suos
1362 2703 1479 2758 vita
1499 2703 1703 2758 donari
1725 2720 1827 2776 per
1846 2703 1986 2760 alte-

332 2790 465 2847 rius
495 2790 922 2864 indulgentiam
954 2791 1187 2858 meruit,
1220 2791 1279 2846 in
1309 2790 1570 2847 saculari
1603 2791 1809 2847 habitu
1833 2797 1989 2848 stare

334 2897 458 2936 non
480 2878 680 2948 voluit,
701 2884 942 2936 sanctus
957 2879 1260 2953 Remigius
1281 2880 1331 2937 ei
1357 2880 1593 2949 dixit,ut
1612 2881 1661 2937 si
1695 2880 1988 2953 perfectus

338 2986 470 3027 esse
487 2967 679 3036 vellet,
699 2968 974 3024 venderet
992 2969 1191 3025 omnia
1210 2986 1336 3037 sua,
1360 2973 1418 3025 et
1437 2969 1602 3026 daret
1630 2969 1987 3042 pauperibus

338 3064 399 3117 et
428 3062 773 3131 sequeretur
817 3057 1138 3114 Christum.
1168 3058 1237 3114 Et
1281 3058 1362 3114 sic
1393 3059 1463 3114 de
1494 3058 1769 3114 thesauro
1799 3058 1985 3115 eccle-

2106 577 2207 647 qui
2239 578 2310 633 ab
2342 578 2530 650 aquis,
2557 596 2733 651 super
2758 580 2972 652 quibus
2989 587 3290 643 constituti
3312 594 3470 656 sunt,
3495 589 3678 647 Cossa
3697 596 3759 649 et

2105 665 2267 721 Gleni
2284 671 2581 723 vocantur:
2602 668 2987 743 hominesque
3002 673 3057 727 in
3073 674 3290 731 eisdem
3307 678 3759 738 mansionilibus

2105 753 2174 809 de
2190 753 2382 809 vicina
2409 756 2664 829 episcOpi
2688 756 2845 822 villa,
2871 774 2997 830 qua
3028 760 3215 817 Berna
3245 764 3477 835 dicitur,
3510 784 3545 822 a
3575 767 3761 825 Fran-

2104 841 2188 897 cis
2219 841 2329 898 sibi
2363 843 2775 911 data,manere
2804 847 3116 920 disposuit,
3133 854 3198 905 ut
3228 852 3416 923 picem
3448 857 3755 915 annuatim

2104 930 2394 1004 religiosis
2416 931 2558 989 locis
2579 933 2833 991 ecclesia
2866 936 3210 996 Rhemensis
3237 940 3752 1003 administrarent:

2104 1019 2321 1091 quibus
2350 1024 2407 1077 et
2437 1038 2680 1094 pensam
2714 1023 2891 1094 dedit,
2924 1043 3054 1098 qua
3112 1044 3302 1100 usque
3360 1029 3534 1088 hodie
3564 1033 3637 1088 ab
3664 1035 3755 1091 in-

2102 1107 2246 1165 colis
2276 1108 2541 1181 ipsorum
2570 1110 2832 1168 locorum
2872 1113 3142 1183 habetur,
3175 1133 3312 1173 cum
3344 1133 3464 1190 qua
3492 1120 3755 1180 debitum

2104 1213 2278 1253 suum
2310 1198 2637 1256 exsolvunt.
2673 1201 2868 1274 Ipsius
2899 1220 3131 1277 quoque
3157 1208 3614 1279 comparationis
3633 1227 3756 1269 sua

2103 1286 2249 1341 ﬁnes
2281 1302 2385 1358 per
2413 1304 2623 1361 gyrum
2653 1290 2797 1346 adeo
2843 1292 3267 1363 exterminavit,
3300 1299 3369 1351 ut
3395 1298 3758 1357 etomnibus

2101 1374 2438 1431 videntibus
2468 1380 2662 1448 pateat
2708 1378 2839 1452 ipsa
2872 1380 3297 1450 exterminatio,
3330 1387 3389 1439 et
3418 1400 3454 1440 a
3482 1386 3757 1458 progenie

2102 1462 2161 1518 in
2194 1465 2502 1537 progenies
2528 1466 2813 1524 hactenus
2844 1468 2985 1541 ipsa
3015 1470 3552 1542 exterminationes,
3586 1476 3660 1531 ab
3689 1490 3759 1534 so

2103 1550 2288 1619 facta,
2320 1554 2558 1610 nomine
2589 1560 2762 1613 tenus
2805 1558 3133 1615 vocitentur
3161 1576 3227 1615 ac
3258 1560 3658 1634 designentur.
3693 1564 3757 1621 In

2103 1640 2320 1712 quibus
2344 1643 2930 1703 exterminationibus
2947 1648 3203 1719 quodam
3219 1648 3344 1705 loco
3362 1648 3424 1705 in
3447 1650 3599 1706 fuste
3618 1668 3757 1710 cavo

2103 1744 2283 1785 manu
2315 1746 2423 1786 sua
2453 1736 2677 1803 petram
2708 1734 2894 1802 misit,
2925 1751 3104 1808 quam
3161 1753 3367 1793 omnes
3415 1739 3518 1811 qui
3546 1739 3753 1798 volunt

2102 1834 2345 1873 manum
2368 1818 2427 1874 in
2451 1836 2717 1891 caverna,
2743 1822 2803 1877 in
2828 1839 2945 1895 qua
2967 1829 3128 1897 petra
3170 1826 3363 1898 posita
3384 1832 3493 1895 est,
3517 1844 3754 1900 ponere,

2105 1911 2354 1979 possunt
2371 1912 2430 1963 et
2450 1908 2639 1982 ipsam
2670 1915 2895 1985 petram
2925 1912 3174 1986 volvere,
3196 1918 3255 1970 et
3284 1931 3415 1971 eam
3445 1933 3481 1972 a
3509 1934 3757 1976 caverna

2102 1995 2264 2051 nullo
2293 1995 2529 2071 ingenio
2556 1999 2752 2056 valent
2780 2002 3104 2059 extrahere.
3158 2003 3293 2060 Post
3321 2005 3590 2077 quadam
3620 2022 3756 2063 vero

2103 2087 2366 2156 tempora
2414 2087 2653 2159 quidam
2700 2088 2988 2159 invidens,
3023 2093 3177 2165 quod
3212 2092 3383 2149 multi
3414 2094 3488 2150 ad
3519 2093 3757 2151 laudem

2101 2173 2288 2228 sancti
2322 2175 2570 2249 Remigii
2605 2177 2714 2233 hoc
2742 2196 2845 2250 pro
2902 2179 3184 2252 religione
3238 2182 3539 2252 tenebant,
3572 2199 3755 2240 manu

2102 2259 2291 2331 ipsam
2316 2267 2541 2334 petram
2569 2264 2640 2319 de
2655 2282 2902 2322 caverna
2920 2268 3224 2325 extrahere
3237 2258 3441 2325 voluit.
3456 2270 3620 2336 Quod
3642 2286 3761 2326 non

2098 2349 2319 2418 valens,
2344 2352 2531 2407 securi
2556 2352 2753 2424 ipsum
2778 2358 3085 2426 pertusum
3109 2356 3394 2429 ampliare
3413 2357 3686 2427 tentavit;
3706 2362 3765 2414 et

2101 2437 2363 2495 eIevante
2403 2457 2468 2496 eo
2500 2443 2776 2509 securim,
2802 2446 2870 2497 ut
2899 2443 3113 2500 fustem
3144 2450 3490 2518 percuteret,
3521 2447 3761 2504 dextera

2099 2543 2312 2583 manus
2343 2527 2504 2585 illius
2535 2530 2780 2601 exaruit,
2803 2534 2860 2586 et
2888 2532 3193 2589 oculorum
3223 2533 3423 2591 lumen
3453 2535 3755 2593 amisitwt

2100 2615 2199 2688 qui
2218 2616 2466 2672 formam
2490 2619 2677 2674 sancti
2697 2619 2945 2692 Remigii
2963 2622 3331 2694 exstinguere
3350 2622 3752 2691 voluit,laudis

2096 2704 2529 2760 venerationem
2574 2706 2834 2762 adauxit.
2868 2708 2929 2763 In
2963 2708 3073 2764 hac
3117 2708 3536 2776 sollicitudine,
3569 2727 3750 2783 quam

2098 2796 2336 2850 sanctus
2360 2792 2662 2866 Remigius
2684 2795 2755 2849 de
2776 2795 2903 2866 pice
2924 2795 3068 2852 locis
3088 2796 3378 2869 religiosis
3400 2797 3748 2856 Rhemensis

2096 2880 2371 2949 ecclesia,
2397 2898 2503 2937 suo
2525 2881 2612 2938 vel
2635 2899 3045 2939 successorum
3061 2900 3304 2940 suorum
3321 2889 3582 2957 tempore
3602 2902 3746 2944 con-

2097 2968 2364 3026 sulturus
2386 2970 2617 3042 sategit,
2643 2970 2966 3027 rectoribus
2989 2972 3246 3028 ecclesia
3268 2977 3535 3045 patenter
3553 2979 3748 3033 osten-

2096 3058 2345 3131 dit,quia
2359 3059 2719 3115 internarum
2734 3059 3187 3117 sollicitudinem
3199 3078 3316 3117 non
3329 3061 3748 3135 relinquentes,

339 3147 582 3205 siastico
631 3150 894 3202 taxatum
950 3146 1225 3219 pretium,
1258 3147 1518 3220 quinque
1549 3147 1771 3204 scilicet
1800 3146 1988 3204 millia
2037 3219 2047 3220 ί
2095 3152 2466 3203 externorum
2513 3147 2933 3219 providentiam
2966 3165 3082 3205 non
3112 3149 3328 3212 debent
3359 3149 3642 3220 minuere,
3677 3168 3752 3211 ne

324 3235 568 3310 argenti
610 3233 813 3301 libras,
836 3233 1078 3307 Eulogio
1113 3235 1292 3303 dedit,
1316 3239 1373 3290 et
1400 3219 1666 3292 eamdem
1698 3235 1897 3292 villam
1929 3236 1989 3292 in
2021 3219 2064 3286 C
2103 3242 2204 3292 aut
2260 3236 2644 3293 exterioribus
2700 3237 2903 3306 dediti,
2937 3238 3010 3293 ab
3039 3238 3268 3294 intimis
3318 3244 3614 3308 corruant,
3648 3244 3752 3298 aut

337 3325 772 3401 possessionem
802 3323 1060 3381 ecclesia
1102 3327 1459 3398 comparavit
1492 3344 1504 3381 :
1538 3328 1757 3383 bonum
1789 3343 1986 3383 exem-

334 3413 508 3491 plum
530 3413 805 3471 omnibus
835 3413 1123 3487 episcOpis
1143 3419 1263 3470 tam
1296 3432 1403 3471 suo
1432 3419 1694 3488 tempore
1724 3416 1784 3471 in
1813 3433 1987 3472 carne

333 3504 689 3571 viventibus,
714 3519 892 3575 quam
919 3507 1054 3575 post
1075 3519 1209 3559 eum
1232 3503 1290 3559 in
1314 3504 1517 3560 ordine
1538 3505 1985 3561 succedentibus

337 3592 756 3666 derelinquens
781 3616 796 3660 ;
818 3596 884 3648 ut
913 3591 1270 3664 pauperibus
1295 3608 1361 3648 ac
1380 3592 1703 3661 viduis,aut
1724 3593 1984 3666 pupillis,

339 3681 429 3739 vel
462 3698 567 3755 pro
596 3681 711 3750 bis,
744 3681 844 3753 qui
876 3681 948 3737 ad
981 3681 1441 3738 misericordiam
1485 3679 1753 3738 Ecclesia
1784 3683 1987 3738 confu-

339 3769 512 3845 giunt
540 3769 640 3842 qui
687 3769 970 3842 injuriam
1030 3768 1355 3843 patiuntur,
1388 3774 1492 3826 aut
1523 3771 1621 3842 qui
1654 3774 1983 3844 peccantes,

338 3861 400 3916 in
427 3859 631 3915 exsilio
654 3858 833 3915 autin
854 3858 1069 3915 insulis
1099 3859 1471 3928 damnantur,
1493 3863 1595 3914 aut
1614 3864 1767 3915 certe
1788 3875 1989 3931 quam-

339 3965 576 4021 cunque
595 3948 947 4004 sentcntiam
970 3947 1319 4020 suscipiunt,
1332 3949 1501 4018 juxta
1522 3964 1720 4001 sacros
1736 3963 1987 4002 canones

341 4036 776 4105 subvenientes,
823 4035 910 4092 vel
965 4053 1330 4108 quacunque
1387 4040 1624 4107 agentes
1680 4036 1851 4103 bona,
1883 4052 1988 4109 pro

340 4124 651 4198 temporali
684 4123 1066 4181 retributione
1117 4141 1231 4180 non
1267 4123 1519 4189 faciant;
1553 4124 1655 4178 sed
1678 4124 1847 4195 juxta
1876 4124 1987 4179 Do-

318 4213 622 4270 .minicam
645 4229 844 4269 vocem
870 4230 883 4268 :
911 4213 1090 4269 Gratis
1121 4214 1416 4284 accepistis,
1449 4215 1629 4285 gratis
1657 4212 1811 4279 date;
1833 4211 1987 4283 quod

340 4301 445 4359 Dei
477 4302 684 4375 gratia,
718 4300 776 4356 id
820 4306 930 4370 est,
976 4301 1160 4375 gratis
1217 4302 1357 4357 data
1409 4304 1777 4373 acceperunt,
1808 4302 1991 4373 gratis

339 4388 539 4457 etiam,
572 4389 629 4444 id
659 4392 768 4455 est,
803 4388 929 4445 sine
988 4388 1372 4446 retributione
1428 4387 1735 4461 temporali
1783 4388 1987 4460 (Matth.

338 4480 459 4546 xx),
490 4477 774 4549 proximis
801 4476 1148 4551 largiantur.
1181 4477 1346 4533 Unde
1396 4478 1563 4546 bene,
1616 4493 1751 4533 cum
1800 4477 1990 4533 virum

2096 3326 2238 3382 solis
2261 3325 2637 3382 interioribus
2672 3326 2959 3398 occupati,
2985 3343 3114 3399 qua
3135 3326 3277 3383 foris
3297 3327 3529 3396 debent,
3557 3329 3751 3402 proxi-

2097 3415 2210 3471 mis
2244 3432 2360 3471 non
2392 3414 2758 3485 impendant.
2791 3415 2903 3471 Sed
2929 3414 3013 3471 sic
3043 3414 3281 3473 sibimet
3308 3417 3381 3473 ad
3410 3416 3748 3489 spiritualia

2094 3508 2319 3570 vacent,
2344 3507 2410 3558 ut
2437 3502 2787 3558 exteriorum
2818 3503 3387 3562 administrationem
3420 3522 3536 3562 non
3566 3505 3751 3563 relin-

2095 3594 2308 3664 quant;
2325 3607 2397 3647 ne
2408 3606 2543 3647 cum
2556 3606 2760 3647 curare
2785 3591 3110 3666 corporalia
3121 3592 3249 3663 jam
3271 3593 3543 3651 funditus
3565 3592 3749 3667 negli-

2095 3678 2641 3753 gunt,subditorum
2654 3681 3103 3738 necessitatibus
3116 3680 3359 3739 minime
3374 3686 3747 3742 concurrant:

2096 3774 2155 3825 et
2180 3768 2230 3824 si
2273 3768 2358 3824 eis
2404 3768 2737 3824 necessaria
2783 3769 3088 3841 prasentis
3135 3768 3263 3826 vita
3311 3787 3426 3827 non
3456 3771 3748 3841 tribuunt,

2096 3873 2287 3930 neque
2310 3872 2410 3913 eos
2432 3856 2685 3913 libenter
2704 3858 2968 3913 audiant.
2991 3858 3230 3932 Egentis
3248 3858 3464 3915 etenim
3495 3864 3752 3917 mentem

2097 3947 2374 4002 doctrina
2424 3964 2617 4002 sermo
2675 3963 2790 4001 non
2850 3952 3137 4019 penetrat,
3170 3948 3218 4003 si
3252 3948 3408 4005 hunc
3437 3950 3593 4022 apud
3622 3950 3753 4023 ejus

2099 4035 2364 4092 animum
2386 4050 2601 4089 manus
2624 4034 3037 4091 misericordia
3050 4053 3165 4093 non
3189 4038 3753 4096 commendat.Tunc

2101 4128 2297 4179 autem
2329 4122 2492 4177 verbi
2522 4137 2722 4176 semen
2754 4122 2922 4178 facile
2950 4123 3259 4194 germinat,
3293 4126 3529 4196 quando
3559 4124 3618 4178 in
3641 4141 3751 4182 au-

2101 4212 2314 4268 dientis
2337 4213 2567 4281 pectore
2588 4209 2777 4281 pietas
2798 4211 3170 4282 pradicantis
3189 4213 3362 4286 rigat.
3381 4212 3546 4268 Unde
3567 4217 3751 4270 recto-

2100 4318 2222 4358 rem
2256 4314 2495 4356 necesse
2522 4303 2633 4365 est,
2665 4302 2733 4354 ut
2762 4299 3039 4354 interiora
3086 4300 3273 4372 possit
3321 4300 3627 4357 infundere
3656 4316 3752 4357 co-

2100 4388 2376 4464 gitatione
2404 4386 2642 4443 innoxia
2680 4386 2853 4443 etiam
2903 4389 3189 4444 exteriora
3236 4388 3558 4460 providere.
3592 4388 3753 4445 Hanc

2101 4484 2406 4553 pastorum
2438 4477 2894 4535 sollicitudinem
2926 4476 3143 4534 Paulus
3164 4477 3375 4534 excitat
3393 4477 3622 4533 dicens:
3647 4476 3755 4546 Qui

332 4567 568 4637 justum
602 4566 975 4635 describeret,
1008 4566 1291 4638 propheta
1321 4566 1402 4622 ait
1433 4583 1446 4621 :
1482 4567 1588 4635 Qui
1634 4568 1837 4623 excutit
1870 4583 1991 4622 τηα-
2023 4586 2071 4652 D
2100 4586 2347 4635 suorum,
2377 4575 2427 4624 et
2454 4569 2700 4623 maxime
2753 4566 3167 4623 domesticorum
3213 4580 3407 4622 curam
3432 4580 3545 4621 non
3571 4566 3752 4634 habet,

337 4670 449 4709 nus
478 4671 606 4709 suas
637 4656 706 4709 ab
735 4657 892 4710 omni
945 4654 1174 4711 munere
1202 4654 1324 4727 (Isa.
1357 4661 1575 4724 xxxm).
1609 4656 1807 4728 Neque
1837 4656 1993 4712 enim

341 4742 493 4797 dixit
520 4759 765 4799 munere
794 4746 1022 4799 tantum
1059 4761 1072 4800 :
1105 4744 1205 4801 sed
1237 4744 1524 4814 adjunxit,
1545 4745 1616 4799 ab
1637 4745 1794 4800 omni
1818 4763 1832 4814 ;
1856 4745 1993 4817 quia

342 4830 505 4887 aliud
529 4835 620 4887 est
640 4848 861 4887 munus
885 4832 959 4887 ab
986 4832 1288 4904 obsequio,
1314 4831 1473 4888 aliud
1504 4848 1768 4887 munusa
1790 4849 1991 4901 manu,

340 4919 505 4975 aliud
538 4936 757 4976 munus
789 4938 824 4975 a
849 4920 1072 4994 lingua.
1094 4922 1310 4977 Munus
1341 4921 1557 4993 quippe
1588 4920 1659 4976 ab
1692 4921 1994 4993 obsequio,

340 5013 435 5077 est
466 5009 753 5080 subjectio
777 5009 1036 5066 indebite
1059 5010 1361 5082 impensa:
1390 5027 1608 5065 munus
1639 5026 1673 5064 a
1701 5025 1879 5066 manu
1904 5027 1999 5083 pe-

341 5096 524 5154 cunia
556 5113 570 5152 :
606 5114 825 5154 munus
856 5115 891 5154 a
917 5097 1141 5172 lingua,
1165 5100 1343 5154 favor.
1368 5098 1473 5164 Qui
1505 5114 1640 5170 ergo
1677 5114 1873 5154 sacros
1904 5116 1995 5155 or-

340 5187 514 5243 dines
534 5187 760 5258 tribuit,
783 5188 872 5244 vel
897 5190 1289 5262 quodcunque
1311 5188 1553 5254 bonum,
1575 5189 1729 5244 unde
1755 5189 1999 5244 retribu-

340 5276 565 5332 tionem
589 5292 623 5331 a
643 5276 760 5334 Deo
784 5277 897 5334 sibi
921 5278 982 5334 in
1005 5278 1202 5334 futuro
1227 5277 1438 5334 saculo
1461 5276 1621 5333 reddi
1646 5278 1825 5349 cupit,
1858 5281 1998 5333 tunc

343 5363 419 5420 ab
444 5363 605 5419 omni
627 5380 871 5422 munere
900 5381 1146 5423 manum
1177 5364 1415 5432 excutit,
1441 5364 1673 5436 quando
1703 5364 1761 5419 in
1785 5364 1998 5421 divinis

342 5451 523 5508 rebus
543 5469 659 5508 non
678 5453 871 5511 solum
895 5455 1079 5513 ullam
1101 5454 1539 5529 pecuniam,sed
1553 5452 1729 5509 etiam
1748 5453 1996 5525 gratiam

342 5556 466 5599 non
498 5541 763 5615 requirit.
914 5547 925 5558 '

416 5629 609 5694 XLIX.
662 5632 892 5696 Partem
942 5635 1119 5697 etiam
1148 5634 1463 5695 maximam
1495 5632 1651 5693 silva
1682 5633 1742 5692 in
1772 5631 2000 5711 Vosego

2103 4659 2265 4731 ﬁdem
2288 4658 2527 4730 negavit,
2559 4664 2609 4712 et
2639 4664 2717 4711 est
2745 4655 2963 4726 inﬁdeli
2999 4655 3236 4712 deterior
3264 4656 3311 4729 (Ι
3339 4656 3473 4711 Tim.
3505 4658 3585 4725 v).
3618 4657 3755 4724 Qua

2104 4747 2258 4802 beati
2290 4745 2538 4817 Remigii
2571 4743 2905 4801 sollicitudo
2939 4747 3230 4817 quantum
3252 4744 3499 4802 Domino
3520 4745 3755 4818 placue-

2103 4836 2198 4906 rit,
2222 4833 2506 4890 miraculo
2527 4838 2760 4890 ostenso
2792 4834 2851 4889 in
2890 4850 2957 4890 eo
2989 4833 3091 4907 qui
3122 4834 3251 4907 ejus
3281 4834 3451 4892 bonis
3479 4834 3755 4907 operibus

2104 4924 2419 4988 invidebat,
2453 4922 2748 4977 evidenter
2777 4923 3053 4980 ostendit.

2176 5014 2240 5068 L.
2275 5010 2601 5067 Ludovicus
2632 5026 2730 5065 rex
2760 5028 2894 5068 cum
2928 5012 3027 5068 Dei
3061 5014 3466 5071 benedictione
3494 5026 3598 5084 per
3627 5024 3757 5066 san-

2105 5106 2265 5158 ctum
2323 5098 2653 5171 Remigium
2713 5103 2970 5171 accepta,
3003 5101 3074 5156 de
3108 5102 3355 5159 victoria
3408 5099 3521 5157 sibi
3570 5099 3642 5155 ab
3688 5114 3756 5156 eo

2106 5189 2380 5264 praedicta
2400 5190 2726 5254 securus,et
2744 5187 2805 5243 in
2827 5188 3121 5244 mandatis
3143 5190 3533 5260 accipiens,ut
3550 5186 3758 5244 tandiu

2105 5280 2175 5335 ad
2208 5277 2610 5333 dimicandum
2652 5281 2938 5350 pergeret,
2973 5276 3238 5348 quandiu
3265 5275 3353 5330 illi
3382 5276 3759 5335 benedictum

2102 5368 2329 5438 vinum,
2345 5365 2457 5423 sibi
2478 5366 2550 5421 ab
2571 5382 2638 5421 eo
2659 5367 2885 5433 datum,
2909 5365 2968 5420 in
2991 5363 3333 5436 quotidiana
3357 5380 3471 5421 usu
3492 5368 3760 5438 putatum

2107 5457 2431 5513 sufficeret:
2454 5454 2568 5512 iter
2589 5453 2838 5527 arripuit
2857 5456 3061 5509 contra
3080 5451 3535 5509 Gundebaldum
3556 5456 3615 5509 et
3644 5451 3762 5510 Go-

2106 5545 2430 5618 deglissum
2453 5544 2690 5602 fratrem
2713 5543 2861 5615 ejus,
2886 5544 3181 5597 commoto
3200 5541 3457 5599 exercitu
3483 5541 3759 5613 maximo;

2106 5638 2163 5696 et
2179 5634 2625 5714 Burgundiones
2647 5645 2784 5691 cum
2812 5628 3035 5709 ingenti
3069 5627 3450 5697 multitudine
3479 5634 3762 5700 venerunt
