4028 6178
311 353 466 416 1¹ΜΊ

1085 347 1465 407 HINCMARI
1515 345 1757 405 ltllEM.
1806 343 2165 421 ARCHIEP.
2214 340 2618 402 OPUSCULA
2667 338 2928 400 VABIA.

3553 336 3714 398 H68

309 487 512 546 contra
531 497 666 538 eum
689 495 866 552 super
881 479 1200 536 Oscharam
1214 478 1456 534 fluvium
1479 493 1646 534 secus
1667 479 1946 541 castrum,
1981 474 2033 540 Α
2063 489 2197 528 nem
2221 472 2280 528 S.
2307 469 2577 543 Remigii,
2603 470 2788 542 patris
2812 471 2870 524 et
2891 467 3118 540 patroni
3158 467 3273 536 sui,
3293 466 3521 538 adjuvit
3549 481 3712 524 eum.

309 573 466 646 quod
497 571 702 628 Divion
733 571 950 626 dicitur
980 586 992 625 :
1029 568 1225 640 ibique
1255 568 1410 623 inter
1435 585 1496 623 se
1527 565 1796 622 atrociter
1825 580 1956 620 con-

309 658 1019 735 ﬂigentes,Gundebaldus
1037 675 1104 714 ac
1120 655 1498 728 Godeglissus
1529 672 1664 710 cum
1695 655 1958 725 Burgun-

309 750 586 806 dionibus
605 752 769 820 terga
788 748 1106 811 verterunt,
1120 749 1176 800 et
1196 745 1287 800 vix
1311 743 1446 815 fuga
1466 741 1615 813 lapsi
1627 742 1952 796 evaserunt.

313 839 624 908 Ludovico,
658 842 725 894 ut
753 835 995 904 solebat,
1030 835 1312 890 existente
1357 832 1593 898 victore,
1626 826 1955 886 Gundebal-

313 929 425 986 dus
455 945 518 985 se
548 927 610 983 in
634 925 928 983 Avcnicne
957 923 1214 989 reclusit,
1247 924 1306 976 et
1335 935 1438 992 per
1465 919 1742 974 Aredium
1764 916 1958 972 censi-

303 1008 550 1075 il-iarium
571 1031 745 1073 suum
766 1030 972 1088 pacem
995 1030 1028 1069 a
1046 1009 1334 1066 Ludovico
1365 1006 1960 1080 expetiit.Ludovicus

310 1121 466 1176 mro,
518 1105 729 1163 ablatis
785 1101 1097 1168 thesauris,
1148 1117 1281 1156 cum
1340 1098 1536 1171 praeda
1590 1095 1846 1153 maxima
1902 1097 1961 1150 et

313 1197 671 1254 Francorum
731 1191 982 1250 exercitu
1039 1191 1112 1246 ad
1164 1188 1399 1262 propria
1440 1191 1528 1244 est
1569 1203 1854 1242 reversus.
1890 1185 1961 1238 Et

311 1285 555 1342 mittens
595 1283 853 1355 legatum
900 1279 1136 1336 nomine
1185 1279 1520 1347 Paternum,
1552 1275 1742 1332 virum
1787 1273 1958 1328 indu-

312 1373 546 1440 strium,
580 1372 654 1428 ad
680 1369 976 1426 Alaricum
1021 1385 1216 1441 regem
1248 1366 1571 1424 Gothorum
1604 1365 1674 1420 de
1704 1361 1962 1420 amicitia

311 1464 465 1520 inter
492 1478 592 1518 eos
619 1459 950 1516 conditione
982 1456 1297 1513 mandavit.
1331 1455 1596 1511 Alaricus
1644 1471 1776 1510 vero
1825 1469 1960 1508 cum

311 1569 416 1626 per
435 1553 744 1608 Paternum
774 1547 970 1604 velllet
991 1547 1350 1603 Ludovicum
1374 1545 1700 1616 decipere.a
1717 1542 1960 1598 Paterno

309 1637 624 1713 exploratis
657 1655 783 1710 qua:
832 1637 988 1693 circa
1035 1653 1170 1691 eum
1202 1639 1388 1700 erant,
1423 1638 1478 1688 et
1511 1631 1802 1688 thesauris
1833 1631 1960 1700 ejus

311 1729 546 1802 ingenio
575 1726 922 1788 subarratis,
957 1725 1168 1780 illusus
1201 1729 1307 1780 est.

384 1819 474 1875 LI.
510 1817 573 1874 In
604 1816 814 1872 diebus
847 1815 982 1882 illis,
1017 1831 1113 1869 rex
1144 1813 1470 1869 Ludovicus
1525 1829 1660 1866 cum
1709 1809 1965 1866 venisset

314 1905 702 1974 Parisios,ubi
727 1905 924 1959 sedem
951 1919 1121 1959 suam
1145 1903 1470 1968 constituit,
1505 1901 1586 1956 ait
1607 1901 1678 1955 ad
1703 1898 1962 1970 reginam

308 1999 370 2051 ert
389 1995 461 2050 ad
486 1995 768 2067 populum
796 2011 968 2049 suum
997 2009 1008 2047 :
1037 1992 1190 2048 Satis
1211 1991 1685 2047 mihimolestum
1709 1987 1961 2059 estquod

311 2083 484 2140 Gothi
511 2082 710 2139 Ariani
744 2087 968 2155 partem
1021 2081 1305 2154 optimam
1367 2079 1687 2136 Galliarum
1742 2080 1961 2132 tenent.

318 2173 538 2228 Eamus
565 2187 698 2226 cum
730 2171 831 2226 Dei
891 2169 1128 2234 auxilio,
1162 2173 1218 2224 et
1249 2168 1556 2240 ejiciamus
1585 2183 1683 2223 eos
1714 2166 1785 2221 de
1813 2169 1968 2220 terra

313 2260 446 2334 ipsa
463 2259 800 2333 nostrisque
819 2257 1164 2326 ditionibus,
1184 2258 1324 2330 quia
1343 2257 1508 2313 valde
1529 2257 1683 2312 bona
1702 2257 1809 2322 est,
1835 2269 1964 2309 eam

219 2387 228 2397 -
310 2348 1013 2422 subjiciamus,babentes
1018 2346 1312 2419 justitiam
1327 2347 1636 2402 adversum
1646 2343 1961 2409 Alaricum,

315 2441 389 2498 ad
403 2455 580 2514 quem
593 2455 695 2512 pro
713 2436 981 2494 amicitiae
995 2437 1330 2492 conditione
1346 2435 1604 2509 legatum
1621 2433 1962 2498 direximus,

315 2543 421 2604 per
443 2543 620 2602 quem
640 2545 750 2584 nos
770 2527 1036 2599 decipere
1050 2526 1254 2582 voluit.
1271 2525 1494 2581 Placuit
1516 2525 1623 2580 hoc
1653 2520 1964 2578 consilium

315 2614 658 2693 proceribus
689 2618 1067 2674 Francorum.
1093 2611 1257 2672 Tunc
1281 2631 1382 2687 per
1410 2613 1720 2669 consilium
1754 2609 1964 2682 regina

311 2723 438 2764 sum
460 2705 598 2762 fecit
615 2705 942 2773 ecclesiam,
975 2704 1035 2760 in
1056 2705 1274 2761 honore
1303 2702 1703 2775 apostolorum
1727 2699 1878 2755 Petri
1911 2703 1968 2753 ct

315 2791 480 2854 Pauli
502 2797 562 2852 in
585 2795 942 2852 Parisiorum
981 2794 1233 2862 civitate,
1257 2797 1313 2850 et
1335 2810 1438 2864 per
1468 2791 1780 2848 consilium
1811 2788 1965 2844 beati

313 2885 566 2959 Remigii
590 2884 648 2943 in
669 2883 982 2940 Aureliana
997 2883 1226 2938 civitate
1252 2881 1659 2953 episcoporum
1677 2877 1966 2950 synodum

308 2972 757 3030 convocavitﬁn
775 2988 890 3044 quo
919 2974 1207 3028 conventu
1239 2968 1425 3023 multa
1455 2966 1621 3022 utilia
1651 2965 1969 3021 constituta

310 3063 496 3120 fuere.
522 3063 641 3118 Rex
661 3076 894 3132 quoque
912 3056 1348 3124 devotissimus,
1364 3071 1611 3129 pergens
1629 3057 1829 3110 contra
1842 3053 1970 3109 Ala-

315 3151 506 3208 ricum
535 3147 834 3216 Arianum,
867 3146 1332 3204 benedictionem
1366 3144 1534 3217 petiit
1563 3162 1596 3200 a
1625 3147 1826 3200 sancto
1859 3143 1966 3204 Re-

2066 562 2299 616 Patrata
2329 559 2619 631 siquidem
2647 557 2978 625 victoria,ct
3006 555 3211 612 multis
3235 555 3572 612 civitatibus
3592 573 3716 612 suae

2065 649 2272 706 ditioni
2297 647 2649 721 subjugatis,
2674 665 2860 720 usque
2890 646 3161 702 Tolosam
3192 646 3482 718 perrexit:
3515 650 3575 702 et
3593 645 3718 702 the-

2067 755 2272 796 sauros
2293 737 2502 793 Alarici
2531 736 2847 808 accipiens,
2858 752 2961 807 per
2975 734 3373 807 Engolismam
3395 733 3716 801 civitatem,

2067 829 2236 900 cujus
2269 825 2422 882 muri
2446 831 2581 882 ante
2612 829 2990 898 conspectum
3011 824 3140 896 ejus
3157 823 3718 892 corruerunt,inter-

2067 916 2236 972 feetis
2266 915 2472 972 Gothis
2492 914 2742 982 Arianis,
2765 913 2866 986 qui
2888 913 2966 968 ibi
2989 918 3174 983 erant,
3198 930 3334 970 cum
3365 912 3620 987 gloriosa
3639 911 3720 968 vi-

2067 1006 2250 1062 ctoria
2279 1005 2349 1060 de
2381 1004 2584 1060 multis
2615 1003 2950 1060 civitatibus
2981 1004 3052 1058 ad
3077 1003 3313 1075 propria
3340 1002 3534 1058 rediit.

2141 1094 2285 1150 LlII.
2319 1095 2426 1150 Per
2461 1093 2620 1150 idem
2662 1097 2899 1164 tempus
2929 1093 3002 1149 ab
3026 1092 3336 1150 Anastasio
3367 1091 3718 1166 imperatam

2068 1182 2364 1240 codicillos
2387 1183 2714 1240 Ludovicus
2737 1199 2834 1238 rex
2853 1199 2958 1254 pro
2979 1181 3288 1238 consulatu
3319 1180 3720 1254 accepit.Cum

2069 1273 2285 1345 quibus
2306 1272 2588 1330 codicillis
2617 1271 2793 1329 etiam
2827 1271 2912 1326 illi
2939 1270 3285 1327 Anastasius
3314 1287 3591 1328 coronam
3621 1289 3724 1330 an-

2070 1379 2228 1418 ream
2251 1379 2384 1418 cum
2409 1361 2660 1435 gemmis
2681 1365 2739 1417 et
2757 1359 3018 1417 tunicam
3048 1360 3326 1418 blatteam
3347 1359 3514 1418 misit
3535 1378 3550 1417 :
3569 1365 3628 1417 et
3644 1361 3721 1428 ab

2070 1469 2140 1510 ea
2159 1453 2251 1509 die
2272 1451 2478 1508 consul
2500 1456 2558 1508 et
2577 1455 2865 1523 angustus
2891 1455 2982 1506 est
3009 1449 3478 1522 appellatus.Sed
3496 1454 3558 1506 et
3585 1450 3726 1508 Hor-

2073 1543 2263 1598 misda
2296 1543 2568 1598 Romanae
2601 1541 2760 1598 sedis
2783 1539 3039 1612 pontifex
3069 1543 3271 1596 sancto
3302 1539 3591 1612 Remigio,
3615 1556 3726 1595 an-

2073 1631 2247 1703 tiquze
2279 1629 2622 1702 metrOpolis
2653 1631 2946 1702 episcopo,
2979 1645 3108 1701 quae
3141 1633 3283 1684 tunc
3305 1629 3590 1702 temporis
3621 1627 3727 1686 ba-

2073 1721 2250 1775 bebat
2271 1720 2379 1776 sub
2403 1736 2464 1774 sc
2485 1719 2792 1778 duodecim
2825 1719 3108 1786 civitates,
3141 1722 3203 1773 et
3227 1717 3475 1774 totidem
3505 1719 3730 1790 episco-

2073 1825 2179 1880 pos
2208 1808 2428 1868 eisdem
2457 1809 2853 1881 praesidentes,
2875 1807 3032 1864 vices
3062 1823 3202 1864 suas
3235 1807 3294 1862 in
3328 1823 3508 1880 regno
3541 1809 3735 1866 Ludo-

2072 1898 2181 1954 vici
2217 1898 2388 1970 regis,
2424 1914 2610 1970 nuper
2638 1913 2774 1953 cum
2800 1897 3027 1969 integra
3053 1902 3226 1970 gente
3257 1897 3330 1954 ad
3365 1897 3542 1954 fidem
3573 1913 3723 1954 cen-

2072 1987 2221 2043 versi
2254 2003 2357 2058 per
2386 1992 2650 2042 sanctam
2675 1987 2803 2058 ejus
2826 1985 3576 2059 praedicationemﬁominc
3595 2003 3728 2044 coo-

2073 2079 2330 2149 perante,
2377 2081 2434 2131 et
2491 2092 2822 2132 sermonem
2879 2077 3287 2144 confirmante,
3341 2075 3734 2148 sequentibus

2074 2164 2284 2237 signis,
2311 2164 2607 2220 commisit
2635 2164 2746 2220 hoc
2775 2165 2949 2221 modo
2977 2182 2990 2220 ε

2147 2253 2285 2309 LIV.
2305 2253 2694 2310 Dilectissimo
2716 2253 2880 2310 fratri
2904 2253 3167 2327 Remigio
3187 2253 3516 2312 Hormisda.
3532 2254 3728 2312 Susci.

2074 2341 2300 2414 pientes
2321 2341 2495 2414 plena
2516 2341 2900 2400 fraternitatis
2913 2346 3026 2404 tua
3037 2342 3540 2416 congratulatione
3554 2343 3732 2402 collo-

2074 2432 2456 2504 quia,quibus
2475 2449 2582 2489 nos
2597 2433 2900 2490 Germanae
2930 2431 3142 2488 salutis
3169 2437 3284 2490 tuae
3315 2432 3732 2492 lestificavitin-

2073 2521 2225 2578 dicio
2255 2521 2540 2594 corporali
2576 2539 2712 2578 cum
2742 2519 3150 2593 spiritualibus
3179 2522 3390 2578 ofﬁciis
3421 2521 3731 2583 incolumi.

2074 2613 2162 2666 tas
2197 2610 2482 2666 subnixa:
2508 2627 2834 2684 congruum
2860 2626 2988 2666 esse
3019 2609 3612 2682 perspeximus,banc
3635 2611 3726 2684 ip—

2075 2715 2223 2767 sam,
2259 2715 2437 2770 quam
2456 2703 2650 2758 mente
2666 2698 2946 2770 gerimus,
2969 2699 3162 2756 verbis
3182 2698 3407 2770 aperire
3435 2698 3725 2760 laetitiam.

2072 2788 2214 2861 Agis
2241 2787 2399 2843 enim
2430 2788 2649 2844 summi
2666 2789 3018 2846 documenta
3034 2787 3495 2860 pontiﬁcis,dum
3509 2792 3566 2846 et
3580 2803 3732 2861 pra-

2075 2877 2325 2933 dicanda
2355 2876 2520 2945 facis,
2539 2881 2597 2933 et
2627 2893 2696 2933 ea
2724 2876 3027 2932 insinuare
3058 2893 3175 2932 non
3205 2875 3728 2950 diﬁ'ers.Praerega—

2075 2965 2253 3020 tivam
2287 2965 2467 3038 igitur
2495 2967 2566 3022 de
2598 2965 2784 3022 nostri
2811 2965 3178 3038 sumpsimus
3199 2965 3478 3024 electione
3497 2967 3724 3038 indicii,

2073 3055 2310 3124 quando
2331 3054 2387 3110 id
2405 3058 2710 3126 operatum
2738 3059 2794 3110 te
2824 3071 2952 3111 esse
2982 3053 3482 3128 didicimus,quod
3499 3057 3730 3114 caeteris

2076 3144 2370 3215 agendum
2389 3143 2676 3200 obnoxius
2692 3143 3217 3216 imperamus,utin
3231 3144 3546 3217 provinciis
3561 3149 3733 3206 tanta

313 3239 519 3314 migio.
563 3238 666 3294 Cui
700 3242 757 3294 et
785 3235 1250 3293 benedictionem
1279 3235 1457 3302 dedit,
1487 3237 1544 3288 et
1569 3233 1872 3288 victoriam
1902 3233 1961 3287 in
1991 3220 2038 3285 Ε
2075 3231 2504 3306 longinquitate
2527 3232 3263 3304 disjunctis,etapostclica3
3277 3233 3731 3306 sedisvigerem,

305 3324 496 3386 verbo
519 3325 734 3384 Christi
767 3323 1118 3398 spopondit:
1152 3323 1427 3396 deditque
1455 3323 1540 3378 illi
1573 3323 1812 3394 plenum
1843 3339 1966 3390 vas,

311 3412 474 3488 quod
485 3415 747 3487 vulgaris
763 3414 1122 3470 consuetudo
1143 3413 1454 3468 ﬂasconem
1470 3411 1742 3484 appellat,
1752 3413 1823 3467 de
1834 3412 1968 3468 vino

305 3504 476 3577 quod
508 3503 824 3574 benedixit,
857 3503 1008 3560 sicut
1055 3508 1113 3558 et
1151 3503 1383 3573 fecerat,
1411 3502 1646 3574 quando
1694 3505 1826 3573 post
1867 3502 1966 3557 ba-

307 3592 626 3666 ptismum,
659 3597 860 3650 contra
891 3591 1348 3659 Gundebaldum
1389 3595 1736 3664 perrexerat,
1770 3591 1967 3662 praeci-

319 3681 486 3756 piens
516 3681 704 3752 illi,ut
719 3687 841 3738 tam
860 3681 1032 3756 longe
1049 3682 1118 3736 ad
1144 3681 1362 3736 bellum
1393 3681 1746 3752 procederet,
1781 3696 1967 3750 quan-

319 3771 422 3828 diu
454 3770 538 3827 illi
559 3775 619 3828 et
643 3772 790 3836 suis,
809 3771 1024 3841 quibus
1057 3770 1191 3825 inde
1222 3769 1360 3824 dare
1390 3768 1576 3833 vellet,
1596 3767 1742 3822 illud
1764 3767 1967 3823 vinum

320 3861 392 3916 de
415 3860 692 3932 praedicto
721 3860 974 3914 ﬂascone
1007 3874 1119 3912 non
1153 3856 1436 3912 deﬁceret.
1485 3854 1639 3911 Bibit
1667 3872 1802 3928 ergo
1832 3857 1968 3912 inde

317 3962 441 4015 rex,
464 3963 534 4003 ac
554 3947 766 4020 regalis
795 3945 1019 4002 familia
1041 3949 1099 4001 et
1128 3961 1443 4001 numerosa
1462 3944 1638 4000 turba
1656 3944 1876 4016 populi,
1912 3949 1970 4001 et

311 4035 528 4093 exinde
545 4035 840 4092 uberrime
859 4035 1179 4090 satiantur:
1203 4038 1262 4090 et
1278 4051 1380 4089 vas
1395 4032 1515 4088 vini
1546 4032 1966 4090 detrimentum

317 4135 437 4182 non
459 4124 701 4198 patitur,
725 4124 827 4180 sed
860 4119 1257 4180 benedictione
1279 4121 1400 4188 Dei,
1424 4139 1528 4194 per
1555 4126 1825 4179 sanctum
1857 4123 1966 4181 Re-

315 4213 568 4288 migium
598 4212 802 4280 indita,
836 4229 997 4268 more
1044 4212 1223 4268 fontis
1266 4211 1650 4269 inundatione
1689 4211 1963 4284 repletur.

319 4301 496 4359 Movit
515 4305 710 4359 autem
734 4304 1121 4358 rexcunctum
1138 4301 1457 4356 exercitum
1475 4317 1650 4356 suum
1669 4301 1740 4357 de
1751 4301 1966 4374 populo

311 4391 697 4459 Francorum,
729 4404 934 4446 versus
991 4391 1278 4445 Pictavos'
1306 4389 1598 4444 civitatem
1632 4406 1644 4444 :
1679 4389 1760 4444 ibi
1809 4390 1966 4446 enim

317 4483 460 4536 tunc
487 4479 754 4536 Alaricus
783 4496 883 4536 rex
913 4478 1236 4536 Gothorum
1275 4477 1768 4548 commorabatur,
1796 4483 1854 4534 et
1883 4480 1968 4535 sic

319 4583 424 4640 per
480 4584 698 4641 pagum
757 4567 1114 4624 Turonicum
1173 4583 1440 4655 pergens,
1471 4570 1528 4622 et
1586 4569 1964 4624 reverentiam
1999 4589 2046 4655 Ι)

317 4660 522 4712 sancto
543 4657 790 4713 Martino
827 4662 1002 4729 atque
1036 4657 1204 4712 beato
1239 4654 1454 4711 Hilario
1484 4655 1787 4724 exhibens,
1817 4657 1970 4714 sicut

294 4743 462 4802 'locis
484 4745 608 4802 suis
645 4745 825 4801 lector
863 4745 1136 4813 inveniet,
1169 4761 1303 4800 cum
1333 4743 1558 4801 Alarico
1589 4761 1720 4818 rege
1751 4746 1966 4802 Gotho-

318 4844 450 4890 rum
471 4833 532 4889 in
553 4827 759 4906 campo
781 4834 1130 4908 Moglotinse
1145 4833 1356 4906 [/Emil.
1377 4833 1842 4907 habetincampis
1862 4835 1969 4892 Vo-

317 4921 719 4996 gladensibus]
741 4939 918 4994 super
937 4923 1180 4978 ﬂuvium
1204 4922 1437 4988 Glinno,
1455 4922 1728 4978 milliario
1741 4924 1966 4980 decimo

313 5012 390 5069 ab
403 5013 550 5070 urbe
572 5012 956 5078 Pictavorum,
979 5010 1199 5067 bellum
1218 5011 1532 5066 conseruit.
1557 5011 1796 5085 Illisquc
1817 5013 1968 5068 inter

289 5112 380 5159 "se
407 5101 963 5174 ccmpugnantibus,
985 5100 1153 5156 Gothi
1187 5117 1322 5156 cum
1354 5116 1489 5173 rege
1519 5118 1624 5156 suo
1657 5101 1834 5157 nimis
1855 5101 1966 5158 col-

307 5190 430 5260 i'isi,
454 5195 620 5265 terga
635 5193 956 5247 verterunt.
983 5189 1332 5258 Ludovicus,
1359 5189 1512 5246 sicut
1529 5189 1966 5258 solebat,victor

305 5280 558 5336 exstitit.

386 5363 503 5424 Lll.
527 5368 793 5441 Cumque
825 5367 1089 5424 Alaricus
1121 5367 1490 5433 interficeret,
1516 5368 1631 5422 duo
1653 5368 1962 5424 Gothicum

313 5455 502 5512 contis
523 5473 658 5513 eum
680 5474 749 5513 ex
771 5457 1013 5512 adverso
1037 5456 1096 5510 in
1131 5455 1307 5512 latere
1333 5454 1576 5511 feriunt:
1604 5457 1705 5512 sed
1733 5461 1966 5529 propter

303 5543 555 5601 doricam
577 5559 694 5618 qua
720 5545 965 5602 indutus
985 5549 1130 5612 erat,
1157 5544 1364 5600 laedere
1401 5545 1810 5616 nequiverunt.
1841 5547 1962 5603 Ma-

427 5637 624 5691 autcm
643 5633 826 5695 lorica
845 5633 982 5691 fidei
1003 5632 1278 5690 indutum
1299 5632 1585 5690 Dominus
1615 5649 1718 5708 per
1746 5635 1963 5694 oratio-

2081 3327 2136 3378 et
2156 3323 2393 3379 Patrum
2413 3321 2632 3396 regulis
2653 3323 2893 3380 studeas
2909 3321 3187 3379 adhibere
3205 3323 3734 3382 custodiam.Vicee

2078 3411 2276 3482 itaque
2299 3417 2528 3468 nostras
2548 3429 2648 3484 per
2659 3429 2835 3468 omne
2847 3409 3095 3484 regnum
3111 3411 3304 3467 dilecti
3325 3416 3382 3468 et
3403 3413 3736 3484 spirituaiia

2079 3499 2182 3554 ﬁlii
2206 3501 2390 3557 nostri
2421 3499 2896 3572 Ludovici,quem
2921 3517 3128 3573 nuper,
3143 3500 3608 3558 adminiculante
3627 3519 3734 3560 su-

2078 3605 2260 3661 perna
2287 3590 2494 3662 gratia,
2527 3589 2798 3662 plurimis
2827 3595 2884 3646 et
2915 3589 3310 3662 apostolorum
3363 3592 3735 3662 temporibus

2077 3679 2506 3750 azquiparandis
2555 3680 2861 3752 signorum
2901 3673 3222 3751 miraculis,
3255 3679 3734 3754 praedicationem

2078 3766 2442 3822 salutiferam
2495 3768 2937 3838 comitantibus,
2971 3785 3106 3824 cum
3134 3773 3306 3842 gente
3331 3768 3564 3843 integra
3591 3784 3736 3826 con-

2075 3854 2321 3922 vertisti,
2335 3860 2392 3911 et
2413 3857 2562 3912 sacri
2587 3857 2738 3913 dono
2761 3857 3134 3929 baptismatis
3155 3857 3532 3924 consecrasti,
3551 3857 3733 3919 salvis

2076 3943 2443 4018 praevilegiis,
2466 3962 2592 4017 qua:
2625 3945 3076 4018 metropolitatis
3107 3946 3360 4002 decrevit
3381 3946 3728 4018 antiquitas,

2076 4033 2350 4106 praesenti
2384 4033 2730 4091 auctoritate
2761 4034 3530 4107 committimuszaugentes
3546 4035 3734 4092 studii

2075 4121 2255 4195 hujus
2277 4121 2722 4196 participatione
2753 4122 3065 4180 ministerii
3083 4122 3450 4197 dignitatem,
3465 4123 3732 4182 relevan-

2075 4215 2166 4269 tes
2177 4216 2406 4268 nostros
2419 4212 2682 4284 ejusdem
2695 4212 2950 4269 remedio
2961 4212 3417 4285 dispensationis
3426 4211 3733 4272 excubias.

2075 4302 2147 4356 Et
2178 4301 2310 4357 licet
2339 4301 2410 4356 de
2439 4300 2692 4374 singulis
2749 4317 2866 4358 non
2914 4317 3086 4376 egeas
3116 4301 3366 4369 edoceri,
3396 4319 3432 4358 a
3461 4317 3577 4374 quo
3595 4303 3734 4374 jam

2075 4390 2454 4462 probavimus
2475 4390 2705 4446 acutius
2728 4389 2998 4446 universa
3019 4391 3238 4447 servari
3251 4407 3264 4446 :
3279 4390 3505 4464 gratius
3525 4396 3733 4450 tamen

2075 4495 2204 4536 esse
2225 4479 2392 4546 solet,
2417 4480 2465 4536 si
2487 4479 2659 4536 ituris
2681 4484 2901 4536 trames
2919 4479 3268 4546 ostenditur,
3291 4485 3350 4536 et
3369 4478 3735 4540 laboratur-is

2075 4567 2324 4640 injuncti
2355 4569 2547 4640 operis
2579 4569 2768 4624 forma
2799 4571 3180 4626 monstratur.
3213 4569 3488 4625 Paternas
3543 4568 3739 4642 igitur

2078 4657 2311 4730 regulas
2331 4661 2390 4712 et
2415 4657 2648 4714 decreta
2670 4656 3063 4714 sanctissimis
3093 4657 3336 4714 deﬁnita
3356 4655 3735 4725 conciliis,ab

2076 4746 2351 4802 omnibus
2404 4747 2690 4802 servanda
2737 4746 3109 4803 mandamus.
3143 4747 3207 4803 In
3239 4745 3332 4802 his
3357 4745 3738 4820 vigilantiam

2077 4834 2336 4901 tuam,in
2361 4834 2455 4890 his
2476 4851 2676 4890 curam
2699 4839 2756 4891 et
2771 4835 3037 4891 fraterna:
3059 4834 3283 4892 monita
3301 4835 3737 4894 exhortationis

2079 4923 2469 4980 ostendimus.
2491 4923 2593 4979 His
2623 4940 2709 4992 ea,
2745 4928 2963 4996 quanta
2984 4925 3231 4998 dignum
3261 4929 3370 4993 est,
3403 4925 3738 4982 reverentia

2075 5011 2404 5078 custoditis,
2425 5012 2654 5068 nullum
2679 5012 2957 5086 relinquit
2977 5012 3160 5086 culsz
3175 5013 3370 5070 locum
3391 5017 3606 5070 sach
3629 5016 3738 5072 ob-

2075 5099 2420 5158 servationis
2465 5100 2854 5158 obstaculum.
2891 5101 2976 5158 Ibi
3007 5103 3116 5170 fas,
3145 5103 3427 5176 nefasque
3457 5103 3734 5176 prescri-

2073 5195 2240 5264 ptum
2259 5195 2348 5246 est
2362 5207 2374 5246 :
2390 5189 2470 5246 ibi
2485 5189 2847 5262 prohibitum
2860 5191 2935 5247 ad
2946 5191 3100 5264 quod
3115 5190 3317 5248 nullus
3329 5192 3544 5249 audeat
3560 5192 3735 5264 aspi-

2073 5295 2198 5334 rare
2215 5297 2227 5336 :
2244 5279 2688 5335 Ibiconcessum
2710 5280 2862 5351 quod
2889 5280 3098 5336 debeat
3120 5297 3288 5337 mens
3307 5281 3426 5338 Deo
3437 5280 3732 5353 placitura

2075 5367 2690 5440 praesumereﬂuoties
2713 5367 3044 5426 univeraale
3064 5369 3251 5442 poscit
3269 5368 3729 5443 religioniscau-

2072 5475 2139 5514 sa
2157 5451 2552 5524 concilium,te
2573 5457 2768 5522 cuncti
2792 5457 3000 5514 fratres
3019 5461 3292 5516 evocante
3321 5459 3680 5516 conveniant
3709 5476 3724 5515 :

2072 5549 2130 5602 et
2167 5546 2217 5602 si
2250 5562 2398 5618 quos
2430 5560 2631 5601 eorum
2663 5546 2933 5618 specialis
2963 5548 3194 5620 negotio
3223 5546 3422 5621 pulsat
3452 5548 3726 5616 intentio,

2067 5635 2268 5712 jurgia
2296 5635 2447 5694 inter
2473 5651 2572 5692 eos
2619 5635 2825 5695 oborta
2869 5651 3176 5713 compesce
3204 5653 3220 5696 :
3251 5637 3525 5696 discussa
3551 5652 3730 5697 sacra
