4028 6178
319 338 472 402 11⁸73

1581 338 1765 402 VITA
1807 337 2079 402 SANG'I‘I
2130 339 2457 406 REMIGII.

3571 347 3728 412 1174

315 477 519 549 postea
537 487 640 545 pro
662 474 865 528 sancto
882 469 1144 545 Remigio
1165 473 1453 531 ostendit:
1474 473 1555 530 ita
1577 475 1854 530 feretrum
1875 477 1965 530 est
1993 474 2054 543 Α
2080 475 2362 548 pervadit,
2387 475 2712 550 despiciens
2742 477 3061 552 hominem,
3085 481 3185 556 qui
3211 497 3346 540 eum
3376 485 3578 541 sancto
3599 481 3744 542 loco.

315 567 720 638 aggravatum,
742 565 806 616 ut
829 559 988 616 nullo
1009 561 1182 617 modo
1199 579 1549 635 quocunque
1572 562 1917 635 ingenio,vel
1940 581 1973 619 a

311 649 793 725 quantiscumque
814 648 1156 705 hominibus
1179 654 1376 722 posset
1393 651 1630 706 moveri.
1647 653 1712 706 Et
1737 655 1972 724 stupen-

309 741 475 796 tibus
505 738 806 804 omnibus,
839 742 896 794 et
939 737 1270 809 petentibus
1312 739 1413 793 Dei
1463 740 1967 812 omnipotentiam,

307 829 398 887 vel
425 830 770 902 dignaretur
789 826 1118 895 ostendere,
1140 827 1199 882 in
1217 844 1332 900 quo
1355 827 1479 882 loco
1501 829 1764 900 ejusdem
1785 829 1966 884 sancti

311 919 403 977 sui
431 934 644 990 corpus
663 915 836 972 vellet
856 915 1078 988 reponi,
1099 914 1548 988 designaverunt
1569 917 1638 971 ad
1662 917 1967 972 basilicam

307 1009 686 1083 praefatorum
719 1008 1138 1077 martyrum,et
1169 1005 1447 1061 feretrum
1479 1006 1693 1062 moveri
1719 1023 1834 1061 non
1865 1023 1964 1078 po-

305 1099 444 1156 tuit.
479 1097 916 1168 Proposuerunt
946 1097 1010 1149 ut
1040 1094 1286 1150 ferretur
1327 1096 1398 1150 ad
1440 1094 1745 1151 ecclesiam
1779 1088 1967 1152 sancti

304 1184 628 1252 Nicasii,’et
657 1183 873 1239 moveri
907 1199 1023 1240 non
1055 1183 1264 1255 potuit.
1291 1183 1742 1256 Proposuerunt,
1768 1189 1832 1239 ut
1863 1185 1966 1242 fer-

305 1280 471 1334 retur
491 1275 563 1332 ad
591 1271 898 1330 ecclesiam
919 1276 1258 1328 sanctorum
1284 1271 1427 1329 Sixti
1450 1277 1507 1328 et
1528 1273 1750 1340 Sinicii,
1775 1279 1830 1330 et
1859 1291 1964 1331 nec

306 1364 394 1422 sic
422 1363 641 1420 moveri
691 1362 882 1436 potuit
913 1379 926 1417 :
960 1361 1198 1416 tandem
1239 1361 1441 1430 coacti,
1467 1362 1743 1435 quoniam
1789 1380 1965 1436 parva

302 1451 612 1514 ecclesiola
641 1455 784 1518 erat,
819 1451 880 1506 in
921 1450 1140 1506 honore
1188 1450 1340 1507 beati
1395 1451 1668 1524 martyris
1697 1450 1961 1508 Christo-

303 1541 493 1618 phori,
511 1541 612 1597 sed
639 1538 868 1594 nullum
891 1555 1103 1610 corpus
1126 1539 1407 1595 nominati
1431 1539 1616 1595 sancti
1639 1540 1699 1595 in
1721 1557 1788 1596 ea
1808 1541 1963 1614 jace-

303 1633 427 1699 bat,
451 1629 588 1686 etin
610 1646 728 1704 qua
752 1628 922 1702 eique
944 1627 1496 1701 circumjacentibus
1519 1629 1682 1684 atriis
1713 1647 1779 1686 ex
1809 1630 1960 1686 anti-

299 1737 418 1795 quo
439 1725 566 1778 erat
583 1717 982 1776 cmmeterium
999 1716 1086 1772 Rh
1095 1717 1348 1774 emensis
1365 1716 1619 1774 ecclesia:
1637 1736 1650 1774 :
1668 1719 1961 1791 petierunt

297 1815 367 1867 ut
396 1809 684 1868 Dominus
725 1807 1045 1864 declararet
1075 1805 1125 1862 si
1172 1805 1232 1860 in
1265 1807 1467 1862 eadem
1507 1807 1751 1863 ecclesia
1789 1807 1959 1864 vellet

299 1899 451 1957 illud
481 1915 693 1972 corpus
723 1894 1165 1953 sanctissimum
1198 1895 1356 1968 poni.
1381 1896 1450 1951 Et
1481 1895 1564 1950 sic
1595 1901 1759 1952 tanta
1781 1897 1958 1953 facili-

298 1994 422 2047 tate
450 1993 678 2046 motum
701 1990 790 2044 est
811 1987 1112 2052 feretrum,
1129 1988 1194 2040 ut
1225 1983 1455 2040 nullum
1483 2001 1634 2041 onus
1657 1989 1954 2057 portantes

302 2078 627 2136 sentirent:
653 2073 951 2148 sepultum
973 2077 1062 2129 est
1083 2077 1275 2129 autem
1309 2072 1454 2129 illud
1480 2074 1807 2131 venerabile
1829 2092 1952 2131 cor-

299 2187 416 2243 pus
445 2167 504 2223 in
537 2166 739 2223 eadem
790 2162 1113 2230 ecclesiola,
1149 2162 1248 2218 ubi
1280 2162 1460 2218 altare
1492 2167 1581 2218 est
1625 2163 1684 2218 in
1735 2165 1953 2221 honore

296 2261 517 2316 sanctis
549 2253 1012 2326 Genovefze,qua>.
1045 2251 1506 2308 familiarissima
1535 2253 1755 2308 exstitit
1783 2253 1950 2310 beato

297 2345 587 2418 Remigio.
613 2343 774 2410 Quod
807 2341 1188 2398 manifestum
1211 2344 1518 2396 estactum
1549 2341 1731 2397 fuisse
1755 2342 1953 2398 divina

293 2433 698 2509 dispositione,
716 2435 892 2504 atque
911 2429 1100 2502 ipsius
1121 2429 1510 2498 voluntate,ut
1535 2431 1687 2486 sicut
1711 2449 1823 2498 res,
1845 2449 1950 2488 suo

293 2521 534 2579 nomine
559 2518 879 2592 acquisita},
905 2519 1076 2590 juxta
1105 2535 1302 2574 sacras
1347 2516 1502 2590 leges
1535 2519 1827 2592 episcopio
1859 2538 1949 2576 ec-

291 2610 487 2669 clesiae
509 2607 859 2666 Rhemensis
879 2610 1047 2662 erant
1069 2607 1280 2670 unitas;
1304 2607 1385 2661 ita
1401 2611 1456 2662 et
1479 2624 1604 2679 quae
1627 2608 1814 2680 ipsius
1836 2625 1952 2664 me-

293 2699 427 2758 ritis
443 2701 608 2756 erant
628 2697 699 2753 de
715 2700 918 2753 caetero
936 2695 1301 2768 acquirendae
1322 2695 1635 2751 Rhemensi
1659 2696 1946 2766 Ecclesiae,

294 2789 358 2846 in
391 2789 562 2860 cujus
585 2787 807 2858 jaceret
837 2783 1126 2841 territorio
1157 2784 1428 2840 unirentu
1441 2802 1486 2838 r.

370 2877 566 2934 LXIII.
584 2875 720 2931 Post
741 2874 912 2946 cujus
933 2872 1159 2928 obitum
1183 2889 1317 2927 cum
1340 2870 1466 2928 lues
1490 2871 1824 2944 inguinaria
1845 2891 1950 2946 p0-

293 2966 504 3041 pulum
536 2963 736 3038 primae
761 2961 1082 3020 Germaniae
1105 2961 1452 3031 devastaret,
1477 2966 1535 3016 et
1563 2978 1764 3017 omnes
1794 2963 1948 3018 Rhe-

295 3053 521 3112 mensis
551 3051 858 3126 provincia:
909 3049 1106 3106 incolae
1139 3049 1322 3122 hujus
1367 3049 1548 3106 cladis
1595 3054 1953 3107 terrerentur

295 3143 527 3208 auditu,
558 3140 854 3198 concurrit
883 3137 1303 3195 Rhemensium
1355 3137 1608 3212 populus
1638 3140 1711 3195 ad
1761 3141 1950 3196 sancti

2082 565 2424 621 contulerat.
2459 567 2563 633 Qui
2597 583 2732 623 cum
2769 569 2840 624 ab
2881 570 3151 644 episcopo
3183 589 3250 629 ac
3275 570 3386 628 loci
3417 573 3726 646 praeposito

2081 656 2282 711 crebro
2305 661 2623 713 conventus
2650 657 2876 726 fuisset,
2893 663 2957 714 ut
2979 675 3103 730 quae
3134 659 3351 733 injuste
3371 666 3724 736 pervaserat,

2083 745 2375 812 redderet;
2409 747 2832 818 parvipendcns
2860 747 3195 820 verba,quze
3227 750 3520 820 audiebat,
3545 751 3723 825 perti-

2079 835 2207 889 naci
2242 835 2470 906 direpta
2503 835 2842 891 defensabat
2884 835 3225 893 intentione.
3250 839 3510 912 Denique
3545 857 3724 898 causa

2077 923 2318 992 exstitit,
2343 929 2402 980 et
2431 941 2543 979 non
2575 926 2898 992 devotio,ut
2937 930 3272 998 properaret
3301 928 3372 982 ad
3405 929 3592 986 sancti
3621 929 3722 986 ba-

2077 1011 2326 1068 silicam.
2357 1011 2635 1086 Arguitur
2677 1013 2887 1068 iterum
2921 1033 2954 1070 a
2983 1013 3092 1070 loci
3131 1016 3429 1088 proposito
3459 1035 3562 1090 pro
3593 1035 3723 1092 per-

2075 1103 2310 1158 vasione
2339 1103 2550 1176 campi,
2575 1104 2674 1159 sed
2706 1103 2852 1158 nihil
2874 1103 3118 1178 dignum
3149 1103 3370 1162 ratione
3400 1107 3720 1180 respondit.

2074 1191 2496 1264 Explicitisque
2517 1192 2784 1266 negotiis,
2807 1210 3049 1249 ascenso
3069 1210 3239 1266 equo,
3261 1195 3334 1250 ad
3361 1195 3604 1251 domum
3633 1213 3722 1252 re-

2075 1278 2198 1334 dire
2230 1278 2520 1350 disponit:
2547 1281 2646 1336 sed
2681 1280 2873 1336 obstat
2902 1280 3055 1336 nisui
3077 1282 3205 1354 ejus
3225 1283 3546 1340 sacerdotis
3573 1282 3724 1357 injue

2073 1367 2177 1423 ria.
2212 1369 2359 1424 Nam
2409 1368 2710 1426 sauciatus
2739 1387 2774 1424 a
2803 1369 3108 1442 sanguine,
3144 1369 3326 1426 diruit
3371 1370 3432 1426 in
3479 1376 3718 1431 terram.

2072 1455 2378 1529 Obligatur
2397 1457 2752 1531 lingua,quaa
2774 1457 2970 1514 locuta
2985 1459 3174 1515 fuerat
3189 1475 3465 1532 campum
3485 1460 3716 1519 tollere:

2071 1544 2428 1604 clauduntur
2457 1544 2745 1618 oculi,qui
2771 1545 3186 1618 concupierant
3212 1563 3224 1601 :
3251 1563 3463 1603 manus
3483 1552 3718 1605 contra-

2069 1633 2316 1700 huntur,
2341 1651 2470 1706 qua:
2499 1639 2837 1706 rapuerant.
3242 1683 3268 1700 ,
3453 1686 3460 1695 ,

2143 1723 2302 1778 LXV.
2329 1725 2493 1778 Tunc
2515 1721 2868 1791 balbutiens,
2885 1727 2941 1778 et
2961 1723 3053 1779 vix
3083 1741 3411 1780 sermonem
3431 1723 3718 1798 explicem

2068 1811 2287 1879 valens,
2304 1811 2416 1868 ait:
2439 1811 2667 1867 Deferte
2687 1828 2780 1866 me
2805 1812 2876 1867 ad
2911 1811 3214 1868 basilicam
3239 1813 3445 1881 sancti,
3461 1816 3518 1869 et
3537 1829 3719 1886 quan-

2065 1903 2428 1972 tumcunque
2459 1917 2636 1974 super
2685 1917 2776 1955 me
2827 1900 2953 1955 auri
2985 1904 3095 1968 est,
3117 1901 3186 1956 ad
3221 1901 3556 1974 sepulcrum
3587 1903 3716 1975 ejus

2064 1988 2326 2061 projicite
2361 2007 2374 2044 :
2409 1989 2640 2062 peccavi
2679 1989 2859 2054 enim,
2893 1989 3206 2046 auferendo
3244 2005 3336 2046 res
3365 1991 3514 2062 ejus.
3546 1990 3715 2064 Aspi-

2063 2078 2222 2133 ciens
2246 2066 2439 2133 autem
2473 2079 2640 2132 dator
2661 2078 2850 2150 campi
2883 2078 3040 2134 hunc
3071 2095 3204 2134 cum
3235 2079 3580 2136 muneribus
3609 2079 3714 2138 dc.-

2062 2167 2220 2233 ferri,
2247 2168 2326 2222 ait
2352 2185 2364 2221 :
2390 2167 2471 2222 Ne
2511 2166 2786 2238 accipias,
2813 2184 3031 2238 qumso,
3075 2172 3274 2223 sancte
3313 2167 3436 2236 Dei,
3470 2185 3717 2226 munera

2061 2255 2210 2326 ejus,
2235 2273 2362 2327 qua:
2396 2271 2698 2327 nunquam
2725 2255 2934 2326 cupide
2955 2255 3218 2328 accipere
3239 2255 3610 2313 consuevisti.
3633 2257 3718 2322 Ne

2061 2342 2162 2410 sis,
2189 2344 2484 2414 deprecor,
2511 2343 2744 2414 adjutor
2773 2343 2922 2414 ejus,
2949 2342 3049 2415 qui
3084 2342 3488 2402 inﬂammante
3509 2361 3716 2416 concu-

2059 2430 2369 2503 piscentia,
2392 2448 2587 2486 rerum
2612 2435 2846 2486 tnarum
2871 2447 3121 2502 nequam
3147 2449 3452 2504 possessor
3469 2433 3711 2490 exstitit.

2059 2521 2176 2576 Nec
2195 2519 2426 2575 distulit
2445 2523 2684 2574 sanctus
2703 2519 2904 2574 audire
2921 2537 3118 2575 vocem
3139 2519 3414 2592 pauperis
3436 2521 3548 2577 sui.
3564 2521 3713 2578 Nam

2059 2608 2234 2666 hoino
2266 2608 2362 2663 ille
2393 2608 2528 2664 licet
2548 2601 2829 2678 jussisset
2855 2609 2984 2667 dari
3018 2625 3282 2674 munera,
3303 2608 3558 2666 ostendit
3576 2628 3711 2668 san-

2059 2702 2188 2753 ctus
2217 2696 2553 2752 Domini‘se
2605 2695 2705 2751 illa
2735 2713 2850 2751 non
2882 2700 3236 2768 acceptasse.
3273 2697 3434 2754 Unde
3481 2698 3714 2758 rediens

2059 2803 2334 2858 pervasor
2361 2786 2624 2850 domum,
2658 2784 2858 2839 amisit
2903 2783 3200 2856 spiritum,
3243 2785 3578 2859 recepitque
3607 2787 3711 2845 Ec-

2060 2874 2235 2930 clesia
2266 2891 2358 2930 res
2390 2891 2548 2930 suas.

2131 2962 2317 3018 LXVI.
2345 2962 2582 3034 Sepulto
2613 2962 2926 3034 siquidem,
2954 2967 3018 3017 ut
3047 2963 3444 3034 praediximus,
3469 2981 3712 3037 corpore

2058 3051 2210 3108 beati
2245 3051 2490 3123 Remigii
2521 3050 2581 3104 in
2613 3049 2859 3106 ecclesia
2895 3051 3080 3106 sancti
3113 3051 3543 3126 Christophori,
3571 3069 3709 3110 cum

2059 3139 2246 3201 multa
2274 3145 2330 3194 ct
2360 3140 2650 3211 stupenda
2686 3139 2969 3196 miracula
3006 3139 3065 3194 in
3105 3141 3306 3197 eadem
3339 3140 3584 3199 ecclesia
3606 3159 3712 3214 per
3804 3191 3812 3196 _

293 3231 658 3305 sepulcrum,
685 3244 1012 3302 congruum
1043 3227 1224 3299 hujus
1255 3243 1444 3283 causae
1478 3228 1742 3300 flagitare
1771 3246 1950 3285 reme-
1977 3211 2022 3280 (ἶ
2062 3228 2269 3284 merita
2289 3227 2684 3300 ejus,Domini
2706 3228 2892 3299 gratia
2927 3229 3151 3301 fierent,
3167 3228 3448 3302 ampliata
3470 3233 3528 3286 et
3551 3211 3710 3287 ex—al-

293 3322 460 3378 dium
482 3333 526 3374 ι.
567 3317 842 3374 Accensis
891 3333 1126 3389 quoque
1175 3315 1377 3380 cereis,
1429 3315 1773 3390 lychnisque
1833 3335 1948 3374 non

292 3410 520 3485 paucis,
553 3407 788 3481 hymnis
817 3405 1183 3479 psalmisque
1227 3405 1570 3489 lccelcstibus
1618 3423 1720 3479 per
1766 3411 1948 3463 totam

291 3499 542 3557 excubat
563 3500 812 3554 noctem.
834 3494 1003 3550 Mane
1025 3499 1221 3548 autem
1245 3493 1415 3560 facto,
1435 3493 1576 3566 quid
1604 3494 1794 3550 adhuc
1827 3513 1951 3567 pre-

291 3587 450 3645 catui
477 3586 648 3654 desit,
669 3585 730 3640 in
751 3587 1002 3639 tractatu
1030 3582 1297 3638 rimatur.
1327 3582 1688 3654 Repererunt
1708 3583 1946 3652 etenim,

294 3675 584 3732 revelante
614 3674 752 3741 Deo,
785 3671 884 3744 qui
916 3675 1186 3728 sanctum
1220 3687 1395 3726 suum
1442 3670 1740 3726 mirificari
1769 3671 1952 3728 voluit

293 3765 450 3839 apud
495 3762 789 3829 homines,
821 3777 998 3833 quem
1030 3760 1184 3832 apud
1216 3775 1278 3815 se
1310 3748 1626 3816 mirificum
1674 3760 1948 3830 habebat,

294 3851 552 3926 qualiter
567 3851 828 3907 oratione
849 3847 1172 3921 praemissa,
1189 3847 1379 3904 adhuc
1396 3849 1604 3920 majori
1625 3865 1955 3924 propugna-

295 3941 429 3998 culo
448 3940 613 3996 urbis
635 3935 1079 4012 propugnacula
1099 3937 1492 3992 munirentur.
1509 3939 1830 4011 Assumpta
1851 3939 1955 4011 igi-

292 4035 396 4088 tur
427 4028 584 4102 palla
613 4029 684 4084 de
713 4027 870 4083 beati
898 4025 1187 4098 sepulcro,
1205 4031 1566 4097 componunt
1585 4043 1712 4082 eam
1743 4026 1804 4080 in
1837 4044 1956 4082 mo-

294 4119 440 4176 dum
467 4116 693 4184 feretri;
725 4114 1104 4188 accensisque
1135 4130 1312 4186 super
1342 4131 1546 4170 cruces
1567 4114 1749 4170 cereis
1780 4119 1955 4187 atque

293 4225 476 4282 super
497 4205 1030 4272 ceroferariis,dant
1043 4219 1213 4260 voces
1236 4204 1293 4258 in
1317 4204 1956 4271 canticis,circumeunt

294 4297 504 4354 urbem
537 4311 672 4350 cum
703 4292 867 4359 vicis,
894 4309 998 4348 nec
1031 4295 1381 4364 praetereunt
1401 4291 1586 4348 ullum
1610 4292 1954 4365 hospitium,

291 4387 454 4460 quod
481 4402 594 4440 non
619 4383 728 4440 hac
751 4381 1158 4438 circumitione
1181 4379 1554 4438 concludant.
1571 4382 1715 4448 Quid
1741 4382 1914 4454 plura
1928 4383 1956 4436 ‘I

289 4477 422 4533 Non
441 4478 574 4546 post
589 4471 805 4529 multos
818 4471 1121 4539 dies,iines
1138 4469 1317 4540 hujus
1341 4469 1591 4526 civitatis
1611 4471 1957 4528 Ithemensis

291 4563 426 4621 lues
454 4563 794 4636 aggreditur
839 4563 1181 4615 memorata.
1215 4558 1624 4647 Vetumtamen
1666 4577 1849 4632 usque
1880 4562 1951 4617 ad
1983 4581 2032 4647 Β

291 4669 432 4710 eum
463 4651 659 4707 locum
692 4649 994 4716 accedens,
1021 4665 1136 4720 quo
1167 4646 1322 4704 beati
1354 4647 1567 4720 pignus
1599 4651 1863 4718 accessit,
1889 4669 1955 4708 ac

290 4740 346 4799 si
363 4738 758 4798 constitutum
775 4740 1036 4794 cerneret
1058 4735 1399 4804 terminum,
1417 4735 1568 4792 intro
1590 4736 1814 4810 ingredi
1838 4737 1957 4794 ullo

291 4829 474 4887 modo
505 4845 621 4884 non
643 4831 735 4882 est
764 4842 910 4882 ausa
934 4842 947 4881 :
973 4825 1075 4880 sed
1095 4825 1274 4880 etiam
1297 4841 1423 4896 quae
1449 4824 1506 4879 in
1529 4825 1815 4898 principio
1837 4844 1960 4900 per-

287 4921 549 4982 vaserat,
572 4915 753 4987 hujus
773 4913 1005 4970 virtutis
1027 4911 1265 4986 repulsu
1289 4911 1542 4985 reliquit.
1569 4913 1677 4978 Qui
1699 4915 1960 4972 beatissi-

292 5023 436 5064 mus
477 5003 758 5078 pontifex,
783 5006 841 5058 et
869 5001 928 5058 in
958 5000 1077 5058 vita
1123 5001 1405 5074 corporis,
1439 5004 1496 5055 et
1545 5005 1676 5073 post
1706 5002 1954 5071 obitum,

292 5096 453 5154 sicut
483 5092 738 5150 infirmis
770 5091 1092 5148 sanitatum
1123 5089 1373 5164 gratiam
1405 5089 1676 5158 reddidit,
1703 5089 1787 5146 sic
1814 5095 1870 5147 et
1897 5091 1954 5146 in

292 5199 642 5258 pervaseres
672 5179 996 5254 saepissime
1021 5179 1178 5235 ultor
1204 5179 1444 5235 exstitit.

372 5271 562 5328 LXIV.
591 5273 727 5326 Erat
757 5269 914 5325 enim
947 5269 1104 5324 haud
1137 5267 1339 5341 procul
1371 5284 1404 5324 a
1433 5264 1679 5322 basilica
1711 5281 1957 5338 campus

290 5361 505 5418 tellure
539 5359 828 5416 fecundus
847 5357 1015 5432 (tales
1042 5357 1198 5413 enim
1231 5355 1430 5412 incolae
1454 5354 1613 5410 oleas
1635 5354 1882 5426 vocant),
1903 5359 1959 5411 et

292 5450 393 5506 hic
411 5449 586 5504 datus
603 5448 792 5504 sancti
814 5445 1068 5502 basilicae
1091 5446 1487 5510 fuerat.Quem
1511 5459 1666 5498 unus
1683 5459 1713 5498 e
1733 5441 1956 5497 civibus

2059 3321 2181 3373 tata
2211 3321 2300 3372 est
2327 3315 2453 3388 ipsa
2479 3315 2745 3372 ecclesia.
2771 3317 2841 3372 Et
2877 3317 3031 3372 facta
3058 3322 3262 3390 crypta
3309 3322 3462 3375 retro
3505 3316 3711 3387 altare,

2059 3406 2119 3460 in
2152 3421 2328 3476 quam
2361 3406 2774 3460 transferretur
2805 3421 3015 3477 corpus
3047 3401 3714 3474 sanctissimum,'eifos-

2060 3509 2196 3549 sum
2217 3497 2306 3548 est
2327 3493 2396 3547 de
2425 3491 2550 3548 loco
2585 3493 2640 3548 in
2665 3511 2780 3565 quo
2812 3498 3035 3564 erat,ut
3064 3492 3122 3549 in
3156 3495 3375 3551 fossam
3399 3495 3612 3552 factam
3646 3495 3708 3552 in

2060 3585 2384 3638 memorata
2413 3585 2612 3654 crypta
2643 3581 3166 3654 cleponeretur,sed
3189 3582 3354 3639 nullo
3387 3583 3561 3640 modo
3583 3601 3679 3641 mo
3698 3613 3714 3626 -

2058 3669 2176 3727 veri
2216 3669 2422 3743 potuit.
2457 3669 2910 3742 Superveniente
2959 3675 3156 3726 autem
3209 3675 3396 3740 nocte,
3421 3675 3480 3728 et
3504 3688 3716 3744 perno-

2061 3759 2356 3816 ctantibus
2385 3757 2662 3814 fratribus
2693 3758 2751 3814 in
2773 3758 3009 3832 hymnis
3031 3764 3088 3815 et
3111 3759 3376 3829 canticis,
3403 3759 3604 3817 multis
3629 3778 3720 3818 ac-

2061 3849 2252 3905 censis
2281 3847 2696 3914 luminaribus,
2721 3849 2876 3904 circa
2902 3848 3158 3904 mediam
3189 3852 3419 3906 noctem
3453 3866 3628 3922 sopor
3655 3849 3716 3905 in

2061 3955 2265 3995 omnes
2295 3935 2486 3992 irruit.
2513 3938 2581 3992 Et
2606 3936 3017 4010 evigilantibus
3041 3937 3432 4004 eis,Calendis
3451 3937 3718 3996 Octobris

2063 4043 2196 4082 cum
2228 4024 2602 4080 sanctissimo
2629 4041 2870 4096 corpore
2901 4025 3236 4098 sepulcrum
3270 4026 3574 4084 inventum
3607 4031 3716 4094 est,

2063 4113 2343 4186 angelicis
2381 4111 2655 4167 manibus
2686 4112 2966 4183 positum,
2993 4114 3050 4168 in
3089 4115 3248 4170 fossa
3297 4119 3530 4188 cryptae,
3563 4119 3718 4171 retro

2064 4200 2244 4256 altare
2274 4201 2456 4254 factae.
2481 4199 2785 4269 Tantaque
2826 4197 3168 4270 evigilantes
3197 4199 3392 4254 odoris
3432 4200 3718 4256 suavitate

2067 4287 2269 4362 repleti
2295 4291 2432 4343 suut
2452 4303 2654 4342 omnes
2679 4285 2778 4356 qui
2806 4281 3134 4352 adfuerant,
3151 4290 3214 4341 ut
3234 4286 3495 4341 humana
3516 4285 3718 4360 lingua

2065 4379 2175 4435 hoc
2201 4377 2361 4433 effari
2397 4393 2509 4431 non
2543 4374 2730 4430 valeat
2764 4391 2775 4428 :
2811 4379 2868 4430 et
2898 4375 2982 4430 sic
3025 4393 3126 4447 per
3167 4377 3349 4430 totam
3381 4373 3536 4430 diem
3569 4379 3628 4432 et
3656 4375 3716 4432 in

2067 4466 2388 4524 crastinum
2417 4465 2540 4537 ipse
2565 4465 2707 4520 odor
2737 4464 2792 4518 in
2819 4464 3021 4518 eadem
3044 4463 3289 4519 ecclesia
3319 4479 3718 4536 perseverave-

2067 4558 2160 4613 rit.
2187 4556 2434 4628 lpsaque
2455 4553 2546 4609 dic
2579 4551 2983 4608 translationis
3013 4552 3160 4622 ejus,
3187 4569 3320 4608 cum
3352 4550 3565 4610 divinis
3592 4551 3718 4611 lau-

2071 4645 2244 4702 dibus
2275 4645 2510 4714 sumpta
2541 4645 2680 4696 sunt
2711 4639 2957 4712 reliquia
2989 4657 3021 4694 a
3052 4657 3289 4712 corpore
3319 4640 3499 4712 illius,
3531 4643 3602 4700 de
3632 4661 3723 4700 ca-

2069 4733 2228 4808 pillis
2259 4729 2526 4786 videlicet
2555 4731 2700 4800 ejus,
2728 4733 2786 4784 et
2827 4727 3048 4794 casula,
3081 4745 3144 4788 ac
3178 4729 3378 4786 tunica
3407 4730 3630 4804 ipsius;
3663 4737 3721 4790 et

2069 4821 2395 4878 involutum
2419 4822 2504 4874 est
2535 4834 2746 4889 corpus
2777 4815 2934 4871 illius
2966 4816 3278 4889 integrum,
3303 4819 3404 4877 sed
3431 4819 3716 4877 exssicca-

2068 4915 2194 4966 tum
2225 4911 2295 4965 de
2324 4907 2581 4963 brandeo
2613 4906 2810 4961 rubeo.

2139 4997 2352 5054 LXVII.
2384 4997 2664 5051 Processu
2697 4995 2947 5067 denique
2971 4995 3248 5068 temporis
3279 4997 3565 5070 Pippinus
3597 5013 3714 5063 rex,

2067 5087 2254 5143 Caroli
2287 5085 2482 5158 Magni
2531 5089 2716 5157 pater,
2749 5082 2950 5140 volens
2987 5085 3264 5158 episcopii
3306 5084 3717 5143 Laudunensis

2065 5175 2285 5244 villam,
2319 5191 2447 5247 quae
2494 5173 2802 5228 Anisiacus
2833 5174 3070 5240 dicitur,
3093 5174 3353 5246 accipere
3383 5173 3554 5246 quasi
3603 5175 3715 5231 sub

2067 5283 2268 5331 censu,
2301 5264 2454 5319 sicut
2493 5267 2552 5318 et
2595 5262 2742 5318 alias
2772 5265 3059 5336 quasdam
3112 5263 3342 5338 fecerat,
3372 5261 3531 5318 venit
3559 5260 3619 5318 in
3649 5280 3719 5320 ea

2067 5370 2320 5409 manere.
2346 5351 2452 5413 Ubi
2493 5369 2628 5411 cum
2683 5352 2983 5418 dormiret,
3006 5350 3162 5406 venit
3191 5350 3259 5404 ad
3293 5367 3428 5406 eum
3474 5354 3718 5408 sanctus

2068 5441 2387 5515 Remigius,
2414 5441 2614 5497 dicens
2639 5459 2651 5496 :
2679 5442 2764 5494 'l‘u
2789 5439 2929 5510 quid
2959 5438 3049 5492 hic
3075 5438 3254 5493 facis?
3275 5441 3461 5504 Quare
3484 5439 3714 5496 intrasti

369 5645 390 5672 ι
421 5633 568 5690 Vide
597 5597 769 5708 Greg.
806 5635 1024 5690 Turon.
1059 5633 1129 5689 de
1161 5631 1317 5689 Glor.
1351 5630 1626 5698 confess,
1661 5646 1711 5686 c.
1742 5631 1834 5699 79,
1869 5630 2022 5701 Bar.,
2055 5649 2150 5687 an.
2183 5632 2306 5686 565.
