4028 6178
210 375 216 380 -
319 329 476 416 l175

1096 351 1478 412 HINCMARI
1526 350 1772 412 unum.
1818 321 2182 410 Ancump.
2228 348 2636 414 OPUSCULA
2683 350 2950 412 VARIA.

3579 351 3738 412 U76

317 463 378 543 in
409 480 562 542 hanc
593 482 790 540 villam
825 499 1003 556 quam
1036 481 1182 538 mihi
1209 485 1266 539 te
1296 481 1554 540 devotior
1579 483 1755 538 homo
1787 480 1968 552 dedit,
2083 481 2361 554 colligens
2385 497 2584 538 secum
2614 481 2844 550 detulit,
2864 499 2968 556 per
2997 497 3106 540 sua
3133 459 3470 538 habitacula
3497 482 3737 554 sparsit,

307 589 616 648 quamque
638 588 742 645 ego
764 571 1021 629 ecclesiae
1043 571 1290 628 domina:
1323 589 1464 628 mea:
1495 575 1707 627 sanctae
1730 569 1832 626 Dei
1864 571 1973 626 Ge-

316 662 544 720 nitricis
569 661 821 719 donavi?
840 662 912 717 Et
941 659 1254 735 ﬂagellavit
1282 677 1417 716 eum
1451 659 1593 716 satis
1627 660 1870 730 duriter,
1895 659 1976 714 ita

317 741 384 810 ut
411 751 622 808 livores
653 753 860 824 postea
887 748 948 804 in
979 765 1222 822 corpore
1249 749 1378 820 ejus
1417 752 1706 822 parerent.
1741 749 1812 804 Et
1839 763 1974 804 eum

318 839 611 914 disparuit
653 839 862 895 beatus
909 837 1235 912 Remigius,
1271 837 1556 912 Pippinus
1605 837 1878 906 surrexit,
1911 855 1977 894 ac

321 929 517 987 valida
547 931 852 1001 correptus
885 927 1062 996 febre,
1093 927 1442 999 quantocius
1471 927 1543 983 ab
1574 925 1704 999 ipsa
1733 925 1867 982 villa
1895 943 1978 982 re-

323 1008 524 1076 cessit.
549 1017 630 1074 De
661 1033 778 1090 qua
807 1016 966 1072 febre
998 1032 1114 1070 non
1153 1032 1327 1088 parvo
1369 1019 1628 1088 tempore
1672 1014 1974 1071 laboravit.

321 1107 395 1164 Et
415 1107 691 1178 deinceps
710 1104 980 1178 princeps
1002 1103 1186 1178 regni,
1211 1121 1397 1176 usque
1425 1105 1497 1160 ad
1520 1105 1803 1160 moderna
1830 1108 1978 1160 tem-

325 1187 488 1270 pora,
513 1193 595 1250 ibi
626 1211 742 1249 non
775 1193 1014 1262 mansit,
1044 1193 1198 1248 sicut
1218 1210 1324 1250 nec
1353 1193 1412 1249 in
1433 1193 1744 1250 Codiciano
1774 1192 1860 1249 vel
1883 1197 1978 1248 Ju-

322 1273 494 1352 liaco,
518 1281 632 1339 nisi
658 1281 1004 1338 Ludovicus
1041 1298 1140 1337 rex
1161 1281 1504 1350 Germaniae,
1535 1283 1766 1356 quando
1805 1298 1983 1355 super

325 1373 568 1446 fratrem
599 1387 774 1426 suum
800 1369 1072 1427 Carolum
1103 1387 1348 1444 regnum
1378 1369 1506 1443 ejus
1535 1370 1771 1439 invasit,
1796 1371 1854 1426 in
1883 1371 1984 1428 Ju-

325 1461 472 1518 liaco
503 1460 743 1529 mansit,
767 1463 826 1516 et
845 1459 904 1514 in
929 1459 1022 1516 die
1055 1459 1333 1528 crastina,
1358 1459 1610 1532 turpiter
1628 1464 1764 1517 ante
1785 1459 1982 1534 ipsum

333 1551 571 1606 fratrem
601 1548 834 1622 fugiens
862 1547 957 1605 vix
985 1548 1186 1606 evasit.

399 1637 639 1696 LXVIII.
662 1638 872 1694 Nostra
901 1642 1068 1694 (etate
1099 1637 1342 1694 colonus
1368 1637 1608 1711 quidam
1641 1637 1788 1694 villae
1831 1638 1982 1694 Rhe-

325 1727 556 1809 mensis
601 1726 902 1801 episcopii,
938 1745 1066 1799 quas
1116 1727 1392 1801 plumbea
1443 1729 1702 1784 Fontana
1748 1727 1981 1796 dicitur,

2087 576 2145 628 et
2175 575 2375 644 postea
2405 589 2644 644 serpens
2665 572 2748 627 eis
2769 573 2826 628 in
2858 571 3099 640 locis,in
3129 571 3346 644 quibus
3367 571 3560 644 pulvis
3583 588 3743 646 spar-

2079 656 2189 717 'sus
2211 661 2418 726 fuerat,
2439 677 2554 715 non
2583 661 2871 733 apparuit.
2889 660 3112 729 Quibus
3134 660 3388 717 ostensis
3410 660 3739 728 miraculis,

2086 753 2243 805 certo
2276 747 2492 804 indicio
2523 747 2792 822 colligere
2822 749 3316 822 possumus,quia
3338 749 3387 806 si
3420 767 3536 806 non
3568 749 3740 806 hazsi-

2085 841 2280 894 tantes
2310 837 2370 892 in
2402 838 2536 904 ﬁde,
2559 837 2620 893 in
2653 837 3136 894 tribulationibus
3186 837 3404 896 nostris
3455 838 3744 895 auxilium

2088 927 2274 984 sancti
2299 925 2544 998 Remigii
2565 945 2632 982 ex
2657 927 2829 984 corde
2849 926 3208 1000 petierimus,
3223 927 3372 984 etab
3395 927 3742 1002 angelorum

2088 1015 2437 1088 Satane,qui
2469 1013 2529 1070 in
2559 1019 2828 1088 serpente
2857 1019 3104 1072 matrem
3137 1015 3382 1072 humani
3404 1017 3640 1090 generis
3670 1015 3748 1072 al-

2083 1098 2321 1161 locutus
2351 1104 2656 1177 deceperat
2694 1105 2847 1174 (Gen.
2870 1104 3566 1178 1n),int‘estinationibps,
3607 1110 3668 1161 et
3713 1121 3748 1162 a

2089 1210 2399 1267 pravorum
2423 1193 2729 1250 hominum
2751 1193 3251 1266 improbitatibus,
3267 1195 3404 1268 'ejus
3434 1193 3666 1251 meritis
3689 1198 3748 1250 et

2089 1281 2611 1338 intercessionibus
2641 1281 3042 1339 liberabimur.

2163 1371 2348 1428 LXIX.
2363 1373 2648 1446 Tempore
2669 1372 2943 1430 Ludovici
2979 1373 3370 1446 imperatoris,
3394 1375 3512 1430 duo
3535 1374 3748 1431 fratres

2093 1461 2296 1518 Franci
2331 1460 2618 1518 forestarii
2651 1463 2800 1535 ejus,
2835 1461 3177 1520 invaserunt
3213 1467 3442 1536 partem
3474 1463 3548 1520 de
3581 1463 3747 1529 silva,

2093 1565 2272 1622 quam
2294 1549 2354 1604 in
2377 1549 2530 1606 saltu
2551 1549 2787 1624 Vosagi,
2812 1554 2877 1607 ut
2897 1568 3078 1624 supra
3097 1551 3484 1622 ostendimus,
3505 1555 3752 1609 sanctus

2093 1637 2398 1710 Remigius
2445 1638 2505 1694 in
2550 1639 2672 1695 vita
2722 1656 2831 1696 sua
2876 1639 3060 1712 pretio
3107 1645 3564 1714 comparaverat,
3599 1636 3754 1696 intra

2095 1727 2260 1795 ﬁnes,
2287 1727 2546 1784 dicentes
2577 1729 2732 1802 quod
2791 1728 2924 1801 plus
2982 1729 3300 1802 pertineret
3347 1728 3492 1786 silva
3543 1729 3646 1786 illa
3678 1723 3750 1788 ad

322 1819 606 1902 zmanebat
627 1817 802 1889 juxta
822 1817 1034 1873 ﬁscum
1057 1815 1306 1890 regium,
1327 1815 1428 1888 qui
1451 1817 1702 1874 Rosetus
1723 1821 1983 1884 vocatur,
2014 1837 2064 1918 Β
2097 1815 2306 1871 fiscum
2329 1815 2902 1891 imperatoris,quam
2923 1818 2994 1874 ad
3018 1821 3242 1891 partem
3265 1818 3452 1875 sancti
3478 1817 3752 1893 Remigii.

323 1905 386 1962 ct
417 1923 522 1963 nec
555 1904 870 1980 peculium,
905 1909 1009 1961 nec
1049 1921 1324 1972 messem,
1346 1905 1432 1962 vel
1464 1911 1698 1978 pratum
1749 1910 1987 1979 propter
2016 1904 2063 1918 "
2097 1904 2858 1962 Contradicentibusautem
2871 1905 3294 1964 hominibusde
3307 1911 3596 1980 potestate
3609 1907 3758 1964 Rhe-

328 1994 733 2051 ﬁscalinorum
777 1993 1216 2051 infestationem
1247 1994 1443 2067 quiete
1491 1995 1706 2052 habere
1735 1994 1982 2051 valebat.

331 2071 494 2140 Unde
507 2101 659 2156 saepe
667 2083 963 2156 justitiam
978 2085 1133 2157 apud
1154 2084 1344 2157 regios
1361 2081 1647 2141 ministeri
1656 2083 1776 2141 ales
1795 2083 1980 2158 petiit,

329 2189 509 2245 quam
531 2173 794 2228 obtinere
819 2189 934 2228 non
957 2172 1438 2245 potuit.Tandem
1461 2172 1680 2229 invenit
1697 2173 1806 2229 sibi
1831 2172 1987 2230 salu-

329 2261 434 2333 bre
462 2261 798 2316 consilium.
823 2261 970 2318 Nam
1001 2261 1155 2316 coxit
1185 2278 1364 2333 panes
1395 2265 1453 2316 et
1492 2279 1719 2329 carnes,
1742 2266 1799 2318 et
1828 2279 1986 2320 acce-

329 2331 419 2420 pit
448 2347 752 2404 cervisiam
787 2347 847 2402 in
875 2347 1150 2416 vasculis,
1175 2331 1346 2420 prout
1375 2347 1584 2422 potuit.
1619 2352 1752 2416 Quae
1786 2351 1986 2408 omnia

330 2435 392 2491 in
440 2453 597 2505 vase,
636 2435 792 2510 quod
840 2435 1012 2508 vulgo
1061 2437 1254 2492 benna
1299 2437 1531 2505 dicitur,
1575 2437 1895 2510 collocavit,
1928 2444 1984 2495 et

332 2541 496 2580 carro
529 2523 941 2598 superposuit:
967 2524 1169 2598 sicque
1189 2525 1418 2597 junctis
1443 2526 1652 2595 bobus,
1677 2526 1981 2584 candelam

327 2600 391 2668 in
413 2630 594 2668 manu
616 2612 862 2682 habens,
877 2613 950 2670 ad
977 2612 1283 2670 basilicam
1307 2614 1491 2670 sancti
1515 2613 1761 2688 Remigii
1785 2633 1984 2690 prope-

332 2703 638 2770 ravit.Quo
669 2704 1031 2777 perveniens,
1056 2703 1127 2758 de
1158 2721 1307 2776 pane
1336 2708 1393 2760 et
1423 2720 1595 2760 carne
1635 2722 1701 2760 ac
1740 2705 1984 2761 cervisia

325 2779 768 2848 inatricularios
795 2791 972 2865 pavit,
998 2792 1300 2848 candelam
1327 2793 1398 2849 ad
1429 2793 1763 2865 sepulcrum
1795 2795 1980 2850 sancti

329 2880 546 2953 posuit.
561 2884 618 2936 et
639 2881 767 2952 ejus
789 2881 1074 2937 auxilium
1095 2885 1298 2938 contra
1313 2882 1712 2954 opprimentcs
1733 2899 1796 2940 se
1815 2883 1982 2941 ﬁsca-

331 2967 485 3026 linos
505 2969 760 3043 expetiit.
779 2970 1088 3027 Pulverum
1111 2988 1342 3044 quoque
1365 2971 1436 3028 de
1456 2972 1786 3045 pavimento
1807 2973 1983 3030 eccle-

333 3057 454 3124 siae,
487 3062 773 3131 quantum
815 3058 1020 3129 valuit,
1055 3059 1306 3134 collegit,
1340 3064 1397 3116 et
1425 3061 1485 3116 in
1525 3078 1718 3133 panno
1757 3061 1978 3134 ligavit,

333 3150 392 3203 et
421 3146 480 3202 in
505 3147 842 3220 praadictam
867 3147 1123 3204 bennam
1152 3148 1331 3218 misit,
1355 3153 1412 3205 et
1431 3151 1683 3223 desuper
1707 3151 1978 3220 linteum,
2009 3189 2018 3204 ,

2095 1993 2318 2050 mensis
2363 1993 2620 2050 ecclesia:
2652 2012 2809 2051 unus
2857 2011 3058 2052 eorum
3107 1994 3440 2052 altercando
3487 1999 3651 2054 venit
3681 1999 3754 2053 ad

2093 2079 2302 2156 porcos
2333 2099 2656 2156 suos,quos
2688 2083 2747 2139 in
2779 2083 3046 2141 eamdem
3077 2083 3284 2141 silvam
3309 2084 3382 2141 ad
3413 2084 3752 2158 pastionem

2095 2171 2356 2240 miserat,
2380 2170 2536 2227 inter
2555 2189 2704 2245 quos
2725 2170 2928 2245 lupum
2953 2171 3192 2230 invenit.
3219 2173 3399 2240 Quem
3425 2176 3755 2232 ascendens

2093 2276 2333 2334 equum,
2351 2259 2626 2318 velociter
2653 2265 2744 2318 est
2771 2261 3093 2318 insecutus.
3125 2261 3196 2318 Et
3220 2261 3421 2319 volens
3451 2279 3591 2320 eum
3619 2281 3752 2337 per-

2093 2352 2308 2418 cutere,
2345 2365 2494 2422 equo
2539 2355 2952 2424 expavescente
2983 2349 3199 2407 collisit
3236 2354 3413 2424 caput
3451 2352 3528 2408 ad
3567 2364 3754 2409 unum

2093 2435 2306 2492 fustem
2339 2437 2412 2492 de
2440 2437 2570 2510 ipsa
2597 2436 2764 2506 silva,
2785 2437 2868 2494 ita
2896 2442 2962 2494 ut
2999 2439 3304 2496 cerebrum
3343 2438 3508 2496 illius
3537 2440 3598 2496 in
3631 2444 3752 2498 ter-

2093 2541 2218 2580 ram
2249 2525 2557 2582 defluxerit
2591 2542 2602 2582 :
2637 2530 2696 2582 et
2743 2531 3011 2584 mortuus
3058 2532 3168 2584 est.
3205 2529 3406 2585 Frater
3441 2545 3578 2585 vero
3619 2530 3754 2602 ejus

2091 2611 2314 2669 concite
2372 2631 2620 2687 pergens
2664 2615 2722 2670 in
2771 2619 2998 2688 partem
3055 2615 3320 2686 alteram,
3355 2617 3623 2690 pervenit
3676 2615 3752 2674 ad

2091 2703 2410 2774 quamdam
2457 2707 2704 2776 petram,
2737 2707 2795 2758 et
2841 2704 3338 2762 dixit:0mnibus
3385 2711 3596 2760 notum
3646 2707 3751 2775 sit,

2091 2788 2428 2860 quiausque
2449 2791 2522 2845 ad
2540 2789 2692 2846 hanc
2715 2793 2938 2862 petram
2956 2796 3047 2846 est
3062 2790 3175 2848 ista
3192 2791 3336 2848 silva
3351 2791 3748 2864 imperatoris.

2037 2883 2050 2895 ‘
2089 2877 2162 2933 Et
2183 2894 2315 2933 cum
2343 2883 2672 2950 percuteret
2691 2879 2958 2936 eamdem
2989 2884 3213 2952 petram
3245 2881 3536 2938 dolatoria
3567 2897 3749 2954 quam

2087 2965 2149 3021 in
2183 2981 2360 3022 manu
2410 2968 2698 3040 portabat,
2731 2967 3072 3026 exsilierunt
3099 2969 3172 3026 ab
3202 2968 3304 3026 illa
3347 2971 3652 3043 particula:
3683 2968 3747 3026 in

2089 3055 2275 3112 oculis
2304 3056 2452 3127 ejus,
2477 3060 2534 3112 et
2575 3061 2893 3113 excaecatus
2924 3061 3032 3114 est.
3067 3057 3277 3132 Sicque
3315 3058 3491 3115 ambo
3523 3074 3752 3132 recepe-

2091 3148 2228 3200 runt
2257 3145 2584 3202 mercedem
2615 3146 3094 3218 praesumptionis
3124 3150 3180 3203 et
3206 3146 3500 3204 mendacii
3531 3147 3644 3204 sui.

331 3235 486 3292 sicut
505 3203 686 3310 supra
700 3237 1147 3310 corpusmortui
1171 3203 1425 3294 aratas
1440 3203 1612 3308 solet,
1627 3203 1978 3313 basiabit;
2007 3203 2054 3292 Ὁ
2159 3233 2316 3289 LXX.
2339 3233 2587 3300 Quidam
2613 3203 2703 3290 vir
2731 3203 2946 3292 nobilis
2967 3235 3040 3291 de
3069 3234 3358 3292 territorio
3374 3235 3745 3304 Nivcmensi.

320 3323 385 3382 'et
415 3342 549 3382 cum
580 3342 744 3382 carro
771 3343 877 3381 suo
907 3327 978 3382 ad
1029 3327 1264 3400 propria
1309 3327 1606 3384 remeavit.
1630 3329 1976 3402 Quicunque

325 3418 521 3470 autem
566 3414 638 3471 de
683 3414 1054 3471 obviantibus
1087 3431 1220 3471 eum
1263 3417 1719 3490 interrogabant,
1743 3417 1881 3490 quid
1913 3417 1973 3474 in

323 3498 422 3556 illo
453 3516 616 3557 carro
639 3500 898 3568 duceret,
925 3502 1224 3575 respondit
1245 3520 1306 3560 se
1336 3508 1607 3560 sanctum
1641 3505 1970 3580 Remigium

315 3589 552 3670 ducere.
580 3589 649 3646 Et
695 3590 1142 3648 admirabantur
1187 3609 1392 3649 omnes
1439 3592 1498 3648 in
1547 3593 1701 3650 dicto
1733 3599 1791 3650 et
1820 3597 1970 3652 facto

321 3677 502 3746 illius,
543 3683 818 3753 putantes
867 3680 1034 3737 illum
1092 3698 1219 3738 esse
1277 3687 1592 3738 amentem.
1625 3683 1972 3742 Perveniens

319 3773 515 3824 autem
547 3785 683 3824 cum
727 3769 931 3824 eodem
973 3785 1137 3824 carro
1188 3769 1248 3824 in
1297 3774 1532 3840 pratum
1582 3788 1778 3838 suum,
1812 3772 1872 3828 in
1903 3791 1970 3830 eo

313 3861 584 3933 pastores
614 3861 918 3928 pascentes
940 3855 1149 3912 diversi
1181 3859 1412 3930 generis
1437 3858 1715 3916 animalia
1737 3861 1806 3917 de
1828 3861 1968 3918 fisco

317 3943 532 4000 Roseto
565 3945 818 4000 invenit:
843 3947 901 4000 et
929 3945 1191 4002 invocato
1213 3951 1416 4002 sancto
1439 3947 1722 4022 Remigio,
1749 3953 1813 4006 ut
1832 3967 1966 4007 eum

318 4037 522 4089 contra
551 4050 924 4107 oppressores
947 4051 1086 4091 suos
1115 4035 1436 4108 adiuvaret,
1465 4043 1764 4110 cmperunt
1789 4037 1966 4096 boves

309 4125 375 4195 et
401 4139 584 4179 vaccae
605 4139 740 4179 cum
769 4123 1041 4181 maximis
1063 4125 1388 4198 mugitibus
1411 4127 1660 4182 invicem
1691 4145 1752 4184 se
1782 4129 1967 4185 corni-

315 4211 426 4268 bus
459 4211 766 4290 impetere;
801 4213 946 4270 hirci
987 4213 1202 4282 hircos,
1227 4232 1410 4287 caprae
1451 4233 1656 4290 capras
1688 4219 1964 4276 cornibus

314 4301 690 4376 impugnare;
725 4288 887 4376 porci
925 4319 1059 4359 cum
1099 4303 1290 4377 porcis
1329 4288 1668 4378 conﬂigere;
1698 4323 1964 4364 verveces

313 4407 447 4446 cum
479 4391 815 4448 vervecibus
845 4409 908 4448 se
955 4391 1248 4461 collidere,
1277 4398 1542 4465 pastores
1593 4411 1656 4450 se
1705 4395 1963 4453 fustibus

311 4483 368 4534 et
399 4480 614 4552 pugnis
646 4485 851 4536 mutuo
882 4483 1202 4554 percutere.
1235 4483 1304 4536 Et
1335 4481 1520 4538 levato
1551 4483 1806 4540 maximo
1838 4489 1959 4540 tur-

2083 3321 2336 3378 obtentis
2371 3321 2636 3396 reliquiis
2658 3323 2720 3379 B.
2746 3322 3018 3398 Remigii,
3039 3322 3361 3380 oratorium
3382 3322 3444 3379 in
3474 3324 3609 3396 ejus
3637 3325 3748 3381 ho-

2083 3427 2222 3467 nore
2254 3411 2312 3466 in
2358 3411 2712 3485 proprietate
2761 3427 2871 3469 sua
2920 3411 3224 3469 aedificavit
3255 3425 3271 3468 :
3305 3412 3406 3468 ubi
3454 3411 3746 3470 Dominus

2081 3500 2300 3557 multas
2315 3500 2560 3556 virtutes
2584 3517 2685 3572 per
2705 3500 2916 3558 merita
2935 3501 3124 3574 ipsius
3143 3501 3329 3558 sancti
3348 3501 3443 3558 sui
3461 3499 3744 3558 ostendit.

2080 3589 2226 3645 Cum
2247 3593 2445 3646 autem
2463 3590 2740 3646 defuncto
2759 3589 3052 3647 Ludovico
3073 3589 3449 3664 imperatore,
3462 3591 3744 3665 Aquitani

2081 3677 2374 3750 gentilitia
2405 3675 2732 3736 mobilitate
2783 3679 3003 3752 absque
3023 3681 3169 3754 jugo
3215 3679 3524 3754 principis,
3567 3683 3743 3755 prout

2081 3765 2332 3840 quisque
2365 3769 2611 3839 poterat,
2641 3781 2702 3824 se
2731 3766 2954 3836 ell‘erre,
2976 3771 3035 3824 et
3063 3769 3135 3824 ad
3168 3767 3418 3824 invicem
3451 3785 3740 3844 pugnare,

2079 3871 2144 3911 ac
2175 3871 2278 3928 per
2307 3854 2616 3928 contiguos
2647 3871 2830 3930 pagos
2869 3846 3212 3913 debacharri
3241 3845 3570 3930 creperunt,
3595 3875 3742 3930 pau-

2076 3959 2245 4016 peres
2275 3943 2545 4000 homines
2576 3943 2999 4002 substantiolas
3019 3958 3158 4003 suas
3189 3945 3249 4001 in
3281 3944 3548 4002 ecclesiis
3579 3960 3741 4020 repo-

2077 4049 2213 4088 nere
2247 4033 2624 4089 studuerunt.
2649 4031 2814 4089 Unde
2843 4033 3072 4090 'confusi
3112 4021 3386 4107 opinione
3425 4033 3738 4103 virtutum,

2075 4135 2202 4193 quae
2223 4119 2303 4176 ibi
2328 4121 2562 4189 ﬁebant,
2581 4121 2654 4176 ad
2678 4121 3024 4177 salvandum
3042 4137 3152 4178 sua
3173 4121 3234 4177 in
3253 4123 3460 4178 eodem
3483 4125 3740 4181 oratorio

2074 4209 2296 4282 quique
2339 4211 2629 4282 poterant,
2653 4209 2922 4266 certatim
2970 4213 3373 4284 reposuerant.
3413 4211 3738 4270 Audientes

2072 4303 2267 4356 autem
2285 4299 2586 4370 praedones
2603 4297 2762 4354 idem
2775 4299 3096 4356 oratorium
3113 4299 3321 4356 multis
3336 4300 3741 4374 plurimorum

2071 4385 2282 4460 Opibus
2305 4387 2583 4442 refertum
2606 4387 2869 4460 aggressi
2893 4392 3034 4444 sunt
3053 4403 3153 4444 eas
3171 4389 3455 4461 deripere.
3472 4391 3738 4456 Quorum

2071 4490 2226 4532 unus
2265 4475 2603 4530 obseratum
2643 4475 2863 4532 ostium
2907 4477 3055 4549 pede
3097 4477 3410 4548 percussit,
3435 4482 3505 4534 ut
3542 4493 3738 4536 seram

309 4562 443 4621 hine
473 4569 760 4638 pastores,
788 4566 1077 4640 ejulantes
1107 4567 1387 4625 animalia
1417 4571 1744 4628 secundum
1773 4589 1960 4646 genus
1989 4577 2037 4660 b
2069 4565 2494 4660 effringerenet
2524 4579 2660 4620 mox
2689 4563 2879 4660 Θξάϐῐξο
2903 4565 3052 4660 οξῑὶο
3081 4578 3188 4638 p03
3217 4565 3649 4660 ejltsuadlfasit.
3680 4573 3738 4660 ct

308 4671 453 4710 suus
483 4671 618 4711 cum
649 4657 904 4714 maxime
937 4657 1132 4714 sonitu
1173 4663 1230 4716 et
1272 4659 1518 4732 strepitu
1548 4659 1630 4717 ita
1659 4667 1957 4735 coeperunt

2083 4645 2384 4727 iesupinus
2414 4657 2810 4726 prasumptor
2835 4653 2894 4708 in
2937 4657 3156 4710 terram
3195 4654 3428 4712 cecidit.
3453 4655 3623 4722 Quod
3653 4656 3738 4712 vi-

306 4759 511 4800 versus
534 4744 812 4801 Rosetum
842 4745 1141 4820 fugere,ac
1162 4747 1212 4804 si
1234 4743 1491 4805 maxima
1511 4749 1828 4808 multitudo
1857 4750 1954 4807 in-

307 4832 679 4906 sequentium
709 4851 808 4890 eos
839 4851 973 4890 cum
1009 4835 1252 4909 ﬂagellis
1292 4842 1756 4911 persequeretur.
1789 4840 1952 4906 Quod

304 4920 568 4978 videntes
579 4926 638 4978 et
655 4922 957 4980 audientes
969 4924 1428 4994 ﬁscalini,nimio
1443 4929 1659 4984 terrore
1673 4927 1950 5001 perculsi,

303 5027 418 5065 non
453 5015 806 5084 putaverunt
833 5029 896 5068 se
921 5013 1010 5069 vel
1047 5031 1162 5071 una
1191 5015 1335 5071 hora
1362 5014 1551 5072 vivere
1571 5035 1761 5090 posse.
1787 5017 1950 5075 Unde

301 5101 544 5157 correcti
567 5119 600 5157 a
621 5103 1075 5176 praesumptione
1097 5121 1225 5172 sua,
1247 5105 1320 5160 ab
1343 5105 1656 5164 afﬂictione
1676 5108 1948 5180 pauperis

300 5189 485 5246 sancti
505 5190 752 5264 Remigii
765 5193 907 5248 adeo
925 5199 1298 5250 cessaverunt
1315 5199 1381 5250 ut
1394 5197 1770 5268 postmodum
1791 5198 1948 5255 idem

299 5293 521 5350 pauper
547 5278 721 5336 homo
748 5282 990 5354 paciﬁce
1021 5287 1078 5338 et
1097 5282 1222 5339 sine
1256 5283 1662 5357 inquietudine
1691 5287 1948 5358 posside-

297 5369 384 5421 rct
414 5385 544 5424 sua.
570 5369 639 5424 Et
674 5370 953 5443 quoniam
989 5372 1160 5442 juxta
1209 5372 1450 5428 fluvium
1499 5370 1701 5430 Saram
1731 5375 1790 5432 in
1821 5376 1945 5434 loco

297 5451 488 5512 lutoso
522 5459 814 5528 manebat,
841 5460 1155 5516 maximam
1187 5461 1519 5518 molestiam
1552 5463 1609 5518 in
1633 5464 1758 5520 suis
1789 5465 1949 5520 habi-

299 5543 510 5598 taculis
543 5563 574 5600 a
601 5548 972 5619 serpentibus
1003 5549 1350 5606 sustinebat.
1376 5549 1480 5617 Qui
1506 5552 1798 5624 accipiens
1823 5553 1948 5626 pul-

297 5642 489 5686 verem
521 5648 697 5702 quem
729 5636 800 5691 de
829 5635 1156 5708 pavimento
1190 5637 1443 5694 ecclesiae
1477 5640 1661 5696 sancti
1698 5640 1942 5714 Remigii

2065 4743 2268 4800 dentes
2300 4740 2420 4810 alii,
2453 4740 2832 4813 aufugerunt.
2861 4741 2991 4815 Ipse
3021 4745 3219 4799 autem
3251 4743 3435 4800 miser
3464 4743 3736 4802 cruciatu

2062 4834 2327 4906 cogente,
2353 4845 2489 4886 cum
2521 4828 2778 4885 maximo
2818 4829 3043 4903 ejulatu
3083 4830 3259 4904 cmpit
3287 4831 3528 4904 culpam
3559 4849 3735 4890 suam

2062 4919 2252 4988 fateri,
2267 4922 2322 4975 et
2343 4935 2480 4976 cum
2499 4917 2776 4992 lacrymis
2796 4917 3190 4976 amarissimis
3212 4919 3478 4992 profiteri
3499 4923 3659 4994 quod
3685 4921 3734 4980 si

2059 5010 2213 5066 Deus
2235 5025 2337 5080 per
2358 5005 2568 5062 merita
2586 5008 2645 5063 S.
2662 5007 2912 5081 Remigii
2930 5009 3134 5080 pedem
3156 5007 3320 5064 illius
3334 5009 3409 5064 ab
3431 5009 3561 5082 ipso
3577 5026 3734 5066 com-

2059 5099 2206 5172 pede
2237 5096 2500 5166 solveret,
2526 5110 2830 5168 nunquam
2860 5095 3109 5153 ulterius
3133 5097 3204 5152 de
3247 5097 3377 5168 ipsa
3399 5097 3491 5154 vel
3515 5098 3588 5154 de
3617 5097 3734 5155 alia

2057 5187 2302 5244 ecclesia
2317 5184 2645 5258 quidquam
2659 5183 2912 5254 tolleret,
2926 5185 3012 5241 vel
3030 5183 3177 5254 tolli,
3194 5191 3494 5259 quantum
3513 5185 3575 5243 in
3595 5187 3727 5260 ipso

2056 5280 2230 5342 esset,
2248 5266 2369 5331 ullo
2386 5273 2560 5330 modo
2582 5271 3264 5330 eonsentiret.Caballum
3283 5290 3526 5347 quoque
3549 5291 3724 5331 suum

2057 5383 2190 5425 cum
2218 5363 2364 5421 sella
2386 5367 2443 5418 et
2474 5361 2590 5417 alia
2611 5379 2740 5434 quae
2773 5363 2982 5436 potuit,
3009 5363 3080 5420 ad
3103 5363 3372 5419 eamdem
3405 5363 3724 5421 ecclesiam

2057 5455 2328 5513 donavit:
2353 5450 2554 5522 sicque
2597 5455 2731 5522 post
2759 5451 3188 5510 confessionem
3220 5457 3278 5507 et
3306 5449 3606 5524 lacrymas
3635 5457 3722 5508 at-

2057 5562 2168 5618 que
2199 5539 2625 5616 professionem
2657 5543 2714 5595 et
2743 5544 2964 5610 votum,
2997 5557 3100 5614 pes
3138 5542 3268 5614 ejus
3313 5540 3386 5597 ab
3418 5541 3593 5609 ostio,
3623 5541 3720 5596 cui

2055 5627 2386 5697 inhaeserat,
2411 5630 2502 5684 est
2530 5627 2780 5687 solutus.
2804 5628 3221 5688 Verumtamen
3244 5631 3460 5702 postea
3487 5630 3562 5686 de
3589 5629 3720 5703 ipso
