4028 6178
360 364 516 428 H77

1618 364 1803 425 VlTA
1850 361 2130 424 SANCTI
2179 362 2504 426 REMIGII.

3612 372 3769 437 H78

358 498 522 556 arido
554 497 700 572 pede
726 496 976 554 claudus
1007 496 1309 566 remansit,
1342 512 1528 571 usque
1576 496 1717 552 dum
1763 512 2007 568 compu-
2036 491 2094 560 Α
2121 509 2308 551 sanam
2352 511 2438 552 eos
2469 497 2597 567 (Isa.
2648 496 2792 569 xm);
2827 504 3117 572 quatenus
3164 502 3395 576 plenius
3444 504 3771 563 obruantur

358 592 649 645 trescente
678 603 846 644 crure
878 605 944 643 ac
976 588 1192 644 femore
1224 589 1356 659 post
1383 587 1729 643 diuturnum
1750 585 2008 643 laborem

358 681 630 735 mortuus
664 677 792 733 fuit.

431 766 617 824 LXXI.
651 766 894 833 Quando
945 770 1063 822 tres
1100 766 1311 822 fratres
1342 782 1526 839 reges,
1551 765 1859 832 Clotarius,
1895 765 2008 820 Lu-

357 857 601 915 dovicus
629 858 688 911 et
717 854 979 923 Carolus,
1011 870 1256 928 regnum
1289 858 1421 927 post
1448 854 1631 926 patris
1660 854 1752 910 sui
1784 854 2009 910 obitum

357 946 514 1003 inter
570 961 632 1001 se
675 943 1018 1012 diviserunt,
1054 943 1415 1017 episcopium
1473 942 1818 1012 Rhemense,
1852 943 2010 1016 quod

357 1034 593 1092 tenebat
613 1032 782 1090 Folco
804 1033 1128 1106 presbyter,
1148 1032 1391 1090 Carolus
1410 1032 1563 1088 inter
1584 1031 1854 1088 homines
1870 1049 2009 1088 suos

359 1125 580 1192 divisit,
621 1123 820 1180 villam
850 1122 1140 1180 Juliacam
1189 1122 1511 1179 Richuvino
1555 1121 1617 1177 in
1659 1122 2009 1179 beneﬁcium

360 1215 540 1272 dedit.
565 1213 712 1269 Cum
743 1216 935 1269 autem
972 1229 1117 1268 uxor
1145 1211 1325 1281 illius,
1345 1212 1582 1268 nomine
1612 1212 1799 1279 Berta,
1822 1211 1882 1266 in
1916 1228 2013 1268 cu-

359 1302 556 1360 biculo
597 1301 747 1357 villae
796 1300 987 1374 ipsius
1010 1302 1255 1372 jaceret,
1287 1300 1446 1358 venit
1475 1300 1546 1356 ad
1592 1316 1721 1357 eam
1771 1304 2011 1357 sanctus

359 1390 686 1465 Remigius,
710 1390 946 1447 dicens:
973 1390 1098 1445 Non
1130 1393 1219 1446 est
1246 1391 1356 1446 iste
1375 1389 1539 1446 locus
1566 1393 1707 1446 tuus
1730 1389 1802 1446 ad
1816 1390 2013 1461 jacen-

359 1477 798 1537 dum.Alterius
820 1478 1012 1534 meriti
1055 1483 1113 1534 et
1141 1478 1316 1534 ofﬁcii
1348 1478 1520 1535 debet
1548 1495 1696 1545 esse,
1730 1478 1828 1551 qui
1860 1478 2011 1535 hanc

359 1568 562 1625 villam
584 1567 798 1624 habere
819 1572 877 1622 et
894 1568 955 1623 in
977 1566 1087 1623 hoc
1109 1567 1380 1624 cubiculo
1394 1568 1591 1639 jacere
1613 1568 1802 1624 debet.
1826 1569 2012 1641 Surge

358 1657 733 1732 ‘quantocius,
752 1659 809 1713 et
827 1654 967 1712 hinc
1000 1658 1268 1714 abscede.
1289 1658 1451 1723 Quod
1487 1657 1587 1713 illa
1621 1656 2009 1730 parvipendit,

358 1750 577 1821 putans
589 1744 853 1803 sevisum
869 1744 1041 1802 inane
1052 1745 1266 1802 videre.
1280 1744 1607 1801 Alteravice
1617 1745 1773 1802 venit
1785 1747 1856 1802 ad
1882 1762 2010 1802 eam

356 1832 1142 1907 sanctusRemigius,etdixit
1153 1834 1202 1889 ei
1222 1851 1234 1888 :
1250 1835 1364 1891 Cur
1374 1834 1510 1890 hinc
1523 1851 1637 1890 non
1653 1836 1984 1891 abscessisti
1997 1879 2009 1903 ,

355 1922 515 1979 sicut
538 1920 642 1977 tibi
665 1920 1107 1995 praecepi?Vide
1129 1938 1200 1978 ne
1222 1921 1479 1995 amplius
1502 1925 1558 1978 te
1577 1922 1673 1978 hic
1698 1924 2013 1980 inveniam.

358 2011 524 2078 Quod
537 2009 730 2076 illa,ut
742 2010 927 2083 prius,
952 2028 1055 2084 pro
1075 2010 1259 2067 nihilo
1273 2011 1456 2067 duxit.
1472 2011 1665 2068 Tertio
1681 2017 1747 2068 ut
1763 2013 1921 2070 venit
1942 2013 2014 2070 ad

357 2116 488 2157 eam
508 2104 754 2156 sanctus
784 2099 1107 2173 Remigius,
1128 2100 1274 2155 dixit
1306 2117 1320 2156 :
1354 2101 1556 2156 Nonne
1581 2102 1707 2173 jam
1752 2102 1932 2159 semel
1962 2107 2020 2159 et

358 2189 620 2246 Secundo
649 2189 756 2244 tibi
781 2189 1047 2262 praecepi,
1068 2193 1133 2245 ut
1164 2189 1300 2245 hinc
1324 2189 1855 2248 abscenderes.Sed
1881 2191 2020 2263 quia

354 2277 769 2351 contempsisti
820 2278 956 2334 hinc
1013 2295 1277 2353 pergere,
1321 2277 1570 2335 aliorum
1620 2279 2020 2352 deportatione

361 2367 664 2425 abscedes.
696 2368 765 2423 Et
817 2367 1107 2440 percussit
1152 2366 1315 2422 illam
1358 2367 1545 2440 virga,
1578 2385 1755 2441 quam
1785 2370 2023 2425 tenebat

355 2457 423 2513 in
451 2472 653 2512 manu.
680 2457 835 2523 Quae,
860 2459 982 2511 toto
1014 2471 1253 2528 corpore
1283 2453 1343 2509 in
1375 2454 1700 2511 maximum
1728 2460 2019 2512 tumorem

363 2561 664 2610 converso,
696 2543 854 2616 quod
884 2544 1054 2611 vidit,
1081 2544 1205 2599 viro
1263 2562 1370 2600 suo
1415 2543 1740 2599 Richuvino
1790 2549 1849 2600 ct
1893 2544 2023 2602 aliis

369 2628 830 2707 quamplurimis
863 2632 1030 2699 dixit,
1048 2637 1107 2688 et
1136 2649 1240 2705 per
1266 2631 1597 2705 aliquantos
1619 2632 1743 2688 dies
1774 2634 2023 2689 sevcrri-

374 2741 469 2780 me
500 2721 779 2789 cruciata,
803 2720 984 2777 vitam
1014 2721 1221 2777 ﬁnivit.
1252 2722 1434 2793 Cujus
1464 2738 1676 2794 corpus
1703 2721 1793 2777 vir
1807 2723 1934 2793 ejus
1964 2722 2023 2777 in

373 2811 681 2869 ecclesiam
705 2810 890 2867 sancti
913 2809 1162 2883 Remigii
1192 2811 1508 2884 deportari,
1532 2827 1777 2883 eamque
1805 2809 2025 2866 ibidem

370 2898 602 2973 sepeliri
631 2898 788 2957 fecit.
822 2899 1112 2956 Mirantur
1141 2899 1575 2972 quidam,quod
1608 2916 1742 2955 cum
1770 2898 2029 2955 vindicta

369 2986 604 3045 mortali
635 2984 799 3043 illam
830 2988 902 3043 de
933 2986 1213 3059 praedicta
1257 2985 1397 3042 villa
1437 2985 1678 3058 expulit,
1710 2989 1767 3040 et
1815 3002 2030 3056 corpus

369 3078 502 3149 ejus
522 3076 583 3131 in
602 3074 847 3132 ecclesia
868 3092 978 3132 sua
994 3075 1396 3148 sepeliendum
1410 3074 1629 3146 recepit
1650 3090 1664 3129 :
1682 3075 1839 3146 quod
1856 3089 2028 3129 nemo

367 3165 703 3235 mirabitur,
721 3163 770 3221 si
797 3163 1172 3237 perpenderit
1197 3181 1314 3236 qua
1342 3163 1666 3220 intentione
1697 3163 1883 3219 sancti
1910 3161 2032 3217 vin-

2120 583 2555 658 suppliciis,qui
2574 603 2731 642 nunc
2742 589 3000 660 gaudent
3010 592 3259 648 etiamin
3279 593 3770 651 delictis.Verum-

2119 676 2316 729 tamen
2350 673 2445 729 hic
2496 680 2736 732 sanctus
2769 675 3027 733 imitator
3073 680 3307 736 Domini
3358 682 3471 749 sui,
3502 684 3602 755 qui
3651 700 3767 740 non

2120 762 2319 817 omnia
2348 761 2625 832 vindicat,
2651 768 2716 819 ut
2744 764 2873 836 ejus
2914 767 3259 823 ostendatur
3305 770 3585 840 patientia
3616 788 3630 826 :
3664 788 3771 829 nec

2120 850 2319 906 omnia
2345 851 2533 907 inulta
2562 851 2825 920 dimittit,
2842 856 2908 907 ut
2929 854 3057 925 ejus
3077 856 3355 926 probetur
3374 858 3765 929 providentia:

2119 939 2257 994 licet
2286 956 2399 995 non
2424 944 2542 996 tam
2570 941 2903 1014 frequenter
2930 948 3126 999 exerat
3164 943 3224 998 in
3257 945 3615 1016 perniciosos
3642 949 3770 1003 vin-

2120 1028 2483 1098 dictam,non
2506 1047 2929 1103 usquequaque
2950 1031 3142 1089 inulta
3170 1033 3389 1090 nostris
3409 1037 3771 1109 temporibus

2121 1116 2336 1172 deserit
2366 1123 2858 1190 praesumptorum
2883 1119 3132 1192 piacula.

2193 1206 2405 1262 LXXII.
2437 1207 2584 1262 Nam
2608 1207 2964 1280 Blithgarius
2991 1209 3269 1281 quidam'I
3292 1227 3479 1283 nuper
3498 1228 3772 1270 mansum

2120 1295 2191 1350 de
2220 1294 2495 1351 thesauro
2540 1294 2796 1352 ecclesiae
2839 1296 2899 1352 in
2945 1296 3087 1353 villa
3132 1298 3368 1355 Tenoilo
3400 1300 3582 1372 pretio
3614 1303 3771 1375 apud

2121 1384 2483 1440 Bernardum
2515 1385 2817 1440 custodem
2840 1385 3112 1454 obtinuit,
3135 1388 3291 1443 unde
3313 1388 3564 1445 famulos
3584 1391 3774 1448 sancti

2121 1472 2369 1545 Remigii
2403 1489 2538 1528 cum
2561 1472 2809 1545 ﬂagellis
2831 1475 3019 1546 ejecit.
3037 1474 3557 1534 Conclamantibus
3577 1483 3775 1537 autem

2120 1563 2205 1618 eis
2259 1565 2532 1618 sanctum
2577 1561 2936 1634 Remigium,
2977 1568 3044 1619 ut
3091 1580 3190 1620 eos
3249 1565 3570 1638 adjuvaret,
3617 1566 3775 1624 idem

2122 1650 2481 1724 Blithgarius
2503 1667 2638 1706 cum
2662 1649 2932 1707 irrisione
2950 1650 3068 1708 illis
3089 1653 3391 1726 respondit
3406 1671 3418 1710 :
3436 1655 3606 1712 Modo
3617 1673 3779 1729 pare-

2121 1739 2207 1796 bit
2228 1739 2486 1812 qualiter
2502 1756 2606 1796 vos
2627 1744 2869 1796 sanctus
2890 1739 3195 1813 Remigius
3234 1742 3555 1815 adjuvabit.
3574 1745 3778 1803 Videte

2124 1830 2419 1902 quomodo
2440 1828 2500 1884 in
2525 1829 2883 1901 adjutorium
2913 1835 3175 1886 vestrum
3193 1830 3370 1886 venit.
3385 1832 3456 1888 Et
3475 1832 3627 1890 inter
3657 1834 3778 1891 haec

2123 1918 2301 1974 verba
2330 1934 2466 1974 cum
2496 1918 2754 1975 maximo
2782 1919 3037 1975 clamore
3066 1919 3446 1993 ingemuit,et
3466 1921 3776 1980 incredibi-

2125 2007 2262 2063 liter
2289 2006 2551 2063 inflando
2601 2009 2909 2076 intumuit,
2940 2008 3144 2081 sicque
3191 2009 3422 2065 medius
3462 2012 3782 2085 cnepuit,et

2128 2100 2399 2152 mortuus
2430 2099 2536 2152 est.
2571 2096 2795 2162 Quibus
2822 2096 3064 2166 auditis,
3092 2097 3349 2155 divinam
3378 2099 3437 2155 in
3470 2101 3641 2158 nobis
3656 2102 3780 2158 via-

2127 2184 2343 2241 dictam
2398 2185 2895 2257 pertimescentes,
2922 2185 3350 2259 blasphemiam
3400 2188 3459 2244 in
3508 2191 3694 2247 Deum
3724 2195 3781 2249 et

2129 2278 2367 2330 sanctos
2409 2274 2538 2346 ejus
2591 2290 2947 2347 magnopere
2992 2290 3323 2348 caveamus,
3355 2278 3659 2336 studentes
3706 2296 3781 2338 ne

2131 2362 2589 2419 ecclesiasticam
2621 2362 2905 2418 familiam
2937 2363 3253 2420 crudeliter
3271 2369 3610 2437 tractemus,
3633 2372 3692 2425 et
3708 2382 3782 2427 ne

2131 2456 2337 2508 contra
2352 2450 2509 2507 mala
2528 2451 2799 2524 proximi,
2815 2452 3230 2524 pertrahamur
3248 2454 3321 2509 ad
3333 2455 3780 2515 retributionem

2132 2540 2270 2596 mali
2302 2540 2390 2596 vel
2421 2541 2493 2595 ad
2528 2539 2767 2596 livorem
2800 2541 2917 2596 odii
2952 2558 2964 2597 :
2997 2559 3069 2597 ne
3113 2559 3217 2614 per
3259 2546 3612 2602 testamenta
3656 2548 3782 2604 dia-

2132 2629 2270 2697 boli,
2289 2630 2360 2685 ad
2388 2629 2834 2686 delectationem
2865 2629 2952 2686 vel
2982 2647 3336 2687 consensum
3366 2635 3644 2706 peccandi
3670 2654 3683 2692 :
3706 2654 3781 2693 ne

2133 2721 2336 2775 contra
2364 2717 2593 2791 flagella
2625 2719 2843 2773 summi
2875 2719 3491 2791 opiﬁcis,proruamus
3513 2724 3571 2778 in
3593 2741 3784 2781 exces-

2135 2825 2267 2863 sum
2288 2807 2791 2863 murmurationis.
2818 2806 2975 2864 Licet
2994 2808 3150 2863 enim
3170 2826 3284 2864 non
3306 2810 3452 2865 ﬁant
3471 2811 3639 2867 nobis
3659 2817 3780 2869 tam

2136 2896 2463 2968 frequentia
2494 2913 2560 2952 ac
2583 2897 2898 2952 reverenda
2917 2913 3021 2970 per
3038 2896 3197 2952 hunc
3217 2913 3448 2954 servum
3473 2915 3647 2955 suum
3671 2902 3780 2957 mi-

2137 2985 2353 3055 racula,
2388 2990 2583 3041 tamen
2614 2985 2754 3042 certi
2786 3003 2915 3042 esse
2965 2987 3270 3054 debemus,
3303 2988 3445 3060 quia
3492 3006 3608 3045 non
3640 2990 3778 3046 sub-

2137 3073 2317 3130 trahit
2363 3073 2579 3130 civitati
2631 3091 2747 3130 suaa
2800 3092 2866 3131 ac
2894 3074 3065 3131 nobis
3093 3074 3319 3133 civibus
3350 3077 3473 3133 suis
3502 3079 3782 3137 continua

2138 3163 2575 3220 intcrcessionis
2592 3181 2709 3220 suae
2732 3164 3126 3232 auxilia,sicut
3144 3166 3216 3221 de
3226 3166 3479 3223 Jeremia
3495 3166 3776 3240 legimus:

368 3254 556 3310 dictas
597 3253 657 3309 in
691 3233 1122 3323 delinquentes
1168 3233 1443 3320 exerunt;
1470 3250 1738 3307 videlicet
1785 3254 1851 3307 ut
1881 3251 1929 3308 si
1963 3266 2026 3308 se
2055 3233 2113 3301 (Σ-
2138 3254 2239 3309 Hic
2265 3262 2363 3321 est,
2397 3252 2610 3325 inquit,
2642 3254 2884 3325 fratrum
2912 3261 3140 3321 amator,
3158 3261 3209 3311 ct
3225 3256 3416 3327 populi
3428 3233 3611 3313 {artaci
3643 3273 3656 3310 :
3691 3257 3780 3313 hic

366 3340 938 3416 recognoverint,hic
968 3341 1253 3415 recipiant
1284 3341 1437 3413 quod
1468 3344 1865 3407 merentur,ne
1886 3344 2022 3413 post

362 3436 619 3489 mortem
650 3430 881 3487 wternis
909 3429 1218 3504 suppliciis
1248 3428 1768 3497 crucientur,sicut
1789 3429 1849 3485 in
1869 3428 2020 3486 libro

364 3520 594 3594 Regum
615 3519 868 3593 legimus
899 3520 971 3576 de
993 3519 1279 3592 propheta
1304 3517 1426 3587 illo,
1445 3517 1547 3590 qui
1567 3518 1912 3574 inobediens
1933 3518 2019 3574 ori

344 3608 599 3666 Domini
630 3608 937 3680 exstitit,et
961 3625 994 3664 a
1013 3607 1180 3664 leone
1207 3623 1523 3679 percussus
1540 3606 1789 3675 interiit;
1813 3611 1869 3663 et
1889 3611 2020 3679 post

365 3697 651 3754 ultionem
680 3700 1087 3776 perceptam,a
1115 3695 1282 3753 leone
1303 3712 1517 3768 corpus
1546 3694 1708 3752 illius
1731 3695 2017 3751 intactum

361 3785 691 3859 permansit
735 3786 837 3859 (ΙΙΙ
880 3786 1005 3855 Reg.
1040 3787 1167 3854 xm)
1200 3801 1214 3840 :
1246 3784 1298 3841 si
1331 3789 1525 3841 autem
1554 3785 1617 3840 hi
1648 3802 1709 3841 se
1735 3802 1853 3841 non
1892 3801 2017 3841 cor-

362 3874 637 3944 rexerint,
651 3874 712 3930 in
744 3890 892 3946 quos
922 3872 1189 3929 vindictae
1220 3874 1562 3946 procedunt,
1583 3878 1652 3929 ut
1681 3873 1780 3929 alii
1812 3874 1882 3929 de
1912 3873 2018 3929 ﬂa-

348 3963 533 4037 ‘geltis
563 3979 765 4020 eorum
793 3965 1261 4029 emendentur,et
1282 3965 1609 4018 metuentes
1630 3961 2015 4034 corrigantur,

360 4053 519 4110 sicut
531 4052 821 4127 scriptum
851 4056 941 4110 est
965 4068 979 4107 :
1002 4052 1254 4108 Mulctato
1280 4052 1890 4123 pestilente,sapientior
1906 4052 2018 4107 erit

354 4142 628 4215 parvulus
660 4142 842 4215 (Prov.
872 4142 1011 4215 xxx).
1044 4142 1379 4198 Causantur
1405 4139 1581 4196 etiam
1633 4138 1836 4211 aliqui,
1873 4154 2015 4211 quo-

361 4229 523 4287 niam
556 4235 796 4288 sanctus
829 4230 1131 4304 Remigius
1160 4246 1317 4287 nunc
1347 4229 1407 4284 in
1439 4245 1635 4285 rerum
1657 4244 1898 4284 suarum
1930 4227 2018 4283 in-

357 4335 617 4387 vasores,
650 4323 708 4375 et
736 4319 968 4375 familia:
1001 4337 1119 4376 suae
1152 4335 1528 4392 oppressores
1577 4334 1695 4373 non
1734 4316 2011 4385 vindicat,

358 4407 518 4464 sicut
544 4408 1009 4480 precedentibus
1038 4408 1403 4479 temporibus
1424 4411 1642 4480 egerat,
1658 4410 2014 4479 usurpantes

358 4496 575 4569 psalmi
602 4512 839 4552 versum
874 4513 888 4553 ε
921 4496 1111 4569 Signa,
1144 4497 1439 4569 inquiunt,
1473 4513 1585 4554 non
1612 4497 1874 4567 videmus,
1891 4498 2014 4569 jam

2129 3351 2227 3409 est,
2260 3343 2358 3415 qui
2382 3343 2619 3398 multum
2648 3352 2767 3398 orat
2804 3360 2905 3415 pro
2948 3344 3150 3416 populo
3195 3352 3246 3400 et
3292 3346 3552 3401 universa
3588 3353 3779 3402 sancta

2128 3433 2348 3488 civitate
2366 3432 2671 3488 Jerusalem
2700 3432 2775 3501 (ΙΙ
2799 3431 2967 3488 Mach.
3000 3434 3114 3501 xv).

2204 3520 2439 3576 LXXIII.
2465 3520 2630 3576 Anno
2653 3520 3407 3578 IncarnationisDominicm
3428 3523 3780 3599 octingente-

2128 3609 2280 3664 simo
2294 3609 2782 3683 quinquagesimo
2800 3611 3276 3683 secundo,nuper
3294 3612 3484 3668 adhuc
3497 3613 3777 3686 ampliata

2127 3697 2259 3771 ipsa
2287 3696 2552 3765 ecclesia,
2567 3713 2700 3753 cum
2722 3697 2938 3754 deloco
2961 3702 3174 3772 cryptae
3206 3699 3418 3772 prioris
3438 3700 3774 3774 sepulcrum

2128 3804 2249 3843 una
2278 3803 2413 3843 cum
2444 3786 2598 3842 beati
2629 3786 2877 3860 Remigii
2911 3803 3150 3861 corpore
3194 3788 3550 3844 translatum
3593 3795 3683 3847 est
3710 3791 3773 3848 in

2127 3880 2412 3949 cryptam,
2445 3875 2651 3948 majori
2676 3880 2733 3932 et
2763 3875 3080 3950 pulchriori
3103 3894 3276 3951 opere
3323 3878 3773 3952 factam,ipsum

2127 3982 2340 4038 corpus
2370 3965 2834 4034 sanctissimum,
2867 3966 3020 4022 sicut
3047 3971 3105 4023 et
3133 3967 3193 4023 in
3224 3967 3497 4024 anteriori
3528 3973 3777 4025 transte-

2127 4053 2306 4122 tione,
2340 4054 2413 4108 ab
2440 4054 2731 4127 episcopis
2762 4055 3120 4111 Rhemorum
3146 4055 3773 4131 diceceseosintegrum

2125 4141 2429 4197 inventum
2460 4143 2569 4207 est,
2598 4146 2655 4196 et
2683 4142 2939 4197 brandeo
2970 4143 3150 4198 rubeo
3182 4143 3615 4201 involutum.Et
3636 4162 3771 4202 cum

2127 4231 2198 4287 de
2226 4230 2354 4303 ipso
2387 4228 2655 4301 sepulcro
2686 4229 2745 4284 in
2776 4229 2981 4285 locello
3013 4235 3284 4302 argenteo
3312 4235 3402 4287 est
3446 4233 3771 4305 transposi-

2125 4323 2427 4390 tum,pars
2456 4317 2527 4372 de
2557 4318 2683 4390 ipso
2705 4318 2962 4374 brandeo
2986 4334 3119 4374 cum
3150 4320 3385 4375 sudario
3406 4321 3560 4392 quod
3584 4321 3774 4377 fuerat

2124 4423 2300 4478 super
2330 4410 2508 4478 caput
2537 4405 2685 4476 ejus,
2718 4411 3028 4479 assumpta
3075 4407 3135 4461 in
3178 4406 3451 4464 scriniolo
3489 4408 3765 4480 eburneo,

2123 4512 2293 4552 secus
2323 4494 2506 4550 altare
2537 4498 2750 4550 sanctae
2770 4494 2967 4550 Mariae
2995 4495 3054 4550 in
3083 4495 3317 4551 civitate
3335 4496 3555 4553 honore
3572 4498 3767 4555 debito

354 4600 473 4641 non
494 4592 573 4641 est
586 4585 870 4658 prephcta,
901 4594 951 4642 et
980 4602 1079 4642 nos
1108 4601 1219 4641 non
1247 4594 1531 4658 cognoscet
1572 4587 1810 4657 amplius
1836 4586 2006 4658 (Psal.
2041 4606 2088 4670 D
2121 4586 2447 4640 veneratur.
2482 4582 2746 4670 Locellus
2777 4587 2973 4638 autem
2998 4587 3330 4657 argenteus,
3363 4601 3498 4641 cum
3529 4603 3769 4660 corpore

357 4674 577 4744 Lxxm).
602 4674 714 4730 Sed
747 4690 862 4730 non
882 4673 1019 4730 hinc
1045 4670 1431 4740 causandum,
1453 4678 1657 4729 Verum
1689 4673 2008 4730 dolendum

356 4764 535 4835 atque
558 4761 891 4819 timendum
921 4767 1031 4831 est,
1063 4763 1204 4836 quia
1251 4762 1531 4835 impletur
1577 4763 1816 4832 nostris,
1851 4764 2007 4836 quod

346 4846 701 4923 praedictum
751 4855 839 4909 est
868 4854 1129 4925 antiquis
1155 4852 1542 4925 temporibus.
1578 4852 1872 4925 Scriptum
1922 4855 2011 4908 est

355 4938 514 4996 enim
542 4939 602 4996 in
630 4940 978 5015 Apocalypsi
1012 4959 1025 4998 :
1060 4943 1252 4998 Factus
1278 4949 1358 4998 est
1382 4942 1462 4997 sol
1499 4948 1561 4996 ut
1600 4956 1782 4997 saccus
1828 4942 2007 4997 cilici-

352 5044 465 5085 nus
495 5028 677 5101 (Apoc.
702 5032 802 5101 vr).
839 5030 902 5087 In
953 5034 1208 5087 extremo
1258 5029 1472 5102 quippe
1515 5033 1716 5085 nostro
1748 5032 2007 5101 tempore

355 5115 446 5174 sol
478 5118 647 5190 quasi
682 5118 949 5176 cilioinus
974 5136 1180 5176 saccus
1212 5118 1576 5175 ostenditur:
1608 5118 1747 5190 quia
1772 5117 2005 5190 fulgens

353 5206 477 5262 vita
505 5206 970 5280 praedicantium,
996 5212 1129 5264 ante
1148 5206 1537 5281 ‘reproborum
1565 5205 1766 5263 oculos
1796 5220 2005 5279 aspera

353 5299 415 5352 et
440 5295 714 5369 despecta
758 5296 1056 5370 probatur,
1091 5301 1148 5353 et
1193 5300 1533 5353 sanctorum
1581 5294 1867 5351 miracula
1903 5311 2006 5367 per

352 5387 758 5457 contemptum
789 5386 1186 5458 peccantibus,
1212 5387 1374 5456 justo
1397 5384 1624 5456 judicio
1656 5384 2007 5440 subtrahun-

351 5475 471 5537 tur,
504 5472 656 5531 sicut
683 5475 967 5549 scriptum
1019 5479 1107 5533 est
1138 5492 1151 5530 :
1186 5476 1477 5547 Nequando
1523 5480 1927 5543 convertantur,
1955 5482 2006 5529 et

2117 4670 2309 4744 ipsius
2341 4669 2547 4737 sancti,
2572 4669 2840 4742 sepulcro
2872 4687 3221 4744 marmoreo,
3245 4672 3305 4728 in
3348 4691 3463 4747 quo
3508 4678 3641 4731 ante
3674 4676 3765 4748 ja-

2119 4763 2340 4829 cuerat,
2364 4758 2769 4831 superpositus
2799 4758 2929 4826 fuit,
2951 4763 3009 4815 et
3030 4759 3310 4834 reliquiae,
3334 4780 3462 4836 qua
3486 4763 3560 4820 ad
3592 4769 3767 4838 caput

2118 4848 2279 4904 illius
2310 4851 2470 4903 extra
2492 4846 2826 4920 sepulcrum
2855 4853 3094 4922 reperta
3115 4851 3368 4921 fuerant,
3393 4853 3453 4909 in
3475 4853 3762 4927 sepulcro,

2108 4938 2178 4993 ‘in
2209 4954 2325 5010 quo
2339 4937 2669 5008 jacuerat,a
2699 4938 2954 5009 praefatis
2985 4939 3276 5015 episcopis
3307 4944 3543 4999 fuerunt
3563 4942 3762 5015 positis

2110 5026 2241 5084 Kal.
2275 5025 2476 5081 Octob.
2530 5042 2643 5097 quo
2694 5025 3090 5085 Kalendarum
3149 5031 3242 5085 die
3287 5034 3345 5087 et
3400 5029 3581 5085 altera
3634 5031 3763 5101 ejus

2106 5115 2422 5172 translatio
2453 5119 2587 5170 ante
2617 5114 2816 5187 plures
2846 5133 3031 5174 anuos
3063 5119 3249 5175 fuerat
3281 5118 3590 5173 celebrata.
3616 5120 3760 5175 Cum

2117 5209 2311 5261 autem
2330 5203 2774 5260 sanctissimum
2786 5222 2999 5278 corpus
3022 5207 3150 5278 ejus
3162 5207 3232 5261 de
3253 5204 3592 5277 sepulcroin
3615 5223 3760 5278 prae-

2116 5294 2337 5349 dictum
2367 5290 2637 5348 locellum
2669 5298 3011 5367 argenteum
3042 5292 3396 5349 translatum
3445 5294 3573 5363 fuit,
3598 5295 3759 5351 Rado

2116 5387 2257 5438 tunc
2308 5379 2703 5436 subdiaconus
2733 5383 2999 5438 Ecclesia:
3052 5381 3456 5450 Suessionicze,
3491 5383 3591 5456 qui
3623 5398 3757 5439 cum

2115 5471 2385 5544 episcopo
2434 5487 2540 5525 suo
2590 5470 2853 5526 Rothado
2912 5470 3050 5525 illuc
3096 5475 3461 5539 convenerat,
3478 5473 3604 5543 jam
3655 5490 3758 5547 per

424 5645 447 5672 ι
477 5632 801 5709 Contigisse
830 5636 941 5692 hoc
989 5641 1250 5708 tempore
1293 5635 1588 5693 Hincmari
1635 5635 1901 5709 praesulis
1930 5614 2072 5691 Vitae
2098 5634 2277 5705 hujus
2308 5632 2613 5706 scriptoris
2642 5631 2831 5686 refert.
2868 5629 3024 5687 Flod.
3055 5630 3163 5688 loc.
3198 5631 3297 5688 cit.
