4028 6178
288 307 434 371 1181

1553 311 1736 372 VITA
1781 311 2058 373 SANCTI
2108 313 2432 375 ltEMIGlI.

3539 322 3694 385 H83

288 441 437 499 Nam
469 440 699 498 domuit
729 440 851 497 fera
881 441 1075 510 corda,
1101 440 1296 498 animo
1328 442 1483 516 pius,
1516 461 1613 500 ore
1644 445 1939 517 profusus.
1971 445 2027 513 Α
2128 445 2383 503 LXXVII.
2451 447 2584 504 Post
2642 449 2860 520 requiei
2919 451 3272 521 subsidium,
3325 453 3452 525 jam
3507 458 3694 513 terras

361 530 676 587 Sicambrze
703 529 896 602 gentis
927 531 1087 602 regia
1119 536 1349 602 sceptra
1380 549 1640 588 sacrans.

287 619 622 691 Nonaginta
652 619 888 690 quidem
921 636 1020 674 sex
1051 637 1185 676 cum
1219 619 1610 692 complaverat
1641 639 1846 688 annos,

360 707 674 764 Solendida
695 707 796 763 lux
821 713 1054 764 nostras
1084 709 1341 764 deseruit
1361 711 1651 766 tenebras.

287 797 429 854 Idus
452 797 580 868 jam
612 796 817 869 plenas
847 814 982 852 cum
1013 798 1199 854 Janus
1222 798 1441 854 mensis
1475 798 1731 866 haberet,

358 885 652 942 Emeritus
684 885 855 941 miles
887 887 1132 958 praemia
1163 887 1342 960 digna
1371 889 1546 960 capit.

287 973 485 1030 Isdem
517 974 866 1030 Hincmarus
900 977 1064 1048 prius
1096 976 1285 1031 hacin
1319 978 1453 1032 sede
1476 979 1746 1034 sacerdos

359 1063 496 1119 Post
526 1063 767 1136 triginta
787 1063 913 1120 loco
945 1064 1212 1120 constitit
1240 1070 1295 1120 et
1326 1081 1571 1122 numero
1606 1084 1618 1122 ε

287 1151 394 1208 Cui
427 1157 624 1208 sextus
655 1152 920 1209 decimus
941 1153 1051 1208 sub
1074 1153 1185 1209 hac
1209 1154 1472 1211 radiante
1503 1155 1744 1212 lucerna

365 1240 629 1315 Remigio
661 1241 902 1298 Rhemis
931 1241 1135 1298 munia
1167 1258 1302 1298 cara
1333 1243 1512 1298 dedit.

286 1329 474 1386 Annis
503 1329 781 1402 septenis,
815 1330 1013 1403 quinis
1043 1347 1109 1386 ac
1139 1331 1442 1388 mensibus
1472 1332 1590 1405 egit

363 1418 620 1475 Pastoris
653 1435 875 1487 curam,
910 1419 1032 1475 haac
1065 1419 1372 1476 recolenda
1393 1426 1654 1494 patrans.

289 1505 710 1580 Octingenteno
740 1508 1274 1581 quinquagenoque
1305 1511 1583 1578 secundo,

360 1599 485 1664 Quo
517 1596 672 1654 Deus
703 1601 791 1652 est
822 1614 975 1653 anno
1003 1597 1243 1671 Virgine
1274 1602 1448 1654 natus
1478 1599 1652 1656 homo
1689 1617 1701 1656 :

287 1687 522 1746 Tertius
553 1690 609 1742 et
637 1685 876 1742 Carolus
897 1686 1060 1759 regni
1091 1691 1465 1760 componeret
1485 1693 1672 1756 actus,

360 1775 609 1832 October
636 1774 888 1848 primam
921 1792 1056 1831 cum
1090 1776 1254 1832 daret
1282 1782 1457 1848 atque
1489 1777 1666 1845 diem,

284 1866 366 1921 Ac
396 1868 768 1920 tercentenas
802 1868 1040 1920 octavus
1065 1868 1331 1936 tangeret
1361 1882 1571 1922 annus.

361 1953 463 2009 [lic
484 1953 688 2024 justus
720 1952 952 2009 Domini
984 1971 1099 2027 quo
1134 1954 1280 2027 petit
1309 1958 1467 2010 astra
1495 1953 1635 2028 poli,

285 2043 638 2100 Tercentum
670 2042 899 2098 fuerant
927 2046 1044 2100 tres
1073 2047 1131 2099 et
1157 2043 1294 2098 deni
1326 2048 1535 2115 quater
1567 2043 1728 2110 anni,

361 2134 486 2198 Quo
514 2132 642 2187 vitae
676 2133 924 2188 Francos
954 2132 1185 2204 gurgite
1212 2131 1353 2188 lavit
1384 2150 1584 2189 ovans.

287 2219 482 2292 Ipsius
510 2220 561 2276 is
590 2219 863 2292 precibus
884 2219 1103 2276 cmlesti
1137 2221 1194 2275 in
1229 2222 1364 2277 sede
1396 2221 1638 2290 locetur,

364 2312 545 2374 Quem
578 2308 749 2364 terris
772 2309 953 2365 coluit
975 2327 1145 2365 verus
1169 2313 1412 2365 amator.
1438 2312 1642 2365 Amen.

373 2487 578 2543 LXXV.
611 2487 836 2543 Accidit
887 2492 1085 2543 autem
1146 2491 1368 2559 postea,
1398 2493 1770 2560 peccatorum
1822 2508 1940 2544 me-

301 2577 436 2633 ritis
467 2576 853 2650 exigentibus,
891 2581 953 2632 ut
982 2576 1295 2632 Dominicze
1328 2577 1751 2634 Incarnationis
1789 2596 1942 2635 anno

293 2668 423 2733 882,
457 2664 843 2721 Carlomanno
875 2669 1173 2738 regnante,
1207 2665 1478 2737 praedicto
1509 2667 1746 2723 domino
1778 2667 1945 2724 Hinc-

292 2771 460 2810 maro
491 2753 926 2826 archiepiscopo
969 2759 1289 2827 satagente,
1322 2756 1736 2812 transferretur
1774 2773 1942 2812 vene-

289 2842 478 2901 rabile
511 2844 727 2916 pignus
757 2842 1017 2915 corporis
1044 2843 1221 2914 hujus
1256 2843 1638 2899 sacratissimi
1673 2845 1858 2900 Patris
1888 2849 1945 2902 et

289 2933 516 2990 domini
549 2932 735 2989 nostri
767 2932 1736 3005 Remigii,propterinfestationem
1768 2952 1942 3008 paga-

290 3039 524 3089 norum,
562 3022 632 3077 ad
667 3021 867 3077 villam
899 3021 1086 3094 ipsius
1123 3022 1250 3092 jam
1301 3039 1481 3094 supra
1531 3026 1808 3092 taxatam,
1841 3041 1941 3080 no-

291 3111 450 3166 mine
468 3112 856 3182 Sparnacum,
873 3110 1012 3183 quia
1033 3109 1235 3167 civitas
1258 3111 1616 3168 Rhemorum
1642 3116 1783 3168 tunc
1805 3117 1946 3168 tem-

2049 535 2189 592 solis
2221 535 2546 592 illustrante
2569 537 2802 608 jubare,
2832 557 2998 596 voces
3022 542 3280 614 undique
3310 543 3496 599 Deum
3520 544 3692 601 bene-

2048 624 2369 681 dicentium
2402 631 2774 699 concrepant,
2807 632 2980 699 atque
3010 629 3400 700 laudantium,
3436 633 3591 705 quod
3611 634 3695 690 eis

2047 719 2362 785 pastorem,
2400 721 2734 787 patronum,
2769 733 2834 771 ac
2867 721 3250 788 protectorem
3282 721 3546 777 redderet
3577 740 3698 778 cor-

2050 803 2323 874 poraliter
2369 805 2692 877 preprium,
2725 821 2896 876 quem
2950 821 3182 877 semper
3231 809 3384 879 apud
3437 809 3695 868 divinam

2049 891 2420 947 clementiam
2474 893 2938 960 intercessorem,
2970 898 3027 949 et
3058 894 3363 951 assiduum
3397 915 3457 953 se
3487 899 3698 956 habere

2050 981 2344 1036 conﬁdant
2379 983 2743 1037 advocatum.
2771 982 3051 1038 Przel'atus
3083 983 3304 1039 interea
3334 987 3568 1056 praesul,
3591 1006 3696 1044 cce-

2047 1069 2285 1125 lestium
2325 1071 2710 1126 sacramentis
2760 1071 3170 1143 mysteriorum
3220 1072 3329 1128 rite
3369 1072 3696 1145 celebratis,
3783 1145 3786 1148 Α

2050 1157 2416 1214 imminentis
2430 1159 2577 1231 juga
2598 1176 2733 1214 cum
2749 1159 3023 1214 laudibus
3039 1160 3266 1215 scandit
3284 1161 3700 1228 montis,comi-

2049 1246 2313 1302 tantibus
2336 1247 2596 1319 undique
2617 1265 2785 1304 secus
2808 1248 3157 1320 populorum
3182 1249 3414 1321 stipatis
3431 1252 3696 1309 catervis.

2053 1335 2152 1390 llic
2181 1335 2279 1390 ubi
2302 1352 2405 1407 pro
2436 1335 2634 1408 populi
2665 1335 2984 1405 delictis,et
3013 1336 3100 1392 ira
3122 1336 3509 1410 mitigationis
3531 1340 3698 1398 ccele-

2050 1424 2156 1480 stis
2188 1424 2259 1480 ad
2287 1425 2602 1481 Dominum
2634 1426 2880 1481 fudisset
2909 1425 3699 1502 orationem,paululumque

2049 1513 2490 1584 processissent,
2507 1513 2697 1570 adhuc
2719 1513 3036 1569 elariﬁcare
3052 1513 3340 1585 Christus,
3365 1515 3697 1584 miriﬁcare,

2049 1606 2225 1673 atque
2248 1601 2574 1674 gloriﬁcare
2605 1602 2922 1674 disponens
2954 1603 3112 1659 hunc
3143 1604 3554 1660 beatissimum
3585 1607 3692 1663 Pa-

2050 1694 2197 1745 trem
2232 1695 2498 1746 nostrum
2528 1691 2586 1746 in
2614 1690 2806 1758 terris,
2839 1708 3014 1763 quem
3049 1693 3423 1765 magniﬁcare
3445 1711 3580 1749 cum
3605 1711 3702 1750 an-

2050 1777 2195 1851 gelis
2224 1779 2477 1853 elegerat
2506 1779 2565 1835 in
2616 1780 2800 1848 caelis,
2829 1780 3032 1853 quanti
3081 1781 3158 1836 sit
3201 1781 3357 1853 apud
3408 1799 3470 1839 se
3503 1782 3698 1839 meriti

2052 1868 2418 1924 eoncurrenti
2446 1869 2748 1942 propalare
2781 1869 3039 1925 decernit
3071 1868 3456 1925 multitudini.

2125 1957 2410 2014 LXXVIII.
2444 1958 2680 2014 Accedit
2729 1958 2930 2031 itaque
2983 1957 3195 2014 mulier
3245 1975 3414 2026 caeca,
3466 1959 3702 2017 nomine

2052 2048 2235 2113 Doda,
2263 2064 2438 2102 manu
2469 2047 2580 2103 sibi
2602 2064 2840 2120 gressus
2874 2047 3128 2119 regentis
3159 2046 3394 2103 innixa:
3420 2065 3546 2120 quae
3569 2065 3702 2105 mox

2051 2137 2402 2192 utcominus
2423 2143 2853 2208 approperaret,
2887 2136 3077 2191 visum
3110 2135 3220 2192 sibi
3254 2135 3480 2192 restitui
3503 2153 3700 2193 coram

2051 2225 2328 2281 omnibus
2359 2225 2652 2297 impetrat.
2677 2225 2836 2290 Quod
2872 2224 3085 2297 praesul
3119 2224 3384 2291 audiens,
3410 2224 3700 2296 hymnum

2052 2313 2241 2368 laudis
2255 2313 2353 2369 Dei
2372 2331 2504 2368 cum
2520 2312 2975 2385 populo,magno
2991 2312 3247 2384 repletus
3262 2311 3702 2383 gaudio,conce-

2051 2401 2521 2458 lebrat.Necdum
2542 2402 2810 2456 ﬁnierant
2827 2402 2968 2456 odas
2989 2400 3377 2456 exsultatione
3394 2400 3606 2456 caelum
3623 2419 3703 2457 re-

2051 2490 3084 2564 plentcs,eteccefrustratusquidam
3114 2488 3317 2544 multis
3341 2505 3548 2561 gressu
3581 2488 3700 2544 die-

2051 2580 2306 2636 buscum
2343 2579 2569 2650 integra
2600 2579 2859 2650 procedit
2883 2577 3288 2634 incolumitate
3308 2576 3697 2634 laetabundus.

2124 2667 2355 2725 LXXIX.
2380 2667 2834 2722 Transierecum
2857 2666 3133 2722 laudibus
3157 2665 3292 2721 inde
3305 2665 3703 2738 paulisperzet

2053 2757 2265 2813 mulier
2284 2756 2550 2828 quaadam
2583 2771 2866 2810 manuum
2900 2753 3084 2826 potita
3129 2753 3386 2808 sanitate
3417 2755 3696 2810 succedit.

2052 2845 2365 2918 Duplicant
2386 2843 2969 2916 ergo,triplicantque
3001 2840 3343 2898 comitantia
3371 2841 3698 2913 gratiarum

2053 2935 2312 2991 actiones
2341 2932 2596 3004 agmina.
2633 2930 2975 2987 Tremefacti
3009 2928 3255 3002 proximi
3285 2928 3490 3001 quiqui
3525 2927 3698 2984 mira-

2054 3023 2261 3078 bilium
2310 3019 2733 3094 magnitudine,
2769 3019 3054 3090 tantisper
3102 3036 3135 3073 a
3183 3021 3346 3073 tanta
3376 3017 3702 3073 deliberant

2055 3113 2322 3168 secedere
2351 3109 2680 3166 sanctitatis
2711 3107 3094 3164 sublimitate.
3126 3108 3242 3163 Nec
3270 3123 3378 3162 vox
3409 3105 3702 3177 reciproca

291 3199 452 3274 poris
484 3217 599 3256 non
623 3199 876 3255 habebat
901 3199 962 3254 in
995 3199 1219 3275 ambitu
1243 3199 1335 3255 sui
1355 3217 1611 3256 murum.
1632 3201 1813 3273 Cujus
1838 3201 1938 3257 ob-
1969 3185 2013 3252 C
2051 3199 2420 3258 laudantium
2449 3199 2736 3254 defecerat
2775 3198 2845 3253 ab
2896 3214 3014 3262 ore,
3046 3197 3187 3252 dum
3238 3212 3383 3268 puer
3433 3194 3697 3267 quidam,

291 3292 460 3345 tenta
480 3288 661 3344 totius
689 3293 825 3344 tunc
846 3288 1003 3361 pagi,
1018 3288 1090 3344 ad
1114 3305 1290 3361 quem
1314 3287 1574 3345 delatum
1594 3307 1812 3346 munus
1832 3291 1942 3348 hoc

291 3377 544 3434 habetur
571 3378 1071 3444 amantissimum,
1115 3376 1345 3449 provisa
1393 3378 1677 3450 probatur
1716 3379 1876 3435 salus
1909 3397 1943 3435 a

294 3467 635 3539 pervasione
657 3466 1157 3533 barbarorum,vel
1175 3467 1416 3522 incursu
1440 3468 1943 3539 praedonuml’ost

293 3554 590 3612 Hincmari
620 3556 872 3627 denique
921 3554 1215 3628 pontiﬁcis
1264 3555 1510 3622 obitum,
1540 3556 1942 3614 desiderabilis

291 3642 389 3700 hic
419 3661 718 3701 sacrorum
750 3643 1062 3700 thesaurus
1086 3645 1483 3700 membrorum
1511 3646 1583 3701 ad
1615 3645 1942 3703 Orbacense

290 3731 632 3804 perducitur
684 3732 1126 3788 monasterium.
1179 3733 1281 3788 Hic
1330 3749 1562 3805 quoque
1614 3734 1939 3790 beatissimi

291 3819 472 3891 hujus
505 3820 734 3893 patroni
768 3821 946 3877 nostri
982 3821 1277 3894 suﬁ‘ragiis
1317 3823 1509 3878 omnis
1557 3823 1940 3880 commoditas

292 3909 446 3966 aeris
475 3910 934 3982 circumquaque
965 3911 1316 3983 degentibus
1349 3911 1689 3968 attribuitur
1711 3913 1937 3982 incolis,

291 4015 428 4054 cum
460 3997 695 4054 insolita
724 3998 1018 4054 fertilitate
1045 3999 1289 4056 telluris.

365 4085 600 4142 LXXVI.
635 4086 769 4142 Post
807 4087 1114 4142 decessum
1143 4104 1276 4143 vero
1305 4105 1455 4161 saepe
1486 4086 1624 4144 dicti
1673 4087 1940 4160 przesulis

291 4173 751 4244 Hincmari,cum
767 4175 1142 4248 pontiﬁcatus
1159 4176 1729 4232 subiissethonorem
1743 4175 1940 4244 Falco,

291 4263 384 4319 sui
419 4263 610 4335 primo
640 4264 989 4335 praesulatus
1023 4282 1174 4320 anno
1226 4266 1440 4320 referre
1487 4265 1738 4321 decrevit
1786 4265 1942 4321 alma

290 4349 621 4406 beatissimi
655 4350 842 4406 Patris
864 4351 1047 4406 nostri
1077 4369 1230 4408 ossa.
1262 4353 1424 4418 Quod
1450 4353 1547 4407 ubi
1581 4353 1938 4425 aggreditur,

289 4439 660 4512 perveniente
674 4440 802 4512 jam
825 4456 891 4495 eo
913 4457 1047 4496 cum
1065 4441 1425 4513 coepiscOpis
1443 4441 1647 4497 etcleri
1671 4441 1942 4513 plurimis

2051 3289 2384 3348 Grimoldus
2415 3288 2670 3355 nomine,
2691 3287 2791 3343 diu
2823 3287 3046 3341 lumine
3068 3285 3430 3357 privatus,os
3462 3301 3697 3356 quoque

2051 3378 2460 3435 miserabiliter
2490 3395 2523 3432 a
2543 3375 2910 3432 rectitudinis
2928 3374 3054 3430 loco
3077 3372 3698 3445 distortusﬁnvisaque

2051 3467 2419 3523 deformitate
2451 3466 2743 3533 turbatus,
2767 3482 2799 3519 a
2821 3463 3161 3536 parentibus
3183 3461 3412 3518 obviam
3443 3460 3694 3530 delatus,

2050 3556 2366 3628 pristinum
2399 3570 2573 3626 quem
2601 3554 2826 3608 dudum
2853 3552 3128 3608 amiserat
3159 3551 3347 3607 visum
3381 3553 3469 3606 est
3489 3566 3695 3606 conse-

2050 3648 2242 3708 cutus,
2275 3648 2333 3699 et
2363 3643 2422 3698 in
2453 3641 2746 3714 propriam
2771 3638 3130 3696 sanctissimi
3165 3637 3348 3695 Patris
3381 3638 3560 3709 hujus
3577 3637 3698 3710 opi-

2052 3719 3054 3802 tulationemirabiliterestefﬁgiem
3077 3727 3404 3784 restitutus.
3431 3727 3700 3797 Interjec-

2049 3826 2107 3878 to
2138 3821 2295 3877 velut
2317 3819 2492 3876 unius
2514 3819 2665 3874 horae
2689 3817 3049 3890 spatio,puer
3069 3814 3218 3872 alius
3241 3834 3274 3871 a
3304 3815 3698 3872 contractione

2049 3910 2308 3983 corporis
2325 3909 2588 3980 ejusdem
2612 3906 2840 3979 patroni
2863 3905 3156 3979 suffragiis
3188 3903 3434 3961 feliciter
3454 3906 3544 3959 est
3570 3919 3698 3959 ere-

2050 4004 2200 4056 ctus.
2217 3999 2434 4054 Cohors
2465 3997 2644 4069 igitur
2664 3997 2870 4051 devota
2891 3993 3158 4050 melodiis
3182 3991 3456 4049 Davidica
3478 4009 3697 4064 nequa-

2050 4104 2228 4160 quam
2259 4085 2558 4142 sufﬁciens
2606 4084 2846 4139 reboare
2893 4081 3174 4148 carmina,
3209 4080 3463 4136 maxime
3506 4080 3698 4135 cordis

2051 4177 2258 4232 affectu
2281 4171 2722 4246 permota,inter
2739 4171 2973 4225 laudem
2994 4167 3452 4236 voces,eliciente
3483 4167 3697 4239 gaudio

2048 4262 2323 4336 lacrymis
2335 4279 2435 4317 ora
2447 4260 2633 4333 rigare
2647 4256 2982 4332 profusis.et
3001 4255 3696 4328 suspiria,singultusque

2052 4354 2300 4410 formare
2332 4367 2434 4424 pro
2468 4345 3232 4405 canticis.Concurrentium
3254 4361 3488 4416 quoque
3511 4343 3696 4398 nimia

2051 4439 2286 4515 stipatio
2318 4436 2763 4512 plebium,sacri
2797 4434 3057 4491 muneris
3077 4433 3344 4507 gerulum
3367 4431 3695 4489 deosculari

289 4527 366 4584 ad
397 4527 593 4583 locum
627 4528 726 4584 ubi
776 4528 992 4602 pignus
1038 4529 1378 4584 servabatur
1427 4529 1770 4601 pretiosum,
1806 4547 1940 4585 cum
1970 4556 2018 4620 Β
2049 4529 2427 4603 gestientium
2477 4527 2757 4594 loculum,
2788 4523 3231 4620 importunitate
3264 4522 3463 4620 valida
3480 4520 3693 4577 vehen-

195 4649 198 4652 ν
288 4619 452 4672 esset
480 4632 696 4689 magna
725 4615 853 4673 caeli
884 4617 1189 4686 serenitas,
1213 4618 1316 4674 sed
1349 4618 1574 4674 fervens
1622 4619 1940 4676 admodum

288 4703 549 4775 siccitas,
582 4704 778 4761 subito
829 4723 890 4762 se
937 4710 1137 4762 tantus
1186 4706 1392 4761 effudit
1422 4705 1630 4775 imber,
1666 4711 1730 4762 ut
1761 4708 1940 4764 totius

286 4793 471 4865 hujus
493 4794 861 4866 superﬁciem
885 4798 1048 4850 terrae
1068 4795 1360 4850 videretur
1376 4796 1629 4851 ubertim
1643 4796 1938 4870 irrigasse.

287 4881 356 4938 In
389 4881 714 4937 crastinum
743 4900 899 4952 vero,
934 4885 1076 4939 dum
1125 4901 1292 4939 sacra
1341 4885 1555 4940 referre
1603 4890 1944 4957 promovent

290 4987 562 5037 munera,
623 4976 832 5027 cuncta
889 4971 1066 5038 clara,
1125 4976 1334 5029 cuncta
1383 4974 1670 5044 jucunda,
1732 4982 1945 5030 cuncta

292 5059 606 5113 mundanae
637 5059 847 5130 speciei
889 5061 1214 5117 redduntur
1263 5079 1511 5117 amoena.
1546 5061 1942 5134 Prosperoque

290 5148 1075 5220 progressu,confluentibus
1097 5149 1355 5222 undique
1378 5149 1628 5223 populis,
1645 5151 1716 5205 ad
1749 5149 1939 5205 vicum

290 5233 609 5290 deveniunt
629 5234 1071 5305 Calminiacum,
1092 5237 1150 5292 in
1184 5255 1298 5310 quo
1339 5237 1622 5294 nonnulla
1651 5239 1817 5294 Pater
1847 5237 1940 5292 hic

288 5321 563 5390 eximius,
589 5323 781 5380 adhuc
814 5343 988 5382 carne
1018 5327 1541 5398 septus,virtutum
1576 5327 1942 5399 dignoscitur

287 5410 627 5467 exhibuisse
686 5414 1001 5487 magnalia.
1041 5415 1139 5469 [lic
1189 5417 1453 5471 membra
1499 5417 1825 5471 veneranda
1881 5416 1937 5470 in

286 5497 536 5555 ecclesia
583 5500 940 5573 deponentes
983 5505 1112 5574 ejus
1162 5504 1395 5560 nomine
1440 5505 1724 5571 dedicata,
1755 5505 1940 5559 noctis

285 5586 484 5658 quiete
516 5587 670 5646 fessa
703 5590 894 5648 levant
924 5609 1182 5665 corpora.

2050 4619 2198 4675 tium
2230 4618 2402 4691 cmpit
2418 4618 2591 4690 ﬁgere
2613 4631 2903 4688 gressum.
2925 4613 3204 4669 Mirorum
3229 4611 3542 4684 siquidem,
3567 4628 3694 4684 quae

2049 4702 3158 4782 gerebantur,percrebrescebatOpinio:
3175 4701 3693 4774 certatimquetam

2049 4797 2200 4868 sani,
2219 4812 2394 4868 quam
2418 4793 2660 4850 diversis
2682 4792 3117 4849 calamitatibus
3150 4791 3353 4860 attriti,
3388 4807 3697 4864 properare

2049 4883 2691 4956 studebant,cupientes
2713 4881 2926 4937 intueri
2949 4881 3244 4955 magnalia
3259 4898 3386 4954 quae
3410 4880 3695 4936 Dominus

2051 4976 2422 5046 omnipotens
2453 4973 2510 5026 in
2544 4971 2730 5028 sancti
2753 4971 2843 5026 sui
2867 4970 3283 5026 clariﬁcatione
3307 4968 3694 5040 multiplicare

2052 5067 2450 5136 preposucrat.
2489 5063 2590 5117 Pro
2623 5078 2833 5133 magno
2866 5078 3119 5133 namque
3163 5060 3274 5116 sibi
3319 5059 3532 5113 damno
3581 5055 3693 5112 sibi

2049 5152 2300 5225 quisque
2345 5152 2670 5223 reputabat,
2708 5151 2823 5206 imo
2877 5151 3155 5206 delictum
3205 5149 3544 5220 deputabat,
3581 5165 3694 5202 non

2050 5243 2222 5296 modo
2254 5241 2302 5296 si
2335 5258 2447 5295 non
2480 5241 2766 5312 proderet,
2798 5256 2998 5294 verum
3032 5239 3079 5293 si
3103 5241 3436 5309 postremus
3458 5237 3694 5292 accede-

2049 5331 2634 5401 ret.Approperantes
2666 5332 2864 5382 autem
2894 5326 3046 5381 cives
3087 5325 3335 5391 obviam,
3357 5325 3497 5379 dum
3530 5329 3695 5398 grata

2049 5417 2255 5473 deferri
2291 5423 2537 5472 cernunt
2560 5434 2824 5482 munera,
2851 5423 3001 5470 terra
3037 5431 3097 5469 se
3121 5417 3554 5485 prosternentes
3585 5413 3692 5470 soli

2050 5506 2464 5561 deosculantur
2496 5511 2673 5577 terga.
2710 5504 3246 5576 Suspicientesque,
3285 5502 3381 5558 ubi
3434 5508 3693 5559 contem-

2051 5593 2286 5665 plantur
2308 5593 2564 5649 loculum
2589 5592 2851 5664 pretiosae
2875 5591 3052 5646 divini
3078 5591 3425 5648 diadematis
3448 5608 3692 5664 gemmae
