4028 6178
366 325 522 397 1183

1150 333 1530 394 HINCMARI
1577 333 1820 393 RllEM.
1871 331 2232 392 AilCIlIEl’.
2283 331 2688 394 OPUSCULA
2734 333 2994 396 VARIA.

3617 327 3776 396 1184

363 464 650 540 bajulum,
674 465 891 523 multas
912 465 1064 523 inter
1093 465 1303 522 eximia
1335 465 1551 539 gaudia
1576 464 1866 538 lacrymas
1882 465 2009 520 fun-
2037 461 2091 532 Α
2121 462 2335 519 clinare
2356 469 2582 537 partem
2599 465 2849 522 valeret:
2877 467 2989 522 cibi
3021 481 3156 523 vero
3185 466 3409 524 nullam
3433 468 3548 526 sibi
3592 467 3773 542 liqui-

362 557 547 613 dunt:
573 555 944 613 obsecrantes
978 573 1050 612 ne
1080 555 1336 628 amplius
1359 555 1625 627 ejusdem
1652 554 1838 609 Patris
1861 553 2014 608 affici

359 649 712 702 censeantur
731 644 1031 712 absentia;
1058 645 1200 716 quin
1224 649 1502 716 perpetua
1526 647 1860 698 mereantur
1890 659 2016 714 gra-

357 731 533 790 tulari
563 733 894 807 praesentia.
919 733 1090 788 Pater
1110 732 1328 789 interea
1361 733 1738 788 beatissimus
1757 731 2013 786 ﬂliorum

357 822 650 880 devotioni
695 822 988 895 praeclaris
1045 823 1244 878 favens
1301 823 1564 891 nutibus,
1599 821 1764 876 addit
1821 821 2013 877 adhuc

356 911 571 968 'divinis
599 911 826 986 plebem
859 929 1030 968 suam
1061 909 1466 983 multipliciter
1485 910 1806 966 exhilarare
1835 909 2012 965 mira-

355 1001 838 1058 bilibus.Etenim
873 1001 1013 1056 dum
1045 999 1236 1055 clerus
1258 1015 1392 1055 cum
1426 999 2011 1071 sacerdotibus,psal-

355 1089 491 1157 mis,
523 1090 779 1164 hymnis,
797 1095 855 1146 et
884 1089 1128 1146 canticis
1161 1089 1432 1144 intonant
1462 1087 1892 1162 spiritualibus,
1918 1105 2013 1161 po-

353 1179 534 1253 pulus
564 1180 741 1236 etiam
773 1177 1136 1252 jubilationis
1168 1178 1469 1234 immensa:
1519 1178 1716 1234 reboat
1746 1177 2008 1246 vocibus,

354 1273 420 1326 ut
447 1267 780 1325 mirabilem
807 1268 994 1324 Deum
1025 1267 1085 1322 in
1117 1267 1340 1323 sanctis
1391 1267 1515 1322 suis
1551 1265 2010 1338 jucundioribus

357 1357 548 1415 adhuc
580 1359 1052 1431 praeconarentur
1083 1355 1320 1425 animis,
1353 1355 1660 1429 pristinam
1694 1355 2008 1410 multitudo

353 1445 762 1520 iungueutium
794 1446 1140 1519 sospitatem
1175 1445 1484 1502 manifeste
1515 1444 1875 1516 conspicitur
1917 1461 2008 1501 re-

352 1545 652 1609 cuperare,
687 1535 890 1592 levatis
920 1533 1191 1607 pluribus
1224 1533 1383 1590 varia
1433 1537 1593 1606 peste
1642 1533 2004 1606 corporibus.

353 1625 629 1697 Adeoque
648 1639 751 1696 per
765 1622 1001 1696 singula
1023 1639 1169 1696 pene
1189 1621 1768 1689 momenta,cmlestia
1789 1623 2006 1695 pande-

349 1714 566 1771 bantur
595 1712 900 1778 miracula,
919 1717 986 1768 ut
1017 1711 1089 1768 ad
1115 1713 1235 1768 haec
1261 1711 1522 1768 locorum
1553 1711 1639 1767 vel
1673 1716 2004 1784 temporum

347 1803 442 1860 vix
470 1802 871 1860 enumeranda
899 1801 1123 1859 censeri
1151 1801 1413 1858 valerent
1444 1799 1778 1857 interstitia.

423 1893 626 1948 LXXX.
656 1891 820 1948 Tunc
852 1892 1031 1964 igitur
1049 1891 1284 1948 Osanna
1313 1891 1582 1963 quaedam
1611 1890 1842 1956 mulier,
1866 1907 2002 1946 cum

349 1979 738 2038 admiratione
767 1980 1170 2055 gaudentium,
1185 1979 1358 2036 celeri
1378 1980 1596 2036 meruit
1615 1978 2002 2052 prosperitate

347 2070 605 2144 recipere
616 2067 809 2127 visum
830 2087 844 2128 :
868 2074 926 2127 et
943 2074 1077 2143 post
1097 2069 1377 2142 pusillum
1396 2069 1642 2126 claudus
1661 2069 1904 2141 quidam
1927 2069 2004 2125 fe-

347 2157 442 2216 lici
477 2171 720 2216 munere
748 2158 1128 2232 consequitur
1147 2175 1438 2231 gressum.
1457 2158 1714 2214 Deodata
1733 2159 2001 2230 quaedam

348 2247 1116 2320 patefactisauriumjanuis
1148 2247 1498 2319 adipiscitur
1538 2245 1825 2302 auditum.
1859 2245 2001 2312 Qui-

350 2335 488 2392 dam
511 2336 942 2392 nomineTeuto
963 2335 1332 2391 desiderabili
1372 2333 1592 2406 potitur
1626 2333 2003 2390 illuminatio-

351 2423 443 2480 uis
465 2425 636 2481 dono.
654 2425 798 2480 Item
818 2424 1085 2496 quaedam
1109 2423 1320 2478 mulier
1336 2423 1540 2478 eodem
1561 2421 1759 2495 gavisa
1777 2421 2003 2479 laetatur

349 2513 652 2570 beneﬂcio.
688 2509 969 2569 Similiter
995 2510 1288 2568 Ansoldus
1319 2527 1548 2584 quoque
1577 2509 1820 2578 lumine,
1843 2513 1999 2584 quod

349 2601 533 2659 nimio
564 2601 848 2674 ﬂagrabat
876 2600 1112 2673 assequi
1142 2599 1450 2668 desiderio,
1477 2601 1594 2655 ﬁdo
1627 2616 1731 2656 ceu
1755 2600 2002 2656 credidit

349 2691 568 2760 animo,
603 2689 791 2746 Patris
821 2689 1002 2763 hujus
1028 2688 1294 2762 piissimo
1339 2688 1659 2762 perfruitur
1695 2689 1996 2760 suﬂ‘ragio.

348 2780 597 2848 Quidam
620 2779 937 2836 Gerbertus
958 2777 1244 2852 paralysis
1263 2781 1352 2835 est
1368 2796 1402 2834 a
1422 2776 1804 2834 dissolutione
1826 2795 1998 2834 sana-

347 2873 464 2926 tus.
485 2868 734 2937 Quidam
757 2884 992 2942 quoque
1012 2867 1163 2924 alius
1178 2867 1444 2940 ejusdem
1467 2865 1728 2923 muneris
1745 2865 1999 2923 exsultat

347 2957 444 3015 hic
471 2957 741 3032 largitate
771 2957 1136 3030 perfunctus.

420 3045 654 3104 LXXXI.
687 3045 952 3119 Cumque
984 3045 1250 3102 certatim
1283 3061 1503 3118 quique
1535 3045 1728 3101 studio
1760 3044 1866 3118 pize
1898 3046 1996 3102 de-

343 3136 602 3192 votionis
631 3133 860 3192 obviam
893 3135 1197 3191 studerent
1227 3149 1548 3201 occurrere,
1581 3150 1647 3190 ac
1676 3151 1790 3189 non
1824 3135 1996 3190 modo

2124 553 2260 608 dam
2292 570 2522 609 sumere
2550 555 3034 610 sustentationem
3067 561 3299 628 posset:
3325 575 3454 630 qua:
3478 557 3775 630 integrum

2125 643 2234 698 sub
2291 642 2392 697 tali
2444 645 2622 698 ferme
2675 643 2872 700 labore
2918 646 3162 702 duxerat
3207 647 3343 702 anni
3389 647 3774 704 curriculum.

2125 733 2308 798 Quam
2344 737 2530 788 mater
2559 734 2768 788 affectu
2794 733 3043 807 diligens
3073 739 3290 804 tenero,
3323 737 3515 809 deque
3565 736 3776 793 salutis

2123 820 2313 894 ipsius
2345 820 2594 878 sollicita
2616 825 3071 895 recuperatione,
3085 826 3315 881 studuit
3343 826 3574 881 obviam
3599 827 3778 882 dedu-

2121 926 2269 975 cere,
2302 911 2564 983 dumque
2595 911 2863 967 cominus
2894 913 2966 968 ob
2997 914 3346 970 densitatem
3375 914 3776 970 multitudinis

2123 1016 2238 1054 non
2269 999 2421 1055 valet
2449 1001 2738 1068 accedere,
2772 1006 3045 1073 procurat
3093 1001 3526 1075 aliquantulum
3565 1003 3778 1077 vulgus

2123 1089 2481 1144 antecedere.
2497 1090 2629 1145 Mox
2656 1089 2714 1145 in
2737 1090 2960 1162 via,pcr
2979 1108 3158 1162 quam
3179 1091 3291 1148 iter
3310 1097 3434 1149 erat
3453 1093 3775 1165 agendum,

2120 1193 2248 1233 sese
2269 1181 2644 1249 prosternens
2665 1178 2842 1234 simul
2864 1197 2998 1236 cum
3021 1180 3240 1248 sobole,
3256 1181 3401 1238 fulta
3424 1181 3618 1237 valida
3638 1183 3773 1250 fide,

2121 1283 2318 1338 preces
2351 1267 2421 1322 ad
2453 1267 2636 1324 Deum
2665 1268 2868 1324 devota
2897 1269 3097 1341 dirigit
3145 1273 3358 1326 mente.
3391 1270 3656 1327 Necdum
3700 1272 3775 1326 ab

2119 1356 2378 1412 oratione
2397 1361 2736 1423 cessarat,et
2756 1373 2888 1414 ecce
2909 1358 3096 1431 ipsius
3119 1359 3607 1431 ccepitvociferari
3629 1357 3770 1428 ﬁlia,

2118 1460 2296 1517 quam
2319 1445 2450 1518 geni
2461 1445 2590 1514 trix,
2601 1449 2665 1500 ut
2677 1446 2955 1503 maternis
2969 1447 3300 1503 consoletur
3315 1447 3774 1518 blanditiis,sur-

2115 1549 2260 1606 gens
2281 1533 2516 1601 intuita,
2551 1539 2726 1606 caput
2747 1535 2876 1606 ejus
2896 1537 2969 1592 ab
2995 1535 3304 1593 inﬂexione
3337 1537 3495 1594 videt
3522 1537 3597 1592 ad
3637 1553 3771 1608 pro-

2115 1623 2305 1695 priam
2329 1623 2696 1680 rectitudinis
2727 1624 2943 1680 lineam
2963 1641 3274 1682 remeasse.
3289 1626 3455 1681 Tunc
3477 1623 3666 1680 nimia
3683 1623 3770 1680 hi-

2115 1709 2342 1768 laritate
2356 1711 2699 1784 repletased
2717 1719 2774 1769 et
2786 1713 2858 1769 de
2873 1713 3052 1786 prolis
3069 1713 3319 1770 sanitate
3334 1714 3772 1788 confisa,perlu-

2115 1800 2577 1859 stransvulneris
2593 1801 3000 1870 locum,cernit
3012 1802 3296 1875 sanguine
3313 1802 3774 1870 madidum,ner-

2112 1907 2331 1962 vosque
2353 1890 2454 1946 diu
2481 1895 2809 1948 contractos
2831 1909 2898 1946 ac
2918 1891 2966 1946 si
2993 1891 3161 1948 funes
3179 1891 3408 1948 extendi
3427 1893 3766 1964 productos.

2113 1979 2208 2034 Sic
2232 1984 2466 2051 accepta
2485 1979 2900 2053 misericordiae
2941 1995 3120 2052 quam
3161 1981 3476 2052 quaesierat
3497 1981 3767 2036 benedic-

2113 2068 2540 2136 tione,domum
2563 2067 2840 2124 laetacum
2854 2065 3175 2141 gratiarum
3199 2069 3768 2126 revertituractione.

2184 2156 2468 2213 LXXXIII.
2489 2157 2607 2212 Hac
2629 2157 2807 2230 igitur
2826 2157 3110 2232 dignitate
3139 2157 3672 2230 clariﬂcationis,et
3687 2177 3770 2216 re-

2113 2261 2243 2300 rum
2264 2249 2562 2316 gestarum
2595 2245 2979 2304 admiratione
3010 2247 3218 2304 cohors
3247 2247 3486 2322 stipata,
3517 2253 3768 2322 votoque

2111 2333 2843 2406 gratulationis,arreptum
2869 2339 2988 2392 toto
3011 2335 3250 2392 fervoris
3267 2336 3380 2392 iter
3398 2336 3618 2393 annisu
3635 2353 3770 2393 cum

2111 2421 2356 2479 canticis
2379 2422 2730 2496 hymnisque
2751 2440 3089 2495 percurrere
3111 2426 3432 2498 satagebat.
3454 2426 3772 2483 Praecesse-

2111 2514 2201 2566 rat
2221 2511 2492 2583 equidem
2515 2511 2752 2584 praesul,
2768 2513 2870 2568 sed
2890 2529 3156 2569 reversus
3173 2511 3310 2568 cleri
3343 2514 3772 2572 comitantibus

2111 2598 2306 2656 choris
2349 2599 2844 2672 pretiosissimum
2893 2599 3145 2673 propriis
3187 2599 3534 2658 thesaurum
3587 2603 3774 2659 sumit

2107 2689 2372 2744 humeris
2389 2704 2402 2742 :
2419 2693 2476 2744 et
2487 2689 2570 2744 sic
2584 2689 2654 2744 ad
2671 2689 2859 2762 ipsius
2873 2689 3170 2762 propriam
3183 2690 3769 2747 beatissimidomum

2110 2777 2298 2834 Patris
2319 2795 2454 2833 cum
2478 2794 2692 2850 magna
2711 2779 2928 2851 perfert
2945 2777 3132 2852 gloria
3144 2779 3655 2851 jubilationis.Ast
3667 2781 3771 2836 ubi

2108 2866 2444 2938 perVenitur
2473 2865 2532 2920 in
2566 2866 2894 2935 ecclesiam,
2930 2884 3056 2940 qua:
3088 2872 3416 2940 competere
3458 2868 3588 2924 visa
3633 2873 3772 2924 sunt

2107 2955 2216 3010 rite
2237 2954 2840 3028 dispositis,inchoata
2849 2957 2977 3028 jam
2991 2955 3238 3012 victimae
3252 2956 3540 3030 spiritalis
3559 2959 3768 3014 immo-

2107 3041 2560 3111 latione,mulier
2579 3045 2846 3116 quaedam
2863 3046 2934 3101 de
2956 3061 3102 3118 pago
3115 3045 3770 3104 Trecassinomembre-

2103 3149 2242 3189 rum
2271 3133 2535 3189 omnium
2568 3133 2886 3205 agitatione
2934 3133 3238 3202 mulctata,
3267 3135 3509 3192 veniens
3561 3149 3762 3193 coram

347 3225 586 3300 benigni
611 3223 804 3281 cordis
829 3222 1245 3292 intentionem;
1279 3223 1423 3296 quin
1454 3221 1629 3278 etiam
1652 3223 2002 3279 rerumiem-
2031 3207 2074 3276 C
2111 3221 2280 3278 altari
2313 3221 2430 3277 ruit
2457 3220 2517 3275 in
2547 3221 2919 3294 pavimento:
2945 3221 3144 3294 ibique
3195 3223 3615 3281 miserabiliter
3661 3226 3765 3283 diu

349 3312 644 3390 poralium
661 3311 1500 3385 exhibitionem,proutcuique
1523 3311 1772 3369 facultas
1795 3329 2002 3386 suppe-

349 3403 509 3460 tebat
521 3401 1034 3471 aﬂ'errent,mulier
1044 3401 1310 3474 quaedam
1324 3400 1680 3474 paupercula
1690 3402 1759 3457 de
1772 3400 2002 3458 civitate

349 3502 674 3564 properans
705 3491 766 3546 in
797 3507 1129 3558 occursum,
1164 3506 1346 3546 manu
1377 3507 1608 3546 cereum
1642 3491 1878 3560 ferebat,
1900 3491 2000 3563 qui

349 3596 633 3638 accensus
657 3596 961 3653 nunquam
985 3580 1191 3636 fuerat.
1212 3579 1476 3636 Mirabile
1490 3579 1875 3646 dictu,subito
1897 3596 2002 3636 cce-

345 3665 490 3726 litus
509 3673 655 3726 nutu
678 3669 872 3726 divino
895 3685 1096 3726 cereus
1119 3668 1179 3724 in
1202 3685 1380 3734 manu
1401 3669 1658 3741 gerentis
1679 3673 1770 3724 est
1788 3668 2003 3724 illumi-

349 3763 546 3816 natus.
565 3759 764 3832 Ipsum
778 3775 1009 3831 quoque
1021 3759 1162 3813 dum
1186 3774 1288 3830 per
1307 3760 1489 3814 totam
1511 3757 1806 3813 defcrtilla
1824 3757 1998 3826 viam,

345 3847 453 3904 Dei
486 3848 816 3905 confitendo
842 3845 1219 3915 miraculum,
1245 3862 1618 3918 nequaquam
1650 3846 1887 3920 superni
1918 3845 2003 3902 lu-

351 3935 530 3992 minis
559 3934 778 3992 amittit
799 3933 894 3990 ille
913 3933 1284 4003 beneficium,
1301 3935 1484 3990 donec
1505 3933 1736 3990 mirifici
1759 3935 2002 4008 pignora

350 4023 536 4098 patris
567 4023 626 4079 in
673 4023 946 4080 stationis
995 4023 1238 4096 propria:
1289 4023 1686 4096 perferrentur
1734 4024 1998 4096 domum,

351 4113 552 4187 sicque
567 4131 602 4170 a
618 4111 892 4187 pontifice
912 4111 1198 4170 solemnia
1209 4111 1640 4169 celebrarentur
1659 4111 1998 4170 missarum.

345 4197 502 4259 Tum
534 4201 754 4259 femina
796 4217 1029 4258 cereum
1079 4201 1304 4258 lumine
1353 4202 1698 4276 ﬂagrantem
1745 4200 2001 4258 mirabili

347 4292 604 4348 basilicae
635 4291 815 4348 tradit
844 4291 1094 4360 custodi,
1119 4291 1219 4364 qui
1241 4291 1314 4348 ob
1345 4307 1609 4364 supernae
1629 4291 1826 4364 gratiae
1845 4290 2000 4363 quod

351 4382 676 4456 contigerat
705 4382 1012 4454 gaudium,
1035 4381 1349 4436 luminaria
1371 4397 1735 4454 quaecunque
1771 4398 1875 4454 per
1904 4398 2002 4436 ec-

351 4470 590 4528 clesiam
621 4469 970 4526 videbantur
997 4471 1199 4526 ardere
1231 4471 1472 4526 mandat
1501 4469 1815 4542 exstingui,
1835 4469 2004 4524 lumi-

354 4576 541 4632 ncque
583 4557 863 4614 divinitus
914 4559 1022 4614 hoc
1071 4559 1206 4647 dato
1255 4574 1461 4647 rursus
1510 4557 1788 4647 accendi:
1823 4559 2002 4647 hujus
2034 4581 2080 4647 Β

353 4661 486 4704 vero
517 4651 742 4720 partem
791 4647 937 4704 cerei
990 4645 1133 4704 coelo
1177 4647 1300 4704 dati
1344 4645 1613 4702 miraculi
1654 4645 1913 4703 decernit
1942 4645 2000 4701 in

346 4734 759 4792 “testimonium
792 4735 1094 4792 reservari.

428 4821 680 4880 LXXXII.
703 4823 1011 4896 Rotgardis
1030 4823 1298 4896 quaedam
1321 4821 1620 4879 feminade
1642 4839 1792 4896 pago
1803 4821 2004 4878 castri-

354 4913 443 4970 cio
454 4911 757 4986 gradiendi
771 4927 974 4968 carens
987 4911 1178 4968 officio
1201 4911 1457 4984 pristinae
1473 4911 1835 4985 gaudetcum
1850 4911 2004 4968 inco-

352 5000 642 5058 lumitatis
664 5002 816 5058 dono
839 5018 852 5056 :
877 5005 942 5056 ut
963 5018 1089 5074 quae
1107 5001 1368 5074 plaustro
1381 5001 1696 5058 devehente
1711 5002 1898 5057 fuerat
1909 5002 2005 5056 ad-

239 5145 258 5159 _
357 5093 551 5160 ducta,
576 5089 828 5165 propriis
849 5090 1224 5164 postmodum
1243 5090 1491 5162 pedibus
1514 5107 1770 5146 remeare
1787 5089 2007 5147 valeret

358 5181 431 5238 ad
464 5197 592 5238 sua.
626 5181 908 5236 Praeterea
935 5178 1148 5236 mulier
1173 5180 1440 5252 quzedam
1474 5197 1674 5236 secum
1704 5177 2004 5253 parvulam

356 5287 458 5328 sex
488 5285 776 5326 annorum
801 5269 917 5326 fere
946 5269 1134 5324 defert
1164 5267 1366 5338 ﬁliam,
1385 5269 1621 5326 nomine
1641 5269 1954 5326 Wulﬂdem
1989 5285 2002 5323 :

359 5376 486 5432 quae
517 5359 655 5414 dum
690 5358 945 5430 quadam
968 5356 1062 5413 die
1083 5374 1214 5412 cum
1237 5358 1440 5413 coaevis
1462 5357 1786 5424 luderet,ab
1809 5357 2007 5429 aliqua

358 5451 700 5504 transeunte
733 5448 877 5502 forte
905 5446 1153 5502 muliere
1183 5463 1461 5520 percussa
1489 5447 1679 5502 fuerat
1707 5446 1767 5500 in
1794 5447 2001 5518 capite.

361 5535 520 5600 Qued
553 5535 672 5591 ictu
705 5534 860 5604 laesa,
884 5534 968 5591 ita
991 5539 1056 5590 ut
1083 5536 1210 5606 ejus
1243 5539 1392 5590 retro
1423 5534 1699 5590 reﬂexum
1728 5533 2007 5590 inhaerere

363 5623 568 5678 cervici
599 5623 890 5681 videretur
918 5623 1278 5697 occipitium,
1302 5639 1407 5679 nec
1435 5623 1498 5679 in
1526 5621 1697 5678 aliam
1729 5627 1903 5694 caput
1926 5639 2008 5679 re-

2107 3315 2332 3382 vexata,
2391 3311 2570 3384 hujus
2627 3310 2880 3384 piissimi
2939 3311 3320 3368 consolatorie
3385 3311 3768 3370 miseratione

2107 3400 2302 3474 surgit
2330 3399 2646 3457 incolumis
2675 3401 2898 3457 eﬂ'ecta.
2931 3403 3064 3467 Quae
3117 3418 3294 3474 super
3338 3405 3551 3458 eventu
3585 3407 3760 3458 tanta:

2109 3488 2380 3546 consulta
2413 3488 2784 3557 calamitatis,
2819 3505 3023 3546 necem
3062 3505 3124 3546 se
3154 3490 3400 3563 proprie:
3447 3491 3769 3548 conﬁtetur

2111 3583 2476 3652 perpetrasse
2507 3577 2734 3634 matris.
2773 3578 3088 3634 Missarum
3120 3579 3371 3652 denique
3401 3579 3766 3637 solemnibus

2111 3683 2180 3724 ex
2229 3682 2390 3723 more
2438 3665 2709 3739 peractis,
2743 3683 2853 3722 sua
2909 3666 3130 3739 quique
3178 3672 3451 3740 repetunt
3479 3669 3764 3725 reversuri

2109 3759 2339 3812 mature
2370 3755 2430 3810 in
2456 3754 2881 3822 crastinum,ad
2908 3754 3016 3811 hoc
3046 3754 3242 3811 tutelae
3273 3772 3395 3812 sua:
3425 3755 3766 3830 praesidium

2109 3845 2168 3900 in
2203 3845 2496 3901 civitatem
2519 3845 2952 3917 perferendum.
2978 3845 3146 3900 Mane
3165 3845 3293 3916 jam
3323 3846 3497 3914 facto,
3517 3846 3668 3902 dum
3695 3845 3764 3901 ad

2107 3934 2445 3991 condictum
2474 3933 2733 3989 studiose
2763 3933 3155 4000 contenditur,
3185 3933 3445 3990 Erluidis
3497 3936 3763 4007 quedam

2111 4023 2324 4080 mulier
2351 4023 2509 4078 haud
2541 4021 2742 4095 procul
2772 4021 2844 4078 ab
2877 4023 3019 4078 urbe
3049 4022 3289 4095 degens,
3314 4023 3384 4078 ad
3417 4027 3600 4079 tanta
3631 4039 3762 4096 pro—

2111 4110 2393 4168 cessionis
2424 4109 2827 4182 spectaculum
2868 4109 3216 4183 disponebat
3263 4111 3442 4180 exire,
3471 4114 3765 4184 quatenus

2111 4205 2323 4274 optatae
2355 4198 2656 4272 sospitatis
2685 4198 2786 4255 ubi
2817 4204 3142 4256 mereretur
3167 4216 3432 4271 munere,
3465 4217 3600 4272 quae
3633 4199 3767 4274 quia

2103 4290 2231 4362 jam
2262 4306 2365 4362 per
2384 4287 2855 4361 quinquennium
2872 4288 3152 4362 languore
3174 4305 3377 4362 pressa
3398 4294 3633 4361 partem
3655 4307 3769 4346 cor-

2112 4377 2270 4450 poris
2299 4378 2562 4433 dextram
2596 4381 3032 4450 preemortuam,
3056 4393 3318 4450 peneque
3338 4379 3616 4450 gestabat
3642 4379 3764 4434 inu-

2111 4465 2294 4534 tilem,
2330 4466 2463 4522 nisu
2497 4482 2613 4538 quo
2642 4470 2872 4538 poterat
2920 4467 3212 4530 accedere,
3248 4470 3304 4522 et
3334 4466 3407 4522 ad
3456 4467 3764 4523 visendum

2113 4553 2262 4612 sacri
2296 4553 2560 4610 muneris
2585 4554 2766 4628 hujus
2796 4553 3055 4610 loculum
3087 4570 3216 4610 sese
3265 4553 3508 4610 molitur
3535 4571 3763 4627 promo-

2109 4661 2262 4701 vere.
2278 4647 2538 4716 Cumque
2567 4643 2670 4700 tali
2694 4643 3000 4700 conamine
3013 4644 3141 4714 jam
3176 4644 3292 4700 fere
3311 4643 3583 4700 medium
3605 4662 3761 4718 pera-

2112 4737 2340 4807 grasset
2370 4732 2596 4789 itineris
2617 4732 2796 4805 hujus
2827 4732 3228 4804 spatium,non
3250 4731 3451 4788 valens
3469 4733 3630 4789 ultra
3648 4749 3764 4808 pro-

2111 4822 2335 4890 cedere,
2367 4836 2540 4894 grave
2597 4820 2816 4877 corruit
2874 4821 3135 4877 contecta
3181 4821 3398 4877 labore.
3451 4819 3762 4877 Meditata!

2113 4911 2354 4967 domum
2372 4910 2590 4978 redire;
2615 4909 2718 4965 sed
2742 4909 2945 4982 nequit
2965 4909 3072 4965 hoc
3095 4908 3389 4965 ullatenus
3413 4909 3756 4984 adimplere:

2114 5018 2241 5074 quae
2271 5003 2582 5072 postquam
2601 4998 2710 5054 hac
2735 4989 3078 5070 aliquandiu
3099 4999 3316 5054 nutans
3330 4998 3524 5069 jacuit
3545 4999 3761 5054 haesita-

2114 5090 2292 5157 tione,
2327 5089 2565 5144 demum
2597 5091 2897 5160 resumpto
2929 5086 3250 5144 moliminis
3281 5103 3431 5142 ausu
3462 5087 3654 5143 tentat
3693 5103 3756 5142 an

2113 5179 2302 5235 valeat
2337 5176 2533 5233 adhuc
2583 5175 3014 5248 aliquantulum
3075 5175 3490 5248 propinquare.
3525 5175 3756 5248 Moxque

2114 5267 2310 5325 divina
2341 5266 2656 5323 miserante
2685 5264 2997 5322 clementia
3025 5265 3190 5338 vigor
3218 5265 3388 5339 mgris
3419 5264 3662 5321 additur
3685 5262 3754 5317 ni-

2116 5357 2281 5414 sibus
2312 5375 2325 5412 :
2354 5355 2693 5427 viribusque
2733 5371 2866 5409 cum
2909 5353 3251 5410 salubritate
3283 5349 3754 5426 receptis,'libcra

2115 5446 2402 5504 festinans
2433 5443 3063 5514 celeritate,nimiaque
3093 5442 3427 5514 tripudians
3451 5441 3750 5500 hilaritate,

2116 5552 2230 5608 quo
2248 5535 2576 5590 decreverat
2595 5535 2810 5604 aegrota
2829 5549 2892 5588 se
2909 5530 3158 5598 trahere,
3176 5529 3314 5603 agili
3335 5531 3515 5602 erepit
3537 5531 3750 5586 incessu

2116 5623 2378 5696 gaudens
2391 5637 2796 5694 approperare.
2806 5621 2907 5677 Inﬁ
2917 5619 3174 5677 rmitatis
3185 5619 3360 5677 etiam
3371 5635 3498 5676 suae
3509 5619 3754 5677 solamen
