4028 6178
286 321 439 388 “85

1540 321 1721 380 VITA
1769 317 2049 379 SANC'PI
2097 317 2418 378 llEMlGlI.

3531 326 3558 396 ‘l
3571 325 3687 397 186

278 453 656 518 manuferens
685 452 981 522 baculum,
1014 451 1124 508 iter
1153 453 1378 525 peragit
1399 453 1786 511 destinatum:
1812 468 1928 508 non
1956 451 2012 520 Α
2046 449 2276 508 hostilis
2303 448 2364 506 in
2395 465 2558 522 spem
2590 451 2873 522 paulatim
2909 454 3240 514 securitatis
3269 455 3689 530 tranquillitate

282 549 348 610 ut
362 545 498 616 ejus
510 543 767 616 amplius
783 547 977 616 egeret
991 543 1225 608 auxilio,
1235 543 1336 599 sed
1355 547 1420 598 ut
1437 542 1495 598 id
1513 543 1570 596 in
1588 541 1769 613 hujus
1785 541 1932 597 datze

283 633 396 690 sibi
415 631 688 689 sanitatis
705 631 1081 703 responderet
1105 631 1934 704 testimonio.Perveniensque

281 738 402 794 quo
424 720 1259 787 desideraverat,laudabunda
1291 722 1532 777 devotas
1557 717 1933 776 interventori

281 827 394 868 suo
425 810 694 883 rependit
723 809 965 883 gratias.
1001 810 1221 882 Ilioque
1278 809 1572 882 prolatum
1633 808 1934 866 dimittens

283 899 587 966 bacillum,
621 899 826 972 priscas
857 898 1211 957 calamitatis
1242 917 1362 956 suae
1393 899 1691 970 solatium,
1725 897 1937 954 alacris

273 990 426 1062 jam,
458 1005 564 1046 nec
595 989 725 1061 opis
755 989 936 1060 hujus
967 987 1190 1062 indiga,
1220 987 1431 1062 repetit
1467 988 1578 1046 iter
1605 1005 1933 1057 emensum,

285 1079 546 1141 nfereas
571 1078 703 1137 lata
733 1079 1046 1152 quaesitum
1096 1078 1302 1136 divinis
1363 1077 1778 1136 consolationis
1807 1077 1936 1134 suf-

285 1167 564 1241 fragium.

360 1255 643 1314 LXXXIV.
657 1256 982 1314 Adveniens
1013 1257 1211 1330 itaque
1241 1258 1498 1331 pontifex
1517 1258 1664 1338 .eleri
1695 1274 1937 1330 magna-

286 1350 536 1418 tumque
590 1345 841 1418 stipatus
899 1346 1152 1420 agmine,
1184 1346 1420 1402 victima
1467 1346 1677 1404 salutis
1721 1346 1936 1414 oblata,

285 1434 550 1491 vestibus
595 1433 745 1490 albis
794 1433 1057 1503 indutus,
1092 1452 1226 1491 cum
1285 1435 1479 1493 choris
1537 1435 1936 1507 psallentium,

285 1523 693 1597 gratissimum
712 1523 950 1580 deducit
970 1525 1041 1579 ad
1062 1523 1279 1580 mamia
1299 1524 1550 1581 civitatis
1569 1525 1935 1581 thesaurum.

287 1613 410 1670 Illis
468 1615 665 1669 autem
721 1611 971 1670 feliciter
1028 1629 1094 1669 eo
1153 1613 1681 1686 progredientibus,
1717 1619 1774 1670 et
1802 1631 1908 1687 gra

287 1707 482 1758 tenter
525 1703 598 1758 ad
647 1702 1007 1758 destinatum
1069 1702 1262 1758 locum
1322 1702 1717 1770 tendentibus,
1752 1701 1939 1758 omni-

287 1797 496 1864 potens
525 1792 682 1848 Deus
709 1791 770 1846 in
803 1790 983 1863 hujus
1011 1790 1344 1850 charissimi
1395 1792 1484 1848 sui
1518 1791 1941 1862 glorificatione

286 1881 508 1939 fontem
520 1897 640 1937 suae
653 1878 1032 1952 benignitatis
1044 1879 1264 1952 aclargi
1277 1879 1410 1936 tatis
1423 1881 1655 1936 abunde
1667 1881 1940 1953 dignatus

288 1975 379 2029 est
407 1969 704 2026 effundere
736 1985 751 2025 :
787 1974 853 2024 ut
883 1969 974 2024 vix
1006 1969 1212 2041 lingua
1240 1969 1512 2042 qurelibct
1543 1969 1702 2025 effari
1732 1969 1939 2039 valeat,

286 2077 420 2132 quae
450 2059 560 2115 hoc
590 2062 732 2114 tunc
759 2057 966 2115 itinere
996 2075 1100 2131 per
1149 2059 1277 2131 ipsa
1337 2075 1478 2130 pene
1533 2063 1943 2116 momentanea

285 2153 455 2222 gesta
483 2149 808 2221 probantur
836 2147 1116 2204 horarum
1165 2147 1499 2204 interstitia.
1533 2147 1680 2203 Nam
1713 2152 1940 2204 tantam

289 2237 580 2296 Dominus
609 2237 708 2292 hic
735 2241 1010 2309 operatus
1056 2241 1146 2292 est
1202 2236 1313 2293 hac
1371 2235 1464 2292 die
1521 2235 1938 2292 miraculorum

291 2325 765 2400 magnitudinem
799 2343 812 2382 :
845 2331 912 2382 ut
951 2325 1060 2382 viri
1107 2330 1376 2398 quatuor,
1413 2325 1641 2382 feminae
1669 2342 1802 2382 vero
1831 2341 1940 2382 no-

289 2433 424 2473 vem
467 2415 683 2484 visum,
730 2415 840 2472 viri
896 2431 1130 2488 quoque
1185 2416 1301 2472 duo
1358 2430 1627 2488 gressum
1685 2415 1941 2486 recipere

289 2509 677 2563 mererentur.
705 2506 851 2560 Cum
902 2504 1083 2575 hujus
1137 2504 1336 2576 itaque
1379 2503 1652 2576 praeclare
1681 2503 1940 2577 gratula-

287 2594 471 2651 tionis
522 2593 908 2650 admiratione
968 2593 1026 2648 in
1076 2593 1371 2650 civitatem
1403 2593 1475 2649 ad
1506 2591 1811 2649 ecclesiam
1838 2593 1938 2648 Dei

286 2684 600 2742 Gcnitrieis
629 2682 1025 2756 prosperrima
1053 2681 1387 2755 pervenitur
1415 2681 1943 2738 exsultatione.Sic-

289 2791 406 2848 que
437 2774 676 2830 lucerna
723 2772 845 2828 haec
903 2773 1104 2828 lucens
1155 2776 1214 2828 et
1261 2772 1472 2828 ardens
1503 2769 1852 2826 mternaliter
1879 2769 1941 2825 in

287 2863 498 2920 altaris
533 2861 764 2919 sistitur
808 2860 1125 2934 crepidine.
1159 2861 1309 2916 Dum
1368 2859 1580 2934 praasul
1637 2858 1818 2931 igitur
1868 2859 1940 2914 ad

290 2951 650 3010 sacrandum
687 2948 897 3006 viviﬁci
957 2966 1177 3004 munus
1223 2949 1444 3005 accedit
1490 2948 1776 3022 mysterii,
1809 2947 1942 3020 quis

290 3047 416 3097 tam
451 3041 701 3097 ferreum
734 3041 956 3113 pectus,
990 3043 1111 3094 tam
1144 3037 1439 3110 lapideum
1479 3054 1577 3093 cor
1605 3037 1806 3110 gessit,
1841 3036 1941 3109 qui

290 3149 410 3188 non
471 3129 724 3204 gemitus
782 3129 995 3196 ederet,
1049 3130 1252 3200 pectus
1309 3127 1601 3196 tunderet,
1655 3126 1941 3199 lacrymas

2046 539 2182 595 verti
2195 543 2288 593 tur
2317 539 2498 611 pacis.

2115 629 2395 686 LXXXVI.
2430 629 2560 686 Haec
2602 630 2807 686 eadem
2855 633 3097 704 prmfata
3144 633 3364 692 scilicet
3409 634 3690 700 illationis

2043 718 2191 776 sacri
2226 717 2482 790 corporis
2504 718 2563 774 in
2587 719 2792 775 urbem
2815 719 2929 791 die,
2955 721 3142 794 tingui
3165 724 3386 780 fervida
3401 725 3528 798 jam
3549 725 3690 788 solis

2044 825 2259 865 oceano
2290 811 2415 864 rota
2444 812 2696 882 petente,
2723 809 2963 882 quidam
3021 810 3260 868 Nivolus
3309 814 3545 872 nomine
3590 816 3692 875 de,

2041 897 2182 954 villa
2210 914 2336 970 quae
2365 901 2609 953 vocatur
2638 897 2962 966 Dominica,
2987 898 3346 957 Rhemorum
3381 904 3602 960 montis
3630 902 3692 966 in

2043 987 2224 1044 latere
2246 985 2379 1054 sita,
2411 986 2632 1042 surdus
2661 991 2718 1044 et
2748 991 2971 1054 mutus,
3004 989 3279 1046 manibus
3325 1007 3560 1064 quoque
3591 1011 3696 1067 per

2047 1092 2232 1134 annos
2263 1091 2466 1131 novem
2501 1075 2731 1148 debilis,
2763 1093 2832 1132 ac
2864 1076 3132 1150 pedibus,
3167 1077 3564 1154 qualicunque
3594 1099 3698 1154 per

2044 1170 2226 1222 totam
2272 1164 2426 1222 diem
2477 1165 2662 1222 valuit
2717 1167 3043 1236 conamine,
3079 1168 3150 1224 ab
3181 1167 3370 1241 ipsius
3400 1171 3696 1244 surgentis

2047 1271 2268 1312 aurorae
2289 1253 2533 1323 lumine,
2557 1271 2660 1327 per
2687 1254 2950 1328 quinque
2981 1257 3161 1314 ferme
3181 1275 3698 1335 passuumrepens

2048 1343 2254 1410 millia,
2285 1343 2382 1402 vix
2426 1343 2498 1400 ad
2547 1343 2734 1417 ipsius
2785 1345 2926 1402 aedis
2975 1345 3226 1420 sepulcri
3271 1346 3478 1405 limina
3527 1349 3701 1424 quasi

2049 1433 2277 1490 decima
2330 1433 2566 1488 tandem
2627 1433 2890 1508 pervenit
2947 1435 3110 1505 hora,
3145 1435 3246 1510 qui
3289 1437 3432 1495 dum
3461 1437 3701 1501 veniens

2047 1540 2280 1582 sacrum
2322 1540 2535 1596 corpus
2585 1523 2806 1580 ibidem
2868 1542 2984 1581 non
3033 1525 3242 1583 adesse
3291 1527 3699 1600 comperisset,

2048 1613 2370 1686 templique
2401 1613 2553 1668 fores
2583 1612 2730 1670 seris
2770 1612 3079 1686 diligenter
3107 1616 3436 1673 obﬁrmatis
3467 1615 3702 1686 clausas

2047 1702 2422 1776 perspiceret,
2453 1703 2668 1758 cadens
2696 1701 2756 1758 in
2803 1702 3011 1760 faciem
3057 1721 3238 1777 super
3283 1709 3520 1774 terram,
3553 1722 3700 1778 qua.-

2049 1792 2184 1847 dam
2216 1788 2693 1864 praesumptionis
2715 1790 3512 1863 importunitate,sanctitatis
3529 1810 3702 1864 aures

2052 1879 2415 1937 clandestino
2447 1879 2622 1952 erepit
2668 1878 2922 1936 clamore
2954 1880 3210 1953 pulsare,
3242 1885 3362 1938 tam
3396 1899 3610 1958 magno
3639 1899 3702 1944 se

2051 1986 2413 2042 conquerens
2455 1969 2653 2026 labore
2701 1968 3027 2042 fatigatum,
3062 1987 3168 2028 nec
3221 1969 3333 2028 sibi
3391 1972 3513 2029 fore
3571 1989 3700 2049 per-

2051 2059 2302 2118 missum
2333 2057 2526 2114 videre
2555 2056 2765 2114 saltem
2796 2057 3056 2116 loculum
3087 2059 3237 2116 sacri
3259 2061 3521 2135 pignoris
3541 2061 3704 2135 baju—

2049 2149 2196 2218 lum,
2229 2149 2328 2221 qui
2357 2153 2554 2204 tamen
2585 2147 2714 2219 ejus
2747 2147 2858 2206 sibi
2890 2165 3063 2221 posse
3111 2149 3421 2206 subvenire
3479 2151 3701 2208 celsum

2049 2254 2420 2311 nequaquam
2442 2237 2735 2293 difﬁderet
2751 2237 3283 2310 praesidium.Talia
3294 2238 3543 2312 denique
3560 2240 3703 2300 dum

2049 2326 2228 2383 tacita
2283 2342 2482 2382 secum
2540 2324 2767 2381 volutat
2825 2330 3039 2394 mente,
3073 2325 3283 2382 salutis
3325 2326 3488 2400 vigor
3516 2325 3704 2399 ipsius

2050 2433 2152 2489 per
2181 2415 2448 2472 membra
2503 2430 2740 2487 quoque
2796 2414 3017 2471 sensim
3074 2414 3250 2488 cmpit
3301 2414 3555 2488 irrepere
3585 2415 3706 2489 pri-

2050 2522 2299 2578 scasque
2355 2508 2552 2576 stupet
2610 2502 2787 2560 simul
2845 2501 3111 2560 omnium
3145 2519 3208 2560 se
3237 2503 3390 2562 vires
3419 2521 3704 2562 sensuum

2049 2611 2408 2666 recuperare.
2429 2593 2695 2664 Cumque
2718 2609 2921 2648 rumor
2935 2591 3292 2666 operationis
3309 2593 3557 2666 hujusce
3575 2595 3704 2670 qui-

2051 2684 2298 2740 busdam
2316 2680 2729 2738 nuntiantibus
2744 2697 2917 2736 aures
2937 2680 3276 2753 percelleret
3288 2681 3702 2760 plurimorum,

2050 2771 2315 2828 certatim
2339 2769 2556 2841 quique
2577 2773 2948 2840 procurrunt,
2974 2768 3322 2825 admiranda
3348 2770 3450 2826 Dei
3469 2787 3707 2843 magna-

2050 2859 2134 2915 lia
2155 2859 2419 2914 lmtantes
2451 2857 2767 2930 aspiciunt,
2801 2860 3041 2914 ovanter
3075 2855 3375 2917 hominem
3405 2859 3478 2917 ad
3509 2857 3702 2924 locum

2048 2947 2361 3005 venerandi
2410 2945 2664 3020 sepulcri
2711 2946 3065 3018 perducunt,
3098 2961 3416 3018 campanas
3444 2947 3701 3020 pulsant,

2051 3036 2401 3096 lietabundis
2421 3036 2536 3092 Deo
2559 3035 2764 3092 laudes
2775 3035 3016 3092 vocibus
3038 3034 3706 3108 intonant.Hujusmira-

2055 3127 2170 3182 culi
2222 3124 2470 3198 permoti
2529 3125 2687 3180 fama
2748 3122 3192 3196 quamplurimi,
3226 3125 3466 3181 domum
3497 3129 3704 3198 petunt

292 3190 583 3286 funderet,
644 3218 786 3272 dum
841 3190 991 3271 tam,
1019 3190 1311 3287 stupenda
1384 3190 1712 3272 divinorum
1777 3190 1942 3272 ‘dona
1972 3190 2020 3260 θ
2053 3190 2331 3280 ecclesiis,
2363 3215 2556 3271 videro
2605 3190 2908 3286 cupientes
2930 3190 3254 3286 ‘magnalia
3288 3214 3410 3284 Dei,
3441 3190 3704 3272 videntes

294 3308 723 3366 charismatum
752 3305 1114 3378 conspiceret
1133 3306 1159 3360 ‘?
1191 3304 1330 3371 Quis
1362 3303 1577 3360 etenim
1599 3308 1784 3376 quoat
1811 3320 1949 3359 enu-

293 3413 522 3454 merare
551 3395 834 3452 mirorum
861 3393 1088 3467 copiam
1139 3392 1370 3449 caelitus
1400 3393 1495 3449 hic
1525 3410 1593 3448 ea
1619 3392 1713 3448 die
1744 3393 1948 3466 prolu-

294 3486 474 3544 sam?
502 3487 682 3542 Nemo
737 3501 936 3541 revera
994 3484 1093 3556 qui
1135 3481 1325 3538 valeat
1355 3482 1626 3554 expedire
1656 3498 1943 3550 sermone,
1991 3472 1996 3478 ’

295 3581 442 3650 quot
500 3578 846 3648 aegrotantes
903 3572 1115 3639 sanati,
1173 3576 1317 3644 quot
1371 3571 1691 3627 titubantes
1749 3570 1944 3639 erecti,

296 3669 445 3738 quot
473 3664 602 3737 ipsa
649 3663 740 3719 die
788 3663 1032 3718 diversis
1077 3661 1171 3716 hic
1201 3665 1342 3716 sunt
1371 3659 1638 3716 cladibus
1670 3658 1944 3715 absoluti.

375 3752 628 3810 LXXXV.
661 3753 795 3808 Post
813 3749 1039 3822 expleta
1063 3750 1441 3822 mysticorum
1467 3749 1831 3805 discedentes
1853 3765 1945 3805 sa-

299 3860 400 3900 cra
411 3841 792 3898 maturabant
803 3839 1019 3914 quippe
1034 3842 1288 3913 repetere
1302 3856 1430 3896 sua.
1446 3839 1558 3895 Sed
1577 3837 1727 3894 inter
1745 3837 1946 3894 absce-

297 3932 561 3988 dendum
605 3930 805 3987 minax
852 3929 990 3986 oriri
1035 3929 1318 3985 territatio
1352 3945 1366 3985 :
1401 3929 1586 3985 nubes
1617 3927 1945 3997 teterrimae,

298 4018 708 4091 terribilesque
738 4016 1453 4090 consurgere,truculenta
1472 4015 1670 4090 polum
1704 4014 1949 4088 caligine

297 4109 590 4176 claudere,
608 4107 820 4162 micare
843 4106 1094 4180 fulgura,
1115 4121 1460 4178 concrepare
1480 4103 1755 4172 tonitrua,
1775 4119 1948 4176 gran-

298 4199 493 4270 doque
550 4196 743 4252 solum
801 4196 1102 4251 verberare
1158 4194 1330 4266 coepit
1374 4211 1489 4250 non
1535 4192 1798 4262 minima,
1833 4209 1948 4264 quo

297 4293 520 4345 terrore
550 4285 812 4359 percussi
841 4285 1063 4341 rediere
1094 4282 1730 4358 plurimi,clementiam
1754 4281 1951 4354 depre-

298 4382 503 4436 cantes
557 4374 868 4444 Altissimi,
929 4379 1219 4448 quatenus
1285 4374 1463 4445 hujus
1535 4371 1949 4429 intercessione

297 4467 490 4522 Patris
516 4465 842 4522 beatissimi
879 4468 1242 4522 mererentur
1271 4464 1342 4519 ab
1375 4463 1466 4519 his
1497 4461 1950 4519 imminentibus

2055 3310 2122 3361 ut
2149 3303 2458 3360 audierant
2513 3302 2840 3358 divinarum
2889 3301 3058 3375 signa
3087 3302 3394 3372 virtutum,
3428 3303 3703 3360 manibus

2054 3396 2353 3468 gratanter
2373 3393 2434 3447 in
2456 3390 2664 3447 cmlum
2690 3391 2972 3463 porrectis
2993 3389 3345 3446 benedicunt
3364 3391 3700 3450 Dominum.

2056 3483 2217 3550 Quod
2253 3481 2394 3536 diva:
2421 3479 2802 3553 benignitatis
2833 3479 3184 3535 miraculum
3213 3479 3379 3536 valde
3411 3485 3548 3537 tunc
3578 3499 3707 3555 pro-

2056 3572 2237 3627 fuisse
2267 3568 2632 3643 dignoscitur
2661 3569 2731 3623 ad
2763 3583 2965 3622 eorum
3025 3567 3320 3636 solatium,
3355 3569 3456 3642 qui
3488 3587 3549 3626 se
3577 3587 3704 3626 cor-

2056 3660 2334 3734 poraliter
2363 3658 2551 3714 deseri
2583 3661 2744 3712 tanto
2775 3656 3169 3728 querebantur
3197 3659 3704 3730 patrono;quibus

2055 3753 2253 3806 tamen
2312 3745 2640 3822 specialiter
2689 3763 2752 3802 se
2799 3763 2917 3802 non
2949 3745 3172 3814 deesse,
3205 3745 3308 3802 tali
3339 3747 3572 3820 pietatis
3601 3765 3705 3824 pa-

2056 3844 2220 3896 tratae
2253 3835 2566 3894 declaravit
2593 3834 2831 3891 indicio.

2128 3927 2437 3986 LXXXVII.
2456 3927 2517 3982 In
2540 3924 2786 3981 ecclesia
2807 3941 3040 3997 quoque
3059 3924 3239 3981 beatis
3257 3923 3356 3981 Dei
3370 3923 3702 3996 Genitricis,

2057 4017 2158 4074 ubi
2204 4015 2531 4072 venerabile
2585 4013 2772 4070 Patris
2829 4013 3012 4086 hujus
3071 4013 3412 4070 servabatur
3467 4014 3704 4088 pignus,

2056 4103 2326 4162 nonnulli
2385 4102 2597 4158 diversi
2647 4102 2846 4174 tegroti
2897 4106 3040 4158 sunt
3083 4100 3317 4156 interim
3359 4102 3547 4158 curati
3577 4102 3705 4159 lan-

2055 4193 2359 4268 guoribus.
2393 4191 2539 4246 Nam
2591 4189 2834 4264 quidam
2866 4189 3102 4244 nomine
3131 4189 3353 4244 Natalis
3383 4189 3455 4244 de
3485 4191 3706 4245 Burde-

2059 4301 2224 4352 naco,
2259 4280 2471 4337 mulier
2514 4279 2691 4334 etiam
2742 4277 2899 4333 dicta
2946 4276 3292 4350 Teutberga,
3326 4276 3466 4331 item
3496 4276 3710 4336 mulier

2059 4373 2240 4431 altera
2293 4369 2531 4427 nomine
2585 4365 2899 4433 Guntildis,
2931 4365 3112 4437 hujus
3155 4365 3479 4438 patrocinio
3519 4365 3707 4425 Patris

2056 4463 2250 4519 visum
2308 4459 2562 4531 recipere
2617 4458 2979 4521 meruerunt,
3013 4453 3128 4510 alia
3176 4455 3444 4528 quaedam
3475 4472 3708 4529 quoque

295 4553 580 4630 periculis
619 4553 765 4611 erui.
796 4554 1008 4610 Mirum
1045 4554 1104 4609 in
1137 4553 1377 4608 modum
1411 4551 1792 4626 perturbatio,
1822 4567 1949 4624 quae
1979 4561 2026 4626 Ι)
2059 4551 2273 4609 mulier
2301 4549 2478 4605 unius
2509 4545 2663 4604 oculi
2713 4545 2904 4602 visum
2938 4545 2998 4600 in
3029 4545 3232 4601 eadem
3264 4545 3438 4601 domo
3467 4561 3709 4620 recupe-

293 4649 580 4702 terrorem
609 4643 958 4712 incusserat,
995 4641 1319 4710 immutari,
1353 4641 1600 4697 nubium
1631 4640 1948 4697 clarescere

294 4732 709 4799 tenebrositas,
758 4748 987 4789 cessare
1046 4731 1298 4805 fulgura,
1353 4729 1608 4804 mitigari
1665 4729 1944 4798 tonitrua,

295 4828 627 4894 cunctaque
667 4821 858 4879 sedari
918 4821 1090 4893 erepit
1119 4839 1184 4876 ac
1217 4819 1489 4892 dissipari
1519 4823 1858 4892 tempestas,
1889 4823 1950 4876 et

293 4929 366 4968 ex
382 4911 536 4967 truci
559 4909 912 4968 conversain
935 4909 1318 4982 exoptabilem
1345 4907 1601 4982 pluviam
1642 4907 1945 4980 grandine,

234 5059 253 5066 _
294 4999 528 5058 telluris
559 4999 811 5056 ubertim
843 4997 1336 5070 superficies,qua3
1360 4996 1539 5054 nimio
1573 4995 1715 5053 solis
1747 5001 1951 5052 exusta

295 5087 555 5145 fervebat
569 5088 1042 5160 ardore,perfusa
1063 5087 1309 5142 fecundo
1332 5085 1648 5141 salubriter
1667 5086 1948 5141 refovere-

293 5182 395 5232 tur
423 5175 690 5233 humore.
725 5175 937 5247 Sicque
967 5175 1274 5232 manifeste
1304 5173 1568 5248 dignosci
1599 5173 1770 5230 datur
1796 5173 1948 5229 indi-

293 5265 596 5340 gnationis
612 5267 680 5322 ad
700 5265 903 5322 horam
918 5263 1206 5320 concitata
1222 5263 1506 5336 permotio
1519 5263 1728 5320 salutis
1740 5263 1949 5317 immu-

291 5359 422 5412 tata
447 5355 730 5412 subsidio.
765 5353 1027 5426 Denique
1083 5353 1490 5427 benignissimi
1538 5351 1722 5408 Patris
1769 5351 1948 5424 hujus

291 5445 508 5502 solatio
534 5445 717 5504 totius
749 5445 888 5502 dirae
933 5443 1118 5516 pestis
1169 5444 1386 5500 nostris
1442 5443 1675 5499 videtur
1726 5441 1946 5502 ﬁnibus

279 5533 600 5597 eliminata
657 5533 1008 5608 corruptio:
1067 5531 1322 5590 salubris
1380 5549 1499 5600 aer,
1557 5531 1755 5605 pluvia
1809 5530 1947 5588 data

287 5639 628 5699 congruens
661 5641 674 5684 :
709 5623 888 5685 timor
917 5623 1118 5694 etiam,
1150 5619 1252 5698 qui
1296 5636 1543 5698 regnum
1591 5622 1944 5697 pervaserat,

2059 4640 2206 4698 ravit
2236 4640 2545 4696 amissum.
2579 4635 2854 4704 Quadam
2911 4637 3189 4707 prmterea
3243 4633 3438 4708 puella
3494 4652 3706 4711 cogno-

2057 4731 2214 4788 mine
2236 4725 2564 4800 Florgildis,
2590 4741 2657 4780 ex
2677 4723 2814 4780 villa
2835 4740 2962 4796 quin
2981 4727 3223 4780 vocatur
3241 4723 3510 4781 Caucella
3537 4742 3708 4783 secus

2059 4819 2294 4876 Libram
2318 4813 2572 4871 rivulum
2607 4814 2739 4881 sita,
2763 4815 3016 4885 quatuor
3045 4812 3275 4869 circiter
3303 4815 3490 4872 astatis
3521 4831 3706 4871 annos

2058 4924 2286 4981 gerens,
2308 4903 2653 4961 lubricando
2675 4903 2949 4976 prolapsa
2967 4905 3282 4976 utrumque
3303 4903 3414 4959 sibi
3435 4920 3587 4976 genu
3613 4903 3708 4960 de-

2059 4996 2386 5052 bilitaverat
2418 5010 2431 5048 :
2467 4993 2550 5049 ita
2592 4992 2800 5049 clauda
2843 4993 3013 5062 facta,
3047 4997 3112 5049 ut
3140 4993 3378 5050 omnino
3410 5009 3516 5048 nec
3543 5007 3704 5065 gres-

2060 5102 2192 5142 sum
2249 5085 2581 5157 ﬁgere,nec
2629 5081 2877 5155 pedibus
2922 5081 3140 5138 valeret
3191 5081 3496 5149 insistere;
3527 5098 3704 5153 quam

2059 5177 2332 5248 parentes
2352 5174 2503 5245 ejus,
2521 5170 2788 5244 quamvis
2811 5171 3195 5245 pauperes,de
3216 5168 3494 5242 sospitate
3507 5173 3703 5226 tamen
3812 5240 3818 5246 '

2059 5263 2244 5337 ipsius
2266 5259 2520 5330 solliciti,
2535 5277 2638 5334 per
2653 5261 2912 5316 diversas
2933 5260 3154 5316 deferre
3176 5262 3512 5314 sanctorum
3536 5275 3704 5315 cura.-

2055 5355 2265 5408 verunt
2294 5348 2590 5406 ecclesias.
2625 5351 2728 5405 Ast
2780 5349 2879 5404 ubi
2919 5348 3047 5418 jam
3095 5362 3199 5418 per
3245 5344 3556 5402 duodecim
3586 5345 3705 5414 fere

2057 5455 2346 5499 annorum
2394 5438 2651 5511 spatium
2684 5436 2788 5493 tali
2815 5438 3118 5492 vexaretur
3148 5433 3450 5508 languoris
3479 5435 3704 5494 acerbi:-

2055 5533 2195 5597 tate,
2228 5544 2334 5585 nec
2364 5527 2691 5584 remedium
2723 5523 2940 5581 doloris
2989 5527 3187 5598 posset
3215 5521 3511 5596 invenire;
3542 5539 3702 5582 com-

2053 5618 2290 5698 periens
2345 5617 2416 5676 de
2473 5615 2750 5676 relatione
2808 5611 2960 5673 sacri
3017 5611 3298 5690 corporis,
3341 5629 3702 5694 operumque
